{"host":"s41rn2jhghpwfrvz","time":1613786351,"event":{"mods":["BaseMod","Minty Spire (QoL Compilation)","Quick Restart","Relic Stats","SuperFastMode"],"gold_per_floor":[112,37,87,105,49,75,100,125,152,194,235,264,305,332,344,440,452,484,166,176,226,243,272,272,307,307,307,338,338,350,366,366,443,443,455,474,474,494,384,384,425,438,438,371,384,428,453,465,465,465,465,465,465,42,74,74],"floor_reached":57,"language":"ENG","playtime":1795,"items_purged":["Heatsinks","Sword Boomerang","Backflip"],"score":3489,"play_id":"6600ffac-8b21-4793-b661-b9b016f3e285","local_time":"20210220035911","daily_mods":["SealedDeck","Diverse","DeadlyEvents"],"is_ascension_mode":true,"campfire_choices":[{"data":"MentalFortress","floor":15,"key":"SMITH"},{"data":"Adaptation","floor":24,"key":"SMITH"},{"data":"Seek","floor":27,"key":"SMITH"},{"data":"Tantrum","floor":29,"key":"SMITH"},{"data":"Backflip","floor":32,"key":"SMITH"},{"floor":40,"key":"RECALL"},{"data":"MentalFortress","floor":49,"key":"SMITH"},{"data":"Feel No Pain","floor":53,"key":"SMITH"}],"circlet_count":0,"master_deck":["AscendersBane","Spot Weakness+1","MentalFortress+1","Adaptation+1","Tantrum+1","EmptyFist","Backflip+1","Seek+1","FearNoEvil","MentalFortress+1","Feel No Pain+1","Adaptation+1"],"relics":["Burning Blood","CeramicFish","Bag of Preparation","HornCleat","MawBank","Ancient Tea Set","Happy Flower","Runic Dome","Medical Kit","Anchor","Bronze Scales","The Courier","Centennial Puzzle","Empty Cage","Peace Pipe","PreservedInsect","Champion Belt","DollysMirror","InkBottle","Kunai"],"acts_visited":["Exordium","TheCity","TheBeyond","TheEnding"],"potions_floor_usage":[56,56,56,56],"damage_taken":[{"damage":2,"enemies":"Jaw Worm","floor":1,"turns":2},{"damage":3,"enemies":"Cultist","floor":4,"turns":3},{"damage":7,"enemies":"3 Sentries","floor":6,"turns":4},{"damage":12,"enemies":"Lagavulin","floor":8,"turns":4},{"damage":31,"enemies":"3 Sentries","floor":10,"turns":5},{"damage":0,"enemies":"Small Slimes","floor":11,"turns":2},{"damage":6,"enemies":"3 Louse","floor":12,"turns":2},{"damage":0,"enemies":"Gremlin Nob","floor":13,"turns":3},{"damage":0,"enemies":"Looter","floor":14,"turns":2},{"damage":14,"enemies":"The Guardian","floor":16,"turns":5},{"damage":0,"enemies":"2 Thieves","floor":18,"turns":1},{"damage":0,"enemies":"Spheric Guardian","floor":20,"turns":2},{"damage":0,"enemies":"Cultist and Chosen","floor":22,"turns":3},{"damage":3,"enemies":"Book of Stabbing","floor":23,"turns":3},{"damage":10,"enemies":"Slavers","floor":25,"turns":2},{"damage":0,"enemies":"Book of Stabbing","floor":28,"turns":2},{"damage":0,"enemies":"Snecko","floor":30,"turns":1},{"damage":0,"enemies":"Snake Plant","floor":31,"turns":2},{"damage":0,"enemies":"Champ","floor":33,"turns":3},{"damage":0,"enemies":"3 Shapes","floor":35,"turns":3},{"damage":0,"enemies":"Orb Walker","floor":36,"turns":2},{"damage":0,"enemies":"Transient","floor":38,"turns":5},{"damage":28,"enemies":"Nemesis","floor":41,"turns":3},{"damage":0,"enemies":"Writhing Mass","floor":42,"turns":3},{"damage":0,"enemies":"Maw","floor":45,"turns":3},{"damage":0,"enemies":"Giant Head","floor":46,"turns":5},{"damage":23,"enemies":"Nemesis","floor":47,"turns":3},{"damage":3,"enemies":"Sphere and 2 Shapes","floor":48,"turns":4},{"damage":0,"enemies":"Awakened One","floor":50,"turns":5},{"damage":3,"enemies":"Donu and Deca","floor":51,"turns":5},{"damage":0,"enemies":"Shield and Spear","floor":55,"turns":2},{"damage":0,"enemies":"The Heart","floor":56,"turns":6}],"seed_played":"1929757181347858032","potions_obtained":[{"floor":1,"key":"Strength Potion"},{"floor":10,"key":"BlessingOfTheForge"},{"floor":25,"key":"FearPotion"},{"floor":42,"key":"EntropicBrew"}],"is_trial":true,"path_per_floor":["M","$","?","M","$","E","T","E","T","E","M","M","E","M","R","B",null,"M","$","M","?","M","E","R","E","T","R","E","R","M","M","R","B",null,"M","M","?","M","?","R","E","M","T","$","M","E","E","M","R","B","B",null,"R","$","E","B",null],"character_chosen":"IRONCLAD","items_purchased":["EmptyFist","Medical Kit","FearNoEvil","LiquidMemories","DollysMirror","InkBottle"],"campfire_rested":0,"item_purchase_floors":[5,19,19,44,54,54],"current_hp_per_floor":[72,72,72,75,75,74,74,68,68,43,49,49,55,61,61,53,70,75,75,75,75,75,75,75,71,71,71,75,75,75,75,75,75,75,75,75,75,75,75,75,53,59,59,59,65,71,54,57,57,63,66,73,73,73,75,75],"gold":74,"neow_bonus":"","is_daily":false,"chose_seed":false,"campfire_upgraded":7,"win_rate":0.0,"timestamp":1613786351,"path_taken":["M","$","?","?","?","E","?","E","T","E","M","M","?","?","R","BOSS","M","$","M","?","M","E","R","E","T","R","E","R","?","M","R","BOSS","M","M","?","M","?","R","E","M","T","$","M","?","E","M","R","BOSS","BOSS","R","$","E","BOSS"],"items_purchased_type":["Card","Relic","Card","Potion","Relic","Relic"],"build_version":"2020-12-22","purchased_purges":3,"victory":true,"max_hp_per_floor":[75,75,75,75,75,75,75,75,75,75,75,75,75,75,75,75,75,75,75,75,75,75,75,75,75,75,75,75,75,75,75,75,75,75,75,75,75,75,75,75,75,75,75,75,75,75,75,75,75,75,75,75,75,75,75,75],"relic_stats":{"Happy Flower":[25],"counters":[32,100],"CeramicFish":54,"PreservedInsect":127,"Bag of Preparation":[58],"MawBank":120,"Medical Kit":[23],"Burning Blood":128,"Peace Pipe":0,"Centennial Puzzle":[10],"Bronze Scales":[199],"Champion Belt":[0],"Kunai":[13],"obtain_stats":[{"Happy Flower":13,"CeramicFish":6,"The Courier":26,"PreservedInsect":46,"Bag of Preparation":7,"MawBank":9,"Ancient Tea Set":10,"Medical Kit":19,"Empty Cage":34,"Burning Blood":0,"Peace Pipe":41,"Runic Dome":17,"Anchor":23,"Centennial Puzzle":28,"HornCleat":8,"DollysMirror":54,"Bronze Scales":25,"Champion Belt":47,"Kunai":55,"InkBottle":54},{"Happy Flower":8,"CeramicFish":3,"The Courier":15,"PreservedInsect":26,"Bag of Preparation":3,"MawBank":4,"Ancient Tea Set":5,"Medical Kit":11,"Empty Cage":19,"Burning Blood":0,"Peace Pipe":23,"Runic Dome":10,"Anchor":14,"Centennial Puzzle":16,"HornCleat":4,"DollysMirror":30,"Bronze Scales":15,"Champion Belt":27,"Kunai":31,"InkBottle":30},{"Happy Flower":25,"CeramicFish":9,"The Courier":43,"PreservedInsect":75,"Bag of Preparation":9,"MawBank":13,"Ancient Tea Set":18,"Medical Kit":33,"Empty Cage":51,"Burning Blood":0,"Peace Pipe":64,"Runic Dome":32,"Anchor":41,"Centennial Puzzle":45,"HornCleat":13,"DollysMirror":92,"Bronze Scales":43,"Champion Belt":78,"Kunai":94,"InkBottle":92}],"InkBottle":[5]},"card_choices":[{"not_picked":["Heatsinks","Flex","Heel Hook"],"picked":"SKIP","floor":1},{"not_picked":["Rebound","Reinforced Body","FlyingSleeves"],"picked":"SKIP","floor":4},{"not_picked":["Beam Cell","Tantrum","Conclude"],"picked":"SKIP","floor":6},{"not_picked":["Rupture","Sucker Punch","Prepared"],"picked":"SKIP","floor":8},{"not_picked":["Headbutt","FlurryOfBlows","Quick Slash"],"picked":"SKIP","floor":10},{"not_picked":["Quick Slash","Cloak And Dagger"],"picked":"Backflip","floor":11},{"not_picked":["FlurryOfBlows","Burst","Halt"],"picked":"SKIP","floor":12},{"not_picked":["FollowUp","Loop","PathToVictory"],"picked":"SKIP","floor":13},{"not_picked":["Anger","Battle Trance","Genetic Algorithm"],"picked":"SKIP","floor":14},{"not_picked":["Immolate","Burst"],"picked":"Seek","floor":16},{"not_picked":["ClearTheMind","Chaos","Blade Dance"],"picked":"SKIP","floor":18},{"not_picked":["FlurryOfBlows","Go for the Eyes","Coolheaded"],"picked":"SKIP","floor":20},{"not_picked":["Shockwave","SashWhip","Deflect"],"picked":"SKIP","floor":22},{"not_picked":["Rainbow","CutThroughFate","FollowUp"],"picked":"SKIP","floor":23},{"not_picked":["Outmaneuver","Crescendo","EmptyBody"],"picked":"SKIP","floor":25},{"not_picked":["WheelKick","Dodge and Roll","Anger"],"picked":"SKIP","floor":28},{"not_picked":["SashWhip","FollowUp","Force Field"],"picked":"SKIP","floor":30},{"not_picked":["Twin Strike","Go for the Eyes+1","Cleave"],"picked":"SKIP","floor":31},{"not_picked":["Cold Snap","Thunderclap","FearNoEvil"],"picked":"SKIP","floor":35},{"not_picked":["FlyingSleeves","Burning Pact+1","Compile Driver+1"],"picked":"SKIP","floor":36},{"not_picked":["ThirdEye","Evaluate","All Out Attack"],"picked":"SKIP","floor":38},{"not_picked":["Seek","Conserve Battery"],"picked":"MentalFortress","floor":41},{"not_picked":["EmptyBody","Blade Dance","Leap"],"picked":"SKIP","floor":42},{"not_picked":["Tantrum","Dodge and Roll+1","Thunderclap+1"],"picked":"SKIP","floor":45},{"not_picked":["Crescendo","Body Slam+1"],"picked":"Feel No Pain","floor":46},{"not_picked":["Crippling Poison","Leap+1","Lockon+1"],"picked":"SKIP","floor":47},{"not_picked":["Flying Knee+1","Dodge and Roll+1","Prostrate+1"],"picked":"SKIP","floor":48},{"not_picked":["Redo+1","Limit Break","Prostrate"],"picked":"SKIP","floor":55}],"player_experience":1942809,"relics_obtained":[{"floor":6,"key":"CeramicFish"},{"floor":7,"key":"Bag of Preparation"},{"floor":8,"key":"HornCleat"},{"floor":9,"key":"MawBank"},{"floor":10,"key":"Ancient Tea Set"},{"floor":13,"key":"Happy Flower"},{"floor":23,"key":"Anchor"},{"floor":25,"key":"Bronze Scales"},{"floor":26,"key":"The Courier"},{"floor":28,"key":"Centennial Puzzle"},{"floor":41,"key":"Peace Pipe"},{"floor":46,"key":"PreservedInsect"},{"floor":47,"key":"Champion Belt"},{"floor":55,"key":"Kunai"}],"event_choices":[{"damage_healed":0,"gold_gain":50,"player_choice":"Pray","damage_taken":0,"max_hp_gain":0,"max_hp_loss":0,"event_name":"Golden Shrine","floor":3,"gold_loss":0},{"damage_healed":0,"gold_gain":50,"player_choice":"Stole From Cult","damage_taken":0,"max_hp_gain":0,"max_hp_loss":0,"event_name":"Nest","floor":21,"gold_loss":0},{"damage_healed":0,"gold_gain":0,"player_choice":"Ignored","damage_taken":0,"max_hp_gain":0,"max_hp_loss":0,"event_name":"Tomb of Lord Red Mask","floor":37,"gold_loss":0},{"cards_removed":["Second Wind"],"damage_healed":0,"gold_gain":0,"player_choice":"Upgrade and Remove","damage_taken":0,"max_hp_gain":0,"max_hp_loss":0,"event_name":"Designer","floor":39,"gold_loss":110,"cards_upgraded":["Spot Weakness"]}],"is_beta":false,"boss_relics":[{"not_picked":["Snecko Eye","Runic Pyramid"],"picked":"Runic Dome"},{"not_picked":["Astrolabe","Philosopher\u0027s Stone"],"picked":"Empty Cage"}],"items_purged_floors":[2,19,54],"is_endless":false,"potions_floor_spawned":[1,10,11,14,16,18,22,25,30,35,38,42,55],"ascension_level":20}}