{"host":"v0dnu0zs4qo0v13s","time":1613859275,"event":{"mods":["BaseMod","Colored Map","Colored Powertips","Minty Spire (QoL Compilation)","Relic Stats","StSLib","SuperFastMode","everything is the same but u backflip on backflip"],"gold_per_floor":[111,36,36,51,66,66,92,106,106,106,134,134,134,152,152,247,247,263,237,237,237,39,70,70],"floor_reached":23,"language":"ENG","playtime":1358,"items_purged":["Defend_G","Defend_G"],"score":310,"play_id":"d2d7d20c-327a-4485-ba07-30f7c63d351a","local_time":"20210220171435","is_ascension_mode":true,"campfire_choices":[{"data":"Riddle With Holes","floor":6.0,"key":"SMITH"},{"floor":10.0,"key":"REST"},{"floor":13.0,"key":"REST"},{"floor":15,"key":"REST"}],"circlet_count":0,"master_deck":["Defend_G","Defend_G","Defend_G+1","Survivor","Neutralize","Blade Dance","Decay","Riddle With Holes+1","Venomology","Deadly Poison+1","Wraith Form v2+1","Normality","Finisher+1","Caltrops","Night Terror","Catalyst","Bite+1","Bite+1","Bite+1","Bite+1","Bite+1","Dramatic Entrance+1","Underhanded Strike+1"],"relics":["Cursed Key","War Paint","Molten Egg 2","Incense Burner","Snecko Eye","The Courier"],"acts_visited":["Exordium","TheCity"],"potions_floor_usage":[14,16,19,19,23],"damage_taken":[{"damage":1.0,"enemies":"Jaw Worm","floor":1.0,"turns":5.0},{"damage":3.0,"enemies":"Cultist","floor":4.0,"turns":4.0},{"damage":0.0,"enemies":"Small Slimes","floor":5.0,"turns":3.0},{"damage":16.0,"enemies":"3 Sentries","floor":7.0,"turns":8.0},{"damage":4.0,"enemies":"Exordium Wildlife","floor":8.0,"turns":6.0},{"damage":31.0,"enemies":"Lagavulin","floor":11.0,"turns":7.0},{"damage":4,"enemies":"Large Slime","floor":14,"turns":5},{"damage":19,"enemies":"Hexaghost","floor":16,"turns":9},{"damage":3,"enemies":"Spheric Guardian","floor":18,"turns":5},{"damage":7,"enemies":"2 Thieves","floor":19,"turns":5},{"damage":28,"enemies":"Book of Stabbing","floor":23,"turns":5}],"seed_played":"7891937958232434156","potions_obtained":[{"floor":4.0,"key":"EssenceOfSteel"},{"floor":5.0,"key":"SpeedPotion"},{"floor":11.0,"key":"DuplicationPotion"},{"floor":16,"key":"Energy Potion"},{"floor":19,"key":"Ancient Potion"}],"is_trial":false,"path_per_floor":["M","$","?","M","M","R","E","M","T","R","E","?","R","M","R","B",null,"M","M","?","?","$","E"],"character_chosen":"THE_SILENT","items_purchased":["Dramatic Entrance+1"],"campfire_rested":3,"item_purchase_floors":[22],"current_hp_per_floor":[62,62,62,59,59,59,43,39,39,60,29,22,43,39,60,41,63,60,53,49,49,49,27,27],"gold":70,"neow_bonus":"BOSS_RELIC","is_daily":false,"chose_seed":false,"campfire_upgraded":1,"win_rate":0.0,"timestamp":1613859275,"path_taken":["M","$","?","?","M","R","E","M","T","R","E","?","R","M","R","BOSS","M","M","?","?","$","E"],"items_purchased_type":["Card"],"build_version":"2020-12-22","purchased_purges":2,"victory":false,"max_hp_per_floor":[70,70,70,70,70,70,70,70,70,70,70,70,70,70,70,70,70,70,70,49,49,49,49,49],"relic_stats":{"counters":[11,62],"Snecko Eye":[30,21,17,23],"War Paint":["Defend_G","Deadly Poison"],"Cursed Key":1,"obtain_stats":[{"Snecko Eye":17,"Molten Egg 2":9,"The Courier":23,"Incense Burner":11,"War Paint":7,"Cursed Key":0,"Ring of the Snake":0},{"Snecko Eye":8,"Molten Egg 2":5,"The Courier":11,"Incense Burner":6,"War Paint":4,"Cursed Key":0,"Ring of the Snake":0},{"Snecko Eye":47,"Molten Egg 2":26,"The Courier":62,"Incense Burner":33,"War Paint":20,"Cursed Key":0,"Ring of the Snake":0}]},"card_choices":[{"not_picked":["Poisoned Stab","Cloak And Dagger"],"picked":"Blade Dance","floor":1.0},{"not_picked":["Choke","Terror"],"picked":"Riddle With Holes","floor":4.0},{"not_picked":["Poisoned Stab","Sucker Punch"],"picked":"Venomology","floor":5.0},{"not_picked":["Well Laid Plans","Outmaneuver"],"picked":"Deadly Poison","floor":7.0},{"not_picked":["Blur","Dagger Throw"],"picked":"Wraith Form v2","floor":8.0},{"not_picked":["Dagger Throw+1","Poisoned Stab+1"],"picked":"Finisher+1","floor":11.0},{"not_picked":["Setup","Sucker Punch+1"],"picked":"Caltrops","floor":14},{"not_picked":["Grand Finale+1","Envenom"],"picked":"Night Terror","floor":16},{"not_picked":["Underhanded Strike+1","Endless Agony+1","Deadly Poison"],"picked":"SKIP","floor":18},{"not_picked":["Heel Hook+1","Deflect"],"picked":"Catalyst","floor":19},{"not_picked":["Slice+1","Flying Knee+1"],"picked":"Underhanded Strike+1","floor":23}],"player_experience":749960,"relics_obtained":[{"floor":7.0,"key":"War Paint"},{"floor":9.0,"key":"Molten Egg 2"},{"floor":11.0,"key":"Incense Burner"},{"floor":23,"key":"The Courier"}],"event_choices":[{"damage_healed":0.0,"max_hp_gain":0.0,"max_hp_loss":0.0,"gold_gain":0.0,"event_name":"Wheel of Change","player_choice":"Cursed","floor":3.0,"gold_loss":0.0,"damage_taken":0.0,"cards_obtained":["Decay"]},{"cards_removed":["Strike_G"],"damage_healed":0.0,"max_hp_gain":0.0,"max_hp_loss":0.0,"gold_gain":0.0,"event_name":"Golden Wing","player_choice":"Card Removal","floor":12.0,"gold_loss":0.0,"damage_taken":7.0},{"damage_healed":0,"gold_gain":0,"player_choice":"Became a vampire","damage_taken":0,"max_hp_gain":0,"max_hp_loss":21,"event_name":"Vampires","floor":20,"gold_loss":0,"cards_obtained":["Bite","Bite","Bite","Bite","Bite"]},{"damage_healed":0,"gold_gain":0,"player_choice":"Upgraded","damage_taken":0,"max_hp_gain":0,"max_hp_loss":0,"event_name":"Upgrade Shrine","floor":21,"gold_loss":0,"cards_upgraded":["Wraith Form v2"]}],"is_beta":false,"boss_relics":[{"not_picked":["Philosopher\u0027s Stone","Sozu"],"picked":"Snecko Eye"}],"items_purged_floors":[2,22],"is_endless":false,"potions_floor_spawned":[4,5,11,16,19],"killed_by":"Book of Stabbing","ascension_level":6}}