{"host":"szcsc05p6ieg5q76","time":1613780765,"event":{"mods":["ATMod(阿瑾Mod)","Act Like it!","Arknights","BaseMod","Minty Spire (QoL Compilation)","Reimu（博丽灵梦）","Remilia（蕾米莉亚）","SOS（斯巴达之子）","StSLib","The Bug Knight","The Servant 0.9.4","Yakumo Yukari mod","Youmu（魂魄妖梦）","【功能Mod】聪明的最终Boss"],"gold_per_floor":[109,184,37,37,53,53,85,85,85,4,4,21,96,111,111,215,215,232,232,150,65,77,106,118,140,230,260,272,300,346,358,370,485,497,528,556,568,580,592,604,646,658,670,711,798,600,686,686,686,736,736,736,29,111,136],"floor_reached":56,"language":"ZHS","playtime":3755,"items_purged":["Defend_YM+1","Strike_YM+1"],"score":1319,"play_id":"7e7b5b96-13ca-4ad1-990e-42352e26ded1","local_time":"20210220012605","is_ascension_mode":false,"campfire_choices":[{"data":"SwordExtraction","floor":6,"key":"SMITH"},{"data":"TwoHundredYojanaInOneSlash","floor":8,"key":"SMITH"},{"data":"HellFireSword","floor":11,"key":"SMITH"},{"data":"AT_ChampionStep","floor":15,"key":"SMITH"},{"data":"HellFireSword","floor":24,"key":"SMITH"},{"floor":28,"key":"REST"},{"floor":32,"key":"REST"},{"floor":40,"key":"RECALL"},{"floor":42,"key":"REST"},{"floor":49,"key":"REST"},{"floor":52,"key":"REST"}],"circlet_count":0,"master_deck":["Defend_YM+1","SlashOfPresentWorld+1","WheelOfPainOfLivingAndDead+1","AT_ChampionStep+1","SwordExtraction+1","TwoHundredYojanaInOneSlash+1","SanzenSekai+1","HellFireSword+1","HiganSword+1","SpiritCuttingSword+1","HeavenSword+1","ThoughtCuttingSword+1","ObsessionSword+1","LightFlashOfTheNetherworld+1","SlashClearingTheSixSenses+1","SuddenPhantomFormationSlashOfKarmicWind+1","HellFireSword+1","ThreeKonsSevenHakus+1","HiganSword+1","SlashOfMeditation+1","SlashOfTheEternalFuture+1","HellFireSword+1","Discovery+1","HumanGodSword+1","CherryBlossomFlashing+1","HellFireSword+1"],"relics":["HalfPhantom","AT_ATBox","NeowsBlessing","AT_BladeRuinedKing","Pear","Astrolabe","MawBank","Hakurouken","PreservedInsect","AT_TrinityForce","HollowMod:StagPassRelic","Roukanken","ChestCloth","AT_MibuBalloonWealth","CaptainsWheel","War Paint","InkBottle","TheAbacus","Boot","TungstenRod"],"acts_visited":["Exordium","TheCity","TheBeyond","TheEnding"],"potions_floor_usage":[23,33,37,55,55],"damage_taken":[{"damage":0.0,"enemies":"ats:Genji","floor":1.0,"turns":1.0},{"damage":0,"enemies":"Jaw Worm","floor":5,"turns":1},{"damage":0,"enemies":"Lagavulin","floor":7,"turns":1},{"damage":1,"enemies":"Small Slimes","floor":12,"turns":3},{"damage":0,"enemies":"Blue Slaver","floor":14,"turns":3},{"damage":32,"enemies":"Hexaghost","floor":16,"turns":7},{"damage":20,"enemies":"2 Thieves","floor":18,"turns":3},{"damage":3,"enemies":"Centurion and Healer","floor":23,"turns":4},{"damage":18,"enemies":"Cultist and Chosen","floor":25,"turns":5},{"damage":0,"enemies":"Snake Plant","floor":27,"turns":3},{"damage":15,"enemies":"Chosen and Byrds","floor":29,"turns":6},{"damage":15,"enemies":"HollowMod:Nosk","floor":30,"turns":4},{"damage":0,"enemies":"Automaton","floor":33,"turns":7},{"damage":0,"enemies":"Orb Walker","floor":35,"turns":3},{"damage":2,"enemies":"3 Darklings","floor":36,"turns":2},{"damage":49,"enemies":"3 Darklings","floor":37,"turns":13},{"damage":0,"enemies":"HollowMod:StalkingDevout","floor":41,"turns":4},{"damage":3,"enemies":"Nemesis","floor":44,"turns":3},{"damage":25,"enemies":"Mind Bloom Boss Battle","floor":45,"turns":3},{"damage":9,"enemies":"Sphere and 2 Shapes","floor":47,"turns":2},{"damage":20,"enemies":"Donu and Deca","floor":50,"turns":4},{"damage":2,"enemies":"Shield and Spear","floor":54,"turns":2},{"damage":24,"enemies":"The Heart","floor":55,"turns":5}],"seed_played":"8311791785527527770","potions_obtained":[{"floor":12,"key":"SmokeBomb"},{"floor":18,"key":"PowerPotion"},{"floor":27,"key":"FearPotion"},{"floor":29,"key":"LiquidMemories"},{"floor":33,"key":"ColorlessPotion"},{"floor":41,"key":"SpeedPotion"}],"is_trial":false,"path_per_floor":["M","?","$","?","M","R","E","R","T","$","R","M","?","M","R","B",null,"M","?","$","?","?","M","R","M","T","M","R","M","E","?","R","B",null,"M","M","?","T","?","R","E","R","T","E","?","$","M","T","R","B",null,"R","$","E","B",null],"character_chosen":"YOUMU","items_purchased":["AT_BladeRuinedKing","HellFireSword","HellFireSword","ThreeKonsSevenHakus","HumanGodSword","CultistPotion","InkBottle","TheAbacus","Boot","CherryBlossomFlashing"],"campfire_rested":5,"item_purchase_floors":[3,10,20,20,46,46,53,53,53,53],"current_hp_per_floor":[75,64,64,69,69,69,79,79,79,79,79,78,69,69,69,37,90,70,70,70,70,70,67,67,49,49,49,76,61,46,46,73,73,90,90,88,90,90,90,90,90,90,90,87,62,62,53,53,80,90,90,90,90,88,64],"gold":136,"neow_bonus":"THREE_ENEMY_KILL","is_daily":false,"chose_seed":false,"campfire_upgraded":5,"win_rate":0.0,"timestamp":1613780765,"path_taken":["M","?","$","?","M","R","E","R","T","$","R","M","?","M","R","BOSS","M","?","$","?","?","M","R","M","T","?","R","M","E","?","R","BOSS","M","M","?","?","?","R","E","R","T","E","?","$","M","?","R","BOSS","R","$","E","BOSS"],"items_purchased_type":["Relic","Card","Card","Card","Card","Potion","Relic","Relic","Relic","Card"],"build_version":"2020-12-22","purchased_purges":2,"victory":true,"max_hp_per_floor":[75,75,75,80,80,80,90,90,90,90,90,90,90,90,90,90,90,90,90,90,90,90,90,90,90,90,90,90,90,90,90,90,90,90,90,90,90,90,90,90,90,90,90,90,90,90,90,90,90,90,90,90,90,90,90],"card_choices":[{"not_picked":["HumanKnowledgeSword","FlashingScatteredFlowers"],"picked":"SwordExtraction","floor":1.0},{"not_picked":["SpiderLilyBurial","LowerRealmReflectionSlash"],"picked":"TwoHundredYojanaInOneSlash","floor":5},{"not_picked":["HeartExcerptSlash","HellGodSword"],"picked":"SanzenSekai","floor":7},{"not_picked":["DispleasureOfTheSevenHakus","FourBirthsSword"],"picked":"HiganSword","floor":12},{"not_picked":["SwordOfBindingDesires","SpiritMediumsBind"],"picked":"SpiritCuttingSword","floor":14},{"not_picked":["IrresoluteSoul","HeavenGodSword"],"picked":"HeavenSword","floor":16},{"not_picked":["TwoHundredYojanaInOneSlash","SpiderLilyBurial","CrescentMoonSlash"],"picked":"SKIP","floor":18},{"not_picked":["SpiritCuttingSword","PreachingAvici","LifeCuttingSword+1"],"picked":"SKIP","floor":23},{"not_picked":["LightFlashOfTheNetherworld","HiganSword"],"picked":"SlashOfMeditation+1","floor":25},{"not_picked":["LowerRealmReflectionSlash","SpiritCuttingSword+1","SanzenSekai"],"picked":"SKIP","floor":27},{"not_picked":["SpiritMediumsBind","FlashingScatteredFlowers","HumanKnowledgeSword"],"picked":"SKIP","floor":29},{"not_picked":["FlashingScatteredFlowers+1","LowerRealmReflectionSlash","CrescentMoonSlash"],"picked":"SKIP","floor":30},{"not_picked":["DeadlyForm","CherryBlossomSword"],"picked":"SlashOfTheEternalFuture","floor":33},{"not_picked":["HesitationCuttingSword","ConstancyOfTheConventionalTruth","LightFlashOfTheNetherworld+1"],"picked":"SKIP","floor":35},{"not_picked":["ConstancyOfTheConventionalTruth","PreachingAvici+1","CherryBlossomFlashing"],"picked":"SKIP","floor":36},{"not_picked":["ConstancyOfTheConventionalTruth+1","FlashingScatteredFlowers+1"],"picked":"HellFireSword+1","floor":37},{"not_picked":["Swift Strike","Good Instincts"],"picked":"Discovery","floor":39},{"not_picked":["TenKingsRetributionOnThePreta+1","ReincarnationSword","TwoHundredYojanaInOneSlash"],"picked":"SKIP","floor":41},{"not_picked":["PhosphoricSlash+1","HumanKnowledgeSword+1","TenKingsRetributionOnThePreta+1"],"picked":"SKIP","floor":44},{"not_picked":["HumanKnowledgeSword","LowerRealmReflectionSlash","DispleasureOfTheSevenHakus"],"picked":"SKIP","floor":47},{"not_picked":["CherryBlossomFlashing","HumanRealmSword+1"],"picked":"HellFireSword+1","floor":54}],"player_experience":184484,"relics_obtained":[{"floor":7,"key":"Pear"},{"floor":26,"key":"Hakurouken"},{"floor":30,"key":"PreservedInsect"},{"floor":38,"key":"HollowMod:StagPassRelic"},{"floor":41,"key":"Roukanken"},{"floor":43,"key":"ChestCloth"},{"floor":44,"key":"AT_MibuBalloonWealth"},{"floor":45,"key":"CaptainsWheel"},{"floor":48,"key":"War Paint"},{"floor":54,"key":"TungstenRod"}],"event_choices":[{"damage_healed":0.0,"max_hp_gain":0.0,"max_hp_loss":0.0,"gold_gain":75.0,"event_name":"World of Goop","player_choice":"Gather Gold","floor":2.0,"gold_loss":0.0,"damage_taken":11.0},{"damage_healed":0,"gold_gain":0,"player_choice":"Donut","damage_taken":0,"max_hp_gain":5,"max_hp_loss":0,"event_name":"Big Fish","floor":4,"gold_loss":0},{"damage_healed":0,"gold_gain":75,"player_choice":"Touch","damage_taken":9,"max_hp_gain":0,"max_hp_loss":0,"event_name":"FaceTrader","floor":13,"gold_loss":0},{"damage_healed":0,"gold_gain":0,"cards_transformed":["Defend_YM","Strike_YM"],"player_choice":"Became Test Subject","damage_taken":0,"max_hp_gain":0,"max_hp_loss":0,"event_name":"Drug Dealer","floor":19,"gold_loss":0,"cards_obtained":["SlashClearingTheSixSenses","SuddenPhantomFormationSlashOfKarmicWind"]},{"damage_healed":0,"gold_gain":0,"player_choice":"Obtained Relic","damage_taken":0,"relics_obtained":["MawBank"],"max_hp_gain":0,"max_hp_loss":0,"event_name":"Addict","floor":21,"gold_loss":85},{"damage_healed":0,"gold_gain":0,"player_choice":"Copied","damage_taken":0,"max_hp_gain":0,"max_hp_loss":0,"event_name":"Duplicator","floor":22,"gold_loss":0,"cards_obtained":["HiganSword"]},{"damage_healed":0,"gold_gain":0,"player_choice":"Ignored","damage_taken":0,"max_hp_gain":0,"max_hp_loss":0,"event_name":"Vampires","floor":31,"gold_loss":0},{"damage_healed":0,"gold_gain":0,"player_choice":"Memory 1","damage_taken":0,"max_hp_gain":0,"max_hp_loss":0,"event_name":"SensoryStone","floor":39,"gold_loss":0},{"damage_healed":0,"gold_gain":0,"player_choice":"Fight","damage_taken":0,"max_hp_gain":0,"max_hp_loss":0,"event_name":"MindBloom","floor":45,"gold_loss":0}],"is_beta":false,"boss_relics":[{"not_picked":["Ectoplasm","Runic Pyramid"],"picked":"Astrolabe"},{"not_picked":["Fusion Hammer","Snecko Eye"],"picked":"AT_TrinityForce"}],"items_purged_floors":[46,53],"is_endless":false,"potions_floor_spawned":[12,18,27,29,33,35,41,47],"ascension_level":0}}