{"host":"se54kqb5s2qquozl","time":1613800133,"event":{"mods":["BaseMod","Colored Powertips","Downfall","Hermit","Minty Spire (QoL Compilation)","Replay The Spire","StSLib"],"gold_per_floor":[99,113,113,130,145,175,175,16,41,41,52,71,86,114,133,236,236,236,248,259,279,279,279,279,305,305,335,353,366,61,77,90,191,191,191,207,219,58,78,78,78,78,128,146,146,165,183,210,210,210],"floor_reached":51,"language":"ENG","playtime":3259,"items_purged":[],"score":977,"play_id":"3b5e82d7-a5c2-44d5-9f36-134edc492251","local_time":"20210219234853","is_ascension_mode":true,"campfire_choices":[{"data":"Guardian:TwinSlam","floor":1,"key":"SMITH"},{"data":"Guardian:ChargeCore","floor":10,"key":"SMITH"},{"data":"Guardian:PrismaticBarrier","floor":18,"key":"SMITH"},{"data":"Guardian:Orbwalk","floor":26,"key":"SMITH"},{"data":"Guardian:Preprogram","floor":35,"key":"SMITH"},{"data":"Guardian:SpikerProtocol","floor":40,"key":"SMITH"},{"data":"Guardian:ChargeUp","floor":45,"key":"SMITH"}],"circlet_count":0,"master_deck":["Guardian:Strike_Guardian","Guardian:Strike_Guardian","Guardian:Strike_Guardian","Guardian:Strike_Guardian","Guardian:Defend_Guardian","Guardian:Defend_Guardian","Guardian:Defend_Guardian","Guardian:Defend_Guardian","Guardian:CurlUp","Guardian:TwinSlam+1","Guardian:Planning","Guardian:EvasiveProtocol+1","Guardian:PrismaticBarrier+1","Guardian:ChargeCore+1","Guardian:DecasProtection+1","Guardian:TimeBomb","Guardian:ShieldCharger+1","Guardian:Preprogram+1","Guardian:Orbwalk+1","Guardian:Harden+1","Guardian:ConstructionForm+1","Guardian:ChargeUp+1","Guardian:ChargeUp","Guardian:RefractedBeam+1","Guardian:Recover+1","Guardian:AncientConstruct+1","Guardian:SphericShield+1","Guardian:SpikerProtocol+1","Guardian:ChargeUp+1","Guardian:DonusPower+1","downfall:Aged","Guardian:DonusPower+1","Guardian:BaubleBeam+1","Guardian:Recover+1","Guardian:Gem_Fragmented","Guardian:Gem_Lightblue"],"relics":["Guardian:ModeShifterPlus","Letter Opener","Replay:Rubber Ducky","Simple Rune","ReplayTheSpireMod:TigerMarble","Black Star","Nloth\u0027s Gift","Ornamental Fan","Mirror","Dream Catcher","Golden Egg","Vajra","Replay:Kaleidoscope","Guide Book","Mummified Hand","Guardian:StasisEgg","Unceasing Top","Guardian:PickAxe","Garlic"],"acts_visited":["Exordium","TheCity","TheBeyond"],"potions_floor_usage":[11,14,16,19,27,33],"damage_taken":[{"damage":4,"enemies":"Jaw Worm","floor":2,"turns":5},{"damage":0,"enemies":"Cultist","floor":4,"turns":3},{"damage":4,"enemies":"Small Slimes","floor":5,"turns":4},{"damage":17,"enemies":"Gremlin Nob","floor":6,"turns":5},{"damage":2,"enemies":"downfall:FleeingMerchant","floor":8,"turns":4},{"damage":1,"enemies":"Replay:BlueRogue","floor":9,"turns":8},{"damage":0,"enemies":"Exordium Thugs","floor":11,"turns":4},{"damage":1,"enemies":"2 Fungi Beasts","floor":12,"turns":4},{"damage":0,"enemies":"Large Slime","floor":13,"turns":6},{"damage":5,"enemies":"Gremlin Nob","floor":14,"turns":5},{"damage":5,"enemies":"Blue Slaver","floor":15,"turns":4},{"damage":16,"enemies":"IC_STATUS_ARCHETYPE","floor":16,"turns":9},{"damage":0,"enemies":"3 Byrds","floor":19,"turns":3},{"damage":0,"enemies":"Spheric Guardian","floor":20,"turns":5},{"damage":0,"enemies":"Centurion and Healer","floor":21,"turns":9},{"damage":0,"enemies":"Replay:Snechameleon","floor":25,"turns":6},{"damage":14,"enemies":"Gremlin Leader","floor":27,"turns":9},{"damage":7,"enemies":"Sentry and Sphere","floor":28,"turns":10},{"damage":16,"enemies":"3 Cultists","floor":29,"turns":6},{"damage":0,"enemies":"downfall:FleeingMerchant","floor":30,"turns":4},{"damage":12,"enemies":"Centurion and Healer","floor":31,"turns":5},{"damage":0,"enemies":"Snake Plant","floor":32,"turns":5},{"damage":29,"enemies":"DF_ARCHETYPE_CLAW","floor":33,"turns":10},{"damage":0,"enemies":"3 Darklings","floor":36,"turns":6},{"damage":0,"enemies":"3 Shapes","floor":37,"turns":5},{"damage":0,"enemies":"downfall:FleeingMerchant","floor":38,"turns":4},{"damage":0,"enemies":"Sphere and 2 Shapes","floor":39,"turns":6},{"damage":0,"enemies":"Sphere and 2 Shapes","floor":43,"turns":8},{"damage":0,"enemies":"3 Darklings","floor":44,"turns":4},{"damage":31,"enemies":"Transient","floor":46,"turns":5},{"damage":10,"enemies":"Jaw Worm Horde","floor":47,"turns":5},{"damage":0,"enemies":"R_Hoarder","floor":48,"turns":8},{"damage":14,"enemies":"SI_POISON_ARCHETYPE","floor":50,"turns":6}],"seed_played":"4486108885818794080","potions_obtained":[{"floor":3,"key":"Guardian:BlockOnCardUsePotion"},{"floor":3,"key":"BlessingOfTheForge"},{"floor":3,"key":"Reflective Coating"},{"floor":11,"key":"Guardian:DefensiveModePotion"},{"floor":14,"key":"DistilledChaos"},{"floor":16,"key":"sneckomod:MuddlingPotion"},{"floor":19,"key":"Energy Potion"},{"floor":27,"key":"Weak Potion"},{"floor":37,"key":"SteroidPotion"},{"floor":46,"key":"Guardian:StasisDiscoveryPotion"},{"floor":47,"key":"DuplicationPotion"}],"is_trial":false,"path_per_floor":["R","M","?","M","M","E","T","$","E","R","M","M","M","E","M","B",null,"R","M","M","M","?","?","T","E","R","E","M","M","$","M","M","B",null,"R","M","M","$","M","R","T","?","?","M","R","M","M","E","R","B",null],"character_chosen":"GUARDIAN","items_purchased":["Replay:Rubber Ducky","Replay:Kaleidoscope","Guide Book"],"campfire_rested":0,"item_purchase_floors":[8,30,38],"current_hp_per_floor":[72,68,68,68,64,47,47,45,44,44,44,43,43,38,33,17,96,96,96,96,96,96,96,96,96,96,82,75,59,59,47,47,18,96,96,96,96,96,96,96,96,96,96,96,96,65,55,59,59,45],"gold":210,"neow_bonus":"TWENTY_PERCENT_HP_BONUS","is_daily":false,"chose_seed":false,"campfire_upgraded":7,"win_rate":0.0,"timestamp":1613800133,"path_taken":["R","M","?","M","M","E","T","$","E","R","M","M","M","E","M","BOSS","R","M","M","M","?","?","T","E","R","E","?","M","$","M","M","BOSS","R","M","M","$","M","R","T","?","?","M","R","M","M","E","R","BOSS"],"items_purchased_type":["Relic","Relic","Relic"],"build_version":"2020-12-22","purchased_purges":0,"victory":true,"max_hp_per_floor":[96,96,96,96,96,96,96,96,96,96,96,96,96,96,96,96,96,96,96,96,96,96,96,96,96,96,96,96,96,96,96,96,96,96,96,96,96,96,96,96,96,96,96,96,96,96,96,96,96,96],"card_choices":[{"not_picked":["Guardian:Gem_Lightblue","Guardian:Recover"],"picked":"Guardian:Planning","floor":2},{"not_picked":["Guardian:PiercingHide","Guardian:VentSteam"],"picked":"Guardian:Gem_Crimson","floor":4},{"not_picked":["Guardian:ShieldCharger","Guardian:Reroute"],"picked":"Guardian:EvasiveProtocol","floor":5},{"not_picked":["Guardian:PrimingBeam","Guardian:TemporalShield","Guardian:Gem_Red"],"picked":"SKIP","floor":6},{"not_picked":["Guardian:WalkerClaw","Guardian:TemporalStrike"],"picked":"Guardian:PrismaticBarrier","floor":8},{"not_picked":["Guardian:PrismaticBarrier","Guardian:WalkerClaw"],"picked":"Guardian:ChargeCore","floor":9},{"not_picked":["Guardian:Repulse","Guardian:RollAttack"],"picked":"Guardian:DecasProtection","floor":11},{"not_picked":["Guardian:TimeCapacitor","Guardian:VentSteam"],"picked":"Guardian:Gem_Blue","floor":12},{"not_picked":["Guardian:Gem_Red","Guardian:PiercingHide"],"picked":"Guardian:Gem_Synthetic","floor":13},{"not_picked":["Guardian:DecasProtection","Guardian:Gem_Green"],"picked":"Guardian:TimeBomb","floor":14},{"not_picked":["Guardian:Planning","Guardian:DecasProtection"],"picked":"Guardian:Gem_Lightblue","floor":15},{"not_picked":["Guardian:AncientConstruct","Guardian:HyperBeam_Guardian"],"picked":"Guardian:Gem_Orange","floor":16},{"not_picked":["Guardian:MultiBeam+1","Guardian:PolyBeam"],"picked":"Guardian:ShieldCharger+1","floor":19},{"not_picked":["Guardian:DecasProtection","Guardian:Planning"],"picked":"Guardian:Preprogram","floor":20},{"not_picked":["Guardian:Preprogram+1","Guardian:Planning"],"picked":"Guardian:Orbwalk","floor":21},{"not_picked":["Guardian:BodySlam","Guardian:Recover"],"picked":"Guardian:Harden+1","floor":25},{"not_picked":["Guardian:MultiBeam","Guardian:PolyBeam"],"picked":"Guardian:ConstructionForm","floor":27},{"not_picked":["Guardian:Reroute","Guardian:Gem_Cyan"],"picked":"Guardian:ChargeUp","floor":28},{"not_picked":["Guardian:Suspension+1","Guardian:Gem_Red"],"picked":"Guardian:ChargeUp","floor":29},{"not_picked":["Guardian:TemporalShield","Guardian:CrystalBeam"],"picked":"Guardian:RefractedBeam+1","floor":30},{"not_picked":["Guardian:ChargeCore","Guardian:WalkerClaw+1"],"picked":"Guardian:Recover+1","floor":31},{"not_picked":["Guardian:Planning","Guardian:ShieldCharger"],"picked":"Guardian:AncientConstruct","floor":32},{"not_picked":["Guardian:FierceBash","Guardian:TimeSifter"],"picked":"Guardian:SphericShield","floor":33},{"not_picked":["Guardian:Gem_Green","Guardian:SentryBeam+1"],"picked":"Guardian:SpikerProtocol","floor":36},{"not_picked":["Guardian:ChargeCore+1","Guardian:Planning+1"],"picked":"Guardian:Gem_Yellow","floor":37},{"not_picked":["Guardian:TimeSifter","Guardian:Gem_Green"],"picked":"Guardian:ChargeUp","floor":38},{"not_picked":["Guardian:Reroute","Guardian:VentSteam+1"],"picked":"Guardian:DonusPower+1","floor":39},{"not_picked":["Guardian:TemporalShield","Guardian:VentSteam"],"picked":"Guardian:DonusPower+1","floor":44},{"not_picked":["Guardian:MultiBeam","Guardian:BaubleBeam","Guardian:TemporalShield"],"picked":"SKIP","floor":46},{"not_picked":["Guardian:MultiBeam","Guardian:TemporalShield"],"picked":"Guardian:BaubleBeam","floor":46},{"not_picked":["Guardian:Gem_Purple","Guardian:Gem_Cyan"],"picked":"Guardian:Gem_Yellow","floor":47},{"not_picked":["Guardian:WalkerClaw+1","Guardian:TemporalStrike"],"picked":"Guardian:Recover+1","floor":48}],"player_experience":73574,"relics_obtained":[{"floor":6,"key":"Replay:Bottled Eggs"},{"floor":7,"key":"Letter Opener"},{"floor":9,"key":"Simple Rune"},{"floor":14,"key":"ReplayTheSpireMod:TigerMarble"},{"floor":24,"key":"Ornamental Fan"},{"floor":25,"key":"Mirror"},{"floor":25,"key":"Dream Catcher"},{"floor":27,"key":"Golden Egg"},{"floor":27,"key":"Vajra"},{"floor":41,"key":"Mummified Hand"},{"floor":43,"key":"Unceasing Top"},{"floor":48,"key":"Guardian:PickAxe"},{"floor":48,"key":"Garlic"}],"event_choices":[{"damage_healed":0,"gold_gain":0,"player_choice":"Got Potions","damage_taken":0,"max_hp_gain":0,"max_hp_loss":0,"event_name":"Lab","floor":3,"gold_loss":0}],"is_beta":false,"boss_relics":[{"not_picked":["Tiny House","Busted Crown"],"picked":"Black Star"},{"not_picked":["Replay:Ancient Bell","Replay:Grab Bag"],"picked":"Guardian:ModeShifterPlus"}],"items_purged_floors":[],"is_endless":false,"potions_floor_spawned":[6,9,11,14,16,19,25,27,28,32,37,46,47,48],"ascension_level":2}}