{"host":"dlqyscxstsnu98l1","time":1613834912,"event":{"mods":["AchievementEnabler","BaseMod","Colored Map","Colored Powertips","GifTheSpireLib","Highlight Path","Minty Spire (QoL Compilation)","Random Character Button","SacredBarkPlus","StSLib","everything is the same but u backflip on backflip"],"gold_per_floor":[114,16,16,33,51,84,102,135,162,190,7,7,20,54,54,151,151,165,165,165,184,194,194,222,222,222,321,349,349,349,38,38,141,141,155,155,165,165,217,217,228,241,241,267,267,267,284,297,297,297,297,297,122,155,155,155],"floor_reached":55,"language":"ENG","playtime":2990,"items_purged":["Injury"],"score":992,"play_id":"75c0e4d3-1ca7-443b-8c7f-2576cf9488de","local_time":"20210220092832","is_ascension_mode":true,"campfire_choices":[{"data":"Inflame","floor":12.0,"key":"SMITH"},{"data":"Uppercut","floor":15.0,"key":"SMITH"},{"data":"Flame Barrier","floor":23.0,"key":"SMITH"},{"data":"Shockwave","floor":25.0,"key":"SMITH"},{"data":"Disarm","floor":29.0,"key":"SMITH"},{"data":"Flame Barrier","floor":32.0,"key":"SMITH"},{"data":"Bandage Up","floor":40.0,"key":"SMITH"},{"floor":46.0,"key":"RECALL"},{"data":"Disarm","floor":49.0,"key":"SMITH"},{"data":"Dual Wield","floor":52.0,"key":"SMITH"}],"circlet_count":0,"master_deck":["Strike_R+1","Strike_R+1","Strike_R+1","Strike_R+1","Strike_R+1","Defend_R+1","Defend_R+1","Defend_R+1","Defend_R+1","Bash+1","Flame Barrier+1","Wild Strike","Anger","True Grit","Pommel Strike+1","Dual Wield+1","Disarm+1","Inflame+1","Shockwave+1","Uppercut+1","Exhume","Combust","Sword Boomerang+1","Flame Barrier+1","Evolve+1","Disarm+1","Ghostly Armor+1","Master of Strategy","Bandage Up+1","True Grit+1","Disarm+1","Flame Barrier+1","Apotheosis","Demon Form"],"relics":["Burning Blood","Magic Flower","GremlinMask","HornCleat","Art of War","Happy Flower","Lee\u0027s Waffle","Thread and Needle","Coffee Dripper","Whetstone","Question Card","Smiling Mask","Kunai","Sozu","Du-Vu Doll","Ginger","Akabeko","Pantograph"],"acts_visited":["Exordium","TheCity","TheBeyond","TheEnding"],"potions_floor_usage":[],"damage_taken":[{"damage":6.0,"enemies":"Jaw Worm","floor":1.0,"turns":6.0},{"damage":1.0,"enemies":"Cultist","floor":4.0,"turns":3.0},{"damage":1.0,"enemies":"2 Louse","floor":5.0,"turns":3.0},{"damage":32.0,"enemies":"Gremlin Nob","floor":6.0,"turns":4.0},{"damage":0.0,"enemies":"Large Slime","floor":7.0,"turns":5.0},{"damage":31.0,"enemies":"3 Sentries","floor":8.0,"turns":9.0},{"damage":22.0,"enemies":"Gremlin Nob","floor":10.0,"turns":5.0},{"damage":1.0,"enemies":"3 Louse","floor":13.0,"turns":2.0},{"damage":1.0,"enemies":"Lagavulin","floor":14.0,"turns":5.0},{"damage":0.0,"enemies":"Hexaghost","floor":16.0,"turns":10.0},{"damage":15.0,"enemies":"Spheric Guardian","floor":18.0,"turns":5.0},{"damage":0.0,"enemies":"3 Byrds","floor":21.0,"turns":4.0},{"damage":0.0,"enemies":"Snecko","floor":22.0,"turns":4.0},{"damage":20.0,"enemies":"Slavers","floor":24.0,"turns":5.0},{"damage":6.0,"enemies":"Book of Stabbing","floor":28.0,"turns":6.0},{"damage":69.0,"enemies":"Automaton","floor":33.0,"turns":12.0},{"damage":1.0,"enemies":"3 Darklings","floor":35.0,"turns":5.0},{"damage":27.0,"enemies":"3 Shapes","floor":37.0,"turns":9.0},{"damage":29.0,"enemies":"2 Orb Walkers","floor":39.0,"turns":5.0},{"damage":0.0,"enemies":"Maw","floor":41.0,"turns":10.0},{"damage":2.0,"enemies":"Jaw Worm Horde","floor":42.0,"turns":5.0},{"damage":12.0,"enemies":"Nemesis","floor":44.0,"turns":9.0},{"damage":15.0,"enemies":"3 Darklings","floor":47.0,"turns":6.0},{"damage":0.0,"enemies":"Maw","floor":48.0,"turns":7.0},{"damage":61.0,"enemies":"Time Eater","floor":50.0,"turns":18.0},{"damage":70,"enemies":"Shield and Spear","floor":54,"turns":11},{"damage":71,"enemies":"The Heart","floor":55,"turns":6}],"seed_played":"17938139377483248","potions_obtained":[{"floor":1.0,"key":"Block Potion"},{"floor":6.0,"key":"Block Potion"},{"floor":14.0,"key":"PowerPotion"},{"floor":16.0,"key":"GamblersBrew"},{"floor":18.0,"key":"Fire Potion"},{"floor":21.0,"key":"ElixirPotion"},{"floor":22.0,"key":"FearPotion"}],"is_trial":false,"path_per_floor":["M","$","?","M","M","E","M","E","T","E","$","R","M","E","R","B",null,"M","?","?","M","M","R","E","R","T","?","E","R","?","$","R","B",null,"M","$","M","?","?","R","M","M","T","E","?","R","M","M","R","B",null,"R","$","E","B"],"character_chosen":"IRONCLAD","items_purchased":["Wild Strike","Lee\u0027s Waffle","Inflame","Kunai","Block Potion","Apotheosis"],"campfire_rested":0,"item_purchase_floors":[2,11,11,31,31,53],"current_hp_per_floor":[75,75,75,80,80,57,66,44,44,31,87,87,87,87,87,87,87,81,81,81,87,87,87,76,76,76,76,79,79,79,79,79,19,70,78,78,60,50,42,42,69,87,87,87,87,87,81,87,87,35,74,74,74,22,0,0],"gold":155,"neow_bonus":"ONE_RARE_RELIC","is_daily":false,"chose_seed":false,"campfire_upgraded":9,"win_rate":0.0,"timestamp":1613834912,"path_taken":["M","$","?","M","M","E","M","E","T","E","$","R","M","E","R","BOSS","M","?","?","M","M","R","E","R","T","?","E","R","?","$","R","BOSS","M","$","M","?","?","R","M","M","T","E","?","R","M","M","R","BOSS","R","$","E","BOSS"],"items_purchased_type":["Card","Relic","Card","Relic","Potion","Card"],"build_version":"2020-12-22","purchased_purges":1,"victory":false,"max_hp_per_floor":[80,80,80,80,80,80,80,80,80,80,87,87,87,87,87,87,87,87,87,87,87,87,87,87,87,87,87,87,87,87,87,87,87,87,87,87,87,87,87,87,87,87,87,87,87,87,87,87,87,87,87,87,87,87,87,87],"card_choices":[{"not_picked":["Rage","Cleave"],"picked":"Flame Barrier","floor":1.0},{"not_picked":["Cleave","Shrug It Off"],"picked":"Anger","floor":4.0},{"not_picked":["Flex","Rampage","Clash"],"picked":"SKIP","floor":5.0},{"not_picked":["Warcry","Intimidate"],"picked":"True Grit","floor":6.0},{"not_picked":["Warcry","Twin Strike"],"picked":"Pommel Strike","floor":7.0},{"not_picked":["Entrench","Perfected Strike"],"picked":"Dual Wield","floor":8.0},{"not_picked":["Pummel","Second Wind"],"picked":"Disarm","floor":10.0},{"not_picked":["Entrench","Cleave"],"picked":"Shockwave","floor":13.0},{"not_picked":["Perfected Strike","Twin Strike"],"picked":"Uppercut","floor":14.0},{"not_picked":["Fiend Fire","Corruption"],"picked":"Exhume","floor":16.0},{"not_picked":["Whirlwind","Dropkick+1","Rupture"],"picked":"SKIP","floor":18.0},{"not_picked":["Pommel Strike","True Grit"],"picked":"Sword Boomerang","floor":21.0},{"not_picked":["Clash","Havoc"],"picked":"Flame Barrier","floor":22.0},{"not_picked":["Clothesline+1","Disarm"],"picked":"Evolve+1","floor":24.0},{"not_picked":["Entrench+1","Pommel Strike","Havoc","Anger+1"],"picked":"SKIP","floor":28.0},{"not_picked":["Double Tap","Bludgeon","Barricade"],"picked":"Corruption","floor":33.0},{"not_picked":["Searing Blow+1","Clothesline","Wild Strike+1"],"picked":"Disarm+1","floor":35.0},{"not_picked":["Spot Weakness","Thunderclap+1","Iron Wave"],"picked":"Ghostly Armor+1","floor":37.0},{"not_picked":["HandOfGreed","Impatience","Jack Of All Trades"],"picked":"Master of Strategy","floor":38.0},{"not_picked":["Impatience","Flash of Steel","Madness"],"picked":"Bandage Up","floor":38.0},{"not_picked":["Sentinel+1","Clothesline+1","Burning Pact"],"picked":"True Grit+1","floor":41.0},{"not_picked":["Havoc+1","Shrug It Off+1","Heavy Blade"],"picked":"Disarm","floor":42.0},{"not_picked":["Sever Soul","Sentinel+1","Evolve+1"],"picked":"Flame Barrier+1","floor":44.0},{"not_picked":["Anger+1","Headbutt","Reckless Charge","Heavy Blade+1"],"picked":"SKIP","floor":47.0},{"not_picked":["Armaments","Infernal Blade+1","Pommel Strike","Iron Wave+1"],"picked":"SKIP","floor":48.0},{"not_picked":["Iron Wave+1","Anger+1","Second Wind"],"picked":"Demon Form","floor":54}],"player_experience":250349,"relics_obtained":[{"floor":6.0,"key":"HornCleat"},{"floor":8.0,"key":"Art of War"},{"floor":10.0,"key":"Happy Flower"},{"floor":14.0,"key":"Thread and Needle"},{"floor":24.0,"key":"Whetstone"},{"floor":26.0,"key":"Question Card"},{"floor":28.0,"key":"Smiling Mask"},{"floor":39.0,"key":"Du-Vu Doll"},{"floor":43.0,"key":"Ginger"},{"floor":44.0,"key":"Akabeko"},{"floor":54,"key":"Pantograph"}],"event_choices":[{"damage_healed":0.0,"max_hp_gain":0.0,"max_hp_loss":0.0,"gold_gain":0.0,"event_name":"FaceTrader","player_choice":"Trade","floor":3.0,"gold_loss":0.0,"damage_taken":0.0,"relics_obtained":["GremlinMask"]},{"damage_healed":0.0,"max_hp_gain":0.0,"max_hp_loss":0.0,"gold_gain":0.0,"event_name":"Back to Basics","player_choice":"Simplicity","floor":19.0,"gold_loss":0.0,"damage_taken":0.0,"cards_upgraded":["Strike_R","Strike_R","Strike_R","Strike_R","Strike_R","Defend_R","Defend_R","Defend_R","Defend_R"]},{"damage_healed":0.0,"max_hp_gain":0.0,"max_hp_loss":0.0,"gold_gain":0.0,"event_name":"The Library","player_choice":"Read","floor":20.0,"gold_loss":0.0,"damage_taken":0.0,"cards_obtained":["Combust"]},{"damage_healed":0.0,"max_hp_gain":0.0,"max_hp_loss":0.0,"gold_gain":99.0,"event_name":"Nest","player_choice":"Stole From Cult","floor":27.0,"gold_loss":0.0,"damage_taken":0.0},{"damage_healed":0.0,"max_hp_gain":0.0,"max_hp_loss":0.0,"gold_gain":0.0,"event_name":"Upgrade Shrine","player_choice":"Upgraded","floor":30.0,"gold_loss":0.0,"damage_taken":0.0,"cards_upgraded":["Sword Boomerang"]},{"damage_healed":0.0,"max_hp_gain":0.0,"max_hp_loss":0.0,"gold_gain":0.0,"event_name":"SensoryStone","player_choice":"Memory 3","floor":38.0,"gold_loss":0.0,"damage_taken":10.0},{"damage_healed":0.0,"max_hp_gain":0.0,"max_hp_loss":0.0,"gold_gain":0.0,"event_name":"Mysterious Sphere","player_choice":"Fight","floor":39.0,"gold_loss":0.0,"damage_taken":0.0},{"cards_removed":["Corruption"],"damage_healed":0.0,"max_hp_gain":0.0,"max_hp_loss":0.0,"gold_gain":0.0,"event_name":"Falling","player_choice":"Removed Power","floor":45.0,"gold_loss":0.0,"damage_taken":0.0}],"is_beta":false,"boss_relics":[{"not_picked":["Philosopher\u0027s Stone","Runic Pyramid"],"picked":"Coffee Dripper"},{"not_picked":["SlaversCollar","Runic Dome"],"picked":"Sozu"}],"items_purged_floors":[2],"is_endless":false,"potions_floor_spawned":[1,6,14,16,18,21,22,35,37,42,44],"killed_by":"The Heart","ascension_level":6}}