{"host":"clcuy39u5sybassp","time":1613811221,"event":{"mods":["AchievementEnabler","BaseMod","Challenge The Spire","Lobotomy","LobotomyExtend","Minty Spire (QoL Compilation)","Quick Restart","Replay The Spire","StSLib"],"gold_per_floor":[115,126,126,190,205,231,231,231,258,273,33,61,61,73,73,176,176,195,209,308,355,355,355],"floor_reached":22,"language":"ZHS","playtime":796,"items_purged":[],"score":260,"play_id":"aedf772a-e69a-44cc-8734-3a76cec593e5","local_time":"20210220165341","is_ascension_mode":true,"campfire_choices":[{"floor":8.0,"key":"REST"},{"floor":13.0,"key":"REST"},{"floor":15,"key":"REST"}],"circlet_count":0,"master_deck":["Strike_R","Strike_R","Strike_R","Strike_R","Strike_R","Defend_R","Defend_R","Defend_R","Defend_R","Bash","Bloodbath","Twin Strike","UniverseFragment","Amnesia","Scorched","GreedKing","Wild Strike","Feed","QueenOfHatred","Heavy Blade","Twin Strike","Fire Breathing+1","Heavy Blade","ReplayTheSpireMod:Splinters"],"relics":["Burning Blood","CogitoBucket","RabbitCall","LetterFromLob","ReplayTheSpireMod:Ring of Challenge","ReplayTheSpireMod:Ring of Collecting","Replay:Rubber Ducky","ReplayTheSpireMod:Ring of Exchange","SkinProphecy","Replay:WaspNest","Dream Catcher","Runic Cube","BehaviorAdjustment","Replay:Bottled Steam"],"acts_visited":["Exordium","TheCity"],"potions_floor_usage":[19,19,22,22,22],"damage_taken":[{"damage":10.0,"enemies":"Cultist","floor":1.0,"turns":4.0},{"damage":15.0,"enemies":"Small Slimes","floor":2.0,"turns":3.0},{"damage":34.0,"enemies":"Jaw Worm","floor":4.0,"turns":6.0},{"damage":0.0,"enemies":"Lots of Slimes","floor":5.0,"turns":1.0},{"damage":44.0,"enemies":"Lagavulin","floor":6.0,"turns":6.0},{"damage":17.0,"enemies":"Large Slime","floor":10.0,"turns":4.0},{"damage":6.0,"enemies":"Gremlin Nob","floor":12.0,"turns":3.0},{"damage":16,"enemies":"Exordium Thugs","floor":14,"turns":3},{"damage":50,"enemies":"Fading Forest","floor":16,"turns":11},{"damage":12,"enemies":"Chosen","floor":18,"turns":3},{"damage":51,"enemies":"Spheric Guardian","floor":19,"turns":5},{"damage":31,"enemies":"Centurion and Healer","floor":22,"turns":3}],"seed_played":"998123624609496108","potions_obtained":[{"floor":5.0,"key":"Languid Potion"},{"floor":6.0,"key":"Explosive Potion"},{"floor":14,"key":"AttackPotion"},{"floor":16,"key":"SteroidPotion"},{"floor":18,"key":"Fire Potion"},{"floor":19,"key":"PowerPotion"},{"floor":21,"key":"EssenceOfSteel"}],"is_trial":false,"path_per_floor":["M","M","?","M","M","E","?","R","T","M","$","E","R","M","R","B",null,"M","M","?","?","M"],"character_chosen":"IRONCLAD","items_purchased":["Replay:WaspNest"],"campfire_rested":3,"item_purchase_floors":[11],"current_hp_per_floor":[76,68,68,41,47,9,9,33,33,22,22,21,46,38,64,36,89,82,32,32,32,0,0],"gold":355,"neow_bonus":"","is_daily":false,"chose_seed":false,"campfire_upgraded":0,"win_rate":0.0,"timestamp":1613811221,"path_taken":["M","?","?","M","M","E","?","R","T","?","?","E","R","M","R","BOSS","M","M","?","?","M"],"items_purchased_type":["Relic"],"build_version":"2020-12-22","purchased_purges":0,"victory":false,"max_hp_per_floor":[80,80,80,80,80,80,80,80,80,80,80,85,85,87,87,89,89,94,98,98,98,103,103],"card_choices":[{"not_picked":["Freischutz","MeatLantern","LongBird"],"picked":"Singing Bowl","floor":1.0},{"not_picked":["VoidDream","WhitesApple"],"picked":"Bloodbath","floor":1.0},{"not_picked":["Life Link","Clash"],"picked":"Twin Strike","floor":1.0},{"not_picked":["SpiderBud","VoidDream"],"picked":"UniverseFragment","floor":2.0},{"not_picked":["Thunderclap","Cleave","Body Slam"],"picked":"SKIP","floor":2.0},{"not_picked":["ShyLook","Wellcheers","Yin"],"picked":"Singing Bowl","floor":4.0},{"not_picked":["GreedKing","FairyFestival"],"picked":"Scorched","floor":4.0},{"not_picked":["Shrug It Off","Thunderclap","Heavy Blade"],"picked":"SKIP","floor":4.0},{"not_picked":["FairyFestival","BeautyBeast"],"picked":"GreedKing","floor":5.0},{"not_picked":["ReplayTheSpireMod:Limb From Limb","Rupture"],"picked":"Wild Strike","floor":5.0},{"not_picked":["WallGazer","Freischutz","OSAHOGD"],"picked":"Singing Bowl","floor":6.0},{"not_picked":["Life Link","Seeing Red"],"picked":"Feed","floor":6.0},{"not_picked":["ShyLook","CherryBlossoms","BeautyBeast"],"picked":"Singing Bowl","floor":10.0},{"not_picked":["Shrug It Off","Run Through","Juggernaut"],"picked":"SKIP","floor":10.0},{"not_picked":["BeautyBeast","NakedNest"],"picked":"QueenOfHatred","floor":12.0},{"not_picked":["Shrug It Off","Flex","Replay:Many Hands"],"picked":"SKIP","floor":12.0},{"not_picked":["MeatLantern","OSAHOGD","CherryBlossoms"],"picked":"Singing Bowl","floor":14},{"not_picked":["Whirlwind","Thunderclap"],"picked":"Heavy Blade","floor":14},{"not_picked":["Flex","Sword Boomerang"],"picked":"Twin Strike","floor":15},{"not_picked":["OSAHOGD","Scarecrow","BeautyBeast"],"picked":"Singing Bowl","floor":16},{"not_picked":["VoidDream","WhitesApple","OSAHOGD"],"picked":"Singing Bowl","floor":18},{"not_picked":["True Grit+1","Body Slam+1"],"picked":"Fire Breathing+1","floor":18},{"not_picked":["MHz","CherryBlossoms","Variant"],"picked":"Singing Bowl","floor":19},{"not_picked":["Entrench","Reckless Charge+1"],"picked":"Heavy Blade","floor":19}],"player_experience":202767,"relics_obtained":[{"floor":1.0,"key":"LetterFromLob"},{"floor":3.0,"key":"ReplayTheSpireMod:Ring of Challenge"},{"floor":3.0,"key":"ReplayTheSpireMod:Ring of Collecting"},{"floor":6.0,"key":"Replay:Rubber Ducky"},{"floor":9.0,"key":"ReplayTheSpireMod:Ring of Exchange"},{"floor":12.0,"key":"Dream Catcher"},{"floor":21,"key":"Replay:Bottled Steam"}],"event_choices":[{"damage_healed":0.0,"max_hp_gain":0.0,"max_hp_loss":0.0,"gold_gain":0.0,"event_name":"FaceTrader","player_choice":"Leave","floor":7.0,"gold_loss":0.0,"damage_taken":0.0},{"damage_healed":0,"gold_gain":99,"player_choice":"Stole From Cult","damage_taken":0,"max_hp_gain":0,"max_hp_loss":0,"event_name":"Nest","floor":20,"gold_loss":0}],"is_beta":false,"boss_relics":[{"not_picked":["ChewingGum","OrangePellets"],"picked":"Runic Cube"}],"items_purged_floors":[],"is_endless":false,"potions_floor_spawned":[5,6,14,16,18,19],"killed_by":"Centurion and Healer","ascension_level":4}}