{"host":"21o28mgl9u9ntir2","time":1613842790,"event":{"mods":["BaseMod","BetterRewards","Colored Powertips","Minty Spire (QoL Compilation)","Quick Restart","Remove Card Discount Mod","SOS（斯巴达之子）","Spicy Shops","StSLib","SuperFastMode","[IsaacMod]以撒尖塔","【遗物卡牌】REMEMod","残留之物"],"gold_per_floor":[99,99,99,99,99,99,99,99,99,99,99,99,99,99,99,99,99,99,99,99,99,99,99,99,99,99,99,99,99,99,99,99,99,99,99,99,99,99,99,99,99,99,99,99,99,99,99,99,99,99,99,99,99,99,99,99],"floor_reached":57,"language":"ZHS","playtime":1665,"items_purged":["PlaceholderMod:BaseStrike","PlaceholderMod:BaseStrike","PlaceholderMod:BaseDefend","PlaceholderMod:BaseDefend","PlaceholderMod:BaseDefend","PlaceholderMod:BaseDefend","PlaceholderMod:BaseStrike","PlaceholderMod:PoisonWhip","PlaceholderMod:HardStinger","PlaceholderMod:PoisonExcitation+1","PlaceholderMod:HardStinger+1","PlaceholderMod:BaseDefend+1","REME_ACTH+1","PlaceholderMod:Crystal+1","PlaceholderMod:DiffusionPoison+1"],"score":5452,"play_id":"c0fca21e-2ced-4410-b591-a611f810f7a0","local_time":"20210221013950","is_ascension_mode":true,"campfire_choices":[{"data":"REME_ACTH","floor":7,"key":"SMITH"},{"floor":12,"key":"RECALL"},{"data":"PlaceholderMod:HardStinger","floor":15,"key":"SMITH"},{"data":"PlaceholderMod:Crystallization+1","floor":28,"key":"PURGE"},{"data":"PlaceholderMod:MultipleOxi","floor":32,"key":"PURGE"},{"data":"PlaceholderMod:HardStinger+1","floor":40,"key":"PURGE"},{"data":"PlaceholderMod:FinalSpray","floor":49,"key":"SMITH"},{"data":"PlaceholderMod:DirectingGroup+1","floor":53,"key":"PURGE"}],"circlet_count":35,"master_deck":["PlaceholderMod:DirectingGroup+1","PlaceholderMod:PoisonExcitation+1","Sadistic Nature+1","PlaceholderMod:DiffusionPoison+1","PlaceholderMod:PoisonAbsorb+1","PlaceholderMod:FinalSpray+1"],"relics":["PlaceholderMod:Tancle","HushsDoor","REME_ComplimentaryCards","GuppysHead","Membership Card","Frozen Egg 2","SteamSale","Kunai","PlaceholderMod:DaolothFragment","Gremlin Horn","Ancient Tea Set","Lee\u0027s Waffle","Sundial","Molten Egg 2","DoctorsRemote","Sling","GuppysTail","NineVolt","Strange Spoon","GnawedLeaf","DeathBook","PreservedInsect","Centennial Puzzle","Vajra","Bronze Scales","Omamori","Letter Opener","Chaos","Damocles","Leech","Blue Candle","MoneyPower","Oddly Smooth Stone","Torii","Empty Cage","Ectoplasm","YumHeart","Succubus","Tiny House","REME_HandOfSuture","HowToJump","InkBottle","Dream Catcher","Pocketwatch","Eternal Feather","Meat on the Bone","Toy Ornithopter","Orichalcum","StoneCalendar","WingedGreaves","OrangePellets","FossilizedHelix","GuppysPaw","MomsKnife","White Beast Statue","REME_LimitBreaker","Mercury Hourglass","NineLifeCat","BFFS","Ornamental Fan","JudasShadow","Strawberry","Turnip","Bag of Marbles","HornCleat","MegaBlast","TheBattery","SlaversCollar","Blood Vial","BookOfRevelations","TungstenRod","Incense Burner","PlaceholderMod:LiveLive","REME_CardOfGreed","Boot","Singing Bowl","REME_HourglassOfDeath","PunchingBag","Orrery","Thread and Needle","Anchor","Calling Bell","DeadEye","Tiny Chest","Unceasing Top","Pantograph","BookofShadows","Nunchaku","TuHaoJin","REME_ChargedStone","SalivaCoin","Pear","Ice Cream","Shuriken","REME_ArchaeologicalTools","War Paint","Lizard Tail","Calipers","Mummified Hand","RottenBaby","Mango","EdensBlessing","PokeGo","TheBean","ChampionBelt","Whetstone","SatanicBible","Philosopher\u0027s Stone","TheAbacus","PillsDrop","Matryoshka","Habit","Chemical X","Runic Dome","Peace Pipe","BelialBook","Coffee Dripper","REME_IWantAll","UnicornStump","Ginger","Circlet","MagicMushroom","Succubus"],"acts_visited":["Exordium","TheCity","TheBeyond","TheEnding"],"potions_floor_usage":[0,7,56,56,56,56,56],"damage_taken":[{"damage":0,"enemies":"Jaw Worm","floor":1,"turns":1},{"damage":0,"enemies":"Lagavulin","floor":6,"turns":1},{"damage":0,"enemies":"Small Slimes","floor":10,"turns":1},{"damage":0,"enemies":"3 Sentries","floor":11,"turns":1},{"damage":0,"enemies":"Gremlin Nob","floor":13,"turns":1},{"damage":0,"enemies":"Slime Boss","floor":16,"turns":1},{"damage":0,"enemies":"Slavers","floor":18,"turns":1},{"damage":0,"enemies":"Book of Stabbing","floor":22,"turns":1},{"damage":0,"enemies":"Slavers","floor":23,"turns":1},{"damage":0,"enemies":"Book of Stabbing","floor":24,"turns":1},{"damage":0,"enemies":"REME_1_Revenger","floor":27,"turns":1},{"damage":0,"enemies":"3 Byrds","floor":29,"turns":1},{"damage":0,"enemies":"Gremlin Leader","floor":30,"turns":1},{"damage":0,"enemies":"Slavers","floor":31,"turns":1},{"damage":0,"enemies":"Collector","floor":33,"turns":1},{"damage":0,"enemies":"Nemesis","floor":35,"turns":1},{"damage":0,"enemies":"2 Orb Walkers","floor":36,"turns":1},{"damage":0,"enemies":"Giant Head","floor":39,"turns":1},{"damage":0,"enemies":"Reptomancer","floor":41,"turns":1},{"damage":0,"enemies":"Giant Head","floor":42,"turns":1},{"damage":0,"enemies":"Nemesis","floor":44,"turns":1},{"damage":0,"enemies":"Giant Head","floor":45,"turns":1},{"damage":0,"enemies":"Nemesis","floor":46,"turns":1},{"damage":0,"enemies":"Reptomancer","floor":47,"turns":1},{"damage":0,"enemies":"Time Eater","floor":50,"turns":1},{"damage":0,"enemies":"Awakened One","floor":51,"turns":2},{"damage":0,"enemies":"Shield and Spear","floor":55,"turns":1},{"damage":0,"enemies":"LittleHush","floor":56,"turns":10}],"seed_played":"-6878318060896413661","potions_obtained":[{"floor":0,"key":"Fruit Juice"},{"floor":0,"key":"Fruit Juice"},{"floor":1,"key":"Energy Potion"},{"floor":10,"key":"SkillPotion"},{"floor":44,"key":"Strength Potion"},{"floor":46,"key":"LiquidBronze"}],"is_trial":false,"path_per_floor":["M","$","$","?","$","E","R","?","T","M","E","R","E","?","R","B",null,"M","T","?","$","M","E","E","$","T","E","R","M","E","M","R","B",null,"M","?","?","$","M","R","E","M","T","M","E","M","E","$","R","B","B",null,"R","$","E","B",null],"character_chosen":"THE_PLACEHOLDER","items_purchased":["Membership Card","Frozen Egg 2","PlaceholderMod:Crystallization+1","PlaceholderMod:HardStinger","SteamSale","Kunai","PlaceholderMod:DaolothFragment","Gremlin Horn","Ancient Tea Set","Lee\u0027s Waffle","Swift Potion","Sundial","Molten Egg 2","Bird Faced Urn","DoctorsRemote","Sling","PlaceholderMod:DirectingGroup","NineVolt","Strange Spoon","GnawedLeaf","DeathBook","PreservedInsect","Centennial Puzzle","Vajra","Bronze Scales","Omamori","Letter Opener","Chaos","Damocles","Leech","Blue Candle","MoneyPower","PlaceholderMod:PoisonExcitation+1","Oddly Smooth Stone","Torii","Empty Cage","Ectoplasm","YumHeart","Succubus","Tiny House","PlaceholderMod:HardStinger","REME_HandOfSuture","HowToJump","InkBottle","Dream Catcher","Bomb","Pocketwatch","Eternal Feather","Meat on the Bone","Toy Ornithopter","Orichalcum","StoneCalendar","WingedGreaves","OrangePellets","FossilizedHelix","PlaceholderMod:PoisonExcitation+1","GuppysPaw","Bomb","MomsKnife","White Beast Statue","REME_LimitBreaker","Mercury Hourglass","NineLifeCat","BFFS","Ornamental Fan","JudasShadow","Sadistic Nature+1","Strawberry","PlaceholderMod:DiffusionPoison+1","Diplopia","Turnip","Bag of Marbles","HornCleat","MegaBlast","TheBattery","SlaversCollar","Blood Vial","BookOfRevelations","PlaceholderMod:HardStinger","TungstenRod","Incense Burner","PlaceholderMod:LiveLive","REME_CardOfGreed","Boot","Singing Bowl","REME_HourglassOfDeath","PunchingBag","Orrery","Thread and Needle","Anchor","Calling Bell","BookofShadows","Nunchaku","TuHaoJin","REME_ChargedStone","SalivaCoin","Pear","Ice Cream","Shuriken","REME_ArchaeologicalTools","War Paint","PlaceholderMod:DiffusionPoison+1","TheAbacus","PillsDrop","Matryoshka","Habit","Chemical X","Ginger","PlaceholderMod:FinalSpray","LiquidBronze","Circlet","Circlet","Circlet","Circlet","Circlet","Circlet"],"campfire_rested":0,"item_purchase_floors":[0,0,0,0,0,0,0,0,0,0,0,0,0,0,0,0,0,0,0,0,0,0,0,0,0,0,0,0,0,0,0,0,0,0,0,0,0,0,0,0,0,0,0,0,0,0,0,0,0,0,0,0,0,0,0,0,0,0,0,0,0,0,0,0,0,0,0,0,0,0,0,0,0,0,0,0,0,0,0,0,0,0,0,0,0,0,0,0,0,0,0,2,2,3,3,3,3,5,5,5,5,17,21,21,21,21,21,25,48,48,54,54,54,54,54,54],"current_hp_per_floor":[39,39,49,49,49,51,56,56,56,58,74,74,76,71,76,78,74,76,76,76,76,78,75,77,77,77,89,89,96,106,118,118,120,127,139,154,154,154,166,166,176,188,198,210,217,229,244,244,244,244,244,244,244,244,259,259],"gold":99,"neow_bonus":"","is_daily":false,"chose_seed":false,"campfire_upgraded":3,"win_rate":0.0,"timestamp":1613842790,"path_taken":["M","$","$","?","$","E","R","?","T","M","E","R","E","?","R","BOSS","M","?","?","$","M","E","E","$","T","E","R","M","E","M","R","BOSS","M","?","?","$","M","R","E","M","T","M","E","M","E","$","R","BOSS","BOSS","R","$","E","BOSS"],"items_purchased_type":["Relic","Relic","Card","Card","Relic","Relic","Relic","Relic","Relic","Relic","Potion","Relic","Relic","Relic","Relic","Relic","Card","Relic","Relic","Relic","Relic","Relic","Relic","Relic","Relic","Relic","Relic","Card","Relic","Relic","Relic","Relic","Card","Relic","Relic","Relic","Relic","Relic","Relic","Relic","Card","Relic","Relic","Relic","Relic","Card","Relic","Relic","Relic","Relic","Relic","Relic","Relic","Relic","Relic","Card","Relic","Card","Relic","Relic","Relic","Relic","Relic","Relic","Relic","Relic","Card","Relic","Card","Relic","Relic","Relic","Relic","Relic","Relic","Relic","Relic","Relic","Card","Relic","Relic","Relic","Relic","Relic","Relic","Relic","Relic","Relic","Relic","Relic","Relic","Relic","Relic","Relic","Relic","Relic","Relic","Relic","Relic","Relic","Relic","Card","Relic","Relic","Relic","Relic","Relic","Relic","Card","Potion","Undefined","Undefined","Undefined","Undefined","Undefined","Undefined"],"build_version":"2020-12-22","purchased_purges":15,"victory":true,"max_hp_per_floor":[39,39,49,49,49,51,56,56,56,58,74,74,76,76,76,78,74,76,76,76,76,78,75,77,77,77,89,89,96,106,118,118,120,127,139,154,154,154,166,166,176,188,198,210,217,229,244,244,244,244,244,244,244,244,259,259],"card_choices":[{"not_picked":[],"picked":"Bomb","floor":0},{"not_picked":["PlaceholderMod:AttackAsDefend+1","PlaceholderMod:MultipleOxi"],"picked":"Bomb","floor":0},{"not_picked":["PlaceholderMod:TriggerStrike+1","PlaceholderMod:SeverePoisonStrike+1","PlaceholderMod:SpinBlade+1"],"picked":"Singing Bowl","floor":0},{"not_picked":["PlaceholderMod:Polyp","PlaceholderMod:AttackAsDefend+1"],"picked":"PlaceholderMod:PoisonAbsorb","floor":0},{"not_picked":["PlaceholderMod:ThreeBenzyolStart+1","PlaceholderMod:EnergyAbsorb","PlaceholderMod:FastReaction"],"picked":"Singing Bowl","floor":0},{"not_picked":["PlaceholderMod:ChainPoly","PlaceholderMod:Internalization","PlaceholderMod:Assimilation+1"],"picked":"Singing Bowl","floor":0},{"not_picked":["PlaceholderMod:Turn","PlaceholderMod:SelectReaction","PlaceholderMod:Sweep+1"],"picked":"Singing Bowl","floor":1},{"not_picked":["PlaceholderMod:StressReaction","PlaceholderMod:PoisonAbsorb","PlaceholderMod:Colorful+1"],"picked":"Singing Bowl","floor":6},{"not_picked":["PlaceholderMod:ProliferateStrike+1","PlaceholderMod:NutritionAbsorb","PlaceholderMod:Internalization"],"picked":"Singing Bowl","floor":10},{"not_picked":["PlaceholderMod:PoisonBlast+1","PlaceholderMod:HighConcentration+1","PlaceholderMod:Internalization"],"picked":"Singing Bowl","floor":11},{"not_picked":["PlaceholderMod:StrongAcid","PlaceholderMod:Internalization","PlaceholderMod:Eat+1"],"picked":"Singing Bowl","floor":13},{"not_picked":["PlaceholderMod:AbsorbTouch+1","PlaceholderMod:ReactionCatalyze","PlaceholderMod:Inner+1"],"picked":"Singing Bowl","floor":16},{"not_picked":["PlaceholderMod:DoublePoint","PlaceholderMod:DiffusionChemical","PlaceholderMod:Sweep+1"],"picked":"Singing Bowl","floor":18},{"not_picked":["PlaceholderMod:SpinBlade+1","PlaceholderMod:MultiReaction","PlaceholderMod:Sweep+1"],"picked":"Singing Bowl","floor":22},{"not_picked":["PlaceholderMod:OHStrongAttack+1","PlaceholderMod:ComplexForm+1","PlaceholderMod:HornyBlast+1"],"picked":"Singing Bowl","floor":23},{"not_picked":["PlaceholderMod:ParasiteChange","PlaceholderMod:Sweep+1","PlaceholderMod:ProliferateStrike+1"],"picked":"Singing Bowl","floor":24},{"not_picked":["PlaceholderMod:InnerSoften","PlaceholderMod:SpinBlade+1","PlaceholderMod:ReactionCatalyze"],"picked":"Singing Bowl","floor":27},{"not_picked":["PlaceholderMod:DirectingGroup+1","PlaceholderMod:AttackAsDefend+1","PlaceholderMod:ProliferateStrike+1"],"picked":"Singing Bowl","floor":29},{"not_picked":["PlaceholderMod:QualitativeChange","PlaceholderMod:ProliferateStrike+1"],"picked":"PlaceholderMod:MultipleOxi","floor":30},{"not_picked":["PlaceholderMod:Break+1","PlaceholderMod:SprayAttack+1","PlaceholderMod:DiffusionPoison+1"],"picked":"Singing Bowl","floor":31},{"not_picked":["PlaceholderMod:ReactionCatalyze","PlaceholderMod:AbsorbTouch+1","PlaceholderMod:MultiReaction"],"picked":"Singing Bowl","floor":33},{"not_picked":["PlaceholderMod:Turn","PlaceholderMod:PoisonAbsorb","PlaceholderMod:StrongAcid"],"picked":"Singing Bowl","floor":35},{"not_picked":["PlaceholderMod:AngryAttack+1","PlaceholderMod:HardStinger","PlaceholderMod:Sweep+1"],"picked":"Singing Bowl","floor":36},{"not_picked":["PlaceholderMod:Package","PlaceholderMod:Polyp","PlaceholderMod:UnpureUse+1"],"picked":"Singing Bowl","floor":39},{"not_picked":["PlaceholderMod:HardStinger","PlaceholderMod:Polyp"],"picked":"PlaceholderMod:DirectingGroup+1","floor":41},{"not_picked":["PlaceholderMod:NearChange","PlaceholderMod:HealingAttack+1","PlaceholderMod:EvolutionSpray+1"],"picked":"Singing Bowl","floor":42},{"not_picked":["PlaceholderMod:Eat+1","PlaceholderMod:StressReaction","PlaceholderMod:MultipleOxi"],"picked":"Singing Bowl","floor":44},{"not_picked":["PlaceholderMod:AttackAsDefend+1","PlaceholderMod:ComplexForm+1","PlaceholderMod:PoisonExcitation+1"],"picked":"Singing Bowl","floor":45},{"not_picked":["PlaceholderMod:Turn+1","PlaceholderMod:TriggerStrike+1","PlaceholderMod:Sweep+1"],"picked":"Singing Bowl","floor":46},{"not_picked":["PlaceholderMod:Turn","PlaceholderMod:SevereHeat","PlaceholderMod:DiffusionChemical"],"picked":"Singing Bowl","floor":47},{"not_picked":["PlaceholderMod:Corrosion","PlaceholderMod:HardStrike+1","PlaceholderMod:ConsolidateHit+1"],"picked":"Singing Bowl","floor":55}],"player_experience":753205,"relics_obtained":[{"floor":0,"key":"DeadEye"},{"floor":0,"key":"Tiny Chest"},{"floor":0,"key":"Unceasing Top"},{"floor":1,"key":"Pantograph"},{"floor":6,"key":"Lizard Tail"},{"floor":6,"key":"Calipers"},{"floor":10,"key":"Mummified Hand"},{"floor":11,"key":"RottenBaby"},{"floor":11,"key":"Mango"},{"floor":13,"key":"EdensBlessing"},{"floor":13,"key":"PokeGo"},{"floor":18,"key":"Whetstone"},{"floor":18,"key":"SatanicBible"},{"floor":19,"key":"Philosopher\u0027s Stone"},{"floor":22,"key":"Runic Dome"},{"floor":22,"key":"Peace Pipe"},{"floor":23,"key":"BelialBook"},{"floor":23,"key":"Coffee Dripper"},{"floor":24,"key":"REME_IWantAll"},{"floor":24,"key":"UnicornStump"},{"floor":27,"key":"Circlet"},{"floor":27,"key":"Circlet"},{"floor":29,"key":"Circlet"},{"floor":30,"key":"Circlet"},{"floor":30,"key":"Circlet"},{"floor":31,"key":"Circlet"},{"floor":31,"key":"Circlet"},{"floor":35,"key":"Circlet"},{"floor":35,"key":"Circlet"},{"floor":36,"key":"Circlet"},{"floor":36,"key":"Circlet"},{"floor":39,"key":"Circlet"},{"floor":39,"key":"Circlet"},{"floor":41,"key":"Circlet"},{"floor":41,"key":"Circlet"},{"floor":42,"key":"Circlet"},{"floor":42,"key":"Circlet"},{"floor":43,"key":"Circlet"},{"floor":43,"key":"Circlet"},{"floor":44,"key":"Circlet"},{"floor":44,"key":"Circlet"},{"floor":45,"key":"Circlet"},{"floor":45,"key":"Circlet"},{"floor":46,"key":"Circlet"},{"floor":46,"key":"Circlet"},{"floor":47,"key":"Circlet"},{"floor":47,"key":"Circlet"},{"floor":55,"key":"Circlet"},{"floor":55,"key":"Circlet"}],"event_choices":[{"damage_healed":0,"gold_gain":0,"player_choice":"Entered Light","damage_taken":10,"max_hp_gain":0,"max_hp_loss":0,"event_name":"Shining Light","floor":4,"gold_loss":0,"cards_upgraded":["PlaceholderMod:PoisonAbsorb","PlaceholderMod:DirectingGroup"]},{"damage_healed":0,"gold_gain":0,"player_choice":"Bought 0 Potions","damage_taken":0,"max_hp_gain":0,"max_hp_loss":0,"event_name":"The Woman in Blue","floor":8,"gold_loss":0},{"damage_healed":0,"gold_gain":0,"player_choice":"Success","damage_taken":7,"relics_obtained":["TheBean"],"max_hp_gain":0,"max_hp_loss":0,"event_name":"Scrap Ooze","floor":14,"gold_loss":0},{"damage_healed":15,"gold_gain":0,"player_choice":"Heal","damage_taken":0,"max_hp_gain":0,"max_hp_loss":0,"event_name":"The Library","floor":20,"gold_loss":0},{"damage_healed":0,"gold_gain":0,"player_choice":"Fight","damage_taken":0,"max_hp_gain":0,"max_hp_loss":0,"event_name":"Mysterious Sphere","floor":36,"gold_loss":0}],"is_beta":false,"boss_relics":[{"not_picked":["ClockworkSouvenir","D4"],"picked":"ChampionBelt"},{"not_picked":[]},{"not_picked":["Art of War","D6"],"picked":"MagicMushroom"},{"not_picked":[]}],"items_purged_floors":[0,0,0,0,0,2,2,2,21,21,21,21,21,25,25],"is_endless":false,"potions_floor_spawned":[1,6,10,11,13,16,18,22,23,24,27,29,30,31,33,35,36,39,41,42,44,45,46,47,55],"ascension_level":20}}