{"host":"85uqkpguecfrqcts","time":1613812085,"event":{"mods":["BaseMod","Minty Spire (QoL Compilation)","Reliquary","StSLib"],"gold_per_floor":[109,109,123,198,213,246,258,258,258,258,29,52,67,102,102,203,203,221,171,188,35,35,65,65,39,85,104,133,148,173,173,173,275,275,290,308,327,347,347,376,376,426,426,426,426],"floor_reached":44,"language":"ENG","playtime":1703,"items_purged":[],"score":556,"play_id":"bb6c2fe2-cd26-46e6-9577-a3752e00496e","local_time":"20210220200805","is_ascension_mode":false,"campfire_choices":[{"floor":15,"key":"REST"},{"data":"White Noise","floor":24,"key":"SMITH"},{"data":"Streamline","floor":32,"key":"SMITH"},{"floor":41,"key":"REST"}],"circlet_count":0,"master_deck":["Strike_B","Strike_B","Strike_B","Defend_B+1","Defend_B+1","Defend_B","Zap+1","Dualcast","White Noise+1","Cold Snap","Static Discharge","Ball Lightning","Electrodynamics","Lockon","Cold Snap","Stack","Stack+1","Streamline+1","Sweeping Beam","Gash","White Noise","Steam+1","All For One","CurseOfTheBell","Rebound+1","Self Repair","Coolheaded","Beam Cell+1"],"relics":["FrozenCore","reliquary:Vitrine","reliquary:JackalopeAntler","Runic Capacitor","War Paint","reliquary:OuijaBoard","Lee\u0027s Waffle","MealTicket","Toy Ornithopter","reliquary:SharkskinSheath","reliquary:IridiumChain","Calling Bell","Oddly Smooth Stone","Kunai","Calipers","Bag of Preparation","reliquary:Conveyor","CaptainsWheel"],"acts_visited":["Exordium","TheCity","TheBeyond"],"potions_floor_usage":[6,13,16,23,28,28,40,42,44,44],"damage_taken":[{"damage":3,"enemies":"Jaw Worm","floor":1,"turns":3},{"damage":1,"enemies":"Cultist","floor":3,"turns":3},{"damage":0,"enemies":"Small Slimes","floor":5,"turns":3},{"damage":19,"enemies":"Gremlin Nob","floor":6,"turns":4},{"damage":9,"enemies":"3 Louse","floor":7,"turns":4},{"damage":0,"enemies":"2 Fungi Beasts","floor":13,"turns":1},{"damage":9,"enemies":"3 Sentries","floor":14,"turns":2},{"damage":7,"enemies":"Slime Boss","floor":16,"turns":5},{"damage":8,"enemies":"Spheric Guardian","floor":18,"turns":4},{"damage":9,"enemies":"Shell Parasite","floor":20,"turns":4},{"damage":10,"enemies":"Book of Stabbing","floor":23,"turns":5},{"damage":12,"enemies":"3 Cultists","floor":27,"turns":4},{"damage":6,"enemies":"Gremlin Leader","floor":28,"turns":5},{"damage":11,"enemies":"Chosen and Byrds","floor":29,"turns":4},{"damage":48,"enemies":"Book of Stabbing","floor":30,"turns":8},{"damage":63,"enemies":"Automaton","floor":33,"turns":11},{"damage":0,"enemies":"3 Shapes","floor":35,"turns":4},{"damage":9,"enemies":"Orb Walker","floor":36,"turns":4},{"damage":12,"enemies":"4 Shapes","floor":37,"turns":3},{"damage":23,"enemies":"3 Darklings","floor":38,"turns":2},{"damage":52,"enemies":"Reptomancer","floor":40,"turns":8},{"damage":11,"enemies":"Mind Bloom Boss Battle","floor":42,"turns":8},{"damage":87,"enemies":"Giant Head","floor":44,"turns":8}],"seed_played":"-5278000685451766403","potions_obtained":[{"floor":3,"key":"SkillPotion"},{"floor":7,"key":"Energy Potion"},{"floor":14,"key":"Dexterity Potion"},{"floor":18,"key":"AttackPotion"},{"floor":23,"key":"SkillPotion"},{"floor":27,"key":"PowerPotion"},{"floor":36,"key":"FearPotion"},{"floor":38,"key":"CultistPotion"},{"floor":40,"key":"Strength Potion"},{"floor":42,"key":"EssenceOfSteel"}],"is_trial":false,"path_per_floor":["M","?","M","?","M","E","M","?","T","?","$","T","M","E","R","B",null,"M","?","M","$","?","E","R","$","T","M","E","M","E","?","R","B",null,"M","M","M","M","?","E","R","?","T","E"],"character_chosen":"DEFECT","items_purchased":["Electrodynamics","Runic Capacitor","Lee\u0027s Waffle","Streamline"],"campfire_rested":2,"item_purchase_floors":[11,11,21,25],"current_hp_per_floor":[65,65,64,53,53,34,25,25,25,25,25,25,25,16,42,35,89,81,81,72,96,96,86,86,96,96,84,88,77,29,106,106,43,106,106,97,85,62,62,22,53,54,54,0,0],"gold":426,"neow_bonus":"TWENTY_PERCENT_HP_BONUS","is_daily":false,"chose_seed":false,"campfire_upgraded":2,"win_rate":0.0,"timestamp":1613812085,"path_taken":["M","?","?","?","M","E","M","?","T","?","$","?","M","E","R","BOSS","M","?","M","?","?","E","R","$","T","?","E","M","E","?","R","BOSS","M","M","?","M","?","E","R","?","T","E"],"items_purchased_type":["Card","Relic","Relic","Card"],"build_version":"2020-12-22","purchased_purges":0,"victory":false,"max_hp_per_floor":[89,89,89,89,89,89,89,89,89,89,89,89,89,89,89,89,89,89,89,89,96,96,96,96,96,96,96,96,96,96,106,106,106,106,106,106,106,106,106,106,106,106,106,106,106],"card_choices":[{"not_picked":["Stack","Streamline"],"picked":"White Noise","floor":1},{"not_picked":["Redo","BootSequence"],"picked":"Cold Snap","floor":3},{"not_picked":["Sweeping Beam","Tempest"],"picked":"Static Discharge","floor":5},{"not_picked":["Capacitor","Conserve Battery"],"picked":"Ball Lightning","floor":6},{"not_picked":["Blizzard","Redo"],"picked":"Go for the Eyes","floor":7},{"not_picked":["Double Energy","Compile Driver"],"picked":"Lockon","floor":13},{"not_picked":["Beam Cell","Chaos"],"picked":"Cold Snap","floor":14},{"not_picked":["Machine Learning","Seek"],"picked":"All For One","floor":16},{"not_picked":["Compile Driver+1","Turbo+1","Heatsinks"],"picked":"SKIP","floor":18},{"not_picked":["Cold Snap","Blizzard"],"picked":"Stack","floor":20},{"not_picked":["Rebound+1","Doom and Gloom"],"picked":"Stack+1","floor":23},{"not_picked":["Streamline","Steam"],"picked":"Sweeping Beam","floor":27},{"not_picked":["Heatsinks","Lockon"],"picked":"Gash","floor":28},{"not_picked":["Coolheaded","Gash"],"picked":"White Noise","floor":29},{"not_picked":["Hyperbeam","Genetic Algorithm"],"picked":"Steam+1","floor":30},{"not_picked":["Reboot","Rainbow"],"picked":"All For One","floor":33},{"not_picked":["Leap","Chaos"],"picked":"Rebound+1","floor":35},{"not_picked":["Compile Driver","Melter+1"],"picked":"Self Repair","floor":36},{"not_picked":["Genetic Algorithm","Recycle+1","Streamline"],"picked":"SKIP","floor":37},{"not_picked":["Go for the Eyes","Hologram"],"picked":"Coolheaded","floor":38},{"not_picked":["Steam","Steam Power+1"],"picked":"Beam Cell+1","floor":40}],"player_experience":805384,"relics_obtained":[{"floor":6,"key":"reliquary:Vitrine"},{"floor":9,"key":"reliquary:JackalopeAntler"},{"floor":12,"key":"War Paint"},{"floor":14,"key":"reliquary:OuijaBoard"},{"floor":23,"key":"MealTicket"},{"floor":26,"key":"Toy Ornithopter"},{"floor":28,"key":"reliquary:SharkskinSheath"},{"floor":30,"key":"reliquary:IridiumChain"},{"floor":34,"key":"Oddly Smooth Stone"},{"floor":34,"key":"Kunai"},{"floor":34,"key":"Calipers"},{"floor":40,"key":"Bag of Preparation"},{"floor":42,"key":"reliquary:Conveyor"},{"floor":43,"key":"CaptainsWheel"}],"event_choices":[{"damage_healed":0,"gold_gain":0,"player_choice":"Bought 0 Potions","damage_taken":0,"max_hp_gain":0,"max_hp_loss":0,"event_name":"The Woman in Blue","floor":2,"gold_loss":0},{"damage_healed":0,"gold_gain":75,"player_choice":"Gather Gold","damage_taken":11,"max_hp_gain":0,"max_hp_loss":0,"event_name":"World of Goop","floor":4,"gold_loss":0},{"damage_healed":0,"gold_gain":0,"player_choice":"Grow","damage_taken":0,"max_hp_gain":0,"max_hp_loss":0,"event_name":"Living Wall","floor":8,"gold_loss":0,"cards_upgraded":["Zap"]},{"damage_healed":0,"gold_gain":0,"player_choice":"Ignored","damage_taken":0,"max_hp_gain":0,"max_hp_loss":0,"event_name":"Golden Wing","floor":10,"gold_loss":0},{"damage_healed":0,"gold_gain":0,"player_choice":"Bet on Murderer","damage_taken":0,"max_hp_gain":0,"max_hp_loss":0,"event_name":"The Joust","floor":19,"gold_loss":50},{"cards_removed":["Defend_B"],"damage_healed":0,"gold_gain":0,"player_choice":"Card Removal","damage_taken":0,"max_hp_gain":0,"max_hp_loss":0,"event_name":"Wheel of Change","floor":22,"gold_loss":0},{"cards_removed":["All For One"],"damage_healed":67,"gold_gain":0,"player_choice":"Offered Rare","damage_taken":0,"max_hp_gain":10,"max_hp_loss":0,"event_name":"Bonfire Elementals","floor":31,"gold_loss":0},{"cards_removed":["Go for the Eyes"],"damage_healed":0,"gold_gain":0,"player_choice":"Removed Attack","damage_taken":0,"max_hp_gain":0,"max_hp_loss":0,"event_name":"Falling","floor":39,"gold_loss":0},{"damage_healed":0,"gold_gain":0,"player_choice":"Fight","damage_taken":0,"max_hp_gain":0,"max_hp_loss":0,"event_name":"MindBloom","floor":42,"gold_loss":0}],"is_beta":false,"boss_relics":[{"not_picked":["Philosopher\u0027s Stone","Snecko Eye"],"picked":"FrozenCore"},{"not_picked":["Inserter","reliquary:Ember"],"picked":"Calling Bell"}],"items_purged_floors":[],"is_endless":false,"potions_floor_spawned":[3,7,14,18,23,27,36,38,40,42],"killed_by":"Giant Head","ascension_level":0}}