{"host":"08xvxt5w1s7zc7e5","time":1613832851,"event":{"mods":["AchievementEnabler","BaseMod","DeckTracker","Minty Spire (QoL Compilation)","Quick Restart","StSLib","SuperFastMode"],"gold_per_floor":[110,110,29,46,46,74,74,87,87,98,98,114,132,151,151,251,251,267,267,42,56,56,56,89,100,152,252,252,282,48,59,59,154,154,166,181,194,208,258,283,283,283,283,283,298,332,46,65,65,65,65,65,29,57,57,57],"floor_reached":55,"language":"KOR","playtime":2296,"items_purged":["Defend_G","Strike_G","Strike_G"],"score":1394,"play_id":"2f1f933b-212e-46d1-8c61-7614def494ea","local_time":"20210220235411","is_ascension_mode":true,"campfire_choices":[{"data":"Neutralize","floor":7.0,"key":"SMITH"},{"data":"Footwork","floor":15.0,"key":"SMITH"},{"data":"Burst","floor":23.0,"key":"SMITH"},{"data":"Adrenaline","floor":28.0,"key":"SMITH"},{"data":"Cloak And Dagger","floor":32.0,"key":"SMITH"},{"data":"Phantasmal Killer","floor":41.0,"key":"SMITH"},{"floor":49.0,"key":"RECALL"},{"data":"Night Terror","floor":52.0,"key":"SMITH"}],"circlet_count":0,"master_deck":["Strike_G","Strike_G","Defend_G+1","Defend_G","Defend_G+1","Defend_G","Survivor","Neutralize+1","PiercingWail","Finisher","Escape Plan","Poisoned Stab","Backflip","Escape Plan","Blade Dance","Footwork+1","Adrenaline+1","Cloak And Dagger+1","Escape Plan+1","Burst+1","Calculated Gamble+1","Concentrate+1","Adrenaline","Noxious Fumes+1","Expertise+1","PiercingWail+1","Phantasmal Killer+1","Footwork+1","Cloak And Dagger+1","Night Terror+1","Tactician","Wraith Form v2+1","Tactician+1","Reflex+1","Footwork+1","Blur+1","Caltrops+1","Blade Dance+1"],"relics":["Ring of the Snake","NeowsBlessing","FossilizedHelix","Ornamental Fan","Ninja Scroll","WristBlade","Orrery","Blood Vial","Anchor","Bird Faced Urn","Frozen Egg 2","Blue Candle","Membership Card","Philosopher\u0027s Stone","WingedGreaves","Letter Opener","Bottled Lightning","Nunchaku","Akabeko"],"acts_visited":["Exordium","TheCity","TheBeyond","TheEnding"],"potions_floor_usage":[55,55],"damage_taken":[{"damage":0.0,"enemies":"Jaw Worm","floor":1.0,"turns":1.0},{"damage":0.0,"enemies":"Cultist","floor":4.0,"turns":1.0},{"damage":0.0,"enemies":"3 Sentries","floor":6.0,"turns":1.0},{"damage":0.0,"enemies":"Small Slimes","floor":8.0,"turns":3.0},{"damage":0.0,"enemies":"Blue Slaver","floor":10.0,"turns":5.0},{"damage":0.0,"enemies":"Red Slaver","floor":12.0,"turns":1.0},{"damage":0.0,"enemies":"Large Slime","floor":13.0,"turns":6.0},{"damage":0.0,"enemies":"Looter","floor":14.0,"turns":3.0},{"damage":0.0,"enemies":"The Guardian","floor":16.0,"turns":16.0},{"damage":0.0,"enemies":"Chosen","floor":18.0,"turns":4.0},{"damage":0.0,"enemies":"Spheric Guardian","floor":21.0,"turns":1.0},{"damage":15.0,"enemies":"Book of Stabbing","floor":24.0,"turns":6.0},{"damage":0.0,"enemies":"Snecko","floor":25.0,"turns":3.0},{"damage":0.0,"enemies":"Colosseum Slavers","floor":27.0,"turns":4.0},{"damage":0.0,"enemies":"Colosseum Nobs","floor":27.0,"turns":4.0},{"damage":5.0,"enemies":"Slavers","floor":29.0,"turns":6.0},{"damage":0.0,"enemies":"Centurion and Healer","floor":31.0,"turns":3.0},{"damage":0.0,"enemies":"Collector","floor":33.0,"turns":8.0},{"damage":0.0,"enemies":"3 Darklings","floor":35.0,"turns":4.0},{"damage":0.0,"enemies":"Orb Walker","floor":36.0,"turns":1.0},{"damage":0.0,"enemies":"Writhing Mass","floor":37.0,"turns":7.0},{"damage":0.0,"enemies":"3 Darklings","floor":38.0,"turns":4.0},{"damage":0.0,"enemies":"Mind Bloom Boss Battle","floor":39.0,"turns":8.0},{"damage":0.0,"enemies":"Giant Head","floor":40.0,"turns":3.0},{"damage":0.0,"enemies":"4 Shapes","floor":45.0,"turns":6.0},{"damage":0.0,"enemies":"Nemesis","floor":46.0,"turns":9.0},{"damage":0.0,"enemies":"Transient","floor":48.0,"turns":5.0},{"damage":29.0,"enemies":"Awakened One","floor":50.0,"turns":17.0},{"damage":0.0,"enemies":"Shield and Spear","floor":54.0,"turns":6.0},{"damage":76,"enemies":"The Heart","floor":55,"turns":9}],"seed_played":"3353530686074105453","potions_obtained":[{"floor":1.0,"key":"PowerPotion"},{"floor":12.0,"key":"EssenceOfSteel"},{"floor":14.0,"key":"GamblersBrew"},{"floor":25.0,"key":"DistilledChaos"},{"floor":27.0,"key":"PowerPotion"},{"floor":29.0,"key":"LiquidBronze"},{"floor":37.0,"key":"Explosive Potion"},{"floor":45.0,"key":"SkillPotion"},{"floor":46.0,"key":"Energy Potion"},{"floor":54.0,"key":"Block Potion"}],"is_trial":false,"path_per_floor":["M","?","$","M","?","E","R","M","T","M","T","M","M","M","R","B",null,"M","?","$","M","?","R","E","M","T","?","R","E","$","M","R","B",null,"M","M","M","M","?","E","R","?","T","?","M","E","$","M","R","B",null,"R","$","E","B"],"character_chosen":"THE_SILENT","items_purchased":["Escape Plan","Orrery","Footwork+1","Membership Card","Footwork+1","Bottled Lightning","Nunchaku","Caltrops+1"],"campfire_rested":0,"item_purchase_floors":[3,20,30,30,47,47,47,53],"current_hp_per_floor":[63,63,63,63,49,49,49,49,49,49,49,49,49,49,49,49,65,65,65,65,65,65,65,50,52,52,56,56,57,57,65,65,70,70,70,70,70,70,70,70,70,70,70,66,66,66,66,66,66,37,59,59,59,66,0,0],"gold":57,"neow_bonus":"THREE_ENEMY_KILL","is_daily":false,"chose_seed":false,"campfire_upgraded":7,"win_rate":0.0,"timestamp":1613832851,"path_taken":["M","?","?","M","?","E","R","M","T","M","?","M","?","M","R","BOSS","M","?","$","M","?","R","E","?","T","?","R","E","$","M","R","BOSS","M","M","M","M","?","E","R","?","T","?","?","E","$","M","R","BOSS","R","$","E","BOSS"],"items_purchased_type":["Card","Relic","Card","Relic","Card","Relic","Relic","Card"],"build_version":"2020-12-22","purchased_purges":3,"victory":false,"max_hp_per_floor":[70,70,70,70,70,70,70,70,70,70,70,70,70,70,70,70,70,70,70,70,70,70,70,70,70,70,70,70,70,70,70,70,70,70,70,70,70,70,70,70,70,70,70,66,66,66,66,66,66,66,66,66,66,66,66,66],"card_choices":[{"not_picked":["Blur","Heel Hook"],"picked":"PiercingWail","floor":1.0},{"not_picked":["Dagger Throw","Backflip"],"picked":"Poisoned Stab","floor":4.0},{"not_picked":["Unload","Well Laid Plans"],"picked":"Backflip","floor":6.0},{"not_picked":["Eviscerate","Bane","Deflect"],"picked":"SKIP","floor":8.0},{"not_picked":["Blur","Finisher"],"picked":"Escape Plan","floor":10.0},{"not_picked":["Skewer","Sucker Punch"],"picked":"Blade Dance","floor":12.0},{"not_picked":["Prepared","Quick Slash","Outmaneuver"],"picked":"SKIP","floor":13.0},{"not_picked":["Dagger Throw","Acrobatics"],"picked":"Footwork","floor":14.0},{"not_picked":["Doppelganger","Tools of the Trade"],"picked":"Adrenaline","floor":16.0},{"not_picked":["Backflip","Acrobatics+1"],"picked":"Cloak And Dagger","floor":18.0},{"not_picked":["Distraction","Bane+1"],"picked":"Escape Plan+1","floor":20.0},{"not_picked":["Sucker Punch","Blur+1"],"picked":"Burst","floor":20.0},{"not_picked":["Backflip","Bane"],"picked":"Calculated Gamble+1","floor":20.0},{"not_picked":["Dagger Spray","Caltrops"],"picked":"Concentrate+1","floor":20.0},{"not_picked":["Bouncing Flask","Flying Knee+1","Bane"],"picked":"SKIP","floor":21.0},{"not_picked":["Dagger Throw","Bouncing Flask"],"picked":"Noxious Fumes+1","floor":24.0},{"not_picked":["Predator","Deflect"],"picked":"Expertise+1","floor":25.0},{"not_picked":["Crippling Poison+1","Bane+1"],"picked":"PiercingWail+1","floor":27.0},{"not_picked":["Masterful Stab","PiercingWail"],"picked":"Phantasmal Killer","floor":29.0},{"not_picked":["Underhanded Strike","Quick Slash+1"],"picked":"Cloak And Dagger+1","floor":31.0},{"not_picked":["Die Die Die","Envenom+1"],"picked":"Night Terror","floor":33.0},{"not_picked":["Poisoned Stab+1","Sucker Punch+1"],"picked":"Tactician","floor":35.0},{"not_picked":["Dagger Throw+1","Dagger Spray+1","All Out Attack+1"],"picked":"SKIP","floor":36.0},{"not_picked":["Infinite Blades+1","Endless Agony","Underhanded Strike"],"picked":"SKIP","floor":37.0},{"not_picked":["Quick Slash+1","Backflip"],"picked":"Wraith Form v2+1","floor":38.0},{"not_picked":["Cloak And Dagger","Heel Hook+1"],"picked":"Tactician+1","floor":39.0},{"not_picked":["Slice","Finisher","Poisoned Stab"],"picked":"SKIP","floor":40.0},{"not_picked":["Endless Agony","Slice+1","Setup"],"picked":"SKIP","floor":45.0},{"not_picked":["Glass Knife","Heel Hook"],"picked":"Reflex+1","floor":46.0},{"not_picked":["Blade Dance","Caltrops+1"],"picked":"Blur+1","floor":48.0},{"not_picked":["Flying Knee+1","Deflect+1"],"picked":"Blade Dance+1","floor":54.0}],"player_experience":412954,"relics_obtained":[{"floor":6.0,"key":"FossilizedHelix"},{"floor":9.0,"key":"Ornamental Fan"},{"floor":11.0,"key":"Ninja Scroll"},{"floor":24.0,"key":"Blood Vial"},{"floor":26.0,"key":"Anchor"},{"floor":27.0,"key":"Bird Faced Urn"},{"floor":27.0,"key":"Frozen Egg 2"},{"floor":29.0,"key":"Blue Candle"},{"floor":39.0,"key":"WingedGreaves"},{"floor":46.0,"key":"Letter Opener"},{"floor":54.0,"key":"Akabeko"}],"event_choices":[{"damage_healed":0.0,"max_hp_gain":0.0,"max_hp_loss":0.0,"gold_gain":0.0,"cards_transformed":["Strike_G"],"event_name":"Transmorgrifier","player_choice":"Transformed","floor":2.0,"gold_loss":0.0,"damage_taken":0.0,"cards_obtained":["Finisher"]},{"damage_healed":0.0,"max_hp_gain":0.0,"max_hp_loss":0.0,"gold_gain":0.0,"event_name":"Shining Light","player_choice":"Entered Light","floor":5.0,"gold_loss":0.0,"damage_taken":14.0,"cards_upgraded":["Defend_G","Defend_G"]},{"damage_healed":0.0,"max_hp_gain":0.0,"max_hp_loss":0.0,"gold_gain":0.0,"event_name":"Vampires","player_choice":"Ignored","floor":19.0,"gold_loss":0.0,"damage_taken":0.0},{"damage_healed":0.0,"max_hp_gain":0.0,"max_hp_loss":0.0,"gold_gain":0.0,"event_name":"Duplicator","player_choice":"Copied","floor":22.0,"gold_loss":0.0,"damage_taken":0.0,"cards_obtained":["Adrenaline"]},{"damage_healed":0.0,"max_hp_gain":0.0,"max_hp_loss":0.0,"gold_gain":0.0,"event_name":"Colosseum","player_choice":"Fight","floor":27.0,"gold_loss":0.0,"damage_taken":0.0},{"damage_healed":0.0,"max_hp_gain":0.0,"max_hp_loss":0.0,"gold_gain":0.0,"event_name":"Colosseum","player_choice":"Fought Nobs","floor":27.0,"gold_loss":0.0,"damage_taken":0.0},{"damage_healed":0.0,"max_hp_gain":0.0,"max_hp_loss":0.0,"gold_gain":0.0,"event_name":"MindBloom","player_choice":"Fight","floor":39.0,"gold_loss":0.0,"damage_taken":0.0},{"damage_healed":0.0,"max_hp_gain":0.0,"max_hp_loss":0.0,"gold_gain":0.0,"event_name":"Tomb of Lord Red Mask","player_choice":"Ignored","floor":42.0,"gold_loss":0.0,"damage_taken":0.0},{"damage_healed":0.0,"max_hp_gain":0.0,"max_hp_loss":4.0,"gold_gain":0.0,"event_name":"Winding Halls","player_choice":"Max HP","floor":44.0,"gold_loss":0.0,"damage_taken":0.0}],"is_beta":false,"boss_relics":[{"not_picked":["Velvet Choker","SlaversCollar"],"picked":"WristBlade"},{"not_picked":["Sozu","Pandora\u0027s Box"],"picked":"Philosopher\u0027s Stone"}],"items_purged_floors":[20,30,47],"is_endless":false,"potions_floor_spawned":[1,12,14,25,27,27,29,31,37,45,46,54],"killed_by":"The Heart","ascension_level":9}}