{"host":"zk6vb2npgw3pu6j2","time":1613844967,"event":{"mods":["Act Like it!","Aspiration","Bard","BaseMod","Beaked The Cultist","Bestiary","Better Note","Better Sensory Stone","CapriCore","Conspire","Downfall","Friendly Minions","Gensokyo","GifTheSpireLib","Hermit","Hubris","Koishi","Marisa????????","Marked Mod","Minty Spire (QoL Compilation)","Quarter Circle Forward PUNCH!","Reimu??????","Reliquary","Replay The Spire","Retaliation","Ruina","StSLib","The Administrix","The Alterego","The Blue Laboratory","The Bug Knight","The Construct","The Exalted","The Hierophant","The Immortal","The Marked","The Runesmith","The Senshi","The Servant 0.9.4","The Wild Card","TheVacant","Wandering Minibosses","yUi"],"gold_per_floor":[99,119,119,131,131,160,209,224,249,249,249,267,67,67,87,183,183,183,143,143,143,148,899,899,915,815,815,840,859,859,859,870,966,1066,1066,1076,1092,494,506,506,553,564,564,564,583,583,583,600,618,618,618,652,467,467,467,467],"floor_reached":57,"language":"ENG","playtime":3990,"items_purged":["hexamod:Defend","hexamod:Defend"],"score":1312,"play_id":"019c58c6-9d31-4315-b55e-45035fea11e1","local_time":"20210220131607","is_ascension_mode":true,"campfire_choices":[{"floor":1,"key":"DIG"},{"floor":13,"key":"REST"},{"floor":18,"key":"RECALL"},{"data":"hexamod:GhostflameInferno","floor":26,"key":"SMITH"},{"floor":30,"key":"REST"},{"data":"hexamod:TimeOfNeed","floor":35,"key":"SMITH"},{"data":"expansioncontent:InvincibleStrength","floor":40,"key":"SMITH"},{"data":"hexamod:PhantomCloak","floor":47,"key":"SMITH"},{"floor":54,"key":"REST"}],"circlet_count":0,"master_deck":["hexamod:Strike","hexamod:Strike","hexamod:Strike","hexamod:Defend","hexamod:Defend","hexamod:Sear+1","hexamod:Float","hexamod:FlamesFromBeyond","theWildCard:Arsene","hexamod:PhantomCloak+1","hexamod:SkipABeat","hexamod:DynamicBlow","hexamod:RadiantFlame","hexamod:FourthSeal","hexamod:FirstSeal","hexamod:FlamesFromBeyond","hexamod:Hexaguard","hexamod:GhostflameInferno+1","hexamod:Hexaguard","hexamod:PowerFromBeyond","hexamod:FlamesFromBeyond","hexamod:SuperheatedStrike","hexamod:HauntingEcho+1","hexamod:HeatCrush+1","hexamod:TimeOfNeed+1","hexamod:CatchUp","hexamod:SuperheatedStrike+1","hexamod:HeatMetal","expansioncontent:InvincibleStrength+1","hexamod:AdvancingGuard","Parasite","hexamod:Hexaguard","hexamod:ThermalTransfer+1","hexamod:StepThrough+1","hexamod:ExtraCrispy+1","hexamod:FlamesFromBeyond","expansioncontent:InvincibleStrength+1"],"relics":["hexamod:SpiritBrand","construct:BoolHorns","Letter Opener","downfall:HeartBlessingGreen","downfall:HeartBlessingBlue","reliquary:RedCape","aspiration:RitualStick","wanderingMiniBosses:MasterThiefsPresence","Ornamental Fan","downfall:HeartBlessingRed","downfall:RedIOU","Replay:Rubber Ducky","Replay:Wanted Poster","TentaclePot:ReiMu","Ornamental Fan","hexamod:MatchstickCase","Pet Ghost","hubris:Icosahedron","aspiration:SeaSaltIceCream","aspiration:Nostalgia","MiniHakkero"],"acts_visited":["Exordium","TheCity","TheBeyond","TheEnding"],"potions_floor_usage":[16,55,56,56],"damage_taken":[{"damage":0,"enemies":"Small Slimes","floor":2,"turns":3},{"damage":1,"enemies":"Jaw Worm","floor":4,"turns":3},{"damage":15,"enemies":"3 Sentries","floor":6,"turns":8},{"damage":0,"enemies":"Cultist","floor":8,"turns":3},{"damage":22,"enemies":"Lagavulin","floor":9,"turns":7},{"damage":7,"enemies":"Blue Slaver","floor":12,"turns":3},{"damage":10,"enemies":"2 Fungi Beasts","floor":15,"turns":4},{"damage":36,"enemies":"WA_ARCHETYPE_RETAIN","floor":16,"turns":13},{"damage":0,"enemies":"3 Byrds","floor":19,"turns":7},{"damage":10,"enemies":"Spheric Guardian","floor":22,"turns":5},{"damage":31,"enemies":"Cultist and Chosen","floor":23,"turns":9},{"damage":1,"enemies":"Chosen and Byrds","floor":25,"turns":3},{"damage":0,"enemies":"3 Cultists","floor":29,"turns":4},{"damage":0,"enemies":"Centurion and Healer","floor":32,"turns":5},{"damage":47,"enemies":"SI_MIRROR_ARCHETYPE","floor":33,"turns":9},{"damage":0,"enemies":"3 Darklings","floor":36,"turns":4},{"damage":0,"enemies":"Orb Walker","floor":37,"turns":3},{"damage":0,"enemies":"downfall:FleeingMerchant","floor":38,"turns":4},{"damage":17,"enemies":"Maw","floor":39,"turns":6},{"damage":0,"enemies":"Writhing Mass","floor":42,"turns":3},{"damage":4,"enemies":"Jaw Worm Horde","floor":45,"turns":3},{"damage":0,"enemies":"Transient","floor":48,"turns":5},{"damage":0,"enemies":"Sphere and 2 Shapes","floor":49,"turns":3},{"damage":0,"enemies":"DF_ARCHETYPE_ORBS","floor":50,"turns":6},{"damage":51,"enemies":"downfall:CharBossMerchant","floor":52,"turns":6},{"damage":18,"enemies":"downfall:NeowBoss","floor":55,"turns":18},{"damage":46,"enemies":"downfall:NeowBossFinal","floor":56,"turns":11}],"seed_played":"4413616690925551420","potions_obtained":[{"floor":6,"key":"SteroidPotion"},{"floor":8,"key":"blueLaboratory:PyrophylliteBrew"},{"floor":9,"key":"Block Potion"},{"floor":12,"key":"Dexterity Potion"},{"floor":12,"key":"blueLaboratory:FruitPreserves"},{"floor":16,"key":"DDmod:CleansePotion"},{"floor":19,"key":"LiquidMemories"},{"floor":32,"key":"CultistPotion"}],"is_trial":false,"path_per_floor":["R","M","?","M","?","E","T","M","E","?","?","M","R","?","M","B",null,"R","M","?","?","M","M","T","M","R","?","T","M","R","?","M","B",null,"R","M","M","$","M","R","T","M","?","?","M","?","R","M","M","B",null,"E","$","R","B","B",null],"character_chosen":"THE_SPIRIT","items_purchased":["TentaclePot:ReiMu","reliquary:SculptingSteel","expansioncontent:InvincibleStrength","expansioncontent:InvincibleStrength+1"],"campfire_rested":3,"item_purchase_floors":[38,38,38,53],"current_hp_per_floor":[70,70,70,69,69,54,54,54,32,25,25,25,59,80,70,34,80,80,80,80,64,61,37,37,43,43,43,43,50,74,80,80,40,80,80,80,80,80,70,70,70,70,70,70,73,73,73,80,80,80,80,36,36,60,49,17],"gold":467,"neow_bonus":"UPGRADE_CARD","is_daily":false,"chose_seed":false,"campfire_upgraded":4,"win_rate":0.0,"timestamp":1613844967,"path_taken":["R","M","?","M","?","E","T","M","E","?","?","?","R","?","M","BOSS","R","M","?","?","M","?","T","M","R","?","?","?","R","?","M","BOSS","R","M","?","$","M","R","T","M","?","?","M","?","R","M","M","BOSS","E","$","R","BOSS","BOSS"],"items_purchased_type":["Relic","Relic","Card","Card"],"build_version":"2020-12-22","purchased_purges":2,"victory":true,"max_hp_per_floor":[70,70,70,70,70,70,70,70,70,70,70,70,80,80,80,80,80,80,80,80,80,80,80,80,80,80,80,80,80,80,80,80,80,80,80,80,80,80,80,80,80,80,80,80,80,80,80,80,80,80,80,80,80,80,80,80],"card_choices":[{"not_picked":["hexamod:HauntingEcho","hexamod:DynamicBlow"],"picked":"hexamod:FlamesFromBeyond","floor":2},{"not_picked":["hexamod:NightmareGuise","hexamod:GhostShield"],"picked":"hexamod:PhantomCloak","floor":4},{"not_picked":["hexamod:Haunt","hexamod:NightmareGuise"],"picked":"hexamod:SkipABeat","floor":6},{"not_picked":["hexamod:GhostOfSpireFuture","hexamod:NightmareGuise"],"picked":"hexamod:DynamicBlow","floor":8},{"not_picked":["hexamod:HauntingEcho","hexamod:SpectersWail"],"picked":"hexamod:RadiantFlame","floor":9},{"not_picked":["hexamod:HeatCrush","hexamod:NightmareStrike"],"picked":"hexamod:FlamesFromBeyond","floor":12},{"not_picked":["hexamod:AdvancingGuard","hexamod:HeatMetal"],"picked":"hexamod:Hexaguard","floor":15},{"not_picked":["hexamod:TurnItUp","hexamod:ApocalypticArmor"],"picked":"hexamod:GhostflameInferno","floor":16},{"not_picked":["hexamod:FastForward+1","hexamod:SecondSeal"],"picked":"hexamod:Hexaguard","floor":19},{"not_picked":["hexamod:InspiringFlames","hexamod:Rewind+1"],"picked":"hexamod:PowerFromBeyond","floor":22},{"not_picked":["hexamod:GhostShield+1","hexamod:NecessarySacrifice"],"picked":"hexamod:FlamesFromBeyond","floor":23},{"not_picked":["hexamod:Incineration","hexamod:Hexaguard"],"picked":"hexamod:SuperheatedStrike","floor":25},{"not_picked":["hexamod:GhostLash","hexamod:StepThrough"],"picked":"hexamod:HauntingEcho+1","floor":29},{"not_picked":["hexamod:RainOfEmbers","hexamod:GhostLash+1"],"picked":"hexamod:HeatCrush+1","floor":32},{"not_picked":["hexamod:Toasty","hexamod:ApocalypticArmor"],"picked":"hexamod:TimeOfNeed","floor":33},{"not_picked":["hexamod:ThermalTransfer+1","hexamod:EmpoweredFlame"],"picked":"hexamod:CatchUp","floor":36},{"not_picked":["hexamod:GhostLash","hexamod:RetreatToShadows"],"picked":"hexamod:SuperheatedStrike+1","floor":37},{"not_picked":["hexamod:FastForward+1","hexamod:BacktrackSmack+1"],"picked":"hexamod:HeatMetal","floor":38},{"not_picked":["hexamod:RadiantFlame+1","hexamod:Incineration+1"],"picked":"hexamod:AdvancingGuard","floor":39},{"not_picked":["hexamod:Firestarter","hexamod:GhostShield+1"],"picked":"hexamod:Hexaguard","floor":42},{"not_picked":["hexamod:FourthSeal","hexamod:HeatMetal+1"],"picked":"hexamod:ThermalTransfer+1","floor":45},{"not_picked":["hexamod:SpectersWail","hexamod:ThirdSeal"],"picked":"hexamod:StepThrough+1","floor":48},{"not_picked":["hexamod:FlamesFromBeyond+1","hexamod:HauntingEcho+1"],"picked":"hexamod:ExtraCrispy+1","floor":49},{"not_picked":["hexamod:ParanormalForm","hexamod:SixthSeal"],"picked":"hexamod:FlamesFromBeyond","floor":52}],"player_experience":304663,"relics_obtained":[{"floor":1,"key":"construct:BoolHorns"},{"floor":6,"key":"Bromod:ArcaneNullifier"},{"floor":9,"key":"Letter Opener"},{"floor":23,"key":"wanderingMiniBosses:MasterThiefsPresence"},{"floor":24,"key":"Ornamental Fan"},{"floor":28,"key":"Replay:Rubber Ducky"},{"floor":41,"key":"hexamod:MatchstickCase"},{"floor":52,"key":"aspiration:SeaSaltIceCream"}],"event_choices":[{"damage_healed":26,"gold_gain":0,"player_choice":"Banana","damage_taken":0,"max_hp_gain":0,"max_hp_loss":0,"event_name":"Big Fish","floor":14,"gold_loss":0}],"is_beta":false,"boss_relics":[{"not_picked":["reliquary:Craggleroot","conspire:RoyalGoblet"],"picked":"reliquary:RedCape"},{"not_picked":["Abe\u0027s Treasure","aspiration:FutureDiary"],"picked":"Replay:Wanted Poster"}],"items_purged_floors":[38,53],"is_endless":false,"potions_floor_spawned":[6,8,9,12,25,29,33,36,37,42,48,49],"ascension_level":1}}