{"host":"vx9g5eyuglzorf3u","time":1613845220,"event":{"mods":["2.2 Compatiblity","BaseMod","DeckTracker","Keyboard Shortcuts","Minty Spire (QoL Compilation)","Relic Stats","StSLib","SuperFastMode","everything is the same but u backflip on backflip"],"gold_per_floor":[110,110,121,46,66,392,405,440,485,510,470,470,487,504,504,504,504],"floor_reached":16,"language":"KOR","playtime":265,"items_purged":["Strike_R"],"score":244,"play_id":"de76ebfb-e949-4798-9cd5-491269d43d90","local_time":"20210221032020","is_ascension_mode":true,"campfire_choices":[{"data":"Immolate","floor":12,"key":"SMITH"},{"data":"Burning Pact","floor":15,"key":"SMITH"}],"circlet_count":0,"master_deck":["AscendersBane","Strike_R","Strike_R","Strike_R","Strike_R","Defend_R","Defend_R","Defend_R","Defend_R","Bash","Wild Strike","Double Tap","Hemokinesis","Whirlwind","Fire Breathing","Immolate+1","Burning Pact","Burning Pact+1","Sentinel"],"relics":["Burning Blood","NeowsBlessing","Old Coin","Meat on the Bone","Oddly Smooth Stone","PreservedInsect"],"acts_visited":["Exordium"],"potions_floor_usage":[8,8,16,16],"damage_taken":[{"damage":0,"enemies":"2 Louse","floor":1,"turns":1},{"damage":0,"enemies":"Cultist","floor":3,"turns":1},{"damage":0,"enemies":"Jaw Worm","floor":5,"turns":1},{"damage":40,"enemies":"Gremlin Nob","floor":6,"turns":4},{"damage":27,"enemies":"Lots of Slimes","floor":7,"turns":4},{"damage":14,"enemies":"3 Sentries","floor":8,"turns":5},{"damage":10,"enemies":"Gremlin Nob","floor":10,"turns":3},{"damage":6,"enemies":"Large Slime","floor":13,"turns":4},{"damage":14,"enemies":"Red Slaver","floor":14,"turns":6},{"damage":51,"enemies":"The Guardian","floor":16,"turns":9}],"seed_played":"-8113850217172729669","potions_obtained":[{"floor":6,"key":"PowerPotion"},{"floor":7,"key":"SkillPotion"},{"floor":11,"key":"Regen Potion"},{"floor":11,"key":"LiquidMemories"}],"is_trial":false,"path_per_floor":["M","?","M","$","M","E","M","E","T","E","?","R","M","M","R","B"],"character_chosen":"IRONCLAD","items_purchased":[],"campfire_rested":0,"item_purchase_floors":[],"current_hp_per_floor":[74,74,75,75,75,41,20,12,12,20,20,20,32,36,36,0,0],"gold":504,"neow_bonus":"THREE_ENEMY_KILL","is_daily":false,"chose_seed":false,"campfire_upgraded":2,"win_rate":0.0,"timestamp":1613845220,"path_taken":["M","?","M","?","?","E","M","E","T","E","?","R","?","M","R","BOSS"],"items_purchased_type":[],"build_version":"2020-12-22","purchased_purges":1,"victory":false,"max_hp_per_floor":[75,75,75,75,75,75,75,75,75,75,75,75,75,75,75,75,75],"relic_stats":{"counters":[10,38],"PreservedInsect":0,"obtain_stats":[{"NeowsBlessing":0,"Oddly Smooth Stone":9,"PreservedInsect":10,"Burning Blood":0,"Old Coin":6,"Meat on the Bone":8},{"NeowsBlessing":0,"Oddly Smooth Stone":6,"PreservedInsect":7,"Burning Blood":0,"Old Coin":4,"Meat on the Bone":6},{"NeowsBlessing":0,"Oddly Smooth Stone":16,"PreservedInsect":19,"Burning Blood":0,"Old Coin":7,"Meat on the Bone":16}],"Burning Blood":43,"Meat on the Bone":36},"card_choices":[{"not_picked":["Sword Boomerang","Disarm"],"picked":"Wild Strike","floor":1},{"not_picked":["Anger","Metallicize"],"picked":"Hemokinesis","floor":3},{"not_picked":["True Grit","Pommel Strike"],"picked":"Whirlwind","floor":5},{"not_picked":["Battle Trance","Anger"],"picked":"Fire Breathing","floor":6},{"not_picked":["Body Slam","Pommel Strike"],"picked":"Immolate","floor":7},{"not_picked":["Twin Strike","Cleave","Iron Wave"],"picked":"SKIP","floor":8},{"not_picked":["Havoc","Headbutt"],"picked":"Burning Pact","floor":10},{"not_picked":["Inflame","Sentinel"],"picked":"Burning Pact","floor":13},{"not_picked":["Infernal Blade","Pommel Strike"],"picked":"Sentinel","floor":14}],"player_experience":1539050,"relics_obtained":[{"floor":6,"key":"Old Coin"},{"floor":8,"key":"Meat on the Bone"},{"floor":9,"key":"Oddly Smooth Stone"},{"floor":10,"key":"PreservedInsect"}],"event_choices":[{"damage_healed":0,"gold_gain":0,"player_choice":"1 cards matched","damage_taken":0,"max_hp_gain":0,"max_hp_loss":0,"event_name":"Match and Keep!","floor":2,"gold_loss":0,"cards_obtained":["Double Tap"]},{"damage_healed":0,"gold_gain":0,"player_choice":"Bought 3 Potions","damage_taken":0,"max_hp_gain":0,"max_hp_loss":0,"event_name":"The Woman in Blue","floor":11,"gold_loss":0}],"is_beta":false,"boss_relics":[],"items_purged_floors":[4],"is_endless":false,"potions_floor_spawned":[6,7,14],"killed_by":"The Guardian","ascension_level":20}}