{"host":"28bpuzdckreop5i0","time":1613851895,"event":{"mods":["BaseMod","Downfall","Minty Spire (QoL Compilation)","Relic Stats","Shop Mod","StSLib"],"gold_per_floor":[99,399,416,416,433,433,458,180,200,73,73,107,134,174,204,315,327,339,371,400,412,624,636,648,660,700,728,81,97,97,116,136,136,136,136],"floor_reached":33,"language":"ENG","playtime":2322,"items_purged":["downfall:Icky","downfall:Icky"],"score":357,"play_id":"618c9338-0d3b-46a1-bd43-50ab138c8e02","local_time":"20210220141135","is_ascension_mode":true,"campfire_choices":[{"data":"champ:Taunt","floor":1.0,"key":"SMITH"},{"data":"champ:DefensiveStyle","floor":6.0,"key":"SMITH"},{"data":"champ:FancyFootwork","floor":11.0,"key":"SMITH"},{"data":"champ:MurderStrike","floor":18,"key":"SMITH"},{"data":"champ:BringItOn","floor":23,"key":"SMITH"},{"floor":30,"key":"RECALL"}],"circlet_count":0,"master_deck":["champ:Strike","champ:Strike","champ:Strike","champ:Strike","champ:Defend","champ:Defend","champ:Defend","champ:Defend","champ:Execute","champ:Taunt+1","champ:DefensiveStyle+1","champ:BringItOn+1","champ:Devastate","champ:GladiatorStyle","champ:BringItOn","champ:FaceSlap","champ:BerserkersShout","champ:FancyFootwork+1","champ:IronFortress","champ:ShieldSlam","champ:FocusedDefense","champ:StanceDance","champ:DeathBlow","champ:MurderStrike+1","champ:AdrenalArmor+1","downfall:Haunted","champ:GutPunch","Bandage Up+1","champ:GutPunch","champ:BringItOn+1","champ:ShieldSlam+1"],"relics":["champ:ChampionCrown","champ:DefensiveTrainingManual","Toy Ornithopter","MawBank","Oddly Smooth Stone","Snecko Eye","Toxic Egg 2","MutagenicStrength","Kunai","White Beast Statue","Anchor"],"acts_visited":["Exordium","TheCity"],"potions_floor_usage":[16,27,31,33,33,33],"damage_taken":[{"damage":15.0,"enemies":"Small Slimes","floor":3.0,"turns":4.0},{"damage":10.0,"enemies":"Jaw Worm","floor":5.0,"turns":4.0},{"damage":10.0,"enemies":"downfall:FleeingMerchant","floor":8.0,"turns":4.0},{"damage":10.0,"enemies":"Cultist","floor":9.0,"turns":4.0},{"damage":25.0,"enemies":"downfall:FleeingMerchant","floor":10.0,"turns":4.0},{"damage":48.0,"enemies":"Gremlin Nob","floor":12.0,"turns":5.0},{"damage":34.0,"enemies":"Large Slime","floor":13.0,"turns":6.0},{"damage":10.0,"enemies":"Lagavulin","floor":14.0,"turns":6.0},{"damage":13.0,"enemies":"Blue Slaver","floor":15.0,"turns":3.0},{"damage":73,"enemies":"DF_ARCHETYPE_STREAMLINE","floor":16,"turns":12},{"damage":31,"enemies":"3 Byrds","floor":19,"turns":5},{"damage":18,"enemies":"Spheric Guardian","floor":20,"turns":4},{"damage":44,"enemies":"Slavers","floor":26,"turns":5},{"damage":50,"enemies":"Centurion and Healer","floor":27,"turns":6},{"damage":5,"enemies":"downfall:FleeingMerchant","floor":28,"turns":4},{"damage":20,"enemies":"Snake Plant","floor":29,"turns":3},{"damage":38,"enemies":"Sentry and Sphere","floor":31,"turns":6},{"damage":15,"enemies":"Centurion and Healer","floor":32,"turns":6},{"damage":123,"enemies":"IC_MUSHROOM_ARCHETYPE","floor":33,"turns":12}],"seed_played":"9207519548773543406","potions_obtained":[{"floor":3.0,"key":"Fire Potion"},{"floor":9.0,"key":"champ:OpenerPotion"},{"floor":13.0,"key":"Slimebound:ThreeZeroPotion"},{"floor":15.0,"key":"champ:TechniquePotion"},{"floor":19,"key":"AttackPotion"},{"floor":29,"key":"Strength Potion"},{"floor":31,"key":"champ:OpenerPotion"}],"is_trial":false,"path_per_floor":["R","?","M","?","M","R","T","$","M","$","R","E","M","E","M","B",null,"R","M","M","?","?","R","T","?","E","M","$","M","R","M","M","B"],"character_chosen":"THE_CHAMP","items_purchased":["champ:GladiatorStyle","champ:BringItOn","champ:FaceSlap","champ:IronFortress","champ:ShieldSlam","White Beast Statue","Anchor","Bandage Up+1","Block Potion"],"campfire_rested":0,"item_purchase_floors":[8,8,8,10,10,28,28,28,28],"current_hp_per_floor":[90,90,85,90,90,90,90,90,90,90,90,52,43,43,40,7,95,95,89,76,76,76,76,76,76,57,32,32,38,38,41,36,0,0,0],"gold":136,"neow_bonus":"RANDOM_COMMON_RELIC","is_daily":false,"chose_seed":false,"campfire_upgraded":5,"win_rate":0.0,"timestamp":1613851895,"path_taken":["R","?","M","?","M","R","T","$","?","$","R","E","M","E","M","BOSS","R","M","M","?","?","R","T","?","E","M","$","?","R","M","M","BOSS"],"items_purchased_type":["Card","Card","Card","Card","Card","Relic","Relic","Card","Potion"],"build_version":"2020-12-22","purchased_purges":2,"victory":false,"max_hp_per_floor":[90,90,90,95,95,95,95,95,95,95,95,95,95,95,95,95,95,95,95,95,95,95,95,95,95,95,95,95,95,95,95,95,95,95,95],"relic_stats":{"counters":[19,103],"Snecko Eye":[82,91,107,82],"Kunai":[7],"MawBank":192,"obtain_stats":[{"Anchor":28,"champ:DefensiveTrainingManual":0,"MutagenicStrength":25,"Oddly Smooth Stone":14,"Snecko Eye":17,"champ:ChampionCrown":0,"Kunai":26,"Toxic Egg 2":24,"MawBank":12,"Toy Ornithopter":7,"White Beast Statue":28},{"Anchor":15,"champ:DefensiveTrainingManual":0,"MutagenicStrength":12,"Oddly Smooth Stone":8,"Snecko Eye":10,"champ:ChampionCrown":0,"Kunai":13,"Toxic Egg 2":12,"MawBank":6,"Toy Ornithopter":2,"White Beast Statue":15},{"Anchor":76,"champ:DefensiveTrainingManual":0,"MutagenicStrength":61,"Oddly Smooth Stone":37,"Snecko Eye":52,"champ:ChampionCrown":0,"Kunai":66,"Toxic Egg 2":61,"MawBank":25,"Toy Ornithopter":8,"White Beast Statue":76}],"Toy Ornithopter":40},"card_choices":[{"not_picked":["champ:Haymaker","champ:ShieldSlam"],"picked":"champ:DefensiveStyle","floor":3.0},{"not_picked":["champ:CrownThrow","champ:Encircle"],"picked":"champ:BringItOn","floor":5.0},{"not_picked":["champ:Circumvent","champ:Backstep"],"picked":"champ:Devastate","floor":8.0},{"not_picked":["champ:RapidStrikes","champ:Endure"],"picked":"champ:BerserkersShout","floor":9.0},{"not_picked":["champ:FlashCut","champ:BringItOn"],"picked":"champ:FancyFootwork","floor":10.0},{"not_picked":["champ:RecklessLeap","champ:EndlessRage","champ:AdrenalArmor"],"picked":"SKIP","floor":12.0},{"not_picked":["champ:FanOfKnives","champ:FocusedBerserking"],"picked":"champ:FocusedDefense","floor":13.0},{"not_picked":["champ:EnragedBash","champ:CalledShot"],"picked":"champ:StanceDance","floor":14.0},{"not_picked":["champ:FanOfKnives","champ:CrownThrow"],"picked":"champ:DeathBlow","floor":15.0},{"not_picked":["champ:VampiricStrike","champ:HeavySlash"],"picked":"champ:MurderStrike","floor":16},{"not_picked":["champ:ViciousMockery+1","champ:GutPunch","champ:IronFortress"],"picked":"SKIP","floor":19},{"not_picked":["champ:PreciseThrust","champ:EnragedBash"],"picked":"champ:AdrenalArmor+1","floor":20},{"not_picked":["champ:BladeFlurry+1","champ:PerfectedStrike+1","champ:Shatter+1"],"picked":"SKIP","floor":26},{"not_picked":["champ:PreciseThrust","champ:ViciousMockery+1","champ:IronFortress+1"],"picked":"SKIP","floor":27},{"not_picked":["champ:BladeFlurry","champ:Shatter+1"],"picked":"champ:GutPunch","floor":28},{"not_picked":["champ:ShieldSigil+1","champ:Shatter"],"picked":"champ:GutPunch","floor":29},{"not_picked":["champ:FlashCut+1","champ:Circumvent+1"],"picked":"champ:BringItOn+1","floor":31},{"not_picked":["champ:FocusedDefense+1","champ:ShieldSigil+1"],"picked":"champ:ShieldSlam+1","floor":32}],"player_experience":1003832,"relics_obtained":[{"floor":7.0,"key":"Toy Ornithopter"},{"floor":12.0,"key":"MawBank"},{"floor":14.0,"key":"Oddly Smooth Stone"},{"floor":24,"key":"Toxic Egg 2"},{"floor":26,"key":"Kunai"}],"event_choices":[{"damage_healed":0.0,"max_hp_gain":5.0,"max_hp_loss":0.0,"gold_gain":0.0,"event_name":"Big Fish","player_choice":"Donut","floor":4.0,"gold_loss":0.0,"damage_taken":0.0},{"damage_healed":0,"gold_gain":0,"player_choice":"Inject Mutagens","damage_taken":0,"relics_obtained":["MutagenicStrength"],"max_hp_gain":0,"max_hp_loss":0,"event_name":"Drug Dealer","floor":25,"gold_loss":0}],"is_beta":false,"boss_relics":[{"not_picked":["Philosopher\u0027s Stone","SlaversCollar"],"picked":"Snecko Eye"}],"items_purged_floors":[8,28],"is_endless":false,"potions_floor_spawned":[3,9,13,15,19,29,31,32],"killed_by":"IC_MUSHROOM_ARCHETYPE","ascension_level":2}}