{"host":"51qmnr9isyv85d0p","time":1613793742,"event":{"mods":["AchievementEnabler","BaseMod","Colored Map","Colored Powertips","Curses Come First","Downfall","Minty Spire (QoL Compilation)","Red Circlet Mod","Relic Stats","Replay The Spire","StSLib","TestMod"],"gold_per_floor":[115,40002,40002,40002,40002,40023,40044,40044,40044,39344,39358,39402,39372,38527,38527,38650,38650,38668,37765,37765,37778,37047,37082,36201,36201,36276,36276,36310,36328,36372,36412,36412,36533,36533,36558,35666,35689,35689,35707,35740,35740,35773,35797,35816,35112,35112,35206],"floor_reached":48,"language":"ZHS","playtime":2079,"items_purged":["Defend_G","Defend_G","Strike_G","Defend_G","Strike_G","Defend_G","Strike_G","Strike_G"],"score":1040,"play_id":"879a7167-9234-4a55-a33f-78a1db763ee4","local_time":"20210220120221","is_ascension_mode":true,"campfire_choices":[{"data":"HalloweenModCandy","floor":8,"key":"SMITH"},{"data":"HalloweenModGhostCostume","floor":15,"key":"SMITH"},{"data":"Envenom","floor":25,"key":"SMITH"},{"data":"Finisher","floor":27,"key":"SMITH"},{"data":"Storm of Steel","floor":32,"key":"SMITH"},{"data":"ReplayTheSpireMod:Scrap Shanks","floor":41,"key":"SMITH"}],"circlet_count":0,"master_deck":["Survivor","Neutralize","HalloweenModCandy+1","Footwork","Blade Dance","Quick Slash+1","testmod-Reflect+1","Flash of Steel","Predator","HalloweenModTrick+1","HalloweenModGhostCostume+1","ReplayTheSpireMod:Scrap Shanks+1","Prepared","testmod-TreasureHunter+1","Die Die Die+1","ReplayTheSpireMod:Scrap Shanks+1","Bandage Up","Envenom+1","Backflip+1","Heel Hook","Toxin Wave","Finisher+1","Quick Slash+1","Storm of Steel+1"],"relics":["Ring of the Snake","testmod-TestBox","HalloweenModHalloween","Blue Candle","Matryoshka","CaptainsWheel","ReplayTheSpireMod:ShopPack","Oddly Smooth Stone","Golden Idol","Blue Doll","testmod-Maize","Meat on the Bone","Replay:Rubber Ducky","testmod-Nyarlathotep","Vajra","testmod-FatalChain","Guide Book","Ring of Chaos","Iron Hammer","TwistedFunnel","Bottled Lightning","Mummified Hand","Replay:Bottled Flurry","Ninja Scroll","Whetstone","Orrery","Chameleon Ring","Pen Nib","testmod-ConstraintPeriapt","OrangePellets","ReplayTheSpireMod:Ninjato","Orichalcum","Red Mask","FossilizedHelix","testmod-TimeTraveler","White Beast Statue","Sundial","Strange Spoon","testmod-RainbowHikingShoes","Boot","Regal Pillow","Centennial Puzzle","Replay:Bandana","Frozen Eye"],"acts_visited":["Exordium","TheCity","TheBeyond"],"potions_floor_usage":[11,11,12,23,33],"damage_taken":[{"damage":10,"enemies":"Cultist","floor":1,"turns":5},{"damage":0,"enemies":"2 Louse","floor":6,"turns":3},{"damage":0,"enemies":"Small Slimes","floor":7,"turns":2},{"damage":0,"enemies":"Exordium Thugs","floor":11,"turns":4},{"damage":0,"enemies":"Gremlin Nob","floor":12,"turns":2},{"damage":0,"enemies":"Hexaghost","floor":16,"turns":6},{"damage":0,"enemies":"Spheric Guardian","floor":18,"turns":3},{"damage":0,"enemies":"Chosen","floor":21,"turns":2},{"damage":0,"enemies":"Book of Stabbing","floor":23,"turns":2},{"damage":0,"enemies":"Gremlin Leader","floor":28,"turns":1},{"damage":0,"enemies":"Snecko","floor":29,"turns":1},{"damage":0,"enemies":"Masked Bandits","floor":30,"turns":1},{"damage":0,"enemies":"Book of Stabbing","floor":31,"turns":2},{"damage":0,"enemies":"Collector","floor":33,"turns":1},{"damage":0,"enemies":"Orb Walker","floor":35,"turns":1},{"damage":0,"enemies":"3 Shapes","floor":37,"turns":1},{"damage":0,"enemies":"Maw","floor":39,"turns":1},{"damage":0,"enemies":"Nemesis","floor":40,"turns":1},{"damage":0,"enemies":"R_Hoarder","floor":42,"turns":2},{"damage":0,"enemies":"Writhing Mass","floor":44,"turns":1},{"damage":0,"enemies":"Replay:Hell Engine","floor":47,"turns":1}],"seed_played":"6834458491491314334","potions_obtained":[{"floor":7,"key":"LiquidMemories"},{"floor":11,"key":"Elixir"},{"floor":13,"key":"Energy Potion"},{"floor":13,"key":"Flashbang"},{"floor":28,"key":"BlessingOfTheForge"},{"floor":33,"key":"Explosive Potion"}],"is_trial":false,"path_per_floor":["M","$","?","?","?","M","M","R","T","$","M","E","?","$","R_BF","B",null,"M","$","T","M","$","E","$","R","T","R","E","M","?","E","R","B",null,"M","$","M","?","M","E","R","E","T","M","$","?","B",null],"character_chosen":"THE_SILENT","items_purchased":["Footwork","Matryoshka","CaptainsWheel","ReplayTheSpireMod:ShopPack","Fire Potion","Block Potion","Block Potion","Blade Dance","Quick Slash","Meat on the Bone","Replay:Rubber Ducky","ReplayTheSpireMod:Scrap Shanks","Prepared","testmod-TreasureHunter+1","Vajra","testmod-FatalChain","ReplayTheSpireMod:Scrap Shanks+1","Bandage Up","Guide Book","Iron Hammer","TwistedFunnel","Backflip+1","Heel Hook","Bottled Lightning","Ninja Scroll","Whetstone","Orrery","Pen Nib","testmod-ConstraintPeriapt","OrangePellets","Strength Potion","Quick Slash+1","White Beast Statue","Sundial","Strange Spoon","Centennial Puzzle","Replay:Bandana","Frozen Eye"],"campfire_rested":0,"item_purchase_floors":[2,2,2,2,2,2,2,2,2,10,10,10,10,10,14,14,14,14,14,19,19,19,19,19,22,22,22,24,24,24,24,24,36,36,36,45,45,45],"current_hp_per_floor":[67,67,64,45,45,49,53,53,53,53,57,61,61,61,61,77,77,77,77,77,77,77,77,77,77,77,77,77,77,77,77,77,77,77,77,77,77,77,77,77,77,77,77,77,77,77,77],"gold":35206,"neow_bonus":"TEN_PERCENT_HP_BONUS","is_daily":false,"chose_seed":false,"campfire_upgraded":6,"win_rate":0.0,"timestamp":1613793741,"path_taken":["M","$","?","?","?","?","M","R","T","$","M","E","?","$","R_BF","BOSS","M","$","?","M","$","E","$","R","T","R","E","?","?","E","R","BOSS","M","$","M","?","M","E","R","E","T","M","$","?","BOSS"],"items_purchased_type":["Card","Relic","Relic","Relic","Potion","Potion","Potion","Card","Card","Relic","Relic","Card","Card","Card","Relic","Relic","Card","Card","Relic","Relic","Relic","Card","Card","Relic","Relic","Relic","Relic","Relic","Relic","Relic","Potion","Card","Relic","Relic","Relic","Relic","Relic","Relic"],"build_version":"2020-12-22","purchased_purges":8,"victory":true,"max_hp_per_floor":[77,77,77,77,77,77,77,77,77,77,77,77,77,77,77,77,77,77,77,77,77,77,77,77,77,77,77,77,77,77,77,77,77,77,77,77,77,77,77,77,77,77,77,77,77,77,77],"relic_stats":{"Regal Pillow":0,"counters":[21,43],"Golden Idol":169,"Blue Candle":[0],"Pen Nib":[16],"Whetstone":["Quick Slash","HalloweenModTrick"],"Orichalcum":[6],"Boot":[32],"OrangePellets":[8],"Strange Spoon":[21],"Centennial Puzzle":[0],"Mummified Hand":[235],"Sundial":[0],"obtain_stats":[{"TwistedFunnel":19,"Regal Pillow":43,"Vajra":14,"Blue Doll":9,"HalloweenModHalloween":0,"testmod-Nyarlathotep":12,"Whetstone":22,"testmod-RainbowHikingShoes":40,"Boot":42,"Replay:Rubber Ducky":10,"Frozen Eye":45,"Centennial Puzzle":45,"Replay:Bandana":45,"Matryoshka":2,"Chameleon Ring":23,"Mummified Hand":20,"Ninja Scroll":22,"Sundial":36,"Iron Hammer":19,"Replay:Bottled Flurry":20,"Red Mask":30,"Ring of the Snake":0,"testmod-Maize":9,"testmod-TestBox":0,"ReplayTheSpireMod:Ninjato":26,"testmod-TimeTraveler":34,"Golden Idol":4,"Blue Candle":0,"testmod-FatalChain":14,"Guide Book":14,"Oddly Smooth Stone":3,"Ring of Chaos":17,"Pen Nib":24,"testmod-ConstraintPeriapt":24,"Orichalcum":28,"White Beast Statue":36,"OrangePellets":24,"Strange Spoon":36,"CaptainsWheel":2,"Orrery":22,"Bottled Lightning":19,"FossilizedHelix":31,"ReplayTheSpireMod:ShopPack":2,"Meat on the Bone":10},{"TwistedFunnel":7,"Regal Pillow":19,"Vajra":5,"Blue Doll":3,"HalloweenModHalloween":0,"testmod-Nyarlathotep":5,"Whetstone":8,"testmod-RainbowHikingShoes":18,"Boot":19,"Replay:Rubber Ducky":3,"Frozen Eye":20,"Centennial Puzzle":20,"Replay:Bandana":20,"Matryoshka":1,"Chameleon Ring":9,"Mummified Hand":7,"Ninja Scroll":8,"Sundial":15,"Iron Hammer":7,"Replay:Bottled Flurry":7,"Red Mask":12,"Ring of the Snake":0,"testmod-Maize":3,"testmod-TestBox":0,"ReplayTheSpireMod:Ninjato":9,"testmod-TimeTraveler":14,"Golden Idol":1,"Blue Candle":0,"testmod-FatalChain":5,"Guide Book":5,"Oddly Smooth Stone":1,"Ring of Chaos":6,"Pen Nib":9,"testmod-ConstraintPeriapt":9,"Orichalcum":10,"White Beast Statue":15,"OrangePellets":9,"Strange Spoon":15,"CaptainsWheel":1,"Orrery":8,"Bottled Lightning":7,"FossilizedHelix":13,"ReplayTheSpireMod:ShopPack":1,"Meat on the Bone":3},{"TwistedFunnel":25,"Regal Pillow":41,"Vajra":16,"Blue Doll":10,"HalloweenModHalloween":0,"testmod-Nyarlathotep":16,"Whetstone":27,"testmod-RainbowHikingShoes":39,"Boot":41,"Replay:Rubber Ducky":10,"Frozen Eye":42,"Centennial Puzzle":42,"Replay:Bandana":42,"Matryoshka":5,"Chameleon Ring":29,"Mummified Hand":25,"Ninja Scroll":27,"Sundial":36,"Iron Hammer":25,"Replay:Bottled Flurry":25,"Red Mask":32,"Ring of the Snake":0,"testmod-Maize":10,"testmod-TestBox":0,"ReplayTheSpireMod:Ninjato":29,"testmod-TimeTraveler":35,"Golden Idol":5,"Blue Candle":0,"testmod-FatalChain":16,"Guide Book":16,"Oddly Smooth Stone":5,"Ring of Chaos":22,"Pen Nib":29,"testmod-ConstraintPeriapt":29,"Orichalcum":30,"White Beast Statue":36,"OrangePellets":29,"Strange Spoon":36,"CaptainsWheel":5,"Orrery":27,"Bottled Lightning":25,"FossilizedHelix":34,"ReplayTheSpireMod:ShopPack":5,"Meat on the Bone":10}],"Ring of the Snake":[42],"Meat on the Bone":0},"card_choices":[{"not_picked":["HalloweenModTrick","HalloweenModGhostCostume"],"picked":"HalloweenModCandy","floor":1},{"not_picked":["testmod-DisillusionmentEcho","ReplayTheSpireMod:Brewmster"],"picked":"testmod-Reflect","floor":2},{"not_picked":["Impatience","testmod-TradeIn"],"picked":"Flash of Steel","floor":2},{"not_picked":["HalloweenModGhostCostume","HalloweenModCandy"],"picked":"HalloweenModTrick","floor":6},{"not_picked":["HalloweenModTrick","HalloweenModCandy"],"picked":"HalloweenModGhostCostume","floor":7},{"not_picked":["HalloweenModGhostCostume","HalloweenModTrick","HalloweenModCandy"],"picked":"SKIP","floor":11},{"not_picked":["HalloweenModCandy","HalloweenModGhostCostume","HalloweenModTrick"],"picked":"SKIP","floor":12},{"not_picked":["HalloweenModTrick","HalloweenModCandy+1","HalloweenModGhostCostume"],"picked":"SKIP","floor":18},{"not_picked":["HalloweenModTrick","HalloweenModGhostCostume+1","HalloweenModCandy"],"picked":"SKIP","floor":21},{"not_picked":["Deflect+1","Hidden Blade"],"picked":"Toxin Wave","floor":22},{"not_picked":["PiercingWail+1","Outmaneuver"],"picked":"Finisher","floor":22},{"not_picked":["HalloweenModTrick","HalloweenModCandy","HalloweenModGhostCostume"],"picked":"SKIP","floor":23},{"not_picked":["HalloweenModGhostCostume","HalloweenModTrick+1","HalloweenModCandy"],"picked":"SKIP","floor":28},{"not_picked":["HalloweenModCandy+1","HalloweenModGhostCostume","HalloweenModTrick"],"picked":"SKIP","floor":29},{"not_picked":["HalloweenModTrick+1","HalloweenModCandy","HalloweenModGhostCostume+1"],"picked":"SKIP","floor":31},{"not_picked":["HalloweenModCandy","HalloweenModTrick","HalloweenModGhostCostume+1"],"picked":"SKIP","floor":35},{"not_picked":["HalloweenModGhostCostume","HalloweenModTrick","HalloweenModCandy"],"picked":"SKIP","floor":37},{"not_picked":["HalloweenModTrick+1","HalloweenModGhostCostume+1","HalloweenModCandy+1"],"picked":"SKIP","floor":39},{"not_picked":["HalloweenModCandy","HalloweenModTrick","HalloweenModGhostCostume+1"],"picked":"SKIP","floor":40},{"not_picked":["HalloweenModGhostCostume","HalloweenModCandy","HalloweenModTrick+1"],"picked":"SKIP","floor":42},{"not_picked":["HalloweenModGhostCostume+1","HalloweenModCandy","HalloweenModTrick"],"picked":"SKIP","floor":44}],"player_experience":131483,"relics_obtained":[{"floor":9,"key":"Blue Doll"},{"floor":9,"key":"testmod-Maize"},{"floor":12,"key":"testmod-Nyarlathotep"},{"floor":20,"key":"Mummified Hand"},{"floor":20,"key":"Replay:Bottled Flurry"},{"floor":23,"key":"Chameleon Ring"},{"floor":26,"key":"ReplayTheSpireMod:Ninjato"},{"floor":28,"key":"Orichalcum"},{"floor":30,"key":"Red Mask"},{"floor":31,"key":"FossilizedHelix"},{"floor":40,"key":"testmod-RainbowHikingShoes"},{"floor":42,"key":"Boot"},{"floor":43,"key":"Regal Pillow"}],"event_choices":[{"damage_healed":0,"gold_gain":0,"player_choice":"Success","damage_taken":3,"relics_obtained":["Oddly Smooth Stone"],"max_hp_gain":0,"max_hp_loss":0,"event_name":"Scrap Ooze","floor":3,"gold_loss":0},{"damage_healed":0,"gold_gain":0,"player_choice":"Take Damage","damage_taken":19,"relics_obtained":["Golden Idol"],"max_hp_gain":0,"max_hp_loss":0,"event_name":"Golden Idol","floor":4,"gold_loss":0},{"damage_healed":0,"gold_gain":0,"cards_transformed":["Strike_G"],"player_choice":"Transformed","damage_taken":0,"max_hp_gain":0,"max_hp_loss":0,"event_name":"Transmorgrifier","floor":5,"gold_loss":0,"cards_obtained":["Predator"]},{"damage_healed":0,"gold_gain":0,"player_choice":"Bought 2 Potions","damage_taken":0,"max_hp_gain":0,"max_hp_loss":0,"event_name":"The Woman in Blue","floor":13,"gold_loss":0},{"damage_healed":0,"gold_gain":0,"player_choice":"Fought Bandits","damage_taken":0,"max_hp_gain":0,"max_hp_loss":0,"event_name":"Masked Bandits","floor":30,"gold_loss":0},{"cards_removed":["Defend_G"],"damage_healed":0,"gold_gain":0,"player_choice":"Removed Skill","damage_taken":0,"max_hp_gain":0,"max_hp_loss":0,"event_name":"Falling","floor":38,"gold_loss":0},{"damage_healed":0,"gold_gain":0,"player_choice":"Took Portal","damage_taken":0,"max_hp_gain":0,"max_hp_loss":0,"event_name":"SecretPortal","floor":46,"gold_loss":0}],"is_beta":false,"boss_relics":[{"not_picked":["Ring of the Serpent","SlaversCollar"],"picked":"Ring of Chaos"},{"not_picked":["HoveringKite","Snecko Scales"],"picked":"testmod-TimeTraveler"}],"items_purged_floors":[2,10,14,19,22,24,36,45],"is_endless":false,"potions_floor_spawned":[7,11,21,28,29,33,37,39,40,42,44],"ascension_level":3}}