{"host":"5rnxi6rhaam60akk","time":1613799844,"event":{"mods":["2.2 Compatiblity","AchievementEnabler","BaseMod","Colored Map","Colored Powertips","Custom Start","Friendly Minions","Googly Eyes","Minty Spire (QoL Compilation)","Relic Sorter","Shop Mod","StSLib","everything is the same but u backflip on backflip"],"gold_per_floor":[113,123,176,176,186,221,238,266,266,277,288,317,331,357,357,457,457,473,563,578,290,290,290,324,324,324,324,336,366,366,376,376,486,498,520,532,555,567,590,637,649,687,722,764,822,864,335,360,360,360],"floor_reached":51,"language":"ENG","playtime":5071,"items_purged":[],"score":2132,"play_id":"deee2467-54db-4f7f-893d-0fe96376ce66","local_time":"20210219234404","daily_mods":["DeadlyEvents"],"is_ascension_mode":true,"campfire_choices":[{"data":"Biased Cognition","floor":15.0,"key":"SMITH"},{"floor":23.0,"key":"DIG"},{"floor":25.0,"key":"DIG"},{"floor":27.0,"key":"DIG"},{"floor":30.0,"key":"DIG"},{"floor":32.0,"key":"DIG"},{"floor":41.0,"key":"DIG"},{"floor":49,"key":"DIG"}],"circlet_count":0,"master_deck":["Rainbow+1","Rainbow+1","Fusion+1","Stack+1","Coolheaded+1","Coolheaded+1","Conserve Battery+1","Leap+1","Conserve Battery+1","Core Surge+1","Lockon+1","Barrage+1","Hologram+1","Hologram+1","Turbo+1","Fission+1","Defragment+1","Defragment+1","Capacitor+1","Capacitor+1","Electrodynamics+1","Loop+1","Self Repair+1","Buffer+1","Echo Form+1","Creative AI+1","Chill+1","BootSequence+1","Force Field+1","Glacier+1","Double Energy+1","Consume+1","Seek+1","Seek+1","Amplify+1","Recycle+1","Biased Cognition+1","Biased Cognition+1","CurseOfTheBell","Madness+1","Defragment+1","Defragment+1","Secret Technique+1","Discovery+1","Panacea+1"],"relics":["Cracked Core","HornCleat","Boot","Blood Vial","Eternal Feather","Shovel","Oddly Smooth Stone","Busted Crown","Strawberry","Toolbox","Symbiotic Virus","Toxic Egg 2","Frozen Egg 2","Matryoshka","Mummified Hand","Question Card","Regal Pillow","MawBank","Calling Bell","Tiny Chest","Cables","Lizard Tail","Kunai","The Courier","Lantern","Vajra","Whetstone","Singing Bowl","Bag of Preparation","DataDisk","Shuriken","Membership Card","Ancient Tea Set","Centennial Puzzle","Akabeko","Molten Egg 2","Blue Candle","Orichalcum"],"acts_visited":["Exordium","TheCity","TheBeyond"],"potions_floor_usage":[],"damage_taken":[{"damage":0.0,"enemies":"2 Louse","floor":1.0,"turns":4.0},{"damage":0.0,"enemies":"Jaw Worm","floor":2.0,"turns":3.0},{"damage":0.0,"enemies":"Cultist","floor":5.0,"turns":2.0},{"damage":0.0,"enemies":"3 Sentries","floor":6.0,"turns":4.0},{"damage":0.0,"enemies":"Looter","floor":7.0,"turns":2.0},{"damage":0.0,"enemies":"Lagavulin","floor":8.0,"turns":5.0},{"damage":0.0,"enemies":"Exordium Thugs","floor":10.0,"turns":4.0},{"damage":0.0,"enemies":"2 Fungi Beasts","floor":11.0,"turns":2.0},{"damage":0.0,"enemies":"Gremlin Nob","floor":12.0,"turns":2.0},{"damage":3.0,"enemies":"Large Slime","floor":13.0,"turns":5.0},{"damage":0.0,"enemies":"3 Sentries","floor":14.0,"turns":5.0},{"damage":0.0,"enemies":"Slime Boss","floor":16.0,"turns":5.0},{"damage":7.0,"enemies":"Spheric Guardian","floor":18.0,"turns":4.0},{"damage":0.0,"enemies":"Shell Parasite","floor":20.0,"turns":5.0},{"damage":0.0,"enemies":"Gremlin Leader","floor":24.0,"turns":5.0},{"damage":4.0,"enemies":"Snecko","floor":28.0,"turns":5.0},{"damage":0.0,"enemies":"Book of Stabbing","floor":29.0,"turns":4.0},{"damage":0.0,"enemies":"Chosen and Byrds","floor":31.0,"turns":3.0},{"damage":0.0,"enemies":"Champ","floor":33.0,"turns":5.0},{"damage":0.0,"enemies":"3 Darklings","floor":35.0,"turns":3.0},{"damage":0.0,"enemies":"Orb Walker","floor":37.0,"turns":4.0},{"damage":6.0,"enemies":"Maw","floor":39.0,"turns":5.0},{"damage":0.0,"enemies":"Nemesis","floor":40.0,"turns":7.0},{"damage":0.0,"enemies":"Giant Head","floor":42.0,"turns":7.0},{"damage":0.0,"enemies":"Reptomancer","floor":44.0,"turns":4.0},{"damage":0.0,"enemies":"Giant Head","floor":46.0,"turns":4.0},{"damage":0,"enemies":"Reptomancer","floor":48,"turns":4},{"damage":0,"enemies":"Donu and Deca","floor":50,"turns":5}],"seed_played":"6675502575425988861","potions_obtained":[{"floor":2.0,"key":"SneckoOil"},{"floor":5.0,"key":"Block Potion"},{"floor":6.0,"key":"Ancient Potion"},{"floor":24.0,"key":"Swift Potion"},{"floor":33.0,"key":"Energy Potion"},{"floor":38.0,"key":"ColorlessPotion"},{"floor":40.0,"key":"DistilledChaos"}],"is_trial":true,"path_per_floor":["M","M","?","?","M","E","M","E","T","M","M","E","M","E","R","B",null,"M","?","M","$","?","R","E","R","T","R","M","E","R","M","R","B",null,"M","?","M","?","M","E","R","E","T","E","T","E","$","E","R","B",null],"character_chosen":"DEFECT","items_purchased":["Strawberry","Toolbox","Membership Card","Secret Technique+1","Ancient Tea Set","Centennial Puzzle","Akabeko","Molten Egg 2","Discovery+1","Panacea+1"],"campfire_rested":0,"item_purchase_floors":[21,21,47,47,47,47,47,47,47,47],"current_hp_per_floor":[68,75,75,75,75,75,75,75,75,75,75,75,75,75,75,75,75,75,63,65,72,82,82,82,82,82,82,82,82,82,82,82,82,82,82,82,82,82,82,82,82,82,82,84,84,86,86,88,88,88],"gold":360,"neow_bonus":"","is_daily":false,"chose_seed":false,"campfire_upgraded":1,"win_rate":0.0,"timestamp":1613799844,"path_taken":["M","M","?","?","?","E","M","E","T","M","M","E","M","E","R","BOSS","M","?","?","$","?","R","E","R","T","R","?","E","R","M","R","BOSS","M","?","M","?","M","E","R","E","T","?","?","E","$","E","R","BOSS"],"items_purchased_type":["Relic","Relic","Relic","Card","Relic","Relic","Relic","Relic","Card","Card"],"build_version":"2020-12-22","purchased_purges":0,"victory":true,"max_hp_per_floor":[75,75,75,75,75,75,75,75,75,75,75,75,75,75,75,75,75,75,75,75,82,82,82,82,82,82,82,82,82,82,82,82,82,82,82,82,82,82,82,82,82,82,82,84,84,86,86,88,88,88],"card_choices":[{"not_picked":["Gash","Turbo","Sweeping Beam"],"picked":"SKIP","floor":1.0},{"not_picked":["Stack","Redo","Gash"],"picked":"SKIP","floor":2.0},{"not_picked":["BootSequence","Ball Lightning","Coolheaded"],"picked":"SKIP","floor":5.0},{"not_picked":["Glacier","Genetic Algorithm"],"picked":"Biased Cognition","floor":6.0},{"not_picked":["Recycle","Gash","Hologram"],"picked":"SKIP","floor":7.0},{"not_picked":["Compile Driver","Conserve Battery","Coolheaded"],"picked":"SKIP","floor":8.0},{"not_picked":["Cold Snap","Chaos","Darkness"],"picked":"SKIP","floor":10.0},{"not_picked":["Coolheaded","Compile Driver","Force Field"],"picked":"SKIP","floor":11.0},{"not_picked":["Ball Lightning","Leap","Gash"],"picked":"SKIP","floor":12.0},{"not_picked":["Hologram","Cold Snap","Self Repair"],"picked":"SKIP","floor":13.0},{"not_picked":["Tempest","Capacitor","Cold Snap"],"picked":"SKIP","floor":14.0},{"not_picked":["Sunder"],"picked":"SKIP","floor":18.0},{"not_picked":["Steam"],"picked":"SKIP","floor":20.0},{"not_picked":["Streamline"],"picked":"SKIP","floor":24.0},{"not_picked":["Steam Power+1"],"picked":"SKIP","floor":28.0},{"not_picked":["Tempest+1"],"picked":"SKIP","floor":29.0},{"not_picked":["Stack+1","Static Discharge+1"],"picked":"SKIP","floor":31.0},{"not_picked":["Meteor Strike"],"picked":"Biased Cognition+1","floor":33.0},{"not_picked":["Compile Driver","FTL+1"],"picked":"SKIP","floor":35.0},{"not_picked":["Finesse+1"],"picked":"Madness+1","floor":36.0},{"not_picked":["Go for the Eyes","Steam+1"],"picked":"SKIP","floor":37.0},{"not_picked":["Hologram+1","Undo+1"],"picked":"SKIP","floor":39.0},{"not_picked":["Barrage+1"],"picked":"Defragment+1","floor":40.0},{"not_picked":["Leap+1"],"picked":"Defragment+1","floor":42.0},{"not_picked":["Conserve Battery+1","Tempest+1"],"picked":"Singing Bowl","floor":44.0},{"not_picked":["Coolheaded+1","BootSequence+1"],"picked":"Singing Bowl","floor":46.0},{"not_picked":["Redo+1","Cold Snap+1"],"picked":"Singing Bowl","floor":48}],"player_experience":1385102,"relics_obtained":[{"floor":6.0,"key":"Boot"},{"floor":8.0,"key":"Blood Vial"},{"floor":9.0,"key":"Eternal Feather"},{"floor":12.0,"key":"Shovel"},{"floor":14.0,"key":"Oddly Smooth Stone"},{"floor":23.0,"key":"Symbiotic Virus"},{"floor":24.0,"key":"Toxic Egg 2"},{"floor":25.0,"key":"Frozen Egg 2"},{"floor":26.0,"key":"Matryoshka"},{"floor":27.0,"key":"Mummified Hand"},{"floor":29.0,"key":"Question Card"},{"floor":30.0,"key":"Regal Pillow"},{"floor":32.0,"key":"MawBank"},{"floor":34.0,"key":"Tiny Chest"},{"floor":34.0,"key":"Cables"},{"floor":34.0,"key":"Lizard Tail"},{"floor":40.0,"key":"Kunai"},{"floor":41.0,"key":"The Courier"},{"floor":42.0,"key":"Lantern"},{"floor":43.0,"key":"Vajra"},{"floor":43.0,"key":"Whetstone"},{"floor":44.0,"key":"Singing Bowl"},{"floor":45.0,"key":"Bag of Preparation"},{"floor":45.0,"key":"DataDisk"},{"floor":46.0,"key":"Shuriken"},{"floor":48,"key":"Blue Candle"},{"floor":49,"key":"Orichalcum"}],"event_choices":[{"damage_healed":0.0,"max_hp_gain":0.0,"max_hp_loss":0.0,"gold_gain":53.0,"event_name":"Golden Wing","player_choice":"Gained Gold","floor":3.0,"gold_loss":0.0,"damage_taken":0.0},{"damage_healed":0.0,"max_hp_gain":0.0,"max_hp_loss":0.0,"gold_gain":0.0,"event_name":"Upgrade Shrine","player_choice":"Ignored","floor":4.0,"gold_loss":0.0,"damage_taken":0.0},{"damage_healed":0.0,"max_hp_gain":0.0,"max_hp_loss":0.0,"gold_gain":90.0,"event_name":"Knowing Skull","player_choice":"GOLD ","floor":19.0,"potions_obtained":[],"gold_loss":0.0,"damage_taken":12.0,"cards_obtained":[]},{"damage_healed":27.0,"max_hp_gain":0.0,"max_hp_loss":0.0,"gold_gain":0.0,"event_name":"The Library","player_choice":"Heal","floor":22.0,"gold_loss":0.0,"damage_taken":0.0},{"damage_healed":0.0,"max_hp_gain":0.0,"max_hp_loss":0.0,"gold_gain":0.0,"event_name":"SensoryStone","player_choice":"Memory 1","floor":36.0,"gold_loss":0.0,"damage_taken":0.0},{"damage_healed":0.0,"max_hp_gain":0.0,"max_hp_loss":0.0,"gold_gain":0.0,"event_name":"Lab","player_choice":"Got Potions","floor":38.0,"gold_loss":0.0,"damage_taken":0.0}],"is_beta":false,"boss_relics":[{"not_picked":["Sozu","SlaversCollar"],"picked":"Busted Crown"},{"not_picked":["Cursed Key","Velvet Choker"],"picked":"Calling Bell"}],"items_purged_floors":[],"is_endless":false,"potions_floor_spawned":[2,5,6,10,11,13,18,24,31,33,40,46],"ascension_level":10}}