{"host":"19r1ww88x2tc73i0","time":1613840620,"event":{"mods":["BaseMod","BetterRewards","Colored Map","Minty Spire (QoL Compilation)","Relic Stats","StSLib","SuperFastMode","slay the spire mod where everything is the same but ironclad has a cowboy hat"],"gold_per_floor":[115,125,145,164,164,164,204,204,204,238,278,278,326,355,355,454,763,785,372,399,429,459,502,527,286,313,353,380,424,424,424,424,532,532,559,583,269,269,298,298,298,298,321,354,687,729,752,779,779,779,779,779,779,269,310,310],"floor_reached":57,"language":"ENG","playtime":2597,"items_purged":["Strike_G","Strike_G","Strike_G","Strike_G"],"score":4111,"play_id":"f96bee2d-e456-4d59-b3b8-d979f25f0f0d","local_time":"25640221000340","is_ascension_mode":true,"campfire_choices":[{"data":"Dagger Spray","floor":6.0,"key":"SMITH"},{"data":"Blade Dance","floor":12.0,"key":"SMITH"},{"data":"Footwork","floor":15.0,"key":"SMITH"},{"data":"Venomology","floor":30,"key":"SMITH"},{"data":"Leg Sweep","floor":32,"key":"SMITH"},{"data":"Terror","floor":40,"key":"SMITH"},{"data":"Neutralize","floor":42,"key":"SMITH"},{"floor":49,"key":"RECALL"},{"data":"PiercingWail","floor":53,"key":"SMITH"}],"circlet_count":0,"master_deck":["AscendersBane","Defend_G","Defend_G","Defend_G","Defend_G","Defend_G","Survivor","Neutralize+1","Terror+1","Footwork+1","Blade Dance+1","Dagger Spray+1","PiercingWail+1","Venomology+1","Deadly Poison","Deflect","Quick Slash","Slice","Die Die Die","Leg Sweep+1","A Thousand Cuts+1","CurseOfTheBell","Dodge and Roll","Infinite Blades+1","Crippling Poison+1","Finesse+1","Terror+1","Backflip+1","Adrenaline+1","Caltrops+1","Outmaneuver+1","PiercingWail+1","After Image+1","Backflip+1","Blade Dance+1","Phantasmal Killer+1","Heel Hook+1","Accuracy+1","Cloak And Dagger+1","Blade Dance+1","Footwork+1","Storm of Steel+1","Dodge and Roll+1","Outmaneuver+1","Panache+1","Dash+1","Backflip+1","Apotheosis+1","Bullet Time+1","Tactician+1","PiercingWail+1"],"relics":["Ring of the Snake","Kunai","Membership Card","Ninja Scroll","Bird Faced Urn","Frozen Egg 2","Matryoshka","Chemical X","HornCleat","Pen Nib","Ginger","Tiny Chest","Sling","Gremlin Horn","Ornamental Fan","Bottled Flame","Odd Mushroom","Bag of Preparation","CeramicFish","Calling Bell","Omamori","Mercury Hourglass","Old Coin","Toxic Egg 2","Sundial","Regal Pillow","Tingsha","Akabeko","Juzu Bracelet","Lizard Tail","Toy Ornithopter","Dead Branch","WristBlade","Anchor","Orrery","PreservedInsect","Dream Catcher","Centennial Puzzle","Bronze Scales","TungstenRod","OrangePellets","Nunchaku"],"acts_visited":["Exordium","TheCity","TheBeyond","TheEnding"],"potions_floor_usage":[21,22,22,23,27,29,35,39,50,50,51,55,55,55,56,56],"damage_taken":[{"damage":0.0,"enemies":"Cultist","floor":1.0,"turns":3.0},{"damage":2.0,"enemies":"2 Louse","floor":2.0,"turns":2.0},{"damage":0.0,"enemies":"Small Slimes","floor":3.0,"turns":2.0},{"damage":0.0,"enemies":"Blue Slaver","floor":4.0,"turns":2.0},{"damage":0.0,"enemies":"3 Sentries","floor":7.0,"turns":4.0},{"damage":0.0,"enemies":"The Mushroom Lair","floor":10.0,"turns":1.0},{"damage":0.0,"enemies":"Gremlin Nob","floor":11.0,"turns":3.0},{"damage":0.0,"enemies":"Lagavulin","floor":13.0,"turns":2.0},{"damage":0.0,"enemies":"3 Louse","floor":14.0,"turns":1.0},{"damage":15.0,"enemies":"The Guardian","floor":16.0,"turns":10.0},{"damage":0.0,"enemies":"2 Thieves","floor":18.0,"turns":3.0},{"damage":0,"enemies":"Spheric Guardian","floor":20,"turns":3},{"damage":8,"enemies":"Centurion and Healer","floor":21,"turns":4},{"damage":0,"enemies":"Shelled Parasite and Fungi","floor":22,"turns":5},{"damage":0,"enemies":"Slavers","floor":23,"turns":3},{"damage":0,"enemies":"Cultist and Chosen","floor":24,"turns":4},{"damage":4,"enemies":"Book of Stabbing","floor":27,"turns":3},{"damage":6,"enemies":"Chosen and Byrds","floor":28,"turns":5},{"damage":0,"enemies":"Slavers","floor":29,"turns":1},{"damage":3,"enemies":"Champ","floor":33,"turns":8},{"damage":0,"enemies":"3 Darklings","floor":35,"turns":1},{"damage":0,"enemies":"3 Shapes","floor":36,"turns":1},{"damage":0,"enemies":"Writhing Mass","floor":39,"turns":4},{"damage":0,"enemies":"Giant Head","floor":44,"turns":3},{"damage":0,"enemies":"Reptomancer","floor":46,"turns":1},{"damage":0,"enemies":"Nemesis","floor":48,"turns":5},{"damage":0,"enemies":"Awakened One","floor":50,"turns":4},{"damage":6,"enemies":"Time Eater","floor":51,"turns":10},{"damage":24,"enemies":"Shield and Spear","floor":55,"turns":3},{"damage":11,"enemies":"The Heart","floor":56,"turns":6}],"seed_played":"-4649402144674971089","potions_obtained":[{"floor":1.0,"key":"CunningPotion"},{"floor":2.0,"key":"Fire Potion"},{"floor":14.0,"key":"Regen Potion"},{"floor":16.0,"key":"CunningPotion"},{"floor":18.0,"key":"BlessingOfTheForge"},{"floor":27,"key":"Energy Potion"},{"floor":28,"key":"Energy Potion"},{"floor":44,"key":"Block Potion"},{"floor":48,"key":"DistilledChaos"},{"floor":55,"key":"AttackPotion"}],"is_trial":false,"path_per_floor":["M","M","M","M","?","R","E","?","T","?","E","R","E","M","R","B",null,"M","$","M","M","M","E","M","$","T","E","M","E","R","T","R","B",null,"M","M","$","?","M","R","?","R","T","E","?","E","T","E","R","B","B",null,"R","$","E","B",null],"character_chosen":"THE_SILENT","items_purchased":["Kunai","Terror","Footwork","Membership Card","Ninja Scroll","Bird Faced Urn","Frozen Egg 2","Matryoshka","Chemical X","HornCleat","Pen Nib","Ginger","Tiny Chest","Blade Dance","Sling","Toxic Egg 2","Infinite Blades+1","Sundial","Crippling Poison+1","Finesse+1","PiercingWail+1","Tingsha","Accuracy+1","Cloak And Dagger+1","Anchor","Orrery","Panache+1","TungstenRod","OrangePellets","Apotheosis+1","Bullet Time+1","Block Potion","Tactician+1"],"campfire_rested":0,"item_purchase_floors":[0,0,0,0,0,0,0,0,0,0,0,0,0,0,0,19,19,19,19,19,25,25,37,37,37,37,37,54,54,54,54,54,54],"current_hp_per_floor":[61,61,61,61,60,60,60,60,60,60,60,60,60,60,60,45,56,56,56,60,54,56,60,60,60,60,56,54,58,58,58,58,60,60,60,60,60,57,57,57,57,57,57,57,57,57,57,57,57,57,57,57,57,57,35,46],"gold":310,"neow_bonus":"","is_daily":false,"chose_seed":false,"campfire_upgraded":8,"win_rate":0.0,"timestamp":1613840620,"path_taken":["M","M","M","M","?","R","E","?","T","?","E","R","E","M","R","BOSS","M","$","M","M","M","E","M","$","T","E","M","E","R","?","R","BOSS","M","M","$","?","M","R","?","R","T","E","?","E","?","E","R","BOSS","BOSS","R","$","E","BOSS"],"items_purchased_type":["Relic","Card","Card","Relic","Relic","Relic","Relic","Relic","Relic","Relic","Relic","Relic","Relic","Card","Relic","Relic","Card","Relic","Card","Card","Card","Relic","Card","Card","Relic","Relic","Card","Relic","Relic","Card","Card","Potion","Card"],"build_version":"2020-12-22","purchased_purges":4,"victory":true,"max_hp_per_floor":[66,66,66,66,60,60,60,60,60,60,60,60,60,60,60,60,60,60,60,60,60,60,60,60,60,60,60,60,60,60,60,60,60,60,60,60,60,57,57,57,57,57,57,57,57,57,57,57,57,57,57,57,57,57,57,57],"relic_stats":{"Regal Pillow":0,"Gremlin Horn":[19,20],"CeramicFish":297,"Bag of Preparation":[0],"Juzu Bracelet":0,"Ginger":[21],"Lizard Tail":0,"Dream Catcher":0,"Centennial Puzzle":[9],"Nunchaku":[2],"Sundial":[0],"Tiny Chest":2,"Kunai":[93],"Chemical X":[5],"Ring of the Snake":[60],"counters":[79,349],"Dead Branch":[179],"Tingsha":[142],"Pen Nib":[38],"PreservedInsect":589,"Mercury Hourglass":[262],"OrangePellets":[3],"Ornamental Fan":[328],"Bird Faced Urn":[53],"Bronze Scales":[467],"obtain_stats":[{"Calipers":0,"Gremlin Horn":7,"CeramicFish":13,"Ginger":0,"Sling":0,"Old Coin":17,"Sozu":17,"Lizard Tail":27,"Centennial Puzzle":47,"HornCleat":0,"Sundial":19,"Strawberry":25,"Fusion Hammer":17,"Kunai":0,"Toxic Egg 2":0,"Dead Branch":31,"Oddly Smooth Stone":14,"Eternal Feather":28,"Tingsha":25,"Pen Nib":0,"Letter Opener":40,"Question Card":20,"Akabeko":26,"OrangePellets":54,"Bottled Flame":9,"Shuriken":11,"Bronze Scales":23,"Bird Faced Urn":0,"Ring of the Serpent":34,"Meat on the Bone":7,"Darkstone Periapt":11,"Lantern":47,"Regal Pillow":23,"Singing Bowl":9,"StoneCalendar":26,"Incense Burner":0,"Bag of Preparation":11,"Juzu Bracelet":26,"Dream Catcher":46,"Nunchaku":55,"Matryoshka":0,"WristBlade":34,"Ninja Scroll":0,"Tiny Chest":0,"Chemical X":0,"Ring of the Snake":0,"Lee\u0027s Waffle":21,"Golden Idol":5,"The Courier":9,"PreservedInsect":13,"Omamori":17,"Frozen Egg 2":0,"Odd Mushroom":10,"White Beast Statue":7,"Mercury Hourglass":17,"Calling Bell":17,"CaptainsWheel":9,"Anchor":37,"Ornamental Fan":55,"Orrery":37,"Ectoplasm":0,"Bag of Marbles":10,"Bottled Lightning":42,"Membership Card":0,"Toy Ornithopter":29,"TungstenRod":54},{"Calipers":10,"Gremlin Horn":54,"CeramicFish":57,"Ginger":49,"Sling":49,"Old Coin":59,"Sozu":18,"Lizard Tail":66,"Centennial Puzzle":74,"HornCleat":49,"Sundial":60,"Strawberry":36,"Fusion Hammer":32,"Kunai":49,"Toxic Egg 2":23,"Dead Branch":68,"Oddly Smooth Stone":17,"Eternal Feather":37,"Tingsha":65,"Pen Nib":49,"Letter Opener":42,"Question Card":33,"Akabeko":65,"OrangePellets":77,"Bottled Flame":54,"Shuriken":16,"Bronze Scales":35,"Bird Faced Urn":49,"Ring of the Serpent":39,"Meat on the Bone":6,"Darkstone Periapt":9,"Lantern":45,"Regal Pillow":64,"Singing Bowl":7,"StoneCalendar":36,"Incense Burner":10,"Bag of Preparation":56,"Juzu Bracelet":65,"Dream Catcher":74,"Nunchaku":78,"Matryoshka":49,"WristBlade":69,"Ninja Scroll":49,"Tiny Chest":49,"Chemical X":49,"Ring of the Snake":0,"Lee\u0027s Waffle":21,"Golden Idol":53,"The Courier":15,"PreservedInsect":30,"Omamori":59,"Frozen Egg 2":23,"Odd Mushroom":55,"White Beast Statue":27,"Mercury Hourglass":59,"Calling Bell":59,"CaptainsWheel":27,"Anchor":71,"Ornamental Fan":48,"Orrery":71,"Ectoplasm":0,"Bag of Marbles":28,"Bottled Lightning":43,"Membership Card":49,"Toy Ornithopter":68,"TungstenRod":77},{"Calipers":38,"Gremlin Horn":255,"CeramicFish":261,"Ginger":242,"Sling":242,"Old Coin":272,"Sozu":81,"Lizard Tail":297,"Centennial Puzzle":321,"HornCleat":242,"Sundial":275,"Strawberry":169,"Fusion Hammer":151,"Kunai":242,"Toxic Egg 2":108,"Dead Branch":303,"Oddly Smooth Stone":73,"Eternal Feather":174,"Tingsha":294,"Pen Nib":242,"Letter Opener":201,"Question Card":156,"Akabeko":294,"OrangePellets":340,"Bottled Flame":255,"Shuriken":68,"Bronze Scales":164,"Bird Faced Urn":242,"Ring of the Serpent":186,"Meat on the Bone":26,"Darkstone Periapt":35,"Lantern":214,"Regal Pillow":290,"Singing Bowl":28,"StoneCalendar":169,"Incense Burner":38,"Bag of Preparation":259,"Juzu Bracelet":294,"Dream Catcher":321,"Nunchaku":343,"Matryoshka":242,"WristBlade":311,"Ninja Scroll":242,"Tiny Chest":242,"Chemical X":242,"Ring of the Snake":0,"Lee\u0027s Waffle":95,"Golden Idol":251,"The Courier":60,"PreservedInsect":137,"Omamori":272,"Frozen Egg 2":108,"Odd Mushroom":256,"White Beast Statue":124,"Mercury Hourglass":272,"Calling Bell":272,"CaptainsWheel":124,"Anchor":313,"Ornamental Fan":233,"Orrery":313,"Ectoplasm":0,"Bag of Marbles":130,"Bottled Lightning":206,"Membership Card":242,"Toy Ornithopter":303,"TungstenRod":340}],"Toy Ornithopter":6,"TungstenRod":4},"card_choices":[{"not_picked":["Deflect","Dash"],"picked":"Dagger Spray","floor":1.0},{"not_picked":["Noxious Fumes+1","Masterful Stab"],"picked":"PiercingWail","floor":2.0},{"not_picked":["Blade Dance","Backflip"],"picked":"Venomology","floor":3.0},{"not_picked":["PiercingWail","Skewer"],"picked":"Deadly Poison","floor":4.0},{"not_picked":["Skewer","Slice"],"picked":"Deflect","floor":7.0},{"not_picked":["Deadly Poison","Underhanded Strike"],"picked":"Quick Slash","floor":10.0},{"not_picked":["Eviscerate","PiercingWail"],"picked":"Slice","floor":11.0},{"not_picked":["Backstab","Caltrops+1"],"picked":"Die Die Die","floor":13.0},{"not_picked":["Backflip","Noxious Fumes+1"],"picked":"Leg Sweep","floor":14.0},{"not_picked":["Die Die Die","Storm of Steel"],"picked":"A Thousand Cuts+1","floor":16.0},{"not_picked":["Expertise","Calculated Gamble"],"picked":"Dodge and Roll","floor":18.0},{"not_picked":["Escape Plan+1","Slice"],"picked":"Terror+1","floor":20},{"not_picked":["Dash","Deflect+1"],"picked":"Backflip+1","floor":21},{"not_picked":["Deflect+1","Riddle With Holes"],"picked":"Adrenaline+1","floor":22},{"not_picked":["Bane","Heel Hook"],"picked":"Caltrops+1","floor":23},{"not_picked":["Deadly Poison+1","Poisoned Stab"],"picked":"Outmaneuver+1","floor":24},{"not_picked":["Sucker Punch","Masterful Stab"],"picked":"After Image+1","floor":27},{"not_picked":["Leg Sweep+1","Setup+1"],"picked":"Backflip+1","floor":28},{"not_picked":["Burst+1","Underhanded Strike+1"],"picked":"Blade Dance+1","floor":29},{"not_picked":["Night Terror+1","Tools of the Trade+1"],"picked":"Phantasmal Killer+1","floor":33},{"not_picked":["Eviscerate","Deflect+1"],"picked":"Heel Hook+1","floor":35},{"not_picked":["Backflip+1","Dagger Throw","Dagger Spray"],"picked":"SKIP","floor":36},{"not_picked":["Well Laid Plans+1","Underhanded Strike"],"picked":"Blade Dance+1","floor":37},{"not_picked":["Heel Hook","Bane+1"],"picked":"Footwork+1","floor":37},{"not_picked":["Glass Knife","Corpse Explosion+1"],"picked":"Storm of Steel+1","floor":37},{"not_picked":["Blade Dance+1","Quick Slash+1"],"picked":"Dodge and Roll+1","floor":37},{"not_picked":["Bane","Flying Knee"],"picked":"Outmaneuver+1","floor":37},{"not_picked":["Prepared+1","Setup+1"],"picked":"Dash+1","floor":39},{"not_picked":["Sucker Punch","Tactician+1","Choke"],"picked":"SKIP","floor":44},{"not_picked":["Dagger Spray","Bane"],"picked":"Backflip+1","floor":46},{"not_picked":["Quick Slash+1","Skewer","Die Die Die"],"picked":"SKIP","floor":48},{"not_picked":["Dagger Throw","Bane"],"picked":"PiercingWail+1","floor":55}],"player_experience":1136942,"relics_obtained":[{"floor":7.0,"key":"Gremlin Horn"},{"floor":9.0,"key":"Ornamental Fan"},{"floor":9.0,"key":"Bottled Flame"},{"floor":10.0,"key":"Odd Mushroom"},{"floor":11.0,"key":"Bag of Preparation"},{"floor":13.0,"key":"CeramicFish"},{"floor":17.0,"key":"Omamori"},{"floor":17.0,"key":"Mercury Hourglass"},{"floor":17.0,"key":"Old Coin"},{"floor":23,"key":"Regal Pillow"},{"floor":26,"key":"Akabeko"},{"floor":26,"key":"Juzu Bracelet"},{"floor":27,"key":"Lizard Tail"},{"floor":29,"key":"Toy Ornithopter"},{"floor":31,"key":"Dead Branch"},{"floor":44,"key":"PreservedInsect"},{"floor":46,"key":"Dream Catcher"},{"floor":47,"key":"Centennial Puzzle"},{"floor":48,"key":"Bronze Scales"},{"floor":55,"key":"Nunchaku"}],"event_choices":[{"damage_healed":0.0,"max_hp_gain":0.0,"max_hp_loss":6.0,"gold_gain":0.0,"event_name":"Golden Idol","player_choice":"Lose Max HP","floor":5.0,"gold_loss":0.0,"damage_taken":0.0,"relics_obtained":["Golden Idol"]},{"damage_healed":0.0,"max_hp_gain":0.0,"max_hp_loss":0.0,"gold_gain":0.0,"event_name":"The Cleric","player_choice":"Leave","floor":8.0,"gold_loss":0.0,"damage_taken":0.0},{"damage_healed":0.0,"max_hp_gain":0.0,"max_hp_loss":0.0,"gold_gain":0.0,"event_name":"Mushrooms","player_choice":"Fought Mushrooms","floor":10.0,"gold_loss":0.0,"damage_taken":0.0},{"damage_healed":0,"gold_gain":0,"player_choice":"Max HP","damage_taken":0,"max_hp_gain":0,"max_hp_loss":3,"event_name":"Winding Halls","floor":38,"gold_loss":0},{"cards_removed":["Strike_G"],"damage_healed":0,"gold_gain":0,"player_choice":"Removed Attack","damage_taken":0,"max_hp_gain":0,"max_hp_loss":0,"event_name":"Falling","floor":41,"gold_loss":0},{"damage_healed":0,"gold_gain":333,"player_choice":"Gave Idol","damage_taken":0,"max_hp_gain":0,"max_hp_loss":0,"event_name":"The Moai Head","floor":45,"relics_lost":["Golden Idol"],"gold_loss":0}],"is_beta":false,"boss_relics":[{"not_picked":["Tiny House","Ring of the Serpent"],"picked":"Calling Bell"},{"not_picked":["Snecko Eye","SlaversCollar"],"picked":"WristBlade"}],"items_purged_floors":[19,25,37,54],"is_endless":false,"potions_floor_spawned":[1,2,10,14,16,18,20,27,28,33,44,48,55],"ascension_level":20}}