{"host":"fbdlh90rovbiajun","time":1613804955,"event":{"mods":["AchievementEnabler","BaseMod","Colored Map","Keyboard Shortcuts","Minty Spire (QoL Compilation)","SuperFastMode"],"gold_per_floor":[219,66,82,82,2,30,105,105,105,105,105,105],"floor_reached":11,"language":"KOR","playtime":189,"items_purged":[],"score":79,"play_id":"b1281f8e-6bf0-4033-bcbe-6037b14731c2","local_time":"20210220160915","is_ascension_mode":true,"campfire_choices":[{"data":"Eruption","floor":8,"key":"SMITH"},{"data":"MentalFortress","floor":10,"key":"SMITH"}],"circlet_count":0,"master_deck":["Strike_P","Strike_P","Strike_P","Strike_P","Defend_P","Defend_P","Defend_P","Defend_P","Eruption+1","Vigilance","Vengeance","MentalFortress+1"],"relics":["PureWater","Omamori","Molten Egg 2","Shovel","Yang"],"acts_visited":[],"potions_floor_usage":[],"damage_taken":[{"damage":0.0,"enemies":"2 Louse","floor":1.0,"turns":2.0},{"damage":19.0,"enemies":"Jaw Worm","floor":3.0,"turns":2.0},{"damage":32.0,"enemies":"Gremlin Nob","floor":6.0,"turns":4.0},{"damage":0,"enemies":"3 Sentries","floor":11,"turns":2}],"seed_played":"1590932783566154604","potions_obtained":[{"floor":3.0,"key":"Block Potion"},{"floor":6.0,"key":"GamblersBrew"}],"is_trial":false,"path_per_floor":["M","$","M","?","$","E","?","R","T","R","E"],"character_chosen":"WATCHER","items_purchased":["Omamori","MentalFortress"],"campfire_rested":0,"item_purchase_floors":[2,5],"current_hp_per_floor":[72,72,53,53,53,21,14,14,14,14,14,14],"gold":105,"neow_bonus":"HUNDRED_GOLD","is_daily":false,"chose_seed":false,"campfire_upgraded":2,"win_rate":0.0,"timestamp":1613804955,"path_taken":["M","$","M","?","$","E","?","R","T","R","E"],"items_purchased_type":["Relic","Card"],"build_version":"2020-12-22","purchased_purges":0,"victory":false,"max_hp_per_floor":[72,72,72,72,72,72,72,72,72,72,72,72],"card_choices":[{"not_picked":["ClearTheMind","WindmillStrike","ThirdEye"],"picked":"SKIP","floor":1.0},{"not_picked":["Protect","FlurryOfBlows"],"picked":"Vengeance","floor":3.0},{"not_picked":["ClearTheMind","Sanctity","PathToVictory"],"picked":"SKIP","floor":6.0}],"player_experience":106593,"relics_obtained":[{"floor":6.0,"key":"Shovel"},{"floor":9,"key":"Yang"}],"event_choices":[{"damage_healed":0.0,"max_hp_gain":0.0,"max_hp_loss":0.0,"gold_gain":0.0,"event_name":"Big Fish","player_choice":"Box","floor":4.0,"gold_loss":0.0,"damage_taken":0.0,"relics_obtained":["Molten Egg 2"],"cards_obtained":["Regret"]},{"damage_healed":0,"gold_gain":75,"player_choice":"Touch","damage_taken":7,"max_hp_gain":0,"max_hp_loss":0,"event_name":"FaceTrader","floor":7,"gold_loss":0}],"is_beta":false,"boss_relics":[],"items_purged_floors":[],"is_endless":false,"potions_floor_spawned":[3,6],"killed_by":"3 Sentries","ascension_level":3}}