{"host":"jzhosqkmc1ht3q4y","time":1613839046,"event":{"mods":["100% Spire Juice","Act Like it!","Arknights","BaseMod","Better Third Choice","Colored Map","Minty Spire (QoL Compilation)","Rare Cards Sparkle","StSLib","SuperFastMode"],"gold_per_floor":[118,128,144,69,69,108,108,146,146,146,167,205,225,240,240,363,363,387,312,333,432,450,450,494,508,508,508,508,408,408,436,436,534,534,554,554,554,566,591,591,624,624,624,624,624,624,638,650,650,650,650,650,89,120,120,120],"floor_reached":55,"language":"KOR","playtime":2609,"items_purged":["ats:Strike V","ats:Healing Drone"],"score":822,"play_id":"4f734f94-2fb9-4594-aecd-b1d45f38b6b1","local_time":"20210221013726","is_ascension_mode":true,"campfire_choices":[{"data":"ats:Closed Bolt Burst Fire","floor":7.0,"key":"SMITH"},{"data":"ats:Emotion Absorption","floor":10.0,"key":"SMITH"},{"data":"ats:Part Time Job","floor":15.0,"key":"SMITH"},{"data":"ats:Directed Diagnosis","floor":23.0,"key":"SMITH"},{"data":"ats:Healing Strengthening","floor":28.0,"key":"SMITH"},{"data":"ats:Roar Of Ursus","floor":30.0,"key":"SMITH"},{"data":"ats:Armor Crushing Shot","floor":32.0,"key":"SMITH"},{"data":"ats:Defend","floor":40,"key":"PURGE"},{"floor":45,"key":"RECALL"},{"data":"ats:Strike S","floor":49,"key":"PURGE"},{"floor":52,"key":"REST"}],"circlet_count":0,"master_deck":["ats:Armor Crushing Shot+1","ats:Defend","ats:Emotion Absorption+1","ats:Closed Bolt Burst Fire+1","ats:Part Time Job+1","ats:Guard Mode","ats:Roar Of Ursus+1","ats:Charging Defense","ats:Calcification","ats:Sword Rain+1","ats:Neurotoxin+1","ats:Thorns+1","ats:Chain Hook","ats:Healing Strengthening+1","ats:Composite Medical Shells+1","ats:Support Order+1","ats:Nebulous Foxfire","ats:Healing Drone","Chrysalis","ats:Neurotoxin","ats:Echo Reverb"],"relics":["ats:Sanity","NeowsBlessing","Bloody Idol","ats:Originium","Du-Vu Doll","Odd Mushroom","Gambling Chip","Lantern","Astrolabe","Peace Pipe","Pear","Meat on the Bone","Fusion Hammer","Anchor","Sundial","Mango","Boot"],"acts_visited":["Exordium","TheCity","TheBeyond","TheEnding"],"potions_floor_usage":[55,55],"damage_taken":[{"damage":0.0,"enemies":"Cultist","floor":1.0,"turns":1.0},{"damage":0.0,"enemies":"Jaw Worm","floor":2.0,"turns":2.0},{"damage":0.0,"enemies":"2 Louse","floor":3.0,"turns":1.0},{"damage":49.0,"enemies":"Lagavulin","floor":6.0,"turns":10.0},{"damage":17.0,"enemies":"The Mushroom Lair","floor":8.0,"turns":4.0},{"damage":11.0,"enemies":"Blue Slaver","floor":11.0,"turns":5.0},{"damage":32.0,"enemies":"Gremlin Nob","floor":12.0,"turns":5.0},{"damage":11.0,"enemies":"3 Louse","floor":13.0,"turns":14.0},{"damage":7.0,"enemies":"2 Fungi Beasts","floor":14.0,"turns":4.0},{"damage":126.0,"enemies":"Slime Boss","floor":16.0,"turns":25.0},{"damage":22.0,"enemies":"2 Thieves","floor":18.0,"turns":3.0},{"damage":24.0,"enemies":"Shell Parasite","floor":20.0,"turns":8.0},{"damage":46.0,"enemies":"Chosen and Byrds","floor":22.0,"turns":10.0},{"damage":28.0,"enemies":"Slavers","floor":24.0,"turns":5.0},{"damage":26.0,"enemies":"Snake Plant","floor":25.0,"turns":6.0},{"damage":53.0,"enemies":"Gremlin Leader","floor":31.0,"turns":8.0},{"damage":83.0,"enemies":"Automaton","floor":33.0,"turns":9.0},{"damage":9.0,"enemies":"Orb Walker","floor":35.0,"turns":6.0},{"damage":30,"enemies":"3 Darklings","floor":38,"turns":4},{"damage":60,"enemies":"Giant Head","floor":41,"turns":10},{"damage":34,"enemies":"Spire Growth","floor":47,"turns":6},{"damage":24,"enemies":"Jaw Worm Horde","floor":48,"turns":4},{"damage":139,"enemies":"Donu and Deca","floor":50,"turns":12},{"damage":185,"enemies":"Shield and Spear","floor":54,"turns":11},{"damage":197,"enemies":"The Heart","floor":55,"turns":8}],"seed_played":"4073138485164736578","potions_obtained":[{"floor":1.0,"key":"FairyPotion"},{"floor":3.0,"key":"ats:Burn Big Potion"},{"floor":6.0,"key":"Swift Potion"},{"floor":11.0,"key":"ats:Top Emergency Sanity Potion"},{"floor":13.0,"key":"PowerPotion"},{"floor":18.0,"key":"PowerPotion"},{"floor":24.0,"key":"EssenceOfSteel"},{"floor":25.0,"key":"ats:Emergency Sanity Potion"}],"is_trial":false,"path_per_floor":["M","M","M","$","?","E","R","?","T","R","M","E","M","M","R","B",null,"M","?","M","?","M","R","E","M","T","?","R","$","R","E","R","B",null,"M","?","?","M","T","R","E","?","T","?","R","$","M","M","R","B",null,"R","$","E","B"],"character_chosen":"DOCTOR_CLASS","items_purchased":["Chrysalis","Mango","ats:Neurotoxin"],"campfire_rested":1,"item_purchase_floors":[53,53,53],"current_hp_per_floor":[72,72,72,72,67,27,27,21,21,21,28,2,64,64,64,22,67,51,51,67,67,50,50,39,32,42,42,42,42,42,52,52,47,77,77,77,77,77,77,77,77,77,77,73,73,73,64,68,68,73,73,73,87,63,0,0],"gold":120,"neow_bonus":"THREE_ENEMY_KILL","is_daily":false,"chose_seed":false,"campfire_upgraded":7,"win_rate":0.0,"timestamp":1613839046,"path_taken":["M","M","?","$","?","E","R","?","T","R","M","E","M","M","R","BOSS","M","?","M","?","M","R","E","M","T","?","R","$","R","E","R","BOSS","M","?","?","?","?","R","E","?","T","?","R","?","?","M","R","BOSS","R","$","E","BOSS"],"items_purchased_type":["Card","Relic","Card"],"build_version":"2020-12-22","purchased_purges":2,"victory":false,"max_hp_per_floor":[72,72,72,72,67,67,67,67,67,67,67,67,67,67,67,67,67,67,67,67,67,67,67,67,67,77,77,77,77,77,77,77,77,77,77,77,77,77,77,77,77,77,77,73,73,73,73,73,73,73,73,73,87,87,87,87],"card_choices":[{"not_picked":["ats:Flame Of Heaven","ats:Assault Order"],"picked":"ats:Healing Drone","floor":1.0},{"not_picked":["ats:Assault Order","ats:Flexible Camouflage"],"picked":"ats:Closed Bolt Burst Fire","floor":2.0},{"not_picked":["ats:Absolute Focus","ats:Beaten Up"],"picked":"ats:Part Time Job","floor":3.0},{"not_picked":["ats:Literary Storm","ats:Guardian Obelisk","ats:Flexible Camouflage"],"picked":"SKIP","floor":6.0},{"not_picked":["ats:Automatic Cover","ats:Literary Storm"],"picked":"ats:Guard Mode","floor":8.0},{"not_picked":["ats:Ignite","ats:Sashimi Platter"],"picked":"ats:Roar Of Ursus","floor":11.0},{"not_picked":["ats:Poison Spread","ats:Cat Scratch"],"picked":"ats:Directed Diagnosis","floor":12.0},{"not_picked":["ats:Ignite","ats:Guard Mode","ats:Hammer On"],"picked":"SKIP","floor":13.0},{"not_picked":["ats:Absolute Focus","ats:Sashimi Platter"],"picked":"ats:Charging Defense","floor":14.0},{"not_picked":["ats:Wolf Pack","ats:Roar Of Ursus"],"picked":"ats:Calcification","floor":16.0},{"not_picked":["ats:Guard Mode","ats:Part Time Job","ats:Poison Spread"],"picked":"SKIP","floor":18.0},{"not_picked":["ats:Flexible Camouflage","ats:Sword Rain","ats:LN2 Cannon+1"],"picked":"SKIP","floor":20.0},{"not_picked":["ats:Collapsing Strike","ats:Soul Absorption"],"picked":"ats:Chain Hook","floor":22.0},{"not_picked":["ats:Blood Oath","ats:Flexible Camouflage","ats:Rat Pack"],"picked":"SKIP","floor":24.0},{"not_picked":["ats:Overload","ats:Shell Defense+1"],"picked":"ats:Healing Strengthening","floor":25.0},{"not_picked":["ats:Revitalization+1","ats:Magnetic Hammer"],"picked":"ats:Composite Medical Shells+1","floor":31.0},{"not_picked":["ats:Very Hot Blade+1","ats:Blood Oath"],"picked":"ats:Support Order+1","floor":35.0},{"not_picked":["ats:Very Hot Blade","ats:Revitalization+1","ats:Steam Pump+1"],"picked":"SKIP","floor":38},{"not_picked":["ats:Blood Oath+1","ats:Mental Burst+1"],"picked":"ats:Healing Strengthening","floor":41},{"not_picked":["ats:Explosion Area Strengthen","ats:Hammer On+1"],"picked":"ats:Healing Drone","floor":47},{"not_picked":["ats:Red Shift+1","ats:Poison Spread","ats:Blood Oath"],"picked":"SKIP","floor":48},{"not_picked":["ats:Powerful Strike+1","ats:Curse Doll"],"picked":"ats:Echo Reverb","floor":54}],"player_experience":791154,"relics_obtained":[{"floor":6.0,"key":"ats:Originium"},{"floor":6.0,"key":"Du-Vu Doll"},{"floor":8.0,"key":"Odd Mushroom"},{"floor":9.0,"key":"Gambling Chip"},{"floor":12.0,"key":"ats:Originium"},{"floor":12.0,"key":"Lantern"},{"floor":24.0,"key":"ats:Originium"},{"floor":24.0,"key":"Peace Pipe"},{"floor":26.0,"key":"Pear"},{"floor":31.0,"key":"ats:Originium"},{"floor":31.0,"key":"Meat on the Bone"},{"floor":39,"key":"Anchor"},{"floor":41,"key":"Sundial"},{"floor":54,"key":"Boot"}],"event_choices":[{"damage_healed":0.0,"max_hp_gain":0.0,"max_hp_loss":5.0,"gold_gain":0.0,"event_name":"Golden Idol","player_choice":"Lose Max HP","floor":5.0,"gold_loss":0.0,"damage_taken":0.0,"relics_obtained":["Golden Idol"]},{"damage_healed":0.0,"max_hp_gain":0.0,"max_hp_loss":0.0,"gold_gain":0.0,"event_name":"Mushrooms","player_choice":"Fought Mushrooms","floor":8.0,"gold_loss":0.0,"damage_taken":0.0},{"cards_removed":["ats:Strike C"],"damage_healed":0.0,"max_hp_gain":0.0,"max_hp_loss":0.0,"gold_gain":0.0,"event_name":"Beggar","player_choice":"Gave Gold","floor":19.0,"gold_loss":75.0,"damage_taken":0.0},{"damage_healed":0.0,"max_hp_gain":0.0,"max_hp_loss":0.0,"gold_gain":99.0,"event_name":"betterThird:BetterNest","player_choice":"Steal","floor":21.0,"gold_loss":0.0,"damage_taken":0.0},{"damage_healed":0.0,"max_hp_gain":0.0,"max_hp_loss":0.0,"gold_gain":0.0,"event_name":"Forgotten Altar","player_choice":"Gave Idol","floor":27.0,"relics_lost":["Golden Idol"],"gold_loss":0.0,"damage_taken":0.0,"relics_obtained":["Bloody Idol"]},{"damage_healed":0,"gold_gain":0,"player_choice":"Ignored","damage_taken":0,"max_hp_gain":0,"max_hp_loss":0,"event_name":"Mysterious Sphere","floor":36,"gold_loss":0},{"damage_healed":0,"gold_gain":0,"cards_transformed":["ats:Directed Diagnosis"],"player_choice":"Transformed","damage_taken":0,"max_hp_gain":0,"max_hp_loss":0,"event_name":"Transmorgrifier","floor":37,"gold_loss":0,"cards_obtained":["ats:Nebulous Foxfire"]},{"cards_removed":["ats:Healing Strengthening"],"damage_healed":0,"gold_gain":0,"player_choice":"Removed Power","damage_taken":0,"max_hp_gain":0,"max_hp_loss":0,"event_name":"Falling","floor":42,"gold_loss":0},{"damage_healed":0,"gold_gain":0,"player_choice":"Max HP","damage_taken":0,"max_hp_gain":0,"max_hp_loss":4,"event_name":"Winding Halls","floor":44,"gold_loss":0}],"is_beta":false,"boss_relics":[{"not_picked":["Velvet Choker","Empty Cage"],"picked":"Astrolabe"},{"not_picked":["Philosopher\u0027s Stone","ats:Sanity Plus"],"picked":"Fusion Hammer"}],"items_purged_floors":[4,29],"is_endless":false,"potions_floor_spawned":[1,3,6,11,13,14,18,22,24,25,48],"killed_by":"The Heart","ascension_level":3}}