{"host":"t0bo9kmlst92gdfh","time":1613861805,"event":{"mods":["BaseMod","Block Reminder","Colored Powertips","DeckTracker","Jorbs\u0027s Wanderer Trilogy","Minty Spire (QoL Compilation)","Relic Stats","StSLib"],"gold_per_floor":[110,128,146,146,1,36,36,69,69,69,99,99,128,141,141,241,241,254,268,285,299,299,299,334,334,334,359,376,395,415,429,429,532,532,546,565,565,443,83,112,112,139,164,164,213,213,232,261,261,261],"floor_reached":51,"language":"ENG","playtime":2777,"items_purged":["Defend_R"],"score":820,"play_id":"bd6d271d-7395-4011-a2ce-952a1a9d9bd3","local_time":"20210220145645","is_ascension_mode":false,"campfire_choices":[{"data":"Flex","floor":10,"key":"SMITH"},{"data":"Heavy Blade","floor":12,"key":"SMITH"},{"data":"Infernal Blade","floor":15,"key":"SMITH"},{"data":"Searing Blow","floor":23,"key":"SMITH"},{"data":"Searing Blow+1","floor":32,"key":"SMITH"},{"data":"Searing Blow+3","floor":49,"key":"SMITH"}],"circlet_count":0,"master_deck":["Strike_R+1","Strike_R+1","Strike_R+1","Strike_R+1","Strike_R+1","Defend_R+1","Defend_R+1","Defend_R+1","Bash+1","Heavy Blade+1","Infernal Blade+1","Heavy Blade+1","Flex+1","Sword Boomerang+1","Pommel Strike+1","Searing Blow+4","Shockwave+1","Infernal Blade+1","Inflame+1","Flex+1","Anger+1","Flex+1","Thunderclap+1","Clothesline+1","Limit Break+1","Perfected Strike+1","Thunderclap+1","Flex+1","Pummel+1","Flex+1","Bandage Up+1","Mind Blast+1","Hemokinesis+1","Cleave+1"],"relics":["Black Blood","Brimstone","Meat on the Bone","Bag of Preparation","Kunai","Odd Mushroom","Lantern","Coffee Dripper","Molten Egg 2","Paper Frog","Nilry\u0027s Codex","HornCleat","Sundial","Bag of Marbles","Anchor","Eternal Feather","Juzu Bracelet","Mark of the Bloom","Pocketwatch","Centennial Puzzle"],"acts_visited":["Exordium","TheCity","TheBeyond"],"potions_floor_usage":[11,16,28,33,50],"damage_taken":[{"damage":3,"enemies":"2 Louse","floor":1,"turns":3},{"damage":1,"enemies":"Jaw Worm","floor":2,"turns":4},{"damage":1,"enemies":"Cultist","floor":3,"turns":3},{"damage":11,"enemies":"3 Sentries","floor":6,"turns":4},{"damage":16,"enemies":"Gremlin Nob","floor":8,"turns":3},{"damage":10,"enemies":"The Mushroom Lair","floor":11,"turns":3},{"damage":16,"enemies":"3 Sentries","floor":13,"turns":4},{"damage":11,"enemies":"Looter","floor":14,"turns":2},{"damage":55,"enemies":"The Guardian","floor":16,"turns":6},{"damage":19,"enemies":"2 Thieves","floor":18,"turns":3},{"damage":6,"enemies":"Chosen","floor":19,"turns":3},{"damage":0,"enemies":"Snecko","floor":20,"turns":2},{"damage":18,"enemies":"Cultist and Chosen","floor":21,"turns":3},{"damage":24,"enemies":"Slavers","floor":24,"turns":4},{"damage":10,"enemies":"Book of Stabbing","floor":27,"turns":2},{"damage":3,"enemies":"Snake Plant","floor":28,"turns":3},{"damage":8,"enemies":"Chosen and Byrds","floor":29,"turns":3},{"damage":0,"enemies":"Snecko","floor":30,"turns":2},{"damage":0,"enemies":"Shelled Parasite and Fungi","floor":31,"turns":2},{"damage":28,"enemies":"Champ","floor":33,"turns":5},{"damage":26,"enemies":"3 Shapes","floor":35,"turns":3},{"damage":6,"enemies":"Orb Walker","floor":36,"turns":2},{"damage":13,"enemies":"Giant Head","floor":40,"turns":5},{"damage":11,"enemies":"Nemesis","floor":42,"turns":3},{"damage":0,"enemies":"2 Orb Walkers","floor":45,"turns":2},{"damage":0,"enemies":"Sphere and 2 Shapes","floor":47,"turns":2},{"damage":4,"enemies":"Giant Head","floor":48,"turns":2},{"damage":52,"enemies":"Donu and Deca","floor":50,"turns":4}],"seed_played":"8008076619370397643","potions_obtained":[{"floor":2,"key":"SneckoOil"},{"floor":6,"key":"HeartOfIron"},{"floor":8,"key":"SpeedPotion"},{"floor":13,"key":"LiquidBronze"},{"floor":14,"key":"AttackPotion"},{"floor":19,"key":"EssenceOfSteel"},{"floor":24,"key":"Weak Potion"},{"floor":28,"key":"DistilledChaos"},{"floor":29,"key":"Block Potion"},{"floor":30,"key":"BlessingOfTheForge"},{"floor":31,"key":"FairyPotion"},{"floor":36,"key":"Regen Potion"},{"floor":42,"key":"DistilledChaos"}],"is_trial":false,"path_per_floor":["M","M","M","?","$","E","$","E","T","R","?","R","E","M","R","B",null,"M","M","M","M","?","R","E","?","T","E","M","M","M","M","R","B",null,"M","M","?","$","$","E","?","E","T","?","?","?","M","E","R","B",null],"character_chosen":"IRONCLAD","items_purchased":["Brimstone","Flex","Bag of Marbles","Pummel+1","Flex","Bandage Up"],"campfire_rested":0,"item_purchase_floors":[5,38,39,39,39,39],"current_hp_per_floor":[80,80,80,80,80,75,75,65,65,65,61,61,51,58,58,21,80,67,67,73,61,61,61,55,39,39,47,50,48,54,60,60,50,80,66,72,72,72,72,75,75,76,76,76,76,76,76,72,72,20],"gold":261,"neow_bonus":"UPGRADE_CARD","is_daily":false,"chose_seed":false,"campfire_upgraded":6,"win_rate":0.0,"timestamp":1613861805,"path_taken":["M","M","M","?","$","E","$","E","T","R","?","R","E","M","R","BOSS","M","M","M","M","?","R","E","?","T","E","M","M","M","M","R","BOSS","M","M","?","?","$","E","?","E","T","?","?","?","M","E","R","BOSS"],"items_purchased_type":["Relic","Card","Relic","Card","Card","Card"],"build_version":"2020-12-22","purchased_purges":1,"victory":true,"max_hp_per_floor":[80,80,80,80,80,80,80,80,80,80,80,80,80,80,80,80,80,80,80,80,80,80,80,80,80,80,80,80,80,80,80,80,80,80,80,80,80,80,80,80,80,80,80,80,80,76,76,76,76,76],"relic_stats":{"Mark of the Bloom":90,"Centennial Puzzle":[3],"counters":[28,87],"Sundial":[0],"Black Blood":155,"Eternal Feather":0,"Bag of Preparation":[46],"Juzu Bracelet":1,"Kunai":[31],"obtain_stats":[{"Lantern":13,"Mark of the Bloom":44,"Nilry\u0027s Codex":25,"Black Blood":34,"Eternal Feather":42,"Bag of Preparation":8,"Juzu Bracelet":43,"Odd Mushroom":11,"Burning Blood":0,"Anchor":40,"Centennial Puzzle":48,"HornCleat":26,"Brimstone":5,"Sundial":27,"Molten Egg 2":22,"Coffee Dripper":17,"Bag of Marbles":39,"Kunai":9,"Meat on the Bone":6,"Paper Frog":24,"Pocketwatch":45},{"Lantern":7,"Mark of the Bloom":24,"Nilry\u0027s Codex":14,"Black Blood":20,"Eternal Feather":24,"Bag of Preparation":5,"Juzu Bracelet":24,"Odd Mushroom":6,"Burning Blood":0,"Anchor":23,"Centennial Puzzle":27,"HornCleat":14,"Brimstone":3,"Sundial":15,"Molten Egg 2":13,"Coffee Dripper":9,"Bag of Marbles":22,"Kunai":5,"Meat on the Bone":4,"Paper Frog":14,"Pocketwatch":25},{"Lantern":24,"Mark of the Bloom":77,"Nilry\u0027s Codex":47,"Black Blood":64,"Eternal Feather":77,"Bag of Preparation":17,"Juzu Bracelet":77,"Odd Mushroom":20,"Burning Blood":0,"Anchor":74,"Centennial Puzzle":83,"HornCleat":47,"Brimstone":10,"Sundial":49,"Molten Egg 2":43,"Coffee Dripper":32,"Bag of Marbles":69,"Kunai":17,"Meat on the Bone":14,"Paper Frog":47,"Pocketwatch":79}],"Meat on the Bone":60,"Pocketwatch":[0]},"card_choices":[{"not_picked":["Iron Wave","Sword Boomerang"],"picked":"Heavy Blade","floor":1},{"not_picked":["Clash","Cleave"],"picked":"Infernal Blade","floor":2},{"not_picked":["Hemokinesis","Blood for Blood"],"picked":"Heavy Blade","floor":3},{"not_picked":["Headbutt","Dual Wield","Burning Pact"],"picked":"SKIP","floor":6},{"not_picked":["Body Slam","Dark Embrace"],"picked":"Flex","floor":8},{"not_picked":["Armaments","Reaper"],"picked":"Sword Boomerang","floor":11},{"not_picked":["Feel No Pain","Shockwave"],"picked":"Pommel Strike","floor":13},{"not_picked":["Rage","Armaments"],"picked":"Searing Blow","floor":14},{"not_picked":["Headbutt+1","Warcry"],"picked":"Shockwave","floor":18},{"not_picked":["Flame Barrier","Thunderclap"],"picked":"Infernal Blade+1","floor":19},{"not_picked":["True Grit","Wild Strike+1"],"picked":"Inflame+1","floor":20},{"not_picked":["Combust","Wild Strike","Armaments"],"picked":"SKIP","floor":21},{"not_picked":["Fiend Fire+1","Sword Boomerang+1"],"picked":"Flex","floor":24},{"not_picked":["Fire Breathing","Headbutt+1"],"picked":"Anger+1","floor":27},{"not_picked":["True Grit","Disarm","Battle Trance"],"picked":"SKIP","floor":28},{"not_picked":["Whirlwind+1","Headbutt+1"],"picked":"Flex","floor":29},{"not_picked":["Heavy Blade+1","Clash+1"],"picked":"Thunderclap+1","floor":30},{"not_picked":["Fiend Fire+1","Entrench"],"picked":"Clothesline+1","floor":31},{"not_picked":["Fiend Fire+1","Demon Form"],"picked":"Limit Break","floor":33},{"not_picked":["Pommel Strike+1","True Grit"],"picked":"Perfected Strike+1","floor":35},{"not_picked":["Burning Pact+1","Wild Strike+1"],"picked":"Thunderclap+1","floor":36},{"not_picked":["Shrug It Off","Iron Wave+1","Blood for Blood+1"],"picked":"SKIP","floor":40},{"not_picked":["Dramatic Entrance+1","PanicButton"],"picked":"Mind Blast+1","floor":41},{"not_picked":["Wild Strike+1","Disarm","Dropkick+1"],"picked":"SKIP","floor":42},{"not_picked":["Warcry+1","Entrench"],"picked":"Hemokinesis+1","floor":47},{"not_picked":["Berserk","Pommel Strike+1"],"picked":"Cleave+1","floor":48}],"player_experience":41064,"relics_obtained":[{"floor":6,"key":"Meat on the Bone"},{"floor":8,"key":"Bag of Preparation"},{"floor":9,"key":"Kunai"},{"floor":11,"key":"Odd Mushroom"},{"floor":13,"key":"Lantern"},{"floor":24,"key":"Paper Frog"},{"floor":25,"key":"Nilry\u0027s Codex"},{"floor":26,"key":"HornCleat"},{"floor":27,"key":"Sundial"},{"floor":40,"key":"Anchor"},{"floor":42,"key":"Eternal Feather"},{"floor":43,"key":"Juzu Bracelet"},{"floor":45,"key":"Pocketwatch"},{"floor":48,"key":"Centennial Puzzle"}],"event_choices":[{"damage_healed":0,"gold_gain":0,"player_choice":"Ignored","damage_taken":0,"max_hp_gain":0,"max_hp_loss":0,"event_name":"Liars Game","floor":4,"gold_loss":0},{"damage_healed":0,"gold_gain":0,"player_choice":"Fought Mushrooms","damage_taken":0,"max_hp_gain":0,"max_hp_loss":0,"event_name":"Mushrooms","floor":11,"gold_loss":0},{"damage_healed":0,"gold_gain":0,"player_choice":"Opened","damage_taken":0,"relics_obtained":["Molten Egg 2"],"max_hp_gain":0,"max_hp_loss":0,"event_name":"The Mausoleum","floor":22,"gold_loss":0},{"damage_healed":0,"gold_gain":0,"player_choice":"Obtained Book","damage_taken":16,"max_hp_gain":0,"max_hp_loss":0,"event_name":"Cursed Tome","floor":25,"gold_loss":0},{"damage_healed":0,"gold_gain":0,"player_choice":"Upgraded","damage_taken":0,"max_hp_gain":0,"max_hp_loss":0,"event_name":"Upgrade Shrine","floor":37,"gold_loss":0,"cards_upgraded":["Limit Break"]},{"damage_healed":0,"gold_gain":0,"player_choice":"Memory 1","damage_taken":0,"max_hp_gain":0,"max_hp_loss":0,"event_name":"SensoryStone","floor":41,"gold_loss":0},{"damage_healed":0,"gold_gain":0,"player_choice":"Upgrade","damage_taken":0,"relics_obtained":["Mark of the Bloom"],"max_hp_gain":0,"max_hp_loss":0,"event_name":"MindBloom","floor":44,"gold_loss":0,"cards_upgraded":["Strike_R","Strike_R","Strike_R","Strike_R","Defend_R","Defend_R","Defend_R","Bash","Heavy Blade","Sword Boomerang","Pommel Strike","Searing Blow","Shockwave","Flex","Flex","Flex","Flex","Bandage Up"]},{"damage_healed":0,"gold_gain":0,"player_choice":"Fight","damage_taken":0,"max_hp_gain":0,"max_hp_loss":0,"event_name":"Mysterious Sphere","floor":45,"gold_loss":0},{"damage_healed":0,"gold_gain":0,"player_choice":"Max HP","damage_taken":0,"max_hp_gain":0,"max_hp_loss":4,"event_name":"Winding Halls","floor":46,"gold_loss":0}],"is_beta":false,"boss_relics":[{"not_picked":["SlaversCollar","Fusion Hammer"],"picked":"Coffee Dripper"},{"not_picked":["Philosopher\u0027s Stone","Astrolabe"],"picked":"Black Blood"}],"items_purged_floors":[38],"is_endless":false,"potions_floor_spawned":[2,6,8,13,14,19,24,28,29,30,31,36,40,42],"ascension_level":0}}