{"host":"7cp3z5w0tcrrm8ys","time":1613798580,"event":{"mods":["AchievementEnabler","BaseMod","DeckTracker","Minty Spire (QoL Compilation)","StSLib","SuperFastMode"],"gold_per_floor":[117,117,267,27,41,70,70,83,83,83,110,51,51,71,71,71,71],"floor_reached":16,"language":"KOR","playtime":323,"items_purged":["Doubt"],"score":266,"play_id":"49f66978-c6f7-4b5c-a01d-dbd8575b941d","local_time":"20210220142300","is_ascension_mode":true,"campfire_choices":[{"data":"Carnage","floor":7.0,"key":"SMITH"},{"data":"Perfected Strike","floor":13,"key":"SMITH"},{"data":"Armaments","floor":15,"key":"SMITH"}],"circlet_count":0,"master_deck":["AscendersBane","Strike_R","Strike_R","Strike_R","Strike_R","Strike_R","Defend_R","Defend_R","Defend_R","Defend_R","Bash","Perfected Strike+1","Carnage+1","Armaments+1","Twin Strike","Second Wind+1","Wild Strike"],"relics":["Burning Blood","NeowsBlessing","StoneCalendar","Sling","PreservedInsect","Toxic Egg 2","Strawberry","Potion Belt"],"acts_visited":["Exordium"],"potions_floor_usage":[11,16],"damage_taken":[{"damage":0.0,"enemies":"2 Louse","floor":1.0,"turns":1.0},{"damage":0.0,"enemies":"Jaw Worm","floor":5.0,"turns":1.0},{"damage":0.0,"enemies":"3 Sentries","floor":6.0,"turns":2.0},{"damage":1.0,"enemies":"Small Slimes","floor":8.0,"turns":4.0},{"damage":6,"enemies":"Gremlin Nob","floor":11,"turns":3},{"damage":17,"enemies":"Gremlin Gang","floor":14,"turns":5},{"damage":31,"enemies":"Hexaghost","floor":16,"turns":7}],"seed_played":"6475037057476547777","potions_obtained":[{"floor":5.0,"key":"Weak Potion"},{"floor":8,"key":"ColorlessPotion"},{"floor":14,"key":"LiquidMemories"}],"is_trial":false,"path_per_floor":["M","?","?","$","M","E","R","M","T","?","E","?","R","M","R","B"],"character_chosen":"IRONCLAD","items_purchased":["Sling"],"campfire_rested":0,"item_purchase_floors":[4],"current_hp_per_floor":[74,18,18,18,24,30,30,35,35,35,42,42,42,31,31,0,0],"gold":71,"neow_bonus":"THREE_ENEMY_KILL","is_daily":false,"chose_seed":false,"campfire_upgraded":3,"win_rate":0.0,"timestamp":1613798580,"path_taken":["M","?","?","$","M","E","R","M","T","?","E","?","R","M","R","BOSS"],"items_purchased_type":["Relic"],"build_version":"2020-12-22","purchased_purges":1,"victory":false,"max_hp_per_floor":[75,75,75,75,75,75,75,75,75,75,82,82,82,82,82,82,82],"card_choices":[{"not_picked":["Armaments","Feel No Pain"],"picked":"Perfected Strike","floor":1.0},{"not_picked":["Feel No Pain","Dual Wield"],"picked":"Carnage","floor":5.0},{"not_picked":["Warcry","Reckless Charge"],"picked":"Armaments","floor":6.0},{"not_picked":["Wild Strike","Flex"],"picked":"Twin Strike","floor":8},{"not_picked":["Perfected Strike","Pommel Strike"],"picked":"Second Wind+1","floor":11},{"not_picked":["Clash","Anger"],"picked":"Wild Strike","floor":14}],"player_experience":828703,"relics_obtained":[{"floor":6.0,"key":"PreservedInsect"},{"floor":9,"key":"Toxic Egg 2"},{"floor":11,"key":"Strawberry"}],"event_choices":[{"damage_healed":0.0,"max_hp_gain":0.0,"max_hp_loss":0.0,"gold_gain":0.0,"event_name":"Scrap Ooze","player_choice":"Success","floor":2.0,"gold_loss":0.0,"damage_taken":56.0,"relics_obtained":["StoneCalendar"]},{"damage_healed":0.0,"max_hp_gain":0.0,"max_hp_loss":0.0,"gold_gain":150.0,"event_name":"Liars Game","player_choice":"AGREE","floor":3.0,"gold_loss":0.0,"damage_taken":0.0,"cards_obtained":["Doubt"]},{"damage_healed":0,"gold_gain":0,"player_choice":"Ignored","damage_taken":0,"max_hp_gain":0,"max_hp_loss":0,"event_name":"Shining Light","floor":10,"gold_loss":0},{"damage_healed":0,"gold_gain":0,"player_choice":"Paid Gold","damage_taken":0,"relics_obtained":["Potion Belt"],"max_hp_gain":0,"max_hp_loss":0,"event_name":"WeMeetAgain","floor":12,"gold_loss":59}],"is_beta":false,"boss_relics":[],"items_purged_floors":[4],"is_endless":false,"potions_floor_spawned":[5,8,14],"killed_by":"Hexaghost","ascension_level":20}}