{"host":"ju66gn9zov5ov15o","time":1613809544,"event":{"mods":["100% Spire Juice","2.2 Compatiblity","Act Like it!","Aspiration","BaseMod","Conspire","Downfall","GifTheSpireLib","Hubris","Lobotomy","LobotomyExtend","Marisa????????","Minty Spire (QoL Compilation)","Pale of the Ancients","Rare Cards Sparkle","Relic Stats","Ruina","Shapeshifter Mod","StSLib","The Alterego","The Animator"],"gold_per_floor":[112,132,132,134,153,153,173,187,238,28,28,28,42,42,42,133,133,148,148,148,148,166,166,170,252,252,270,296,310,310,310,310],"floor_reached":31,"language":"ENG","playtime":1718,"items_purged":["hubris:Sloth"],"score":282,"play_id":"37841040-43f5-434d-afda-584e70ab979f","local_time":"20210220092544","is_ascension_mode":false,"campfire_choices":[],"circlet_count":0,"master_deck":["SpecialBullet","SpecialBullet","SpecialBullet","SpecialBullet","SpecialBullet","SpecialBullet","SecurityCode","WelfareCode","DisciplinaryCode","Loneliness","ShedSkin","Freischutz","Heaven","QueenBee","Penitence","InTheNameOfLoveAndHate","OldLady","Gaze","Justitia+1","InformationCode","Regret","GoldRush+1","CurseOfTheBell","WristCuter","CENSORED","Wingbeat+1"],"relics":["CogitoBucket","LetterFromLob","hubris:DeckOfHolding","Bag of Marbles","FleshIdol","Dream Catcher","Tiny Chest","Calling Bell","Strawberry","InkBottle","hubris:Towel","ruina:PrescriptsGrace","AspirationHeart","Pantograph","MealTicket","Whetstone"],"acts_visited":["Exordium","ruina:Briah"],"potions_floor_usage":[7,16,16,16,31],"damage_taken":[{"damage":0,"enemies":"Small Slimes","floor":1,"turns":5},{"damage":0,"enemies":"Cultist","floor":2,"turns":4},{"damage":11,"enemies":"Jaw Worm","floor":4,"turns":2},{"damage":0,"enemies":"3 Louse","floor":5,"turns":1},{"damage":19,"enemies":"Lagavulin","floor":7,"turns":5},{"damage":11,"enemies":"Large Slime","floor":8,"turns":4},{"damage":2,"enemies":"Blue Slaver","floor":13,"turns":4},{"damage":22,"enemies":"The Guardian","floor":16,"turns":15},{"damage":33,"enemies":"ruina:Nosferatu","floor":18,"turns":4},{"damage":28,"enemies":"ruina:2_Scarecrows","floor":22,"turns":5},{"damage":47,"enemies":"ruina:KnightOfDespair","floor":24,"turns":5},{"damage":72,"enemies":"ruina:Woodsman","floor":27,"turns":4},{"damage":46,"enemies":"ruina:RoadHome","floor":28,"turns":6},{"damage":12,"enemies":"ruina:3_Scarecrows","floor":29,"turns":7},{"damage":5,"enemies":"ruina:KingOfGreed","floor":31,"turns":2}],"seed_played":"-626599665751863909","potions_obtained":[{"floor":1,"key":"sneckomod:MuddlingPotion"},{"floor":5,"key":"hexamod:SoulburnPotion"},{"floor":8,"key":"PowerPotion"},{"floor":13,"key":"champ:CounterPotion"},{"floor":16,"key":"Fruit Juice"},{"floor":24,"key":"FairyPotion"},{"floor":28,"key":"hexamod:SoulburnPotion"}],"is_trial":false,"path_per_floor":["M","M","?","M","M","R","E","M","T","$","M","R","M","?","R","B",null,"M","?","?","?","M","R","M","T","T","M","E","M","R","M"],"character_chosen":"Angela","items_purchased":["Justitia"],"campfire_rested":0,"item_purchase_floors":[10],"current_hp_per_floor":[70,70,70,67,70,70,59,48,48,48,48,48,54,54,54,75,82,69,69,77,77,67,67,48,48,48,57,57,92,92,0,0],"gold":310,"neow_bonus":"TRANSFORM_TWO_CARDS","is_daily":false,"chose_seed":false,"campfire_upgraded":0,"win_rate":0.0,"timestamp":1613809544,"path_taken":["M","M","?","M","?","R","E","M","T","$","M","R","M","?","R","BOSS","M","?","?","?","M","R","M","?","T","M","E","?","R","M"],"items_purchased_type":["Card"],"build_version":"2020-12-22","purchased_purges":1,"victory":false,"max_hp_per_floor":[70,70,70,70,70,70,70,70,70,70,70,70,70,70,70,75,82,82,82,82,82,82,82,92,92,92,92,92,92,92,92,92],"relic_stats":{"Dream Catcher":0,"counters":[17,75],"Pantograph":0,"Tiny Chest":1,"MealTicket":0,"Whetstone":["Justitia","GoldRush"],"obtain_stats":[{"AspirationHeart":24,"FleshIdol":8,"Whetstone":28,"hubris:Towel":19,"Calling Bell":17,"Yang_Lob":28,"Frozen Eye":22,"CogitoBucket":0,"Dream Catcher":9,"Strawberry":17,"Pantograph":25,"hubris:DeckOfHolding":3,"Tiny Chest":14,"MealTicket":26,"ruina:Prescript":21,"ruina:PrescriptsGrace":27,"LetterFromLob":1,"Bag of Marbles":7,"InkBottle":17},{"AspirationHeart":13,"FleshIdol":7,"Whetstone":15,"hubris:Towel":10,"Calling Bell":9,"Yang_Lob":15,"Frozen Eye":10,"CogitoBucket":0,"Dream Catcher":7,"Strawberry":9,"Pantograph":13,"hubris:DeckOfHolding":2,"Tiny Chest":8,"MealTicket":13,"ruina:Prescript":10,"ruina:PrescriptsGrace":14,"LetterFromLob":1,"Bag of Marbles":5,"InkBottle":9},{"AspirationHeart":56,"FleshIdol":22,"Whetstone":66,"hubris:Towel":45,"Calling Bell":41,"Yang_Lob":66,"Frozen Eye":45,"CogitoBucket":0,"Dream Catcher":22,"Strawberry":41,"Pantograph":56,"hubris:DeckOfHolding":9,"Tiny Chest":26,"MealTicket":56,"ruina:Prescript":45,"ruina:PrescriptsGrace":60,"LetterFromLob":5,"Bag of Marbles":17,"InkBottle":41}],"InkBottle":[11]},"card_choices":[{"not_picked":["Scorched","MHz"],"picked":"Freischutz","floor":1},{"not_picked":["Soda"],"picked":"Heaven","floor":1},{"not_picked":["SingingMachine","UniverseFragment"],"picked":"QueenBee","floor":2},{"not_picked":["Tough"],"picked":"Penitence","floor":2},{"not_picked":["Gaze"],"picked":"InTheNameOfLoveAndHate","floor":4},{"not_picked":["VoidDream","Scorched"],"picked":"OldLady","floor":5},{"not_picked":["FourthMatchFlame","Lamp"],"picked":"SKIP","floor":5},{"not_picked":["Moonlight","FourthMatchFlame"],"picked":"SKIP","floor":7},{"not_picked":["BlueScar"],"picked":"Gaze","floor":8},{"not_picked":["Loneliness","Horn"],"picked":"SKIP","floor":13},{"not_picked":["ParadiseLost"],"picked":"GoldRush","floor":16},{"not_picked":["Horn","Loneliness"],"picked":"SKIP","floor":18},{"not_picked":["Laetitia_ego"],"picked":"WristCuter","floor":22},{"not_picked":["HappyTeddy","WhitesApple"],"picked":"CENSORED","floor":24},{"not_picked":["Noise","Moonlight"],"picked":"SKIP","floor":24},{"not_picked":["UniverseFragment","NakedNest"],"picked":"Yin","floor":27},{"not_picked":["Heaven"],"picked":"Wingbeat+1","floor":27},{"not_picked":["BlueScar","Tough"],"picked":"SKIP","floor":28},{"not_picked":["SomewhereSpear+1","Spore+1"],"picked":"SKIP","floor":29}],"player_experience":521047,"relics_obtained":[{"floor":1,"key":"LetterFromLob"},{"floor":7,"key":"Bag of Marbles"},{"floor":9,"key":"Dream Catcher"},{"floor":17,"key":"Strawberry"},{"floor":17,"key":"InkBottle"},{"floor":25,"key":"Pantograph"},{"floor":26,"key":"MealTicket"},{"floor":28,"key":"Whetstone"}],"event_choices":[{"damage_healed":0,"gold_gain":0,"player_choice":"Gave Potion","damage_taken":0,"relics_obtained":["hubris:DeckOfHolding"],"max_hp_gain":0,"max_hp_loss":0,"event_name":"WeMeetAgain","floor":3,"gold_loss":0},{"damage_healed":0,"gold_gain":0,"player_choice":"Box","damage_taken":0,"relics_obtained":["Tiny Chest"],"max_hp_gain":0,"max_hp_loss":0,"event_name":"Big Fish","floor":14,"gold_loss":0,"cards_obtained":["Regret"]}],"is_beta":false,"boss_relics":[{"not_picked":["Busted Crown","aspiration:IroncladSkillbook"],"picked":"Calling Bell"}],"items_purged_floors":[10],"is_endless":false,"potions_floor_spawned":[1,5,8,13,16,24,28],"killed_by":"ruina:KingOfGreed","ascension_level":0}}