{"host":"d2gh6suihlstufn7","time":1613809787,"event":{"mods":["AchievementEnabler","BaseMod","Colored Map","Colored Powertips","Minty Spire (QoL Compilation)","Permanent Neow","Quick Restart"],"gold_per_floor":[112,112,62,81,81,81,91,91,91,125,1,18,31,47,47,47,47],"floor_reached":16,"language":"KOR","playtime":691,"items_purged":["Defend_R"],"score":102,"play_id":"82c713b3-a616-479c-abb8-e95cbce06104","local_time":"20210220172947","is_ascension_mode":false,"campfire_choices":[{"floor":6,"key":"RECALL"},{"data":"Searing Blow","floor":15,"key":"SMITH"}],"circlet_count":0,"master_deck":["Strike_R","Strike_R","Strike_R","Defend_R","Defend_R","Bash","Shrug It Off","Searing Blow+1","Headbutt","Flame Barrier","Battle Trance"],"relics":["Empty Cage","CaptainsWheel","Bird Faced Urn"],"acts_visited":["Exordium"],"potions_floor_usage":[8,10,11,16],"damage_taken":[{"damage":2,"enemies":"Jaw Worm","floor":1,"turns":7},{"damage":2,"enemies":"Small Slimes","floor":4,"turns":5},{"damage":2,"enemies":"Cultist","floor":7,"turns":4},{"damage":31,"enemies":"Lagavulin","floor":10,"turns":9},{"damage":19,"enemies":"2 Fungi Beasts","floor":12,"turns":5},{"damage":0,"enemies":"3 Louse","floor":13,"turns":4},{"damage":7,"enemies":"Blue Slaver","floor":14,"turns":5},{"damage":30,"enemies":"Slime Boss","floor":16,"turns":11}],"seed_played":"-8905644102822660801","potions_obtained":[{"floor":4,"key":"BloodPotion"},{"floor":8,"key":"LiquidMemories"},{"floor":8,"key":"AttackPotion"},{"floor":8,"key":"Swift Potion"},{"floor":13,"key":"EssenceOfSteel"},{"floor":14,"key":"Explosive Potion"}],"is_trial":false,"path_per_floor":["M","?","?","M","T","R","M","?","T","E","$","M","M","M","R","B"],"character_chosen":"IRONCLAD","items_purchased":["BloodPotion"],"campfire_rested":0,"item_purchase_floors":[11],"current_hp_per_floor":[78,83,83,81,81,81,79,85,85,54,71,52,52,45,45,15,15],"gold":47,"neow_bonus":"BOSS_RELIC","is_daily":false,"chose_seed":false,"campfire_upgraded":1,"win_rate":0.0,"timestamp":1613809787,"path_taken":["M","?","?","M","?","R","M","?","T","E","$","M","?","M","R","BOSS"],"items_purchased_type":["Potion"],"build_version":"2020-12-22","purchased_purges":1,"victory":false,"max_hp_per_floor":[80,85,85,85,85,85,85,85,85,85,85,85,85,85,85,85,85],"card_choices":[{"not_picked":["Wild Strike","Anger"],"picked":"Shrug It Off","floor":1},{"not_picked":["Clothesline","Pommel Strike"],"picked":"Searing Blow","floor":4},{"not_picked":["Sword Boomerang","Dark Embrace"],"picked":"Headbutt","floor":7},{"not_picked":["Thunderclap","Sentinel"],"picked":"Flame Barrier","floor":10},{"not_picked":["Sword Boomerang","Thunderclap","Combust"],"picked":"SKIP","floor":12},{"not_picked":["Clash","Heavy Blade","Pommel Strike"],"picked":"SKIP","floor":13},{"not_picked":["Warcry","True Grit"],"picked":"Battle Trance","floor":14}],"player_experience":179284,"relics_obtained":[{"floor":9,"key":"CaptainsWheel"},{"floor":10,"key":"Bird Faced Urn"}],"event_choices":[{"damage_healed":0,"gold_gain":0,"player_choice":"Donut","damage_taken":0,"max_hp_gain":5,"max_hp_loss":0,"event_name":"Big Fish","floor":2,"gold_loss":0},{"cards_removed":["Strike_R"],"damage_healed":0,"gold_gain":0,"player_choice":"Card Removal","damage_taken":0,"max_hp_gain":0,"max_hp_loss":0,"event_name":"The Cleric","floor":3,"gold_loss":50},{"damage_healed":0,"gold_gain":0,"player_choice":"Got Potions","damage_taken":0,"max_hp_gain":0,"max_hp_loss":0,"event_name":"Lab","floor":8,"gold_loss":0}],"is_beta":false,"boss_relics":[],"items_purged_floors":[11],"is_endless":false,"potions_floor_spawned":[4,13,14],"killed_by":"Slime Boss","ascension_level":0}}