{"host":"121m0oxswv9tg9hk","time":1613832977,"event":{"mods":["BaseMod","Better Altar","Better Third Choice","Hermit","Hubris","Ironclad Rager","MarisaÅiñ∂âJÅ@ñÇóùçπÅj","Minty Spire (QoL Compilation)","Replay The Spire","StSLib","The Construct","The Mystic"],"gold_per_floor":[369,387,25,35,51,51,61,61,108,108,142,152,182,195,195,293,293,308,2,2,2,21,21,21],"floor_reached":23,"language":"ENG","playtime":1766,"items_purged":["hermit:Strike_Hermit"],"score":274,"play_id":"627774fd-df97-42d4-b848-3e7305631ec0","local_time":"20210220155617","is_ascension_mode":true,"campfire_choices":[{"data":"Survey Options","floor":6,"key":"SMITH"},{"data":"hermit:ShadowCloak","floor":8,"key":"SMITH"},{"floor":15,"key":"REST"}],"circlet_count":0,"master_deck":["hermit:Strike_Hermit","hermit:Strike_Hermit","hermit:Strike_Hermit","hermit:Defend_Hermit","hermit:Defend_Hermit+1","hermit:Defend_Hermit","hermit:Defend_Hermit+1","hermit:Snapshot","hermit:Covet","Parasite","hermit:ShadowCloak+1","hermit:Shortfuse","Survey Options+1","hermit:Enervate","hermit:BigShot","hermit:Vantage","hermit:ShadowCloak","hermit:GhostlyPresence","hermit:Vantage","hermit:FatalDesire","hermit:Malice","hermit:BigShot","Necronomicurse","hermit:Manifest+1"],"relics":["hermit:Momento","Bronze Scales","War Paint","hubris:Towel","Orichalcum","Bird Faced Urn","hubris:Backtick","Blue Candle","Sling","Necronomicon"],"acts_visited":["Exordium","TheCity"],"potions_floor_usage":[7,11,13,14,16],"damage_taken":[{"damage":0,"enemies":"Small Slimes","floor":1,"turns":3},{"damage":3,"enemies":"2 Louse","floor":2,"turns":2},{"damage":0,"enemies":"Cultist","floor":4,"turns":3},{"damage":16,"enemies":"Exordium Thugs","floor":5,"turns":4},{"damage":0,"enemies":"3 Louse","floor":7,"turns":2},{"damage":0,"enemies":"3 Sentries","floor":11,"turns":3},{"damage":10,"enemies":"Lots of Slimes","floor":12,"turns":4},{"damage":15,"enemies":"Gremlin Nob","floor":13,"turns":4},{"damage":9,"enemies":"Blue Slaver","floor":14,"turns":4},{"damage":24,"enemies":"The Guardian","floor":16,"turns":13},{"damage":3,"enemies":"Shell Parasite","floor":18,"turns":7},{"damage":16,"enemies":"2 Thieves","floor":22,"turns":5},{"damage":68,"enemies":"Slavers","floor":23,"turns":3}],"seed_played":"7946855334590477989","potions_obtained":[{"floor":5,"key":"LiquidMemories"},{"floor":12,"key":"ColorlessPotion"},{"floor":13,"key":"SkillPotion"},{"floor":14,"key":"DistilledChaos"}],"is_trial":false,"path_per_floor":["M","M","$","M","M","R","M","R","T","?","E","M","E","M","R","B",null,"M","$","?","$","M","E"],"character_chosen":"HERMIT","items_purchased":["Bronze Scales","Survey Options","Explosive Potion","Sling","hermit:Malice","hermit:BigShot"],"campfire_rested":1,"item_purchase_floors":[3,3,3,19,19,19],"current_hp_per_floor":[75,72,72,72,56,56,56,56,56,56,56,46,31,28,50,32,75,74,74,58,58,48,0,0],"gold":21,"neow_bonus":"TWO_FIFTY_GOLD","is_daily":false,"chose_seed":false,"campfire_upgraded":2,"win_rate":0.0,"timestamp":1613832977,"path_taken":["M","M","$","M","M","R","M","R","T","?","E","M","E","M","R","BOSS","M","$","?","$","M","E"],"items_purchased_type":["Relic","Card","Potion","Relic","Card","Card"],"build_version":"2020-12-22","purchased_purges":1,"victory":false,"max_hp_per_floor":[75,75,75,75,75,75,75,75,75,75,75,75,75,75,75,75,75,75,75,75,75,75,75,75],"card_choices":[{"not_picked":["hermit:CalledShot","hermit:Coalescence"],"picked":"hermit:ShadowCloak","floor":1},{"not_picked":["hermit:Horror","hermit:FullyLoaded"],"picked":"hermit:Shortfuse","floor":2},{"not_picked":["hermit:WideOpen","hermit:HoleUp"],"picked":"hermit:Enervate","floor":4},{"not_picked":["hermit:Quickdraw","hermit:ItchyTrigger"],"picked":"hermit:BigShot","floor":5},{"not_picked":["hermit:FromBeyond","hermit:TrackingShot"],"picked":"hermit:Vantage","floor":7},{"not_picked":["hermit:LoneWolf","hermit:Malice"],"picked":"hermit:ShadowCloak","floor":11},{"not_picked":["hermit:Roulette","hermit:Ricochet"],"picked":"hermit:GhostlyPresence","floor":12},{"not_picked":["hermit:HighCaliber","hermit:Headshot"],"picked":"hermit:Vantage","floor":13},{"not_picked":["hermit:DeadMansHand","hermit:Misfire","hermit:Snipe"],"picked":"SKIP","floor":14},{"not_picked":["hermit:FromBeyond","hermit:Reprieve"],"picked":"hermit:FatalDesire","floor":16},{"not_picked":["hermit:Vantage","hermit:Brawl","hermit:FullyLoaded+1"],"picked":"SKIP","floor":18},{"not_picked":["hermit:BigShot","hermit:Glare+1"],"picked":"hermit:Manifest+1","floor":22}],"player_experience":2580677,"relics_obtained":[{"floor":9,"key":"War Paint"},{"floor":11,"key":"Orichalcum"},{"floor":13,"key":"Bird Faced Urn"},{"floor":20,"key":"Necronomicon"}],"event_choices":[{"damage_healed":0,"gold_gain":0,"player_choice":"Obtained Book","damage_taken":16,"max_hp_gain":0,"max_hp_loss":0,"event_name":"Cursed Tome","floor":20,"gold_loss":0}],"is_beta":false,"boss_relics":[{"not_picked":["Busted Crown","Philosopher\u0027s Stone"],"picked":"hubris:Backtick"}],"items_purged_floors":[3],"is_endless":false,"potions_floor_spawned":[5,12,13,14],"killed_by":"Slavers","ascension_level":4}}