{"host":"mnpd8gh7cwxsn5kh","time":1613851600,"event":{"mods":["BaseMod","Bestiary","Block Reminder","Colored Map","Colored Powertips","Highlight Path","Minty Spire (QoL Compilation)","Relic Sorter","Relic Stats"],"gold_per_floor":[117,135,60,70,85,85,110,142,179,191,191],"floor_reached":10,"language":"ENG","playtime":670,"items_purged":[],"score":140,"play_id":"063528cb-78fc-457f-b136-58fdec78fb1a","local_time":"20210220210640","is_ascension_mode":true,"campfire_choices":[{"data":"Streamline","floor":6.0,"key":"SMITH"}],"circlet_count":0,"master_deck":["AscendersBane","Strike_B","Strike_B","Defend_B","Defend_B","Defend_B","Defend_B","Zap","Dualcast","Streamline+1","Steam","Hologram","Go for the Eyes","BootSequence","Beam Cell"],"relics":["Cracked Core","MawBank","Bag of Preparation"],"acts_visited":["Exordium"],"potions_floor_usage":[7,10],"damage_taken":[{"damage":6.0,"enemies":"2 Louse","floor":1.0,"turns":2.0},{"damage":0.0,"enemies":"Jaw Worm","floor":2.0,"turns":3.0},{"damage":4.0,"enemies":"Small Slimes","floor":4.0,"turns":4.0},{"damage":0.0,"enemies":"Red Slaver","floor":5.0,"turns":4.0},{"damage":27,"enemies":"Gremlin Nob","floor":7,"turns":4},{"damage":13,"enemies":"Lots of Slimes","floor":8,"turns":6},{"damage":15,"enemies":"3 Sentries","floor":10,"turns":2}],"seed_played":"-5393022545756919252","potions_obtained":[{"floor":2.0,"key":"GamblersBrew"},{"floor":4.0,"key":"Block Potion"}],"is_trial":false,"path_per_floor":["M","M","?","M","M","R","E","M","T","E"],"character_chosen":"DEFECT","items_purchased":[],"campfire_rested":0,"item_purchase_floors":[],"current_hp_per_floor":[58,58,58,54,54,54,27,14,14,0,0],"gold":191,"neow_bonus":"REMOVE_CARD","is_daily":false,"chose_seed":false,"campfire_upgraded":1,"win_rate":0.0,"timestamp":1613851600,"path_taken":["M","M","?","M","M","R","E","M","T","E"],"items_purchased_type":[],"build_version":"2020-12-22","purchased_purges":0,"victory":false,"max_hp_per_floor":[71,71,71,71,71,71,71,71,71,71,71],"relic_stats":{"counters":[7,25],"Bag of Preparation":[2],"MawBank":36,"obtain_stats":[{"Bag of Preparation":9,"Cracked Core":0,"MawBank":7},{"Bag of Preparation":6,"Cracked Core":0,"MawBank":5},{"Bag of Preparation":23,"Cracked Core":0,"MawBank":17}]},"card_choices":[{"not_picked":["Compile Driver","Rebound"],"picked":"Streamline","floor":1.0},{"not_picked":["Redo","Turbo"],"picked":"Steam","floor":2.0},{"not_picked":["Consume","Streamline"],"picked":"Hologram","floor":4.0},{"not_picked":["Stack","Steam"],"picked":"Go for the Eyes","floor":5.0},{"not_picked":["Meteor Strike","Leap"],"picked":"BootSequence","floor":7},{"not_picked":["Conserve Battery","Consume"],"picked":"Beam Cell","floor":8}],"player_experience":648692,"relics_obtained":[{"floor":7,"key":"MawBank"},{"floor":9,"key":"Bag of Preparation"}],"event_choices":[{"cards_removed":["Strike_B"],"damage_healed":0.0,"max_hp_gain":0.0,"max_hp_loss":0.0,"gold_gain":0.0,"event_name":"The Cleric","player_choice":"Card Removal","floor":3.0,"gold_loss":75.0,"damage_taken":0.0}],"is_beta":false,"boss_relics":[],"items_purged_floors":[],"is_endless":false,"potions_floor_spawned":[2,4],"killed_by":"3 Sentries","ascension_level":20}}