{"host":"v0dnu0zs4qo0v13s","time":1613794019,"event":{"mods":["BaseMod","Colored Map","Colored Powertips","Minty Spire (QoL Compilation)","Relic Stats","StSLib","SuperFastMode","everything is the same but u backflip on backflip"],"gold_per_floor":[113,113,113,127,4,4,43,43,70,89,110,130,130,164,164,284,284,305,305,318,318,318,318,362,362,385,385,385,21,146,179,179,304,304,324,35,51,51,74,74,114,114,167,205,165,165,40,59,59,59],"floor_reached":51,"language":"ENG","playtime":4002,"items_purged":["Strike_P","Strike_P","Strike_P"],"score":1115,"play_id":"e953df78-75a0-4d76-904a-c3ac6947d483","local_time":"20210219230659","is_ascension_mode":true,"campfire_choices":[{"data":"EmptyFist","floor":6.0,"key":"SMITH"},{"floor":8.0,"key":"REST"},{"data":"WheelKick","floor":13.0,"key":"SMITH"},{"data":"Wallop","floor":15.0,"key":"SMITH"},{"floor":23.0,"key":"REST"},{"floor":25.0,"key":"REST"},{"floor":27.0,"key":"RECALL"},{"floor":32.0,"key":"REST"},{"data":"1","floor":40.0,"key":"LIFT"},{"data":"2","floor":42.0,"key":"LIFT"},{"data":"3","floor":46.0,"key":"LIFT"},{"floor":49.0,"key":"REST"}],"circlet_count":0,"master_deck":["AscendersBane","Defend_P","Eruption","Vigilance+1","ClearTheMind","EmptyFist+1","Consecrate","EmptyBody","Protect","Wallop+1","WheelKick+1","Sanctity+1","SpiritShield","RitualDagger","Adaptation","Alpha","CrushJoints","Perseverance","MentalFortress","Vengeance+1","ConjureBlade","CurseOfTheBell","FearNoEvil","TalkToTheHand","Crescendo+1","TalkToTheHand","ClearTheMind+1","SandsOfTime+1","EmptyMind","Tantrum+1"],"relics":["Empty Cage","Golden Idol","TeardropLocket","Toy Ornithopter","Bottled Lightning","Fusion Hammer","Torii","Lantern","Ancient Tea Set","Girya","CaptainsWheel","White Beast Statue","War Paint","Calling Bell","Strawberry","Mummified Hand","FossilizedHelix","Vajra","Nunchaku","Art of War","Singing Bowl"],"acts_visited":["Exordium","TheCity","TheBeyond"],"potions_floor_usage":[50],"damage_taken":[{"damage":1.0,"enemies":"Cultist","floor":1.0,"turns":3.0},{"damage":9.0,"enemies":"Jaw Worm","floor":4.0,"turns":4.0},{"damage":25.0,"enemies":"Gremlin Nob","floor":7.0,"turns":4.0},{"damage":0.0,"enemies":"2 Louse","floor":10.0,"turns":2.0},{"damage":0.0,"enemies":"Blue Slaver","floor":11.0,"turns":3.0},{"damage":5.0,"enemies":"3 Louse","floor":12.0,"turns":3.0},{"damage":5.0,"enemies":"3 Sentries","floor":14.0,"turns":5.0},{"damage":35.0,"enemies":"The Guardian","floor":16.0,"turns":12.0},{"damage":8.0,"enemies":"Shell Parasite","floor":18.0,"turns":9.0},{"damage":0.0,"enemies":"Spheric Guardian","floor":20.0,"turns":1.0},{"damage":13.0,"enemies":"Slavers","floor":24.0,"turns":4.0},{"damage":1.0,"enemies":"Colosseum Slavers","floor":30.0,"turns":3.0},{"damage":19.0,"enemies":"Colosseum Nobs","floor":30.0,"turns":6.0},{"damage":15.0,"enemies":"Book of Stabbing","floor":31.0,"turns":6.0},{"damage":1.0,"enemies":"Collector","floor":33.0,"turns":8.0},{"damage":6.0,"enemies":"3 Shapes","floor":35.0,"turns":3.0},{"damage":0.0,"enemies":"Orb Walker","floor":37.0,"turns":3.0},{"damage":0.0,"enemies":"Maw","floor":39.0,"turns":6.0},{"damage":17.0,"enemies":"Reptomancer","floor":41.0,"turns":6.0},{"damage":14.0,"enemies":"Nemesis","floor":44.0,"turns":5.0},{"damage":11.0,"enemies":"Transient","floor":48.0,"turns":5.0},{"damage":29,"enemies":"Donu and Deca","floor":50,"turns":9}],"seed_played":"-978356528029678360","potions_obtained":[{"floor":4.0,"key":"DuplicationPotion"},{"floor":7.0,"key":"Ancient Potion"},{"floor":18.0,"key":"ColorlessPotion"},{"floor":31.0,"key":"GamblersBrew"},{"floor":33.0,"key":"Fire Potion"},{"floor":35.0,"key":"Swift Potion"},{"floor":37.0,"key":"SneckoOil"},{"floor":39.0,"key":"Explosive Potion"},{"floor":41.0,"key":"Weak Potion"},{"floor":44.0,"key":"SkillPotion"},{"floor":48.0,"key":"Explosive Potion"}],"is_trial":false,"path_per_floor":["M","?","$","M","$","R","E","R","T","M","M","M","R","E","R","B",null,"M","?","M","?","T","R","E","R","T","R","?","$","?","E","R","B",null,"M","$","M","?","M","R","E","R","T","E","$","R","$","M","R","B",null],"character_chosen":"WATCHER","items_purchased":["Consecrate","MentalFortress","Girya","TalkToTheHand","Vajra","EmptyMind"],"campfire_rested":5,"item_purchase_floors":[5,29,29,36,36,45],"current_hp_per_floor":[64,64,64,55,55,55,30,50,50,50,55,50,50,45,45,10,53,45,39,39,39,39,59,51,67,67,67,55,55,40,25,46,45,72,73,73,78,78,79,79,62,62,62,50,50,50,50,39,63,39],"gold":59,"neow_bonus":"BOSS_RELIC","is_daily":false,"chose_seed":false,"campfire_upgraded":3,"win_rate":0.0,"timestamp":1613794019,"path_taken":["M","?","$","M","$","R","E","R","T","M","M","M","R","E","R","BOSS","M","?","M","?","?","R","E","R","T","R","?","$","?","E","R","BOSS","M","$","M","?","M","R","E","R","T","E","?","R","$","M","R","BOSS"],"items_purchased_type":["Card","Card","Relic","Card","Relic","Card"],"build_version":"2020-12-22","purchased_purges":3,"victory":true,"max_hp_per_floor":[72,67,67,67,67,67,67,67,67,67,67,67,67,67,67,67,67,67,67,67,67,67,67,67,67,67,67,72,72,72,72,72,72,79,79,79,79,79,79,79,79,79,79,81,81,81,81,81,81,81],"relic_stats":{"Nunchaku":[3],"Torii":11,"Singing Bowl":2,"counters":[22,110],"Golden Idol":184,"Mummified Hand":[17],"Art of War":[1],"War Paint":["Vigilance","Sanctity"],"obtain_stats":[{"Girya":29,"Lantern":24,"Torii":22,"Singing Bowl":44,"Golden Idol":2,"Vajra":36,"TeardropLocket":7,"War Paint":31,"Empty Cage":0,"Ancient Tea Set":26,"White Beast Statue":30,"Calling Bell":34,"CaptainsWheel":30,"Nunchaku":41,"Mummified Hand":34,"Strawberry":34,"Fusion Hammer":17,"Art of War":43,"Bottled Lightning":14,"PureWater":0,"Toy Ornithopter":9,"FossilizedHelix":34},{"Girya":11,"Lantern":11,"Torii":10,"Singing Bowl":20,"Golden Idol":1,"Vajra":16,"TeardropLocket":3,"War Paint":14,"Empty Cage":0,"Ancient Tea Set":11,"White Beast Statue":13,"Calling Bell":15,"CaptainsWheel":13,"Nunchaku":19,"Mummified Hand":15,"Strawberry":15,"Fusion Hammer":8,"Art of War":19,"Bottled Lightning":7,"PureWater":0,"Toy Ornithopter":3,"FossilizedHelix":15},{"Girya":50,"Lantern":50,"Torii":46,"Singing Bowl":96,"Golden Idol":3,"Vajra":76,"TeardropLocket":11,"War Paint":65,"Empty Cage":0,"Ancient Tea Set":50,"White Beast Statue":59,"Calling Bell":73,"CaptainsWheel":59,"Nunchaku":91,"Mummified Hand":73,"Strawberry":73,"Fusion Hammer":36,"Art of War":91,"Bottled Lightning":24,"PureWater":0,"Toy Ornithopter":11,"FossilizedHelix":73}],"Toy Ornithopter":33},"card_choices":[{"not_picked":["Wireheading","BattleHymn"],"picked":"ClearTheMind","floor":1.0},{"not_picked":["Crescendo","CrushJoints"],"picked":"EmptyFist","floor":4.0},{"not_picked":["WindmillStrike","Crescendo"],"picked":"EmptyBody","floor":7.0},{"not_picked":["BowlingBash","EmptyBody"],"picked":"Protect","floor":10.0},{"not_picked":["PathToVictory","Protect"],"picked":"Wallop","floor":11.0},{"not_picked":["Protect","DeusExMachina"],"picked":"WheelKick","floor":12.0},{"not_picked":["SandsOfTime","Consecrate"],"picked":"Sanctity","floor":14.0},{"not_picked":["Wish","MasterReality"],"picked":"SpiritShield","floor":16.0},{"not_picked":["ClearTheMind","Crescendo","Swivel"],"picked":"SKIP","floor":18.0},{"not_picked":["ClearTheMind","Prostrate"],"picked":"Adaptation","floor":20.0},{"not_picked":["Protect","MasterReality"],"picked":"Perseverance","floor":24.0},{"not_picked":["SashWhip","Weave"],"picked":"Vengeance+1","floor":31.0},{"not_picked":["Brilliance","SpiritShield"],"picked":"ConjureBlade","floor":33.0},{"not_picked":["CutThroughFate","EmptyFist"],"picked":"FearNoEvil","floor":35.0},{"not_picked":["DeceiveReality","EmptyFist"],"picked":"Crescendo+1","floor":37.0},{"not_picked":["SandsOfTime","TalkToTheHand"],"picked":"ClearTheMind+1","floor":39.0},{"not_picked":["Nirvana+1","Consecrate+1"],"picked":"SandsOfTime+1","floor":41.0},{"not_picked":["Adaptation+1","ConjureBlade","PathToVictory"],"picked":"Singing Bowl","floor":44.0},{"not_picked":["PathToVictory+1","Consecrate"],"picked":"Tantrum+1","floor":48.0}],"player_experience":728517,"relics_obtained":[{"floor":7.0,"key":"TeardropLocket"},{"floor":9.0,"key":"Toy Ornithopter"},{"floor":14.0,"key":"Bottled Lightning"},{"floor":22.0,"key":"Torii"},{"floor":24.0,"key":"Lantern"},{"floor":26.0,"key":"Ancient Tea Set"},{"floor":30.0,"key":"CaptainsWheel"},{"floor":30.0,"key":"White Beast Statue"},{"floor":31.0,"key":"War Paint"},{"floor":34.0,"key":"Strawberry"},{"floor":34.0,"key":"Mummified Hand"},{"floor":34.0,"key":"FossilizedHelix"},{"floor":41.0,"key":"Nunchaku"},{"floor":43.0,"key":"Art of War"},{"floor":44.0,"key":"Singing Bowl"}],"event_choices":[{"damage_healed":0.0,"max_hp_gain":0.0,"max_hp_loss":5.0,"gold_gain":0.0,"event_name":"Golden Idol","player_choice":"Lose Max HP","floor":2.0,"gold_loss":0.0,"damage_taken":0.0,"relics_obtained":["Golden Idol"]},{"damage_healed":0.0,"max_hp_gain":0.0,"max_hp_loss":0.0,"gold_gain":0.0,"event_name":"Nest","player_choice":"Joined the Cult","floor":19.0,"gold_loss":0.0,"damage_taken":6.0,"cards_obtained":["RitualDagger"]},{"damage_healed":0.0,"max_hp_gain":0.0,"max_hp_loss":0.0,"gold_gain":0.0,"cards_transformed":["Strike_P","Defend_P"],"event_name":"Drug Dealer","player_choice":"Became Test Subject","floor":21.0,"gold_loss":0.0,"damage_taken":0.0,"cards_obtained":["Alpha","CrushJoints"]},{"damage_healed":0.0,"max_hp_gain":5.0,"max_hp_loss":0.0,"gold_gain":0.0,"event_name":"Forgotten Altar","player_choice":"Shed Blood","floor":28.0,"gold_loss":0.0,"damage_taken":17.0},{"damage_healed":0.0,"max_hp_gain":0.0,"max_hp_loss":0.0,"gold_gain":0.0,"event_name":"Colosseum","player_choice":"Fight","floor":30.0,"gold_loss":0.0,"damage_taken":0.0},{"damage_healed":0.0,"max_hp_gain":0.0,"max_hp_loss":0.0,"gold_gain":0.0,"event_name":"Colosseum","player_choice":"Fought Nobs","floor":30.0,"gold_loss":0.0,"damage_taken":0.0},{"damage_healed":0.0,"max_hp_gain":0.0,"max_hp_loss":0.0,"gold_gain":0.0,"event_name":"Duplicator","player_choice":"Copied","floor":38.0,"gold_loss":0.0,"damage_taken":0.0,"cards_obtained":["TalkToTheHand"]}],"is_beta":false,"boss_relics":[{"not_picked":["Tiny House","Busted Crown"],"picked":"Fusion Hammer"},{"not_picked":["Philosopher\u0027s Stone","VioletLotus"],"picked":"Calling Bell"}],"items_purged_floors":[5,36,47],"is_endless":false,"potions_floor_spawned":[4,7,10,18,31,33,35,37,39,41,44,48],"ascension_level":12}}