{"host":"3c8x8j1h2jyrixpf","time":1613853350,"event":{"mods":["BaseMod","Colored Powertips","Highlight Path","Minty Spire (QoL Compilation)","StSLib"],"gold_per_floor":[51,84,84,84,119,119,177,177,201,201,201,239,18,74,74,172,172,197,282,323,5,104,173,17,50,50,50,50,94,106,164,176,308,320,356,411,469,481,493,505,517,517],"floor_reached":41,"language":"ENG","playtime":1687,"items_purged":["Strike_R"],"score":817,"play_id":"567551ee-7d45-4810-a8f9-b1ddbfc181c4","local_time":"20210220143550","is_ascension_mode":true,"campfire_choices":[{"data":"HandOfGreed","floor":6,"key":"SMITH"},{"data":"Spot Weakness","floor":8,"key":"SMITH"},{"data":"Armaments","floor":10,"key":"SMITH"},{"data":"Inflame","floor":15,"key":"SMITH"},{"data":"Impervious","floor":27,"key":"SMITH"},{"data":"Heavy Blade","floor":30,"key":"SMITH"},{"data":"Pommel Strike","floor":32,"key":"SMITH"},{"floor":40,"key":"RECALL"}],"circlet_count":0,"master_deck":["AscendersBane","Bash","HandOfGreed+1","Spot Weakness+1","Pommel Strike+1","Armaments+1","Heavy Blade+1","Inflame+1","Clothesline","Feed","Ghostly Armor","Headbutt+1","Barricade","Impervious+1","Heavy Blade","Corruption","Reaper","Entrench","Warcry","Wild Strike","Bloodletting","Warcry","Immolate","Wild Strike","Shrug It Off+1"],"relics":["Burning Blood","Golden Idol","Art of War","Magic Flower","Oddly Smooth Stone","MealTicket","Snecko Eye","Red Mask","PreservedInsect","Pen Nib","Membership Card","The Courier","Mercury Hourglass","MutagenicStrength","MawBank","Pandora\u0027s Box","Regal Pillow"],"acts_visited":["Exordium","TheCity","TheBeyond"],"potions_floor_usage":[7,12,14,19,25],"damage_taken":[{"damage":10,"enemies":"Small Slimes","floor":1,"turns":5},{"damage":13,"enemies":"Jaw Worm","floor":2,"turns":5},{"damage":1,"enemies":"Cultist","floor":5,"turns":3},{"damage":21,"enemies":"Lagavulin","floor":7,"turns":5},{"damage":3,"enemies":"Red Slaver","floor":12,"turns":6},{"damage":32,"enemies":"Gremlin Nob","floor":14,"turns":4},{"damage":46,"enemies":"The Guardian","floor":16,"turns":15},{"damage":0,"enemies":"Spheric Guardian","floor":18,"turns":3},{"damage":34,"enemies":"Masked Bandits","floor":19,"turns":5},{"damage":0,"enemies":"Chosen","floor":20,"turns":6},{"damage":22,"enemies":"Book of Stabbing","floor":23,"turns":6},{"damage":8,"enemies":"Gremlin Leader","floor":25,"turns":4},{"damage":5,"enemies":"Book of Stabbing","floor":29,"turns":4},{"damage":11,"enemies":"Sentry and Sphere","floor":31,"turns":3},{"damage":67,"enemies":"Champ","floor":33,"turns":11},{"damage":4,"enemies":"3 Darklings","floor":35,"turns":3},{"damage":1,"enemies":"Orb Walker","floor":36,"turns":2},{"damage":0,"enemies":"Jaw Worm Horde","floor":37,"turns":3},{"damage":101,"enemies":"Giant Head","floor":41,"turns":7}],"seed_played":"-1876465162735989664","potions_obtained":[{"floor":2,"key":"AttackPotion"},{"floor":5,"key":"BloodPotion"},{"floor":11,"key":"Block Potion"},{"floor":14,"key":"Energy Potion"},{"floor":18,"key":"BlessingOfTheForge"},{"floor":23,"key":"EssenceOfSteel"},{"floor":33,"key":"CultistPotion"}],"is_trial":false,"path_per_floor":["M","M","?","?","M","R","E","R","T","R","?","M","$","E","R","B",null,"M","?","M","$","?","E","$","E","T","R","?","E","R","M","R","B",null,"M","M","M","?","?","R","E"],"character_chosen":"IRONCLAD","items_purchased":["Oddly Smooth Stone","Impervious","PreservedInsect","Membership Card"],"campfire_rested":0,"item_purchase_floors":[13,21,21,24],"current_hp_per_floor":[68,61,61,58,63,63,48,48,48,48,48,54,54,52,52,15,59,73,53,62,77,77,64,79,83,83,83,83,83,83,84,84,26,71,86,86,89,85,85,85,0,0],"gold":517,"neow_bonus":"RANDOM_COLORLESS_2","is_daily":false,"chose_seed":false,"campfire_upgraded":7,"win_rate":0.0,"timestamp":1613853350,"path_taken":["M","M","?","?","M","R","E","R","T","R","?","?","?","E","R","BOSS","M","?","M","$","?","E","$","E","T","R","?","E","R","M","R","BOSS","M","M","M","?","?","R","E"],"items_purchased_type":["Relic","Card","Relic","Relic"],"build_version":"2020-12-22","purchased_purges":1,"victory":false,"max_hp_per_floor":[80,80,74,74,74,74,74,74,74,74,74,74,74,74,74,74,74,77,80,80,80,80,80,80,83,83,83,83,83,83,86,86,86,86,86,86,89,85,85,85,85,85],"card_choices":[{"not_picked":["Metamorphosis","The Bomb"],"picked":"HandOfGreed","floor":0},{"not_picked":["Armaments","Dropkick"],"picked":"Spot Weakness","floor":1},{"not_picked":["Shrug It Off","Heavy Blade"],"picked":"Pommel Strike","floor":2},{"not_picked":["Flex","Blood for Blood"],"picked":"Armaments","floor":5},{"not_picked":["True Grit","Sever Soul"],"picked":"Heavy Blade","floor":7},{"not_picked":["Anger","Cleave"],"picked":"Inflame","floor":12},{"not_picked":["Heavy Blade","Intimidate"],"picked":"Clothesline","floor":14},{"not_picked":["Limit Break","Demon Form"],"picked":"Feed","floor":16},{"not_picked":["Heavy Blade","Sword Boomerang"],"picked":"Ghostly Armor","floor":18},{"not_picked":["Seeing Red","Pummel"],"picked":"Headbutt+1","floor":19},{"not_picked":["Wild Strike","Uppercut"],"picked":"Barricade","floor":20},{"not_picked":["Iron Wave","Twin Strike"],"picked":"Heavy Blade","floor":23},{"not_picked":["Inflame","Armaments"],"picked":"Corruption","floor":25},{"not_picked":["Rupture+1","Sword Boomerang","Cleave"],"picked":"SKIP","floor":29},{"not_picked":["Rage","Sword Boomerang","Havoc+1"],"picked":"SKIP","floor":31},{"not_picked":["Juggernaut","Barricade"],"picked":"Reaper","floor":33},{"not_picked":["Anger","Warcry"],"picked":"Shrug It Off+1","floor":35},{"not_picked":["Battle Trance+1","Shrug It Off","Sword Boomerang"],"picked":"SKIP","floor":36},{"not_picked":["Heavy Blade","Shrug It Off","Cleave"],"picked":"SKIP","floor":37}],"player_experience":280967,"relics_obtained":[{"floor":7,"key":"Magic Flower"},{"floor":14,"key":"MealTicket"},{"floor":19,"key":"Red Mask"},{"floor":23,"key":"Pen Nib"},{"floor":25,"key":"The Courier"},{"floor":26,"key":"Mercury Hourglass"},{"floor":29,"key":"MawBank"}],"event_choices":[{"damage_healed":0,"gold_gain":0,"player_choice":"Lose Max HP","damage_taken":0,"relics_obtained":["Golden Idol"],"max_hp_gain":0,"max_hp_loss":6,"event_name":"Golden Idol","floor":3,"gold_loss":0},{"damage_healed":0,"gold_gain":0,"player_choice":"Success","damage_taken":3,"relics_obtained":["Art of War"],"max_hp_gain":0,"max_hp_loss":0,"event_name":"Scrap Ooze","floor":4,"gold_loss":0},{"damage_healed":0,"gold_gain":0,"player_choice":"Got Potions","damage_taken":0,"max_hp_gain":0,"max_hp_loss":0,"event_name":"Lab","floor":11,"gold_loss":0},{"damage_healed":0,"gold_gain":0,"player_choice":"Fought Bandits","damage_taken":0,"max_hp_gain":0,"max_hp_loss":0,"event_name":"Masked Bandits","floor":19,"gold_loss":0},{"damage_healed":0,"gold_gain":99,"player_choice":"Stole From Cult","damage_taken":0,"max_hp_gain":0,"max_hp_loss":0,"event_name":"Nest","floor":22,"gold_loss":0},{"damage_healed":0,"gold_gain":0,"player_choice":"Inject Mutagens","damage_taken":0,"relics_obtained":["MutagenicStrength"],"max_hp_gain":0,"max_hp_loss":0,"event_name":"Drug Dealer","floor":28,"gold_loss":0},{"damage_healed":0,"gold_gain":0,"player_choice":"Max HP","damage_taken":0,"max_hp_gain":0,"max_hp_loss":4,"event_name":"Winding Halls","floor":38,"gold_loss":0},{"cards_removed":["Reckless Charge"],"damage_healed":0,"gold_gain":0,"player_choice":"Gave Card","damage_taken":0,"relics_obtained":["Regal Pillow"],"max_hp_gain":0,"max_hp_loss":0,"event_name":"WeMeetAgain","floor":39,"gold_loss":0}],"is_beta":false,"boss_relics":[{"not_picked":["Mark of Pain","Sozu"],"picked":"Snecko Eye"},{"not_picked":["SacredBark","Black Star"],"picked":"Pandora\u0027s Box"}],"items_purged_floors":[13],"is_endless":false,"potions_floor_spawned":[2,5,14,18,23,33],"killed_by":"Giant Head","ascension_level":13}}