{"host":"8srk5r1dwtmjotwd","time":1613800085,"event":{"mods":["AchievementEnabler","Act Like it!","Aspiration","BaseMod","Beaked The Cultist","Bestiary","Better Note","Better Third Choice","Colored Map","Colored Powertips","Conspire","Custom Start","Friendly Minions","GifTheSpireLib","Halation","Hallownest","Hermit","Highlight Path","Hubris","Infinite Spire","Mimic Mod","Minty Spire (QoL Compilation)","Morshu Shopkeeper - ENHANCED","Quick Restart","Rare Cards Sparkle","Reliquary","Replay The Spire","Shop Mod","StSLib","SuperFastMode","Synergy Search","The Bug Knight","The Construct","The Cursed","The Disciple","The Marked","Thieving Mod","Wide Potions","Yohane!","everything is the same but u backflip on backflip","slay the spire mod where everything is the same but ironclad has a cowboy hat"],"gold_per_floor":[110,34,47,47,35,69,79,94,94,8,8,8,8,23,23,23,23],"floor_reached":16,"language":"ENG","playtime":1087,"items_purged":[],"score":125,"play_id":"a393522e-cefe-4385-9bd8-a8da2edb314e","local_time":"20210220004805","is_ascension_mode":false,"campfire_choices":[{"floor":13,"key":"REST"},{"floor":15,"key":"REST"}],"circlet_count":0,"master_deck":["construct:Strike_Gold","construct:Strike_Gold","construct:Strike_Gold","construct:Strike_Gold","construct:Strike_Gold","construct:Defend_Gold","construct:Defend_Gold","construct:Defend_Gold","construct:Defend_Gold","construct:AttackMode","construct:DefenseMode","construct:HeavyBolt","construct:Anticipate","hubris:Fate","Writhe","Replay:Dark Deal","construct:Reserves","construct:Analyze","construct:ShieldBurst","Enlightenment","construct:Anticipate","construct:MetalShell"],"relics":["construct:Cogwheel","NeowsBlessing","ReplayTheSpireMod:CursedCoin","conspire:InfiniteJournal","PreservedInsect","hubris:Towel"],"acts_visited":["Exordium"],"potions_floor_usage":[16,16,16],"damage_taken":[{"damage":0,"enemies":"Cultist","floor":1,"turns":1},{"damage":0,"enemies":"conspire:RoseBush","floor":3,"turns":1},{"damage":0,"enemies":"Lagavulin","floor":6,"turns":1},{"damage":11,"enemies":"2 Louse","floor":7,"turns":3},{"damage":20,"enemies":"Large Slime","floor":8,"turns":3},{"damage":15,"enemies":"Gremlin Gang","floor":14,"turns":4},{"damage":92,"enemies":"Fading Forest","floor":16,"turns":11}],"seed_played":"1209015327145556544","potions_obtained":[{"floor":6,"key":"ColorlessPotion"},{"floor":8,"key":"Adrenaline Potion"},{"floor":14,"key":"Venom Potion"}],"is_trial":false,"path_per_floor":["M","$","M","?","$","E","M","M","T","$","?","?","R","M","R","B"],"character_chosen":"THE_CONSTRUCT_MOD","items_purchased":["DuplicationPotion","ReplayTheSpireMod:CursedCoin","Replay:Dark Deal","Enlightenment"],"campfire_rested":2,"item_purchase_floors":[2,5,5,10],"current_hp_per_floor":[85,85,85,85,85,85,74,54,54,54,54,54,79,64,85,0,0],"gold":23,"neow_bonus":"THREE_ENEMY_KILL","is_daily":false,"chose_seed":false,"campfire_upgraded":0,"win_rate":0.0,"timestamp":1613800085,"path_taken":["M","$","M","?","?","E","M","?","T","?","?","?","R","M","R","BOSS"],"items_purchased_type":["Potion","Relic","Card","Card"],"build_version":"2020-12-22","purchased_purges":0,"victory":false,"max_hp_per_floor":[85,85,85,85,85,85,85,85,85,85,85,85,85,85,85,85,85],"card_choices":[{"not_picked":["construct:ShiftStrike","construct:SuppressiveFire"],"picked":"construct:HeavyBolt","floor":1},{"not_picked":["construct:ShiftStrike","construct:Tumble"],"picked":"construct:Anticipate","floor":3},{"not_picked":["construct:SyphonStrike","construct:Isolate"],"picked":"construct:Reserves","floor":6},{"not_picked":["construct:MetalShell","construct:ClusterMines"],"picked":"construct:Analyze","floor":7},{"not_picked":["construct:Autoturret","construct:SaveState"],"picked":"construct:ShieldBurst","floor":8},{"not_picked":["construct:SaveState","construct:FierceBash"],"picked":"construct:MetalShell","floor":14}],"player_experience":139076,"relics_obtained":[{"floor":6,"key":"conspire:InfiniteJournal"},{"floor":9,"key":"PreservedInsect"}],"event_choices":[{"cards_removed":["construct:HeavyBolt"],"damage_healed":0,"gold_gain":0,"player_choice":"Take \u0026 Give","damage_taken":0,"max_hp_gain":0,"max_hp_loss":0,"event_name":"betterNote:BetterNote","floor":4,"gold_loss":0,"cards_obtained":["hubris:Fate"]},{"damage_healed":0,"gold_gain":0,"cards_transformed":["construct:Defend_Gold"],"player_choice":"Transformed","damage_taken":0,"max_hp_gain":0,"max_hp_loss":0,"event_name":"Transmorgrifier","floor":12,"gold_loss":0,"cards_obtained":["construct:Anticipate"]}],"is_beta":false,"boss_relics":[],"items_purged_floors":[],"is_endless":false,"potions_floor_spawned":[6,8,14],"killed_by":"Fading Forest","ascension_level":0}}