{"host":"axuns55dzq466eei","time":1613814152,"event":{"mods":["BaseMod","Colored Map","Keyboard Shortcuts","Minty Spire (QoL Compilation)","StSLib","SuperFastMode"],"gold_per_floor":[109,109,128,147,163,163,163,194,218,218,58,58,58,91,91,166,166,176,196,121,38,38,38,38,38,38,38,56,56,86,86,121,121,192,192,248,248,69,81,81,110,124,124,124],"floor_reached":43,"language":"KOR","playtime":973,"items_purged":["Strike_P","Strike_P"],"score":1104,"play_id":"0081b7fa-8de8-4688-b9c9-2ddd1feb2eff","local_time":"20210220184232","is_ascension_mode":true,"campfire_choices":[{"data":"Eruption","floor":6.0,"key":"SMITH"},{"data":"Adaptation","floor":10.0,"key":"SMITH"},{"floor":13.0,"key":"REST"},{"data":"CrushJoints","floor":15.0,"key":"SMITH"},{"data":"WheelKick","floor":24.0,"key":"SMITH"},{"data":"ForeignInfluence","floor":26.0,"key":"SMITH"},{"floor":29.0,"key":"REST"},{"floor":33.0,"key":"REST"}],"circlet_count":0,"master_deck":["AscendersBane","Defend_P+1","Defend_P","Eruption+1","Vigilance","ForeignInfluence+1","FollowUp+1","CutThroughFate","Halt","Adaptation+1","WheelKick+1","CrushJoints+1","FearNoEvil","InnerPeace","Crescendo+1","Scrawl","EmptyMind"],"relics":["PureWater","Strawberry","Ancient Tea Set","Potion Belt","VioletLotus","Bottled Tornado","Blood Vial","Omamori","Empty Cage","Happy Flower"],"acts_visited":["Exordium","TheCity","TheBeyond"],"potions_floor_usage":[42,43],"damage_taken":[{"damage":2.0,"enemies":"2 Louse","floor":1.0,"turns":3.0},{"damage":0.0,"enemies":"Small Slimes","floor":3.0,"turns":2.0},{"damage":4.0,"enemies":"Jaw Worm","floor":4.0,"turns":3.0},{"damage":3.0,"enemies":"Looter","floor":5.0,"turns":3.0},{"damage":15.0,"enemies":"3 Sentries","floor":8.0,"turns":6.0},{"damage":8.0,"enemies":"Gremlin Nob","floor":14.0,"turns":3.0},{"damage":36.0,"enemies":"Hexaghost","floor":16.0,"turns":8.0},{"damage":2.0,"enemies":"Spheric Guardian","floor":18.0,"turns":3.0},{"damage":19.0,"enemies":"2 Thieves","floor":19.0,"turns":3.0},{"damage":0.0,"enemies":"Snake Plant","floor":23.0,"turns":1.0},{"damage":5.0,"enemies":"Snecko","floor":28.0,"turns":3.0},{"damage":43.0,"enemies":"Slavers","floor":30.0,"turns":5.0},{"damage":25.0,"enemies":"Book of Stabbing","floor":32.0,"turns":4.0},{"damage":8.0,"enemies":"Champ","floor":34.0,"turns":6.0},{"damage":18.0,"enemies":"3 Shapes","floor":36.0,"turns":2.0},{"damage":8,"enemies":"Orb Walker","floor":39,"turns":2},{"damage":0,"enemies":"Giant Head","floor":41,"turns":1},{"damage":7,"enemies":"Writhing Mass","floor":42,"turns":3},{"damage":71,"enemies":"Reptomancer","floor":43,"turns":4}],"seed_played":"-6246635130363449061","potions_obtained":[{"floor":4.0,"key":"SpeedPotion"},{"floor":5.0,"key":"SkillPotion"},{"floor":8.0,"key":"DuplicationPotion"},{"floor":19.0,"key":"SmokeBomb"},{"floor":34.0,"key":"Weak Potion"},{"floor":36.0,"key":"SpeedPotion"},{"floor":39,"key":"DistilledChaos"}],"is_trial":false,"path_per_floor":["M","?","M","M","M","R","?","E","T","R","$","?","R","E","R","B",null,"M","M","?","$","$","M","R","$","R","T","M","R","E","?","E","R","B",null,"M","?","$","M","$","E","M","E"],"character_chosen":"WATCHER","items_purchased":["WheelKick","FearNoEvil","EmptyMind"],"campfire_rested":3,"item_purchase_floors":[11,21,38],"current_hp_per_floor":[59,59,59,55,52,52,57,49,49,49,49,25,49,41,41,5,61,59,40,40,40,40,40,40,40,40,40,35,59,16,32,9,33,27,67,51,67,67,61,61,63,58,0,0],"gold":124,"neow_bonus":"TRANSFORM_CARD","is_daily":false,"chose_seed":false,"campfire_upgraded":5,"win_rate":0.0,"timestamp":1613814152,"path_taken":["M","?","M","M","M","R","?","E","T","R","$","?","R","E","R","BOSS","M","M","?","$","$","M","R","$","R","T","M","R","E","?","E","R","BOSS","M","?","$","M","$","E","M","E"],"items_purchased_type":["Card","Card","Card"],"build_version":"2020-12-22","purchased_purges":2,"victory":false,"max_hp_per_floor":[68,68,68,68,68,68,73,80,80,80,80,80,80,80,80,80,80,80,80,80,80,80,80,80,80,80,80,80,80,80,80,80,80,80,80,80,80,80,80,80,80,80,80,80],"card_choices":[{"not_picked":["Vengeance","ForeignInfluence"],"picked":"FollowUp","floor":1.0},{"not_picked":["FlyingSleeves","Perseverance"],"picked":"CutThroughFate","floor":3.0},{"not_picked":["FlurryOfBlows","Crescendo"],"picked":"Halt","floor":4.0},{"not_picked":["PathToVictory","ReachHeaven","Weave"],"picked":"SKIP","floor":5.0},{"not_picked":["FearNoEvil","SashWhip"],"picked":"Adaptation","floor":8.0},{"not_picked":["Vault","BowlingBash"],"picked":"CrushJoints","floor":14.0},{"not_picked":["ClearTheMind","Vengeance","Fasting2"],"picked":"SKIP","floor":18.0},{"not_picked":["Prostrate","ClearTheMind","SandsOfTime"],"picked":"SKIP","floor":19.0},{"not_picked":["FollowUp+1","LikeWater"],"picked":"InnerPeace","floor":28.0},{"not_picked":["MasterReality","FollowUp"],"picked":"Crescendo+1","floor":30.0},{"not_picked":["ThirdEye","CrushJoints","Meditate"],"picked":"SKIP","floor":32.0},{"not_picked":["ConjureBlade","SpiritShield"],"picked":"Scrawl","floor":34.0},{"not_picked":["PathToVictory","EmptyBody","FlurryOfBlows"],"picked":"SKIP","floor":36.0},{"not_picked":["Wireheading+1","FlurryOfBlows","EmptyFist"],"picked":"SKIP","floor":39},{"not_picked":["FlurryOfBlows+1","TalkToTheHand","Alpha"],"picked":"SKIP","floor":41},{"not_picked":["Halt","SandsOfTime","Protect"],"picked":"SKIP","floor":42}],"player_experience":1127949,"relics_obtained":[{"floor":8.0,"key":"Strawberry"},{"floor":9.0,"key":"Ancient Tea Set"},{"floor":14.0,"key":"Potion Belt"},{"floor":27.0,"key":"Bottled Tornado"},{"floor":30.0,"key":"Blood Vial"},{"floor":32.0,"key":"Omamori"},{"floor":41,"key":"Happy Flower"}],"event_choices":[{"damage_healed":0.0,"max_hp_gain":0.0,"max_hp_loss":0.0,"gold_gain":0.0,"event_name":"Golden Idol","player_choice":"Ignored","floor":2.0,"gold_loss":0.0,"damage_taken":0.0},{"damage_healed":0.0,"max_hp_gain":5.0,"max_hp_loss":0.0,"gold_gain":0.0,"event_name":"Big Fish","player_choice":"Donut","floor":7.0,"gold_loss":0.0,"damage_taken":0.0},{"damage_healed":0.0,"max_hp_gain":0.0,"max_hp_loss":0.0,"gold_gain":0.0,"event_name":"Shining Light","player_choice":"Entered Light","floor":12.0,"gold_loss":0.0,"damage_taken":24.0,"cards_upgraded":["Defend_P","FollowUp"]},{"cards_removed":["Strike_P"],"damage_healed":0.0,"max_hp_gain":0.0,"max_hp_loss":0.0,"gold_gain":0.0,"event_name":"Beggar","player_choice":"Gave Gold","floor":20.0,"gold_loss":75.0,"damage_taken":0.0},{"damage_healed":16.0,"max_hp_gain":0.0,"max_hp_loss":0.0,"gold_gain":0.0,"event_name":"The Library","player_choice":"Heal","floor":31.0,"gold_loss":0.0,"damage_taken":0.0},{"damage_healed":16,"gold_gain":0,"player_choice":"Writhe","damage_taken":0,"max_hp_gain":0,"max_hp_loss":0,"event_name":"Winding Halls","floor":37,"gold_loss":0,"cards_obtained":["Writhe"]}],"is_beta":false,"boss_relics":[{"not_picked":["Cursed Key","Runic Dome"],"picked":"VioletLotus"},{"not_picked":["Philosopher\u0027s Stone","SacredBark"],"picked":"Empty Cage"}],"items_purged_floors":[11,38],"is_endless":false,"potions_floor_spawned":[4,5,8,19,23,34,36,39],"killed_by":"Reptomancer","ascension_level":20}}