{"host":"h053bmw6xomhy8md","time":1613848408,"event":{"mods":["AchievementEnabler","BaseMod","Colored Map","Colored Powertips","Highlight Path","Minty Spire (QoL Compilation)"],"gold_per_floor":[113,124,144,161,161,161,177,177,177,177,193,193,118,118,118,118,118],"floor_reached":16,"language":"ENG","playtime":546,"items_purged":["Strike_B"],"score":97,"play_id":"a09d63d6-454d-430c-b135-1986e8b84631","local_time":"20210220141328","is_ascension_mode":true,"campfire_choices":[{"floor":6,"key":"REST"},{"data":"Genetic Algorithm","floor":8,"key":"SMITH"},{"data":"Hello World","floor":10,"key":"SMITH"},{"data":"Zap","floor":12,"key":"SMITH"},{"floor":15,"key":"REST"}],"circlet_count":0,"master_deck":["Strike_B","Strike_B","Defend_B","Defend_B","Defend_B","Zap+1","Dualcast","Hello World+1","Rebound","Chill","Genetic Algorithm+1","Turbo"],"relics":["Cracked Core","Molten Egg 2","Bottled Flame"],"acts_visited":["Exordium"],"potions_floor_usage":[],"damage_taken":[{"damage":0,"enemies":"Small Slimes","floor":1,"turns":2},{"damage":6,"enemies":"Jaw Worm","floor":2,"turns":3},{"damage":1,"enemies":"Cultist","floor":3,"turns":3},{"damage":16,"enemies":"Exordium Wildlife","floor":4,"turns":5},{"damage":10,"enemies":"Looter","floor":7,"turns":3},{"damage":10,"enemies":"2 Fungi Beasts","floor":11,"turns":5},{"damage":44,"enemies":"Slime Boss","floor":16,"turns":6}],"seed_played":"1825815382199138957","potions_obtained":[{"floor":2,"key":"Fruit Juice"},{"floor":7,"key":"PotionOfCapacity"}],"is_trial":false,"path_per_floor":["M","M","M","M","?","R","M","R","T","R","M","R","$","?","R","B"],"character_chosen":"DEFECT","items_purchased":[],"campfire_rested":2,"item_purchase_floors":[],"current_hp_per_floor":[54,48,47,31,13,35,25,25,25,25,15,15,15,15,37,0,0],"gold":118,"neow_bonus":"REMOVE_TWO","is_daily":false,"chose_seed":false,"campfire_upgraded":3,"win_rate":0.0,"timestamp":1613848408,"path_taken":["M","M","M","M","?","R","M","R","T","R","M","R","$","?","R","BOSS"],"items_purchased_type":[],"build_version":"2020-12-22","purchased_purges":1,"victory":false,"max_hp_per_floor":[75,75,75,75,75,75,75,75,75,75,75,75,75,75,75,75,75],"card_choices":[{"not_picked":["Compile Driver","Go for the Eyes"],"picked":"Hello World","floor":1},{"not_picked":["Cold Snap","Melter"],"picked":"Rebound","floor":2},{"not_picked":["Conserve Battery","Ball Lightning"],"picked":"Chill","floor":3},{"not_picked":["Barrage","Streamline"],"picked":"Genetic Algorithm","floor":4},{"not_picked":["Coolheaded","Rebound+1","Stack"],"picked":"SKIP","floor":7},{"not_picked":["Barrage+1","Chaos"],"picked":"Turbo","floor":11}],"player_experience":28681,"relics_obtained":[{"floor":9,"key":"Bottled Flame"}],"event_choices":[{"damage_healed":0,"gold_gain":0,"player_choice":"Success","damage_taken":18,"relics_obtained":["Molten Egg 2"],"max_hp_gain":0,"max_hp_loss":0,"event_name":"Scrap Ooze","floor":5,"gold_loss":0},{"damage_healed":0,"gold_gain":0,"player_choice":"Ignored","damage_taken":0,"max_hp_gain":0,"max_hp_loss":0,"event_name":"Liars Game","floor":14,"gold_loss":0}],"is_beta":false,"boss_relics":[],"items_purged_floors":[13],"is_endless":false,"potions_floor_spawned":[2,7],"killed_by":"Slime Boss","ascension_level":1}}