{"host":"xwl7b08i4vco8s3a","time":1613848484,"event":{"mods":["Aspiration","BaseMod","Downfall","Minty Spire (QoL Compilation)","Replay The Spire","StSLib"],"gold_per_floor":[99,99,99,99,99,99,99,9,9,9,9,23,23,67,102,102,102,102],"floor_reached":16,"language":"ENG","playtime":850,"items_purged":["downfall:Malfunctioning"],"score":94,"play_id":"9813c37c-7da4-454a-aed5-3faa48ff3129","local_time":"20210220201444","is_ascension_mode":false,"campfire_choices":[{"data":"Slimebound:SlimeBarrage","floor":11,"key":"SMITH"},{"floor":13,"key":"REST"}],"circlet_count":0,"master_deck":["Slimebound:Strike_Slimebound","Slimebound:Strike_Slimebound+1","Slimebound:Strike_Slimebound","Slimebound:Tackle+1","Slimebound:Defend_Slimebound","Slimebound:Defend_Slimebound","Slimebound:Defend_Slimebound","Slimebound:Defend_Slimebound","Slimebound:Split","Slimebound:CorrosiveSpit+1","Slimebound:ComboTackle","Doubt","Slimebound:SlimeBarrage+1","Slimebound:SplitBruiser+1","Slimebound:Schlurp","Slimebound:RejuvenatingLick"],"relics":["Slimebound:AbsorbEndCombat","downfall:HeartsMalice","Ring of Fangs","ReplayTheSpireMod:Ring of Challenge","Replay:WaspNest","downfall:BrokenWingStatue","Potion Belt"],"acts_visited":["Exordium"],"potions_floor_usage":[16],"damage_taken":[{"damage":0,"enemies":"Small Slimes","floor":2,"turns":1},{"damage":0,"enemies":"Cultist","floor":5,"turns":1},{"damage":0,"enemies":"2 Louse","floor":6,"turns":1},{"damage":10,"enemies":"downfall:FleeingMerchant","floor":8,"turns":4},{"damage":21,"enemies":"Lots of Slimes","floor":12,"turns":4},{"damage":37,"enemies":"3 Sentries","floor":14,"turns":6},{"damage":12,"enemies":"Exordium Wildlife","floor":15,"turns":3},{"damage":15,"enemies":"DF_ARCHETYPE_STREAMLINE","floor":16,"turns":3}],"seed_played":"-5490937053745098346","potions_obtained":[{"floor":12,"key":"BlessingOfTheForge"},{"floor":14,"key":"champ:CounterPotion"}],"is_trial":false,"path_per_floor":["R","M","?","?","M","M","T","$","?","?","R","M","R","E","M","B"],"character_chosen":"SLIMEBOUND","items_purchased":[],"campfire_rested":1,"item_purchase_floors":[],"current_hp_per_floor":[65,65,65,65,65,65,65,57,57,57,57,36,55,18,10,0,0,0],"gold":102,"neow_bonus":"THREE_ENEMY_KILL","is_daily":false,"chose_seed":false,"campfire_upgraded":1,"win_rate":0.0,"timestamp":1613848484,"path_taken":["R","M","?","?","?","M","T","$","?","?","R","?","R","E","M","BOSS"],"items_purchased_type":[],"build_version":"2020-12-22","purchased_purges":1,"victory":false,"max_hp_per_floor":[65,65,65,65,65,65,65,65,65,65,65,65,65,65,65,65,65,65],"card_choices":[{"not_picked":["Slimebound:HauntingLick","Slimebound:Prepare"],"picked":"Slimebound:ComboTackle","floor":2},{"not_picked":["Slimebound:DisruptingSlam","Slimebound:HauntingLick"],"picked":"Slimebound:SlimeBarrage","floor":5},{"not_picked":["Slimebound:ForwardTackle","Slimebound:GoopSpray"],"picked":"Slimebound:SplitBruiser","floor":6},{"not_picked":["Slimebound:ComboTackle","Slimebound:SplitAcid","Slimebound:FormOfPuddle"],"picked":"SKIP","floor":8},{"not_picked":["Slimebound:GoopTackle","Slimebound:FirmFortitude","Slimebound:RollThrough"],"picked":"SKIP","floor":12},{"not_picked":["Slimebound:LeechEnergy","Slimebound:SplitBruiser"],"picked":"Slimebound:Schlurp","floor":14},{"not_picked":["Slimebound:ComboTackle","Slimebound:SpikyOuterGoop"],"picked":"Slimebound:RejuvenatingLick","floor":15}],"player_experience":424413,"relics_obtained":[{"floor":3,"key":"Ring of Fangs"},{"floor":3,"key":"ReplayTheSpireMod:Ring of Challenge"},{"floor":7,"key":"Replay:WaspNest"},{"floor":14,"key":"Potion Belt"}],"event_choices":[],"is_beta":false,"boss_relics":[],"items_purged_floors":[8],"is_endless":false,"potions_floor_spawned":[12,14],"killed_by":"DF_ARCHETYPE_STREAMLINE","ascension_level":0}}