{"host":"wshey5htrz8rni6u","time":1613833066,"event":{"mods":["2.2 Compatiblity","BaseMod","Block Reminder","Colored Map","Colored Powertips","Current Relic Mod","Curses Come First","Dark Map","Key Reminder","Keyboard Shortcuts","Minty Spire (QoL Compilation)","Potion Indicator Mod","Quick Restart","Random Character Button","Relic Sorter","Relic Stats","StSLib","SuperFastMode","Unceasing Turn Reminder","UnlockEverythingMod","Weighted Paths"],"gold_per_floor":[113,7,7,7,7,7,43,57,80,5,49,49,24,57,57,185,185,210,210,225,241,85,119,119,152,177,191,191,191,226,245,245,342,342,357,282,282,282,282,317,327,355,355,386,386,421,68,118,118,118,118,118,19,53,53,53],"floor_reached":55,"language":"ENG","playtime":5806,"items_purged":["Strike_G"],"score":1309,"play_id":"739a1525-77aa-4acf-a1e1-6127c5afa50f","local_time":"20210220065746","is_ascension_mode":true,"campfire_choices":[{"data":"Neutralize","floor":6.0,"key":"SMITH"},{"floor":12.0,"key":"REST"},{"data":"Calculated Gamble","floor":15.0,"key":"SMITH"},{"data":"Well Laid Plans","floor":24,"key":"SMITH"},{"data":"Night Terror","floor":29,"key":"SMITH"},{"data":"Wraith Form v2","floor":32,"key":"SMITH"},{"floor":49,"key":"RECALL"},{"data":"Terror","floor":52,"key":"SMITH"}],"circlet_count":0,"master_deck":["Neutralize+1","Cloak And Dagger","Predator","Flying Knee+1","Calculated Gamble+1","Dagger Throw","Dodge and Roll","PiercingWail","Wraith Form v2+1","After Image","Quick Slash","Backflip","Noxious Fumes","Noxious Fumes","Endless Agony","Well Laid Plans+1","Deflect","Night Terror+1","Blur+1","Dagger Throw+1","Caltrops","Accuracy+1","Glass Knife","Terror+1","Impatience","Impatience","Madness","Madness","Cloak And Dagger","Caltrops","Deflect+1","Blade Dance","Dodge and Roll","Choke"],"relics":["Busted Crown","Bloody Idol","Juzu Bracelet","Whetstone","Meat on the Bone","Ornamental Fan","Pandora\u0027s Box","Lee\u0027s Waffle","Matryoshka","Nunchaku","Orichalcum","Kunai","Cursed Key","Omamori","Akabeko","StrikeDummy","Bronze Scales","Blood Vial","Gambling Chip","Torii","StoneCalendar","Ice Cream"],"acts_visited":["Exordium","TheCity","TheBeyond","TheEnding"],"potions_floor_usage":[25,25,30,30,31,31,41,42,44,54,55],"damage_taken":[{"damage":1.0,"enemies":"Small Slimes","floor":1.0,"turns":3.0},{"damage":21.0,"enemies":"3 Sentries","floor":7.0,"turns":12.0},{"damage":0.0,"enemies":"Jaw Worm","floor":8.0,"turns":3.0},{"damage":7.0,"enemies":"Lagavulin","floor":11.0,"turns":6.0},{"damage":8.0,"enemies":"Gremlin Nob","floor":14.0,"turns":4.0},{"damage":19.0,"enemies":"Slime Boss","floor":16.0,"turns":14.0},{"damage":6.0,"enemies":"Shell Parasite","floor":18.0,"turns":6.0},{"damage":1.0,"enemies":"Chosen","floor":20.0,"turns":7.0},{"damage":9.0,"enemies":"Snake Plant","floor":21.0,"turns":7.0},{"damage":15,"enemies":"Book of Stabbing","floor":23,"turns":8},{"damage":0,"enemies":"Gremlin Leader","floor":25,"turns":9},{"damage":0,"enemies":"Centurion and Healer","floor":27,"turns":6},{"damage":25,"enemies":"Slavers","floor":30,"turns":6},{"damage":0,"enemies":"3 Cultists","floor":31,"turns":6},{"damage":0,"enemies":"Automaton","floor":33,"turns":12},{"damage":1,"enemies":"3 Darklings","floor":35,"turns":7},{"damage":0,"enemies":"Giant Head","floor":40,"turns":9},{"damage":7,"enemies":"Orb Walker","floor":41,"turns":3},{"damage":6,"enemies":"Nemesis","floor":42,"turns":9},{"damage":3,"enemies":"Reptomancer","floor":44,"turns":7},{"damage":9,"enemies":"Nemesis","floor":46,"turns":7},{"damage":0,"enemies":"Mind Bloom Boss Battle","floor":48,"turns":6},{"damage":27,"enemies":"Donu and Deca","floor":50,"turns":11},{"damage":60,"enemies":"Shield and Spear","floor":54,"turns":7},{"damage":56,"enemies":"The Heart","floor":55,"turns":3}],"seed_played":"235069866818042473","potions_obtained":[{"floor":8.0,"key":"AttackPotion"},{"floor":14.0,"key":"Block Potion"},{"floor":16.0,"key":"Ancient Potion"},{"floor":18.0,"key":"Strength Potion"},{"floor":19.0,"key":"SkillPotion"},{"floor":19.0,"key":"SkillPotion"},{"floor":21.0,"key":"EntropicBrew"},{"floor":25,"key":"Explosive Potion"},{"floor":30,"key":"AttackPotion"},{"floor":40,"key":"AttackPotion"},{"floor":41,"key":"AttackPotion"},{"floor":54,"key":"FearPotion"}],"is_trial":false,"path_per_floor":["M","$","?","?","?","R","E","M","T","$","E","R","$","E","R","B",null,"M","?","M","M","$","E","R","E","T","M","?","R","E","M","R","B",null,"M","$","?","?","?","E","M","E","T","E","?","E","$","?","R","B",null,"R","$","E","B"],"character_chosen":"THE_SILENT","items_purchased":["Predator","Flying Knee","Dodge and Roll","Lee\u0027s Waffle","Terror","Blade Dance","Torii","FearPotion","SpeedPotion"],"campfire_rested":1,"item_purchase_floors":[2,2,13,22,36,47,47,53,53],"current_hp_per_floor":[62,62,48,48,48,48,27,27,27,27,20,39,39,43,43,36,58,52,52,51,42,72,57,57,57,57,57,57,57,49,54,54,59,69,72,72,72,62,53,58,56,55,55,57,57,55,55,62,62,37,63,63,63,22,0,0],"gold":53,"neow_bonus":"BOSS_RELIC","is_daily":false,"chose_seed":false,"campfire_upgraded":6,"win_rate":0.0,"timestamp":1613833066,"path_taken":["M","$","?","?","?","R","E","M","T","$","E","R","?","E","R","BOSS","M","?","M","M","$","E","R","E","T","M","?","R","E","M","R","BOSS","M","$","?","?","?","E","M","E","T","E","?","E","?","?","R","BOSS","R","$","E","BOSS"],"items_purchased_type":["Card","Card","Card","Relic","Card","Card","Relic","Potion","Potion"],"build_version":"2020-12-13","purchased_purges":1,"victory":false,"max_hp_per_floor":[70,70,70,70,65,65,65,65,65,65,65,65,65,65,65,65,65,65,65,65,65,72,72,72,72,72,72,72,72,72,72,72,72,72,72,72,72,72,72,72,72,72,72,72,72,72,72,72,72,72,72,72,72,72,72,72],"relic_stats":{"Lee\u0027s Waffle":30,"Torii":23,"counters":[25,178],"StoneCalendar":[161],"Juzu Bracelet":2,"Whetstone":["Strike_G","Flying Knee"],"Orichalcum":[12],"Cursed Key":1,"Blood Vial":10,"Nunchaku":[30],"Busted Crown":52,"Ornamental Fan":[380],"Bloody Idol":54,"Bronze Scales":[157],"Gambling Chip":[15],"Pandora\u0027s Box":["After Image","Quick Slash","Backflip","Noxious Fumes","Noxious Fumes","Endless Agony","Well Laid Plans","Deflect","Night Terror"],"Kunai":[61],"obtain_stats":[{"Ice Cream":54,"Torii":47,"StoneCalendar":48,"Juzu Bracelet":7,"Whetstone":9,"Cursed Key":34,"Blood Vial":44,"Nunchaku":25,"Matryoshka":23,"Gambling Chip":46,"Kunai":30,"Ring of the Snake":0,"Lee\u0027s Waffle":22,"Golden Idol":5,"Omamori":40,"Orichalcum":26,"Akabeko":42,"keyreminder:keyreminder":7,"Busted Crown":0,"Ornamental Fan":14,"Bloody Idol":28,"Bronze Scales":43,"Pandora\u0027s Box":17,"StrikeDummy":43,"Meat on the Bone":11},{"Ice Cream":24,"Torii":21,"StoneCalendar":22,"Juzu Bracelet":2,"Whetstone":3,"Cursed Key":15,"Blood Vial":20,"Nunchaku":11,"Matryoshka":10,"Gambling Chip":21,"Kunai":13,"Ring of the Snake":0,"Lee\u0027s Waffle":9,"Golden Idol":1,"Omamori":17,"Orichalcum":11,"Akabeko":19,"keyreminder:keyreminder":2,"Busted Crown":0,"Ornamental Fan":5,"Bloody Idol":12,"Bronze Scales":19,"Pandora\u0027s Box":6,"StrikeDummy":19,"Meat on the Bone":4},{"Ice Cream":175,"Torii":151,"StoneCalendar":157,"Juzu Bracelet":15,"Whetstone":18,"Cursed Key":109,"Blood Vial":144,"Nunchaku":79,"Matryoshka":70,"Gambling Chip":151,"Kunai":91,"Ring of the Snake":0,"Lee\u0027s Waffle":62,"Golden Idol":3,"Omamori":125,"Orichalcum":79,"Akabeko":137,"keyreminder:keyreminder":15,"Busted Crown":0,"Ornamental Fan":28,"Bloody Idol":85,"Bronze Scales":137,"Pandora\u0027s Box":42,"StrikeDummy":137,"Meat on the Bone":24}],"Meat on the Bone":48},"card_choices":[{"not_picked":[],"picked":"Cloak And Dagger","floor":1.0},{"not_picked":[],"picked":"Calculated Gamble","floor":7.0},{"not_picked":["Outmaneuver"],"picked":"SKIP","floor":8.0},{"not_picked":[],"picked":"Dagger Throw","floor":11.0},{"not_picked":[],"picked":"PiercingWail","floor":14.0},{"not_picked":[],"picked":"Wraith Form v2","floor":16.0},{"not_picked":[],"picked":"Blur+1","floor":18.0},{"not_picked":[],"picked":"Dagger Throw+1","floor":20.0},{"not_picked":["Heel Hook"],"picked":"SKIP","floor":21.0},{"not_picked":["Dagger Spray"],"picked":"SKIP","floor":23},{"not_picked":["Underhanded Strike+1"],"picked":"SKIP","floor":25},{"not_picked":["Underhanded Strike+1"],"picked":"SKIP","floor":25},{"not_picked":[],"picked":"Caltrops","floor":27},{"not_picked":[],"picked":"Accuracy+1","floor":30},{"not_picked":["Dodge and Roll"],"picked":"SKIP","floor":31},{"not_picked":[],"picked":"Glass Knife","floor":33},{"not_picked":["Acrobatics+1"],"picked":"SKIP","floor":35},{"not_picked":[],"picked":"Impatience","floor":38},{"not_picked":[],"picked":"Impatience","floor":38},{"not_picked":["Heel Hook"],"picked":"SKIP","floor":40},{"not_picked":[],"picked":"Cloak And Dagger","floor":41},{"not_picked":["All Out Attack+1"],"picked":"SKIP","floor":42},{"not_picked":[],"picked":"Caltrops","floor":44},{"not_picked":[],"picked":"Deflect+1","floor":46},{"not_picked":[],"picked":"Dodge and Roll","floor":48},{"not_picked":[],"picked":"Choke","floor":54}],"player_experience":158670,"relics_obtained":[{"floor":7.0,"key":"Juzu Bracelet"},{"floor":9.0,"key":"Whetstone"},{"floor":11.0,"key":"Meat on the Bone"},{"floor":14.0,"key":"Ornamental Fan"},{"floor":23,"key":"Matryoshka"},{"floor":25,"key":"Nunchaku"},{"floor":26,"key":"Orichalcum"},{"floor":30,"key":"Kunai"},{"floor":40,"key":"Omamori"},{"floor":42,"key":"Akabeko"},{"floor":43,"key":"StrikeDummy"},{"floor":43,"key":"Bronze Scales"},{"floor":44,"key":"Blood Vial"},{"floor":46,"key":"Gambling Chip"},{"floor":48,"key":"StoneCalendar"},{"floor":54,"key":"Ice Cream"}],"event_choices":[{"damage_healed":0.0,"max_hp_gain":0.0,"max_hp_loss":0.0,"gold_gain":0.0,"event_name":"Shining Light","player_choice":"Entered Light","floor":3.0,"gold_loss":0.0,"damage_taken":14.0,"cards_upgraded":["Defend_G","Defend_G"]},{"damage_healed":0.0,"max_hp_gain":0.0,"max_hp_loss":0.0,"gold_gain":0.0,"event_name":"Liars Game","player_choice":"Ignored","floor":4.0,"gold_loss":0.0,"damage_taken":0.0},{"damage_healed":0.0,"max_hp_gain":0.0,"max_hp_loss":5.0,"gold_gain":0.0,"event_name":"Golden Idol","player_choice":"Lose Max HP","floor":5.0,"gold_loss":0.0,"damage_taken":0.0,"relics_obtained":["Golden Idol"]},{"damage_healed":0.0,"max_hp_gain":0.0,"max_hp_loss":0.0,"gold_gain":0.0,"event_name":"Lab","player_choice":"Got Potions","floor":19.0,"gold_loss":0.0,"damage_taken":0.0},{"damage_healed":0,"gold_gain":0,"player_choice":"Gave Idol","damage_taken":0,"relics_obtained":["Bloody Idol"],"max_hp_gain":0,"max_hp_loss":0,"event_name":"Forgotten Altar","floor":28,"relics_lost":["Golden Idol"],"gold_loss":0},{"damage_healed":0,"gold_gain":0,"player_choice":"Ignored","damage_taken":0,"max_hp_gain":0,"max_hp_loss":0,"event_name":"Tomb of Lord Red Mask","floor":37,"gold_loss":0},{"damage_healed":0,"gold_gain":0,"player_choice":"Memory 3","damage_taken":10,"max_hp_gain":0,"max_hp_loss":0,"event_name":"SensoryStone","floor":38,"gold_loss":0},{"damage_healed":0,"gold_gain":0,"player_choice":"Embrace Madness","damage_taken":9,"max_hp_gain":0,"max_hp_loss":0,"event_name":"Winding Halls","floor":39,"gold_loss":0,"cards_obtained":["Madness","Madness"]},{"cards_removed":["Survivor"],"damage_healed":0,"gold_gain":0,"player_choice":"Removed Skill","damage_taken":0,"max_hp_gain":0,"max_hp_loss":0,"event_name":"Falling","floor":45,"gold_loss":0},{"damage_healed":0,"gold_gain":0,"player_choice":"Fight","damage_taken":0,"max_hp_gain":0,"max_hp_loss":0,"event_name":"MindBloom","floor":48,"gold_loss":0}],"is_beta":false,"boss_relics":[{"not_picked":["WristBlade","Empty Cage"],"picked":"Pandora\u0027s Box"},{"not_picked":["Coffee Dripper","SacredBark"],"picked":"Cursed Key"}],"items_purged_floors":[10],"is_endless":false,"potions_floor_spawned":[8,14,16,18,21,25,30,40,41,54],"killed_by":"The Heart","ascension_level":9}}