{"host":"test","time":1613837229,"event":{"mods":["BaseMod","Colored Map","Colored Powertips","Minty Spire (QoL Compilation)","Relic Stats","StSLib","ojb\u0027s Better Paths Mod","ojb\u0027s Info Mod"],"gold_per_floor":[164,178,178,194,204,235,235,267,291,322,336,383,383,402,402,474,474,485,456,456,177,177,177,206,222,245,245,257,276,311,321,321,398,398,411,426,436,83,98,126,126,146,228,243,243,277,288,299,299,299,299,299,299,77,77,77],"floor_reached":55,"language":"JPN","playtime":4717,"items_purged":["Defend_B","Strike_B","Strike_B"],"score":1990,"play_id":"c6e22a80-025f-4c65-923b-af78ed5487a8","local_time":"20210221010709","is_ascension_mode":true,"campfire_choices":[{"floor":7.0,"key":"REST"},{"data":"Capacitor","floor":13.0,"key":"SMITH"},{"data":"Chill","floor":15.0,"key":"SMITH"},{"floor":23.0,"key":"REST"},{"floor":27.0,"key":"REST"},{"floor":32.0,"key":"REST"},{"floor":41.0,"key":"REST"},{"floor":45.0,"key":"REST"},{"floor":49.0,"key":"RECALL"},{"floor":53.0,"key":"REST"}],"circlet_count":0,"master_deck":["AscendersBane","Strike_B","Defend_B+1","Defend_B+1","Defend_B","Zap","Dualcast","Doom and Gloom","Barrage","Glacier","Coolheaded+1","Lockon","Chill+1","Capacitor+1","Barrage","Biased Cognition","Loop+1","Consume","FTL","Go for the Eyes","Streamline+1","Compile Driver","Machine Learning","Undo","Defragment","Compile Driver","Steam Power","Turbo","Coolheaded+1","Loop"],"relics":["Tiny House","Meat on the Bone","Orichalcum","Blood Vial","Smiling Mask","War Paint","Fusion Hammer","Medical Kit","Bag of Marbles","Happy Flower","Mummified Hand","Nuclear Battery","PreservedInsect","Pen Nib","Letter Opener","Singing Bowl"],"acts_visited":["Exordium","TheCity","TheBeyond","TheEnding"],"potions_floor_usage":[55],"damage_taken":[{"damage":7.0,"enemies":"Small Slimes","floor":1.0,"turns":3.0},{"damage":6.0,"enemies":"Jaw Worm","floor":2.0,"turns":4.0},{"damage":0.0,"enemies":"Cultist","floor":4.0,"turns":4.0},{"damage":1.0,"enemies":"Looter","floor":5.0,"turns":4.0},{"damage":38.0,"enemies":"Gremlin Nob","floor":6.0,"turns":6.0},{"damage":21.0,"enemies":"Lagavulin","floor":8.0,"turns":8.0},{"damage":0.0,"enemies":"3 Sentries","floor":10.0,"turns":9.0},{"damage":1.0,"enemies":"Lots of Slimes","floor":11.0,"turns":2.0},{"damage":4.0,"enemies":"Large Slime","floor":14.0,"turns":3.0},{"damage":32.0,"enemies":"The Guardian","floor":16.0,"turns":13.0},{"damage":6.0,"enemies":"Shell Parasite","floor":18.0,"turns":8.0},{"damage":4.0,"enemies":"2 Thieves","floor":19.0,"turns":4.0},{"damage":33.0,"enemies":"Book of Stabbing","floor":24.0,"turns":5.0},{"damage":0.0,"enemies":"Snake Plant","floor":25.0,"turns":7.0},{"damage":2.0,"enemies":"Centurion and Healer","floor":28.0,"turns":8.0},{"damage":12.0,"enemies":"Sentry and Sphere","floor":29.0,"turns":7.0},{"damage":17.0,"enemies":"Gremlin Leader","floor":30.0,"turns":6.0},{"damage":11.0,"enemies":"Cultist and Chosen","floor":31.0,"turns":6.0},{"damage":34.0,"enemies":"Collector","floor":33.0,"turns":11.0},{"damage":4.0,"enemies":"Orb Walker","floor":35.0,"turns":4.0},{"damage":5.0,"enemies":"3 Darklings","floor":36.0,"turns":6.0},{"damage":21.0,"enemies":"Jaw Worm Horde","floor":37.0,"turns":6.0},{"damage":10.0,"enemies":"4 Shapes","floor":39.0,"turns":8.0},{"damage":8.0,"enemies":"Giant Head","floor":40.0,"turns":6.0},{"damage":12.0,"enemies":"Writhing Mass","floor":42.0,"turns":9.0},{"damage":0.0,"enemies":"Jaw Worm Horde","floor":44.0,"turns":5.0},{"damage":10.0,"enemies":"Nemesis","floor":46.0,"turns":7.0},{"damage":0.0,"enemies":"Transient","floor":47.0,"turns":6.0},{"damage":0.0,"enemies":"4 Shapes","floor":48.0,"turns":8.0},{"damage":68.0,"enemies":"Time Eater","floor":50.0,"turns":14.0},{"damage":15.0,"enemies":"Awakened One","floor":51.0,"turns":31.0},{"damage":85,"enemies":"Shield and Spear","floor":55,"turns":9}],"seed_played":"4427908449334437303","potions_obtained":[{"floor":0.0,"key":"Explosive Potion"},{"floor":1.0,"key":"Explosive Potion"},{"floor":8.0,"key":"AttackPotion"},{"floor":14.0,"key":"Fire Potion"},{"floor":19.0,"key":"PowerPotion"},{"floor":29.0,"key":"Fire Potion"},{"floor":30.0,"key":"FearPotion"},{"floor":36.0,"key":"LiquidBronze"},{"floor":40.0,"key":"DistilledChaos"},{"floor":44.0,"key":"LiquidMemories"},{"floor":47.0,"key":"CultistPotion"}],"is_trial":false,"path_per_floor":["M","M","?","M","M","E","R","E","T","E","M","T","R","M","R","B",null,"M","M","T","$","?","R","E","M","T","R","M","M","E","M","R","B",null,"M","M","M","$","M","E","R","M","T","M","R","E","M","M","R","B","B",null,"R","$","E"],"character_chosen":"DEFECT","items_purchased":["Medical Kit","Swift Potion","Defragment","PreservedInsect","Explosive Potion","DuplicationPotion","Loop"],"campfire_rested":7,"item_purchase_floors":[21,21,38,38,38,54,54],"current_hp_per_floor":[62,56,61,61,60,22,46,37,37,51,52,52,52,50,50,32,69,65,63,63,63,63,81,48,50,50,74,74,64,49,52,76,44,72,70,67,48,48,52,46,70,60,60,62,81,73,75,77,77,23,22,68,83,83,0,0],"gold":77,"neow_bonus":"BOSS_RELIC","is_daily":false,"chose_seed":true,"campfire_upgraded":2,"win_rate":0.0,"timestamp":1613837229,"path_taken":["M","M","?","M","M","E","R","E","T","E","M","?","R","M","R","BOSS","M","M","?","$","?","R","E","M","T","R","M","M","E","M","R","BOSS","M","?","M","$","M","E","R","M","T","M","R","E","M","M","R","BOSS","BOSS","R","$","E"],"items_purchased_type":["Relic","Potion","Card","Relic","Potion","Potion","Card"],"build_version":"2020-12-18","purchased_purges":3,"victory":false,"max_hp_per_floor":[76,76,81,81,81,81,81,81,81,81,81,81,81,81,81,81,81,81,81,81,81,81,81,81,81,81,81,81,81,81,81,81,81,81,81,81,81,81,81,81,81,81,81,81,81,83,83,83,83,83,83,83,83,83,83,83],"relic_stats":{"Happy Flower":[52],"Singing Bowl":2,"counters":[32,237],"PreservedInsect":257,"Pen Nib":[17],"Letter Opener":[76],"Orichalcum":[252],"War Paint":["Defend_B","Coolheaded"],"Smiling Mask":150,"Medical Kit":[23],"Blood Vial":46,"Mummified Hand":[74],"obtain_stats":[{"Tiny House":0,"Happy Flower":26,"Singing Bowl":46,"PreservedInsect":38,"Pen Nib":40,"Letter Opener":43,"Orichalcum":8,"War Paint":12,"Smiling Mask":10,"Medical Kit":21,"Nuclear Battery":34,"Blood Vial":9,"Mummified Hand":30,"Fusion Hammer":17,"Bag of Marbles":24,"Cracked Core":0,"Meat on the Bone":6},{"Tiny House":0,"Happy Flower":14,"Singing Bowl":27,"PreservedInsect":22,"Pen Nib":24,"Letter Opener":25,"Orichalcum":6,"War Paint":8,"Smiling Mask":7,"Medical Kit":12,"Nuclear Battery":19,"Blood Vial":6,"Mummified Hand":17,"Fusion Hammer":10,"Bag of Marbles":13,"Cracked Core":0,"Meat on the Bone":5},{"Tiny House":0,"Happy Flower":80,"Singing Bowl":169,"PreservedInsect":134,"Pen Nib":148,"Letter Opener":157,"Orichalcum":29,"War Paint":40,"Smiling Mask":38,"Medical Kit":68,"Nuclear Battery":118,"Blood Vial":29,"Mummified Hand":101,"Fusion Hammer":56,"Bag of Marbles":73,"Cracked Core":0,"Meat on the Bone":21}],"Meat on the Bone":84},"card_choices":[{"not_picked":["Aggregate","Steam Power"],"picked":"Doom and Gloom","floor":0.0},{"not_picked":["Hologram","Reinforced Body"],"picked":"Barrage","floor":1.0},{"not_picked":["Hologram","Double Energy"],"picked":"Glacier","floor":2.0},{"not_picked":["Doom and Gloom","Fusion"],"picked":"Coolheaded","floor":4.0},{"not_picked":["Coolheaded","Darkness"],"picked":"Lockon","floor":5.0},{"not_picked":["Melter","Barrage"],"picked":"Chill","floor":6.0},{"not_picked":["Darkness","Static Discharge"],"picked":"Capacitor","floor":8.0},{"not_picked":["Streamline","Stack"],"picked":"Barrage","floor":10.0},{"not_picked":["Steam","Sweeping Beam","Gash"],"picked":"SKIP","floor":11.0},{"not_picked":["Gash","Redo","Steam Power"],"picked":"SKIP","floor":14.0},{"not_picked":["Meteor Strike","Electrodynamics"],"picked":"Biased Cognition","floor":16.0},{"not_picked":["Chaos+1","Ball Lightning"],"picked":"Loop+1","floor":18.0},{"not_picked":["FTL","Barrage+1"],"picked":"Consume","floor":19.0},{"not_picked":["Hello World","Chaos","Rebound"],"picked":"SKIP","floor":24.0},{"not_picked":["Leap","Stack"],"picked":"FTL","floor":25.0},{"not_picked":["Rebound","Stack","Gash"],"picked":"SKIP","floor":28.0},{"not_picked":["Rebound","Double Energy"],"picked":"Go for the Eyes","floor":29.0},{"not_picked":["Gash","Conserve Battery"],"picked":"Streamline+1","floor":30.0},{"not_picked":["Sweeping Beam","Auto Shields+1"],"picked":"Compile Driver","floor":31.0},{"not_picked":["Meteor Strike","All For One"],"picked":"Machine Learning","floor":33.0},{"not_picked":["Conserve Battery","Ball Lightning","Beam Cell"],"picked":"SKIP","floor":35.0},{"not_picked":["Conserve Battery","Ball Lightning","Beam Cell"],"picked":"SKIP","floor":35.0},{"not_picked":["Leap","Rebound","FTL+1"],"picked":"SKIP","floor":36.0},{"not_picked":["Redo","FTL"],"picked":"Undo","floor":37.0},{"not_picked":["Beam Cell+1","Streamline+1","Rebound"],"picked":"SKIP","floor":39.0},{"not_picked":["Beam Cell","Genetic Algorithm"],"picked":"Compile Driver","floor":40.0},{"not_picked":["Hello World+1","Melter","Cold Snap"],"picked":"SKIP","floor":42.0},{"not_picked":["Hello World+1","Hologram"],"picked":"Steam Power","floor":44.0},{"not_picked":["Multi-Cast","Fusion","Rebound"],"picked":"Singing Bowl","floor":46.0},{"not_picked":["Leap+1","Streamline+1"],"picked":"Turbo","floor":47.0},{"not_picked":["Chill","Stack"],"picked":"Coolheaded+1","floor":48.0}],"player_experience":2083145,"relics_obtained":[{"floor":6.0,"key":"Meat on the Bone"},{"floor":8.0,"key":"Orichalcum"},{"floor":9.0,"key":"Blood Vial"},{"floor":10.0,"key":"Smiling Mask"},{"floor":12.0,"key":"War Paint"},{"floor":24.0,"key":"Bag of Marbles"},{"floor":26.0,"key":"Happy Flower"},{"floor":30.0,"key":"Mummified Hand"},{"floor":40.0,"key":"Pen Nib"},{"floor":43.0,"key":"Letter Opener"},{"floor":46.0,"key":"Singing Bowl"}],"event_choices":[{"damage_healed":0.0,"max_hp_gain":5.0,"max_hp_loss":0.0,"gold_gain":0.0,"event_name":"Big Fish","player_choice":"Donut","floor":3.0,"gold_loss":0.0,"damage_taken":0.0},{"cards_removed":["Strike_B"],"damage_healed":0.0,"max_hp_gain":0.0,"max_hp_loss":0.0,"gold_gain":0.0,"event_name":"Bonfire Elementals","player_choice":"Offered Basic","floor":22.0,"gold_loss":0.0,"damage_taken":0.0}],"is_beta":true,"boss_relics":[{"not_picked":["Busted Crown","SacredBark"],"picked":"Fusion Hammer"},{"not_picked":["Snecko Eye","Empty Cage"],"picked":"Nuclear Battery"}],"items_purged_floors":[21,38,54],"is_endless":false,"potions_floor_spawned":[1,4,8,10,14,19,29,30,36,40,44,47,48],"killed_by":"Shield and Spear","ascension_level":20}}