{"host":"w1l5t0a1l2lkq6my","time":1613806649,"event":{"mods":["100% Spire Juice","Bartender","BaseMod","Better Match","KinomotoSakuraMod(ñÿîVñ{?)","Lobotomy","LobotomyExtend","Magitek Elite","MarisaÅiñ∂âJÅ@ñÇóùçπÅj","Minty Spire (QoL Compilation)","Shapeshifter Mod","StSLib","The Animator","The Gatherer","The Senshi","Yuyuko"],"gold_per_floor":[111,286,286,297,312,312,324,324,348,348,360,360,54,54,54,156,156,175,190,203,203,203],"floor_reached":21,"language":"ENG","playtime":839,"items_purged":["Doubt"],"score":181,"play_id":"e5fb87ee-b8e6-42e2-aafc-97a68885497f","local_time":"20210220003729","is_ascension_mode":false,"campfire_choices":[],"circlet_count":0,"master_deck":["SpecialBullet","SpecialBullet","SpecialBullet","SpecialBullet","SpecialBullet","SpecialBullet","ControlCode","SecurityCode","InformationCode","MagicBullet","MagicBullet","Heaven","SpiderBud","TheSmile","Moonlight","OSAHOGD","VoidDream","CUTE","TT2Protocol","Moonlight","Ecstasy","GoldRush","SummonCall","Spore"],"relics":["CogitoBucket","LetterFromLob","Vajra","Toy Ornithopter","TreeSap","Frozen Eye","Coffee Dripper"],"acts_visited":["Exordium","TheCity"],"potions_floor_usage":[16],"damage_taken":[{"damage":0,"enemies":"2 Louse","floor":1,"turns":1},{"damage":5,"enemies":"Small Slimes","floor":4,"turns":2},{"damage":0,"enemies":"Cultist","floor":5,"turns":2},{"damage":22,"enemies":"3 Sentries","floor":6,"turns":3},{"damage":0,"enemies":"Exordium Thugs","floor":7,"turns":2},{"damage":0,"enemies":"2 Fungi Beasts","floor":11,"turns":1},{"damage":61,"enemies":"Hexaghost","floor":16,"turns":11},{"damage":10,"enemies":"Chosen","floor":18,"turns":3},{"damage":2,"enemies":"Shell Parasite","floor":19,"turns":4},{"damage":2,"enemies":"Sentry and Sphere","floor":20,"turns":4},{"damage":165,"enemies":"Sentry and Sphere","floor":21,"turns":4}],"seed_played":"-8980392458180097521","potions_obtained":[{"floor":5,"key":"BlessingOfTheForge"},{"floor":6,"key":"Block Potion"},{"floor":7,"key":"FairyPotion"},{"floor":16,"key":"DuplicationPotion"},{"floor":19,"key":"CultistPotion"}],"is_trial":false,"path_per_floor":["M","?","?","M","M","E","M","R","T","R","M","R","$","?","R","B",null,"M","M","M","?"],"character_chosen":"Angela","items_purchased":["Frozen Eye","Moonlight"],"campfire_rested":0,"item_purchase_floors":[13,13],"current_hp_per_floor":[57,57,57,60,68,54,66,66,66,66,70,70,70,70,70,28,70,70,70,70,0,0],"gold":203,"neow_bonus":"TRANSFORM_TWO_CARDS","is_daily":false,"chose_seed":false,"campfire_upgraded":0,"win_rate":0.0,"timestamp":1613806649,"path_taken":["M","?","?","M","M","E","M","R","T","R","M","R","$","?","R","BOSS","M","M","?","?"],"items_purchased_type":["Relic","Card"],"build_version":"2020-12-22","purchased_purges":1,"victory":false,"max_hp_per_floor":[70,70,70,70,70,70,70,70,70,70,70,70,70,70,70,70,70,70,70,70,70,70],"card_choices":[{"not_picked":["Christmas"],"picked":"MagicBullet","floor":1},{"not_picked":["Hornet"],"picked":"Heaven","floor":4},{"not_picked":["WhitesApple","MHz"],"picked":"SpiderBud","floor":5},{"not_picked":["Harvest"],"picked":"TheSmile","floor":5},{"not_picked":["Tough"],"picked":"Moonlight","floor":6},{"not_picked":["OldLady","SingingMachine"],"picked":"OSAHOGD","floor":7},{"not_picked":["Wingbeat","Gaze"],"picked":"SKIP","floor":7},{"not_picked":["CherryBlossoms","LittleHelper"],"picked":"VoidDream","floor":11},{"not_picked":["FourthMatchFlame"],"picked":"CUTE","floor":11},{"not_picked":["SoundOfStar"],"picked":"GoldRush","floor":16},{"not_picked":["Ecstasy+1"],"picked":"Spore","floor":18},{"not_picked":["RapturousDream+1","Beak"],"picked":"SKIP","floor":19},{"not_picked":["Discord","Horn"],"picked":"SKIP","floor":20}],"player_experience":144145,"relics_obtained":[{"floor":1,"key":"LetterFromLob"},{"floor":6,"key":"Vajra"},{"floor":9,"key":"Toy Ornithopter"}],"event_choices":[{"damage_healed":0,"gold_gain":175,"player_choice":"AGREE","damage_taken":0,"max_hp_gain":0,"max_hp_loss":0,"event_name":"Liars Game","floor":2,"gold_loss":0,"cards_obtained":["Doubt"]},{"damage_healed":0,"gold_gain":0,"player_choice":"Ignored","damage_taken":0,"max_hp_gain":0,"max_hp_loss":0,"event_name":"Shining Light","floor":3,"gold_loss":0},{"damage_healed":0,"gold_gain":0,"cards_transformed":["Mimicry"],"player_choice":"Transformed","damage_taken":0,"max_hp_gain":0,"max_hp_loss":0,"event_name":"Transmorgrifier","floor":14,"gold_loss":0,"cards_obtained":["Ecstasy"]}],"is_beta":false,"boss_relics":[{"not_picked":["Philosopher\u0027s Stone","Velvet Choker"],"picked":"Coffee Dripper"}],"items_purged_floors":[13],"is_endless":false,"potions_floor_spawned":[5,6,7,16,19],"killed_by":"Sentry and Sphere","ascension_level":0}}