{"host":"6xsbn6ynqlzwllfm","time":1613784321,"event":{"mods":["2.2 Compatiblity","BaseMod","Bestiary","Colored Map","Colored Powertips","Curses Come First","Downfall","Highlight Path","Keyboard Shortcuts","Minty Spire (QoL Compilation)","Quick Restart","Relic Stats","Slay the Relics Exporter","StSLib","SuperFastMode"],"gold_per_floor":[117,292,292,22,40,70,70,70,93,105,129,167,179,191,203,292,304,331,360,165,176,176,176,176,176,176],"floor_reached":24,"language":"ENG","playtime":731,"items_purged":["Doubt","bronze:DelayedSlice"],"score":343,"play_id":"2a2f0c1f-f315-4eb9-93d5-1d52f78e7228","local_time":"20210219202521","is_ascension_mode":true,"campfire_choices":[{"data":"bronze:DelayedGuard","floor":7,"key":"SMITH"},{"data":"bronze:Shell","floor":10,"key":"SMITH"},{"data":"bronze:Invalidate","floor":13,"key":"SMITH"},{"floor":15,"key":"REST"},{"data":"bronze:AlphaBuild","floor":23,"key":"SMITH"}],"circlet_count":0,"master_deck":["AscendersBane","bronze:Replicate","bronze:Goto+1","bronze:Shell+1","bronze:DelayedGuard+1","bronze:Repair","bronze:Invalidate+1","bronze:CloningBeam","bronze:AlphaBuild+1","bronze:HardenedForm","bronze:BuggyMess","bronze:InfiniteBeams","bronze:Branch","bronze:BugBarrage","bronze:Frontload","bronze:Assembly","bronze:Deprecate","bronze:ItsAFeature","bronze:Flail","bronze:BronzeArmor"],"relics":["Philosopher\u0027s Stone","Happy Flower","Blood Vial","MawBank","Darkstone Periapt","Nloth\u0027s Gift"],"acts_visited":["Exordium","TheCity"],"potions_floor_usage":[12,12,24],"damage_taken":[{"damage":3,"enemies":"Jaw Worm","floor":1,"turns":3},{"damage":8,"enemies":"Small Slimes","floor":5,"turns":3},{"damage":11,"enemies":"3 Sentries","floor":6,"turns":10},{"damage":4,"enemies":"2 Louse","floor":11,"turns":2},{"damage":20,"enemies":"Gremlin Nob","floor":12,"turns":3},{"damage":21,"enemies":"The Guardian","floor":16,"turns":14},{"damage":4,"enemies":"3 Byrds","floor":18,"turns":4},{"damage":14,"enemies":"Chosen","floor":19,"turns":4},{"damage":0,"enemies":"Snecko","floor":21,"turns":5},{"damage":74,"enemies":"Slavers","floor":24,"turns":4}],"seed_played":"-6363408173133183409","potions_obtained":[{"floor":5,"key":"bronze:BuildAFunctionPotion"},{"floor":6,"key":"SneckoOil"},{"floor":19,"key":"PowerPotion"}],"is_trial":false,"path_per_floor":["M","?","?","$","M","E","R","?","T","R","M","E","R","?","R","B",null,"M","M","$","M","?","R","E"],"character_chosen":"THE_AUTOMATON","items_purchased":["bronze:DelayedGuard","Happy Flower","bronze:ItsAFeature","bronze:Flail"],"campfire_rested":1,"item_purchase_floors":[4,4,20,20],"current_hp_per_floor":[54,54,41,41,33,29,29,29,29,29,27,16,16,16,34,22,53,51,46,46,55,55,55,0,0,0],"gold":176,"neow_bonus":"BOSS_RELIC","is_daily":false,"chose_seed":false,"campfire_upgraded":4,"win_rate":0.0,"timestamp":1613784321,"path_taken":["M","?","?","$","M","E","R","?","T","R","?","E","R","?","R","BOSS","M","?","$","M","?","R","E"],"items_purchased_type":["Card","Relic","Card","Card"],"build_version":"2020-12-22","purchased_purges":2,"victory":false,"max_hp_per_floor":[63,63,63,63,63,63,63,63,63,63,63,63,63,63,63,63,63,63,63,63,63,63,63,63,63,63],"relic_stats":{"Blood Vial":14,"Darkstone Periapt":0,"Happy Flower":[16],"counters":[10,52],"Nloth\u0027s Gift":0,"MawBank":132,"obtain_stats":[{"Blood Vial":6,"Darkstone Periapt":12,"bronze:BronzeCore":0,"Happy Flower":4,"Philosopher\u0027s Stone":0,"Pandora\u0027s Box":17,"Nloth\u0027s Gift":22,"MawBank":9},{"Blood Vial":3,"Darkstone Periapt":5,"bronze:BronzeCore":0,"Happy Flower":1,"Philosopher\u0027s Stone":0,"Pandora\u0027s Box":6,"Nloth\u0027s Gift":9,"MawBank":3},{"Blood Vial":16,"Darkstone Periapt":21,"bronze:BronzeCore":0,"Happy Flower":3,"Philosopher\u0027s Stone":0,"Pandora\u0027s Box":35,"Nloth\u0027s Gift":48,"MawBank":16}]},"card_choices":[{"not_picked":["bronze:BuggyMess","bronze:Terminator"],"picked":"bronze:Shell","floor":1},{"not_picked":["bronze:Repulsor","bronze:DigitalCarnage"],"picked":"bronze:Repair","floor":5},{"not_picked":["bronze:BuggyMess","bronze:NullPointer"],"picked":"bronze:Invalidate","floor":6},{"not_picked":["bronze:BitShift","bronze:Separator"],"picked":"bronze:CloningBeam","floor":11},{"not_picked":["bronze:Break","bronze:SpaghettiCode"],"picked":"bronze:HardenedForm","floor":16},{"not_picked":["bronze:ForLoop","bronze:DelayedSlice"],"picked":"bronze:Deprecate","floor":18},{"not_picked":["bronze:BuggyMess","bronze:Boost"],"picked":"bronze:BronzeArmor","floor":21}],"player_experience":1807142,"relics_obtained":[{"floor":6,"key":"Blood Vial"},{"floor":9,"key":"MawBank"},{"floor":12,"key":"Darkstone Periapt"}],"event_choices":[{"damage_healed":0,"gold_gain":175,"player_choice":"AGREE","damage_taken":0,"max_hp_gain":0,"max_hp_loss":0,"event_name":"Liars Game","floor":2,"gold_loss":0,"cards_obtained":["Doubt"]},{"damage_healed":0,"gold_gain":0,"player_choice":"Entered Light","damage_taken":13,"max_hp_gain":0,"max_hp_loss":0,"event_name":"Shining Light","floor":3,"gold_loss":0,"cards_upgraded":["bronze:Strike","bronze:Goto"]},{"damage_healed":0,"gold_gain":0,"player_choice":"Bought 0 Potions","damage_taken":0,"max_hp_gain":0,"max_hp_loss":0,"event_name":"The Woman in Blue","floor":8,"gold_loss":0},{"damage_healed":0,"gold_gain":0,"cards_transformed":["bronze:Strike"],"player_choice":"Transformed","damage_taken":0,"max_hp_gain":0,"max_hp_loss":0,"event_name":"Transmorgrifier","floor":14,"gold_loss":0,"cards_obtained":["bronze:AlphaBuild"]},{"damage_healed":0,"gold_gain":0,"player_choice":"Traded Relic","damage_taken":0,"relics_obtained":["Nloth\u0027s Gift"],"max_hp_gain":0,"max_hp_loss":0,"event_name":"N\u0027loth","floor":22,"relics_lost":["Pandora\u0027s Box"],"gold_loss":0}],"is_beta":false,"boss_relics":[{"not_picked":["Tiny House","Velvet Choker"],"picked":"Pandora\u0027s Box"}],"items_purged_floors":[4,20],"is_endless":false,"potions_floor_spawned":[5,6,19],"killed_by":"Slavers","ascension_level":14}}