{"host":"udyc8f81k2jocuhg","time":1613830247,"event":{"mods":["2.2 Compatiblity","BaseMod","Better Third Choice","Colored Powertips","Conspire","Custom Start","GifTheSpireLib","Hermit","Minty Spire (QoL Compilation)","Permanent Neow","Quick Restart","Relic Filter","Relic Stats","Replay The Spire","Shop Mod","Spikes Relics","StSLib","Stuff the Spire"],"gold_per_floor":[117,127,142,155,170,170,170],"floor_reached":6,"language":"ENG","playtime":226,"items_purged":[],"score":80,"play_id":"a97353a9-7234-4609-af7c-29062dac3d9e","local_time":"20210220151047","is_ascension_mode":true,"campfire_choices":[],"circlet_count":0,"master_deck":["AscendersBane","Strike_B","Strike_B","Strike_B","Strike_B","Defend_B","Defend_B","Defend_B","Defend_B","Zap","Dualcast","Streamline","Coolheaded","Cold Snap"],"relics":["Cracked Core","Torii"],"acts_visited":["Exordium"],"potions_floor_usage":[6],"damage_taken":[{"damage":8.0,"enemies":"Small Slimes","floor":1.0,"turns":3.0},{"damage":6.0,"enemies":"Cultist","floor":2.0,"turns":4.0},{"damage":1.0,"enemies":"Jaw Worm","floor":3.0,"turns":3.0},{"damage":7.0,"enemies":"Exordium Wildlife","floor":4.0,"turns":5.0},{"damage":14.0,"enemies":"Lots of Slimes","floor":5.0,"turns":5.0},{"damage":6,"enemies":"Gremlin Nob","floor":6,"turns":3}],"seed_played":"840353722331465853","potions_obtained":[{"floor":5.0,"key":"SkillPotion"}],"is_trial":false,"path_per_floor":["M","M","M","M","M","E"],"character_chosen":"DEFECT","items_purchased":[],"campfire_rested":0,"item_purchase_floors":[],"current_hp_per_floor":[38,32,31,24,10,4,4],"gold":170,"neow_bonus":"ONE_RARE_RELIC","is_daily":false,"chose_seed":false,"campfire_upgraded":0,"win_rate":0.0,"timestamp":1613830247,"path_taken":["M","M","M","M","M","E"],"items_purchased_type":[],"build_version":"2020-12-22","purchased_purges":0,"victory":false,"max_hp_per_floor":[71,71,71,71,71,71,71],"relic_stats":{"Torii":4,"counters":[6,23],"obtain_stats":[{"Torii":0,"Cracked Core":0},{"Torii":0,"Cracked Core":0},{"Torii":0,"Cracked Core":0}]},"card_choices":[{"not_picked":["Compile Driver","Blizzard"],"picked":"Streamline","floor":1.0},{"not_picked":["Go for the Eyes","StuffTheSpire:Plugnplay"],"picked":"Coolheaded","floor":2.0},{"not_picked":["Go for the Eyes","Tempest"],"picked":"Cold Snap","floor":3.0},{"not_picked":["StuffTheSpire:SnapShoot","Hello World","Go for the Eyes"],"picked":"SKIP","floor":4.0},{"not_picked":["Redo","Biased Cognition","Melter"],"picked":"SKIP","floor":5.0}],"player_experience":2045178,"relics_obtained":[],"event_choices":[],"is_beta":false,"boss_relics":[],"items_purged_floors":[],"is_endless":false,"potions_floor_spawned":[5],"killed_by":"Gremlin Nob","ascension_level":20}}