{"host":"9rxgn077cyjlend4","time":1613860148,"event":{"mods":["BaseMod","Minty Spire (QoL Compilation)","StSLib"],"gold_per_floor":[115,40,40,40,40,78,78,119,119,142,142,32,32,32,32,125,125,149,30,49,68,92,92,125,125,148,164,198,218,239,257,257,257,257],"floor_reached":33,"language":"ENG","playtime":1813,"items_purged":["Strike_G"],"score":604,"play_id":"e281017f-6255-4ab5-96e6-db8452bc9e18","local_time":"20210220222908","is_ascension_mode":true,"campfire_choices":[{"data":"Crippling Poison","floor":11,"key":"SMITH"},{"data":"Predator","floor":13,"key":"SMITH"},{"data":"Neutralize","floor":15,"key":"SMITH"},{"data":"Night Terror","floor":23,"key":"SMITH"},{"data":"Wraith Form v2","floor":32,"key":"SMITH"}],"circlet_count":0,"master_deck":["AscendersBane","Defend_G","Defend_G","Defend_G","Defend_G","Defend_G","Survivor","Neutralize+1","Terror","Crippling Poison+1","Backstab","Quick Slash","Predator+1","Night Terror+1","Noxious Fumes","Well Laid Plans","PiercingWail","Footwork","Backflip","Backflip","Wraith Form v2+1","Deadly Poison","Dagger Throw","Venomology"],"relics":["Ring of the Snake","NeowsBlessing","Golden Idol","Bag of Marbles","Tough Bandages","CaptainsWheel","Philosopher\u0027s Stone","Bronze Scales"],"acts_visited":["Exordium","TheCity"],"potions_floor_usage":[21,24,28,29,31,31,33],"damage_taken":[{"damage":0,"enemies":"Small Slimes","floor":1,"turns":1},{"damage":0,"enemies":"3 Sentries","floor":6,"turns":1},{"damage":0,"enemies":"Gremlin Nob","floor":8,"turns":1},{"damage":0,"enemies":"2 Louse","floor":10,"turns":1},{"damage":10,"enemies":"The Guardian","floor":16,"turns":9},{"damage":0,"enemies":"Chosen","floor":18,"turns":4},{"damage":0,"enemies":"Shell Parasite","floor":20,"turns":4},{"damage":15,"enemies":"Snake Plant","floor":21,"turns":4},{"damage":3,"enemies":"Centurion and Healer","floor":22,"turns":8},{"damage":16,"enemies":"Book of Stabbing","floor":24,"turns":7},{"damage":1,"enemies":"Sentry and Sphere","floor":27,"turns":4},{"damage":6,"enemies":"Gremlin Leader","floor":28,"turns":9},{"damage":6,"enemies":"Snake Plant","floor":29,"turns":4},{"damage":7,"enemies":"Shelled Parasite and Fungi","floor":30,"turns":4},{"damage":0,"enemies":"3 Cultists","floor":31,"turns":4},{"damage":33,"enemies":"Automaton","floor":33,"turns":10}],"seed_played":"-4617341585231071972","potions_obtained":[{"floor":1,"key":"SmokeBomb"},{"floor":8,"key":"DistilledChaos"},{"floor":21,"key":"Swift Potion"},{"floor":27,"key":"SpeedPotion"},{"floor":28,"key":"AttackPotion"},{"floor":30,"key":"Regen Potion"}],"is_trial":false,"path_per_floor":["M","?","?","$","?","E","?","E","T","M","R","$","R","?","R","B",null,"M","$","M","M","M","R","E","?","T","M","E","M","M","M","R","B"],"character_chosen":"THE_SILENT","items_purchased":["Predator","Well Laid Plans","PiercingWail"],"campfire_rested":0,"item_purchase_floors":[12,19,19],"current_hp_per_floor":[59,59,59,59,64,64,57,57,57,57,57,57,57,57,57,47,61,61,61,61,46,43,43,27,27,27,26,20,14,7,21,21,0,0],"gold":257,"neow_bonus":"THREE_ENEMY_KILL","is_daily":false,"chose_seed":false,"campfire_upgraded":5,"win_rate":0.0,"timestamp":1613860148,"path_taken":["M","?","?","$","?","E","?","E","T","M","R","?","R","?","R","BOSS","M","?","?","M","M","R","E","?","T","M","E","M","M","M","R","BOSS"],"items_purchased_type":["Card","Card","Card"],"build_version":"2020-12-22","purchased_purges":1,"victory":false,"max_hp_per_floor":[66,66,60,60,65,65,65,65,65,65,65,65,65,65,65,65,65,65,65,65,65,65,65,65,65,65,65,65,65,65,65,65,65,65],"card_choices":[{"not_picked":["Dodge and Roll","Dagger Throw"],"picked":"Terror","floor":1},{"not_picked":["Poisoned Stab","Outmaneuver"],"picked":"Crippling Poison","floor":6},{"not_picked":["Dodge and Roll","Terror"],"picked":"Backstab","floor":8},{"not_picked":["Dodge and Roll","Accuracy"],"picked":"Quick Slash","floor":10},{"not_picked":["Die Die Die","Doppelganger"],"picked":"Night Terror","floor":16},{"not_picked":["Flying Knee","Poisoned Stab"],"picked":"Noxious Fumes","floor":18},{"not_picked":["Quick Slash+1","Dagger Throw"],"picked":"Footwork","floor":20},{"not_picked":["Blade Dance","Flying Knee","Quick Slash"],"picked":"SKIP","floor":21},{"not_picked":["Prepared+1","Outmaneuver"],"picked":"Backflip","floor":22},{"not_picked":["Eviscerate","Cloak And Dagger"],"picked":"Backflip","floor":24},{"not_picked":["Acrobatics","Dodge and Roll"],"picked":"Wraith Form v2","floor":27},{"not_picked":["Underhanded Strike","Leg Sweep"],"picked":"Deadly Poison","floor":28},{"not_picked":["Flying Knee","Accuracy"],"picked":"Dagger Throw","floor":29},{"not_picked":["Cloak And Dagger","Blade Dance"],"picked":"Venomology","floor":30},{"not_picked":["Dagger Spray","Heel Hook+1","Quick Slash"],"picked":"SKIP","floor":31}],"player_experience":681838,"relics_obtained":[{"floor":6,"key":"Bag of Marbles"},{"floor":8,"key":"Tough Bandages"},{"floor":9,"key":"CaptainsWheel"},{"floor":24,"key":"Bronze Scales"}],"event_choices":[{"cards_removed":["Strike_G"],"damage_healed":0,"gold_gain":0,"player_choice":"Card Removal","damage_taken":0,"max_hp_gain":0,"max_hp_loss":0,"event_name":"The Cleric","floor":2,"gold_loss":75},{"damage_healed":0,"gold_gain":0,"player_choice":"Lose Max HP","damage_taken":0,"relics_obtained":["Golden Idol"],"max_hp_gain":0,"max_hp_loss":6,"event_name":"Golden Idol","floor":3,"gold_loss":0},{"damage_healed":0,"gold_gain":0,"player_choice":"Donut","damage_taken":0,"max_hp_gain":5,"max_hp_loss":0,"event_name":"Big Fish","floor":5,"gold_loss":0},{"cards_removed":["Strike_G"],"damage_healed":0,"gold_gain":0,"player_choice":"Card Removal","damage_taken":7,"max_hp_gain":0,"max_hp_loss":0,"event_name":"Golden Wing","floor":7,"gold_loss":0},{"cards_removed":["Strike_G"],"damage_healed":0,"gold_gain":0,"player_choice":"Card Removal","damage_taken":0,"max_hp_gain":0,"max_hp_loss":0,"event_name":"Wheel of Change","floor":14,"gold_loss":0},{"cards_removed":["Strike_G"],"damage_healed":0,"gold_gain":0,"player_choice":"Purged","damage_taken":0,"max_hp_gain":0,"max_hp_loss":0,"event_name":"Purifier","floor":25,"gold_loss":0}],"is_beta":false,"boss_relics":[{"not_picked":["Tiny House","Busted Crown"],"picked":"Philosopher\u0027s Stone"}],"items_purged_floors":[12],"is_endless":false,"potions_floor_spawned":[1,8,21,27,28,30],"killed_by":"Automaton","ascension_level":15}}