{"host":"iqjss6e1abimcm1n","time":1613832667,"event":{"mods":["Act Like it!","Arknights","BaseMod","BetterRewards","Colored Map","Downfall","Elementarium","Highlight Path","Hubris","Infinite Spire","Jorbs\u0027s Wanderer Trilogy","Mimic Mod","Minty Spire (QoL Compilation)","Reliquary","Replay The Spire","Ruina","Spire Arcade","StSLib","The Animator","The Hierophant","The Jungle","The Problem Sleuth","The Runesmith"],"gold_per_floor":[109,124,124,124,151,194,194,194,230,254,266,266,284,295,295,397,397,423,440,140,140,140,140,169,169,169,169,169,206,217,227,227,227,227],"floor_reached":33,"language":"ENG","playtime":3829,"items_purged":[],"score":267,"play_id":"5e027904-1368-455a-8a18-121bc922d4eb","local_time":"20210220155107","is_ascension_mode":false,"campfire_choices":[{"floor":12,"key":"REST"},{"floor":15,"key":"REST"},{"floor":23,"key":"REST"},{"floor":25,"key":"REST"},{"floor":28,"key":"REST"},{"floor":32,"key":"RECALL"}],"circlet_count":0,"master_deck":["animator:Strike_Konosuba","animator:Defend_Konosuba","animator:Strike","animator:Strike","animator:Strike","animator:Defend","animator:Defend","animator:Defend","animator:Kazuma","animator:Aqua","animator:RoryMercury","animator:RoyMustang","hubris:InfiniteBlow+1","animator:Mitsurugi","animator:Entoma+3","animator:Millim","animator:Elsword","animator:Shion","animator:ElricEdward","animator:GazelDwargon","animator:Albedo","animator:PandorasActor+1","animator:ElricAlphonse+1","animator:Sloth+1","animator:Saber","animator:Benimaru","animator:SilverFang+1"],"relics":["animator:LivingPicture","animator:TheMissingPiece","animator:PurgingStone","NeowsBlessing","Vajra","Mercury Hourglass","Black Star","hubris:AstralHammer","Replay:Blank Codex","animator:WizardHat","hubris:ToyBattleship","Strawberry","MutagenicStrength","reliquary:Sod"],"acts_visited":["Exordium","TheCity"],"potions_floor_usage":[6,13,16,16,24,33],"damage_taken":[{"damage":0,"enemies":"Cultist","floor":1,"turns":1},{"damage":0,"enemies":"ats:Genji","floor":2,"turns":1},{"damage":0,"enemies":"Small Slimes","floor":5,"turns":1},{"damage":29,"enemies":"3 Sentries","floor":6,"turns":7},{"damage":2,"enemies":"2 Fungi Beasts","floor":9,"turns":6},{"damage":0,"enemies":"2 Fungi Beasts","floor":10,"turns":2},{"damage":0,"enemies":"Exordium Wildlife","floor":11,"turns":2},{"damage":13,"enemies":"Exordium Thugs","floor":13,"turns":3},{"damage":9,"enemies":"2 Fungi Beasts","floor":14,"turns":2},{"damage":17,"enemies":"Slime Boss","floor":16,"turns":8},{"damage":26,"enemies":"2 Thieves","floor":18,"turns":3},{"damage":23,"enemies":"Shell Parasite","floor":19,"turns":5},{"damage":15,"enemies":"animator:HornedBat","floor":24,"turns":4},{"damage":5,"enemies":"Centurion and Healer","floor":29,"turns":9},{"damage":4,"enemies":"Centurion and Healer","floor":30,"turns":5},{"damage":35,"enemies":"Shelled Parasite and Fungi","floor":31,"turns":4},{"damage":48,"enemies":"Champ","floor":33,"turns":8}],"seed_played":"7659239887431597373","potions_obtained":[{"floor":2,"key":"PowerPotion"},{"floor":5,"key":"sneckomod:MuddlingPotion"},{"floor":11,"key":"sneckomod:MuddlingPotion"},{"floor":13,"key":"Regen Potion"},{"floor":14,"key":"SteroidPotion"},{"floor":18,"key":"Explosive Potion"}],"is_trial":false,"path_per_floor":["M","M","$","?","M","E","?","?","MIM","M","M","R","M","M","R","B",null,"M","M","$","?","?","R","E","R","T","?","R","MIM","M","M","R_BF","B"],"character_chosen":"THE_ANIMATOR","items_purchased":["hubris:AstralHammer"],"campfire_rested":5,"item_purchase_floors":[20],"current_hp_per_floor":[66,66,66,51,51,24,24,24,24,26,30,51,42,35,56,57,73,47,26,26,26,10,31,18,39,46,46,70,77,75,45,45,0,0],"gold":227,"neow_bonus":"THREE_ENEMY_KILL","is_daily":false,"chose_seed":false,"campfire_upgraded":0,"win_rate":0.0,"timestamp":1613832667,"path_taken":["M","M","$","?","M","E","?","?","MIM","M","?","R","M","M","R","BOSS","M","M","$","?","?","R","E","R","T","?","R","?","?","M","R_BF","BOSS"],"items_purchased_type":["Relic"],"build_version":"2020-12-22","purchased_purges":0,"victory":false,"max_hp_per_floor":[66,66,66,66,66,66,66,66,66,68,70,70,72,72,72,73,73,73,73,73,73,73,73,73,73,80,80,80,80,80,80,80,80,80],"card_choices":[{"not_picked":["animator:Berserker","animator:Tyuule"],"picked":"animator:RoryMercury","floor":1},{"not_picked":["animator:NarberalGamma","animator:Benimaru"],"picked":"animator:RoyMustang","floor":2},{"not_picked":["infinitespire:Menacing","Replay:Fractal Strike"],"picked":"hubris:InfiniteBlow","floor":4},{"not_picked":["animator:TukaLunaMarceau","animator:Tatsumaki"],"picked":"animator:Mitsurugi","floor":5},{"not_picked":["animator:Cocytus","animator:Demiurge"],"picked":"animator:Entoma","floor":6},{"not_picked":["animator:Verdia","animator:PandorasActor"],"picked":"animator:Millim","floor":9},{"not_picked":["animator:Spearman","animator:Alexander"],"picked":"animator:Elsword","floor":10},{"not_picked":["animator:RoryMercury","animator:CowGirl"],"picked":"animator:Shion","floor":11},{"not_picked":["animator:Verdia","animator:Father"],"picked":"animator:ElricEdward","floor":13},{"not_picked":["animator:Vesta","animator:Benimaru"],"picked":"animator:GazelDwargon","floor":14},{"not_picked":["animator:Elesis","animator:Envy"],"picked":"animator:Albedo","floor":16},{"not_picked":["animator:Sloth","animator:NarberalGamma"],"picked":"animator:PandorasActor+1","floor":18},{"not_picked":["animator:WinryRockbell","animator:Kuribayashi"],"picked":"animator:ElricAlphonse+1","floor":19},{"not_picked":["animator:Sonic+1","animator:RoyMustang+1"],"picked":"animator:Sloth+1","floor":24},{"not_picked":["animator:Shuna","animator:Verdia"],"picked":"animator:Saber","floor":29},{"not_picked":["animator:GazelDwargon","animator:Millim"],"picked":"animator:Benimaru","floor":30},{"not_picked":["animator:TukaLunaMarceau+1","animator:LeleiLaLalena"],"picked":"animator:SilverFang+1","floor":31}],"player_experience":71463,"relics_obtained":[{"floor":6,"key":"Vajra"},{"floor":7,"key":"Mercury Hourglass"},{"floor":22,"key":"Replay:Blank Codex"},{"floor":24,"key":"animator:WizardHat"},{"floor":24,"key":"hubris:ToyBattleship"},{"floor":26,"key":"Strawberry"},{"floor":29,"key":"reliquary:Sod"}],"event_choices":[{"damage_healed":0,"gold_gain":0,"player_choice":"Ignored","damage_taken":0,"max_hp_gain":0,"max_hp_loss":0,"event_name":"Vampires","floor":21,"gold_loss":0},{"damage_healed":0,"gold_gain":0,"player_choice":"Obtained Book","damage_taken":16,"max_hp_gain":0,"max_hp_loss":0,"event_name":"Cursed Tome","floor":22,"gold_loss":0},{"damage_healed":0,"gold_gain":0,"player_choice":"Inject Mutagens","damage_taken":0,"relics_obtained":["MutagenicStrength"],"max_hp_gain":0,"max_hp_loss":0,"event_name":"Drug Dealer","floor":27,"gold_loss":0}],"is_beta":false,"boss_relics":[{"not_picked":["Fusion Hammer","reliquary:WritOfMandamus"],"picked":"Black Star"}],"items_purged_floors":[],"is_endless":false,"potions_floor_spawned":[2,5,11,13,14,18],"killed_by":"Champ","ascension_level":0}}