{"host":"kmiq0jcx6kate40j","time":1613832231,"event":{"mods":["BaseMod","Downfall","Hermit","Minty Spire (QoL Compilation)","Replay The Spire","StSLib","The Poker Player"],"gold_per_floor":[112,168,139,151,151,184,184,198,198,373,388,442,476,491,491,491,491],"floor_reached":16,"language":"ZHS","playtime":1254,"items_purged":[],"score":135,"play_id":"198fba38-bdbc-47bc-af8c-e2d42a9f4f63","local_time":"20210220224351","is_ascension_mode":false,"campfire_choices":[{"data":"hermit:HeroicBravado","floor":7,"key":"SMITH"},{"data":"hermit:Showdown","floor":15,"key":"SMITH"}],"circlet_count":0,"master_deck":["hermit:Strike_Hermit","hermit:Strike_Hermit","hermit:Strike_Hermit","hermit:Strike_Hermit","hermit:Defend_Hermit+1","hermit:Defend_Hermit","hermit:Defend_Hermit","hermit:Defend_Hermit","hermit:Snapshot","hermit:Covet+1","hermit:FlashPowder","ReplayTheSpireMod:Splinters","hermit:ShadowCloak","hermit:DeadMansHand+1","hermit:Enervate","hermit:HeroicBravado+1","hermit:PistolWhip","Doubt","hermit:Showdown+1","hermit:GoldenBullet"],"relics":["hermit:Momento","NeowsBlessing","Bag of Preparation","Divine Protection","War Paint","Potion Belt","Quantum Egg"],"acts_visited":["Exordium"],"potions_floor_usage":[13,16,16,16,16],"damage_taken":[{"damage":0,"enemies":"2 Louse","floor":1,"turns":1},{"damage":0,"enemies":"Small Slimes","floor":4,"turns":1},{"damage":0,"enemies":"Gremlin Nob","floor":6,"turns":1},{"damage":0,"enemies":"Jaw Worm","floor":8,"turns":6},{"damage":0,"enemies":"3 Louse","floor":11,"turns":3},{"damage":3,"enemies":"3 Sentries","floor":13,"turns":8},{"damage":1,"enemies":"Looter","floor":14,"turns":3},{"damage":94,"enemies":"Fading Forest","floor":16,"turns":9}],"seed_played":"-3792368378969537995","potions_obtained":[{"floor":1,"key":"Fire Potion"},{"floor":2,"key":"hermit:BlackBile"},{"floor":11,"key":"Swift Potion"},{"floor":13,"key":"Regen Potion"},{"floor":14,"key":"Adrenaline Potion"}],"is_trial":false,"path_per_floor":["M","?","?","M","?","E","R","M","T","?","M","T","E","M","R","B"],"character_chosen":"HERMIT","items_purchased":[],"campfire_rested":0,"item_purchase_floors":[],"current_hp_per_floor":[75,75,75,75,75,75,75,75,75,75,75,75,72,71,71,0,0],"gold":491,"neow_bonus":"THREE_ENEMY_KILL","is_daily":false,"chose_seed":false,"campfire_upgraded":2,"win_rate":0.0,"timestamp":1613832231,"path_taken":["M","?","?","M","?","E","R","M","T","?","?","?","E","M","R","BOSS"],"items_purchased_type":[],"build_version":"2020-12-22","purchased_purges":0,"victory":false,"max_hp_per_floor":[75,75,75,75,75,75,75,75,75,75,75,75,75,75,75,75,75],"card_choices":[{"not_picked":["hermit:ItchyTrigger","hermit:GhostlyPresence"],"picked":"hermit:FlashPowder","floor":1},{"not_picked":["hermit:GhostlyPresence","hermit:WideOpen"],"picked":"hermit:ShadowCloak","floor":2},{"not_picked":["hermit:FullyLoaded","hermit:Scavenge"],"picked":"hermit:DeadMansHand","floor":2},{"not_picked":["hermit:LowProfile","hermit:ItchyTrigger"],"picked":"hermit:Enervate","floor":4},{"not_picked":["hermit:Virtue","hermit:SprayPray"],"picked":"hermit:HeroicBravado","floor":6},{"not_picked":["hermit:SprayPray","hermit:Feint"],"picked":"hermit:PistolWhip","floor":8},{"not_picked":["hermit:Headshot","hermit:Misfire","hermit:LuckOfTheDraw"],"picked":"SKIP","floor":11},{"not_picked":["hermit:Headshot","hermit:Gestalt"],"picked":"hermit:Showdown","floor":13},{"not_picked":["hermit:LowProfile","hermit:Malice"],"picked":"hermit:GoldenBullet","floor":14}],"player_experience":40357,"relics_obtained":[{"floor":2,"key":"Bag of Preparation"},{"floor":6,"key":"Divine Protection"},{"floor":9,"key":"War Paint"},{"floor":12,"key":"Potion Belt"},{"floor":13,"key":"Quantum Egg"}],"event_choices":[{"damage_healed":0,"gold_gain":0,"player_choice":"Left Gold","damage_taken":0,"max_hp_gain":0,"max_hp_loss":0,"event_name":"World of Goop","floor":3,"gold_loss":29},{"damage_healed":0,"gold_gain":0,"player_choice":"Grow","damage_taken":0,"max_hp_gain":0,"max_hp_loss":0,"event_name":"Living Wall","floor":5,"gold_loss":0,"cards_upgraded":["hermit:Covet"]},{"damage_healed":0,"gold_gain":175,"player_choice":"AGREE","damage_taken":0,"max_hp_gain":0,"max_hp_loss":0,"event_name":"Liars Game","floor":10,"gold_loss":0,"cards_obtained":["Doubt"]}],"is_beta":false,"boss_relics":[],"items_purged_floors":[],"is_endless":false,"potions_floor_spawned":[1,11,13,14],"killed_by":"Fading Forest","ascension_level":0}}