{"host":"6rzd029finub32db","time":1613814260,"event":{"mods":["BaseMod","DeckTracker","Highlight Path","Minty Spire (QoL Compilation)","Relic Stats","StSLib","SuperFastMode"],"gold_per_floor":[119,119,294,294,308,308,351,375,375,393,363,363,406,24,24,143,143,157,128,38,38,62,62,100,100,147,1,25,41,72,91,91,221,221,234,257,257,275,296,339,363,363,389,429,10,66,41,74,74,74],"floor_reached":51,"language":"ENG","playtime":3622,"items_purged":["Doubt","Strike_G","Strike_G"],"score":835,"play_id":"ad078719-a8b8-466f-a77f-fb56f9f2497e","local_time":"20210220104420","is_ascension_mode":false,"campfire_choices":[{"data":"Neutralize","floor":6.0,"key":"SMITH"},{"data":"Noxious Fumes","floor":12.0,"key":"SMITH"},{"data":"Caltrops","floor":15.0,"key":"SMITH"},{"data":"Adrenaline","floor":23.0,"key":"SMITH"},{"data":"Wraith Form v2","floor":25.0,"key":"SMITH"},{"data":"Night Terror","floor":32.0,"key":"SMITH"},{"data":"Malaise","floor":42.0,"key":"SMITH"},{"floor":49,"key":"REST"}],"circlet_count":0,"master_deck":["Defend_G","Defend_G","Defend_G","Defend_G","Survivor","Neutralize+1","Bouncing Flask","Flying Knee+1","Slice","Wraith Form v2+1","Leg Sweep","Noxious Fumes+1","Dash","Prepared","Caltrops+1","Adrenaline+1","Quick Slash+1","Dash+1","Envenom+1","Backflip","Caltrops+1","Footwork","Endless Agony","Footwork","Calculated Gamble+1","Night Terror+1","Malaise+1","Underhanded Strike+1","PiercingWail"],"relics":["Ring of the Snake","NeowsBlessing","Golden Idol","CaptainsWheel","Darkstone Periapt","Torii","Membership Card","Unceasing Top","Astrolabe","Eternal Feather","Happy Flower","Snake Skull","TungstenRod","SlaversCollar","Juzu Bracelet","Potion Belt","Ornamental Fan","FossilizedHelix","Bag of Marbles","Toolbox","Lizard Tail","Ice Cream"],"acts_visited":["Exordium","TheCity","TheBeyond"],"potions_floor_usage":[46,50,50,50,50],"damage_taken":[{"damage":0.0,"enemies":"Small Slimes","floor":1.0,"turns":1.0},{"damage":0.0,"enemies":"Jaw Worm","floor":5.0,"turns":1.0},{"damage":0.0,"enemies":"Gremlin Nob","floor":7.0,"turns":1.0},{"damage":0.0,"enemies":"Cultist","floor":8.0,"turns":4.0},{"damage":5.0,"enemies":"Exordium Thugs","floor":10.0,"turns":5.0},{"damage":0.0,"enemies":"Looter","floor":11.0,"turns":4.0},{"damage":0.0,"enemies":"3 Sentries","floor":13.0,"turns":6.0},{"damage":6.0,"enemies":"Hexaghost","floor":16.0,"turns":8.0},{"damage":1.0,"enemies":"Chosen","floor":18.0,"turns":5.0},{"damage":2.0,"enemies":"2 Thieves","floor":19.0,"turns":5.0},{"damage":2.0,"enemies":"Centurion and Healer","floor":22.0,"turns":7.0},{"damage":43.0,"enemies":"Slavers","floor":24.0,"turns":5.0},{"damage":1.0,"enemies":"3 Cultists","floor":28.0,"turns":4.0},{"damage":9.0,"enemies":"Shelled Parasite and Fungi","floor":29.0,"turns":5.0},{"damage":7.0,"enemies":"Book of Stabbing","floor":30.0,"turns":5.0},{"damage":0.0,"enemies":"Snake Plant","floor":31.0,"turns":3.0},{"damage":16.0,"enemies":"Automaton","floor":33.0,"turns":10.0},{"damage":0.0,"enemies":"3 Darklings","floor":35.0,"turns":5.0},{"damage":7.0,"enemies":"3 Shapes","floor":36.0,"turns":5.0},{"damage":6.0,"enemies":"Writhing Mass","floor":38.0,"turns":7.0},{"damage":0.0,"enemies":"Maw","floor":39.0,"turns":8.0},{"damage":28.0,"enemies":"Nemesis","floor":40.0,"turns":9.0},{"damage":0.0,"enemies":"4 Shapes","floor":41.0,"turns":5.0},{"damage":15,"enemies":"Reptomancer","floor":44,"turns":8},{"damage":0,"enemies":"2 Orb Walkers","floor":46,"turns":6},{"damage":0,"enemies":"Giant Head","floor":48,"turns":13},{"damage":20,"enemies":"Donu and Deca","floor":50,"turns":9}],"seed_played":"-1307158528464370638","potions_obtained":[{"floor":4.0,"key":"EssenceOfSteel"},{"floor":4.0,"key":"Ancient Potion"},{"floor":4.0,"key":"Swift Potion"},{"floor":10.0,"key":"CultistPotion"},{"floor":13.0,"key":"Swift Potion"},{"floor":16.0,"key":"EssenceOfSteel"},{"floor":18.0,"key":"Ancient Potion"},{"floor":19.0,"key":"PowerPotion"},{"floor":24.0,"key":"DistilledChaos"},{"floor":31.0,"key":"Strength Potion"},{"floor":33.0,"key":"Dexterity Potion"},{"floor":38.0,"key":"SpeedPotion"},{"floor":41.0,"key":"LiquidBronze"},{"floor":46,"key":"Ancient Potion"},{"floor":48,"key":"SpeedPotion"}],"is_trial":false,"path_per_floor":["M","?","?","?","M","R","E","M","T","M","M","R","E","$","R","B",null,"M","M","?","$","M","R","E","R","T","$","M","M","E","M","R","B",null,"M","M","?","M","M","E","M","R","T","E","$","?","$","E","R","B",null],"character_chosen":"THE_SILENT","items_purchased":["Membership Card","Prepared","Caltrops","Unceasing Top","Snake Skull","Endless Agony","FossilizedHelix","SteroidPotion","Block Potion","Bag of Marbles","Toolbox","Dexterity Potion"],"campfire_rested":1,"item_purchase_floors":[14,14,14,14,27,27,45,45,45,45,45,47],"current_hp_per_floor":[70,53,53,53,53,53,53,53,53,48,48,48,48,48,48,42,70,69,67,67,67,65,65,22,34,34,34,33,24,17,17,32,16,70,70,63,57,51,51,23,23,38,38,23,23,23,23,23,59,39],"gold":74,"neow_bonus":"THREE_ENEMY_KILL","is_daily":false,"chose_seed":false,"campfire_upgraded":7,"win_rate":0.0,"timestamp":1613814260,"path_taken":["M","?","?","?","?","R","E","M","T","M","M","R","E","?","R","BOSS","M","M","?","?","M","R","E","R","T","$","M","M","E","M","R","BOSS","M","?","?","M","?","E","M","R","T","E","?","?","$","E","R","BOSS"],"items_purchased_type":["Relic","Card","Card","Relic","Relic","Card","Relic","Potion","Potion","Relic","Relic","Potion"],"build_version":"2020-12-22","purchased_purges":3,"victory":true,"max_hp_per_floor":[70,70,70,70,70,70,70,70,70,70,70,70,70,70,70,70,70,70,70,70,70,70,70,70,70,70,70,70,70,70,70,70,70,70,70,70,70,70,70,70,70,70,70,70,70,70,70,70,70,70],"relic_stats":{"Darkstone Periapt":0,"Torii":42,"Happy Flower":[34],"counters":[27,154],"Golden Idol":199,"Astrolabe":["Quick Slash","Dash","Envenom"],"Eternal Feather":57,"Snake Skull":[248],"Juzu Bracelet":0,"Lizard Tail":0,"Ornamental Fan":[32],"obtain_stats":[{"Darkstone Periapt":9,"Potion Belt":43,"Ice Cream":48,"NeowsBlessing":0,"Torii":13,"Happy Flower":26,"Golden Idol":2,"Astrolabe":17,"Eternal Feather":24,"Snake Skull":27,"Juzu Bracelet":40,"SlaversCollar":34,"CaptainsWheel":7,"Lizard Tail":46,"Ornamental Fan":44,"Toolbox":45,"Bag of Marbles":45,"Membership Card":14,"Unceasing Top":14,"TungstenRod":30,"FossilizedHelix":45,"Ring of the Snake":0},{"Darkstone Periapt":4,"Potion Belt":23,"Ice Cream":26,"NeowsBlessing":0,"Torii":7,"Happy Flower":12,"Golden Idol":1,"Astrolabe":8,"Eternal Feather":12,"Snake Skull":12,"Juzu Bracelet":22,"SlaversCollar":17,"CaptainsWheel":3,"Lizard Tail":25,"Ornamental Fan":24,"Toolbox":24,"Bag of Marbles":24,"Membership Card":7,"Unceasing Top":7,"TungstenRod":15,"FossilizedHelix":24,"Ring of the Snake":0},{"Darkstone Periapt":7,"Potion Belt":118,"Ice Cream":145,"NeowsBlessing":0,"Torii":22,"Happy Flower":52,"Golden Idol":1,"Astrolabe":30,"Eternal Feather":52,"Snake Skull":52,"Juzu Bracelet":113,"SlaversCollar":79,"CaptainsWheel":3,"Lizard Tail":132,"Ornamental Fan":126,"Toolbox":126,"Bag of Marbles":126,"Membership Card":22,"Unceasing Top":22,"TungstenRod":66,"FossilizedHelix":126,"Ring of the Snake":0}],"Unceasing Top":[22],"TungstenRod":15,"Ring of the Snake":[54]},"card_choices":[{"not_picked":["Dodge and Roll","Quick Slash"],"picked":"Bouncing Flask","floor":1.0},{"not_picked":["Calculated Gamble","Footwork"],"picked":"Flying Knee","floor":5.0},{"not_picked":["Finisher","Infinite Blades"],"picked":"Slice","floor":7.0},{"not_picked":["Dagger Throw","Outmaneuver"],"picked":"Wraith Form v2","floor":8.0},{"not_picked":["Flying Knee","Crippling Poison"],"picked":"Leg Sweep","floor":10.0},{"not_picked":["Blur","Deflect"],"picked":"Noxious Fumes","floor":11.0},{"not_picked":["Dodge and Roll","Sucker Punch"],"picked":"Dash","floor":13.0},{"not_picked":["Die Die Die","Tools of the Trade"],"picked":"Adrenaline","floor":16.0},{"not_picked":["Flying Knee","Acrobatics"],"picked":"Backflip","floor":18.0},{"not_picked":["Distraction","Flying Knee","Riddle With Holes"],"picked":"SKIP","floor":19.0},{"not_picked":["Quick Slash","Acrobatics"],"picked":"Caltrops+1","floor":22.0},{"not_picked":["Finisher","Dash"],"picked":"Footwork","floor":24.0},{"not_picked":["Noxious Fumes+1","Backflip"],"picked":"Footwork","floor":28.0},{"not_picked":["Endless Agony","Distraction","Slice"],"picked":"SKIP","floor":29.0},{"not_picked":["Deadly Poison+1","Leg Sweep"],"picked":"Calculated Gamble+1","floor":30.0},{"not_picked":["Backflip","Choke"],"picked":"Night Terror","floor":31.0},{"not_picked":["Glass Knife","Bullet Time"],"picked":"Malaise","floor":33.0},{"not_picked":["Finisher","Backflip","Riddle With Holes"],"picked":"SKIP","floor":35.0},{"not_picked":["Finisher","Backflip","Riddle With Holes"],"picked":"SKIP","floor":35.0},{"not_picked":["Outmaneuver","Poisoned Stab","Acrobatics"],"picked":"SKIP","floor":36.0},{"not_picked":["Outmaneuver+1","Deadly Poison"],"picked":"Underhanded Strike+1","floor":38.0},{"not_picked":["Underhanded Strike","Expertise+1","Dagger Spray+1"],"picked":"SKIP","floor":39.0},{"not_picked":["Quick Slash+1","Dagger Throw+1","All Out Attack"],"picked":"SKIP","floor":40.0},{"not_picked":["Flying Knee","Acrobatics","Expertise+1"],"picked":"SKIP","floor":41.0},{"not_picked":["Deadly Poison+1","A Thousand Cuts"],"picked":"PiercingWail","floor":44},{"not_picked":["Dodge and Roll+1","Skewer","Underhanded Strike"],"picked":"SKIP","floor":48}],"player_experience":2553,"relics_obtained":[{"floor":7.0,"key":"CaptainsWheel"},{"floor":9.0,"key":"Darkstone Periapt"},{"floor":13.0,"key":"Torii"},{"floor":24.0,"key":"Eternal Feather"},{"floor":26.0,"key":"Happy Flower"},{"floor":30.0,"key":"TungstenRod"},{"floor":40.0,"key":"Juzu Bracelet"},{"floor":43.0,"key":"Potion Belt"},{"floor":44,"key":"Ornamental Fan"},{"floor":46,"key":"Lizard Tail"},{"floor":48,"key":"Ice Cream"}],"event_choices":[{"damage_healed":0.0,"max_hp_gain":0.0,"max_hp_loss":0.0,"gold_gain":0.0,"event_name":"Golden Idol","player_choice":"Take Damage","floor":2.0,"gold_loss":0.0,"damage_taken":17.0,"relics_obtained":["Golden Idol"]},{"damage_healed":0.0,"max_hp_gain":0.0,"max_hp_loss":0.0,"gold_gain":175.0,"event_name":"Liars Game","player_choice":"AGREE","floor":3.0,"gold_loss":0.0,"damage_taken":0.0,"cards_obtained":["Doubt"]},{"damage_healed":0.0,"max_hp_gain":0.0,"max_hp_loss":0.0,"gold_gain":0.0,"event_name":"Lab","player_choice":"Got Potions","floor":4.0,"gold_loss":0.0,"damage_taken":0.0},{"cards_removed":["Defend_G"],"damage_healed":0.0,"max_hp_gain":0.0,"max_hp_loss":0.0,"gold_gain":0.0,"event_name":"Designer","player_choice":"Upgrade and Remove","floor":20.0,"gold_loss":90.0,"damage_taken":0.0,"cards_upgraded":["Flying Knee"]},{"damage_healed":0.0,"max_hp_gain":0.0,"max_hp_loss":0.0,"gold_gain":0.0,"event_name":"Wheel of Change","player_choice":"Damaged","floor":37.0,"gold_loss":0.0,"damage_taken":7.0},{"damage_healed":0,"gold_gain":0,"player_choice":"Fight","damage_taken":0,"max_hp_gain":0,"max_hp_loss":0,"event_name":"Mysterious Sphere","floor":46,"gold_loss":0}],"is_beta":false,"boss_relics":[{"not_picked":["Empty Cage","Fusion Hammer"],"picked":"Astrolabe"},{"not_picked":["HoveringKite","SacredBark"],"picked":"SlaversCollar"}],"items_purged_floors":[14,27,45],"is_endless":false,"potions_floor_spawned":[10,13,16,18,19,24,31,33,38,41,46,48],"ascension_level":0}}