{"host":"ydg0vn0pu4pubmdt","time":1613802398,"event":{"mods":["AchievementEnabler","BaseMod","Colored Map","Minty Spire (QoL Compilation)","Quick Restart","SuperFastMode"],"gold_per_floor":[112,112,262,30,30,64,64,103,103,130,141,141,154,188,188,188,188],"floor_reached":16,"language":"KOR","playtime":283,"items_purged":["Doubt"],"score":336,"play_id":"46b52871-3f92-430f-aef5-85c070a8855e","local_time":"20210220152638","is_ascension_mode":true,"campfire_choices":[{"data":"Shockwave","floor":7,"key":"SMITH"},{"data":"Seeing Red","floor":12,"key":"SMITH"},{"data":"Second Wind","floor":15,"key":"SMITH"}],"circlet_count":0,"master_deck":["AscendersBane","Strike_R","Strike_R","Strike_R","Strike_R","Defend_R","Defend_R","Defend_R","Defend_R","Bash","Shockwave+1","Seeing Red+1","Second Wind+1","Clothesline"],"relics":["Burning Blood","NeowsBlessing","Chemical X","CeramicFish","Singing Bowl","StrikeDummy","Champion Belt"],"acts_visited":["Exordium"],"potions_floor_usage":[14,14,16],"damage_taken":[{"damage":0,"enemies":"Jaw Worm","floor":1,"turns":1},{"damage":0,"enemies":"3 Sentries","floor":6,"turns":1},{"damage":0,"enemies":"Gremlin Nob","floor":8,"turns":1},{"damage":4,"enemies":"Small Slimes","floor":10,"turns":4},{"damage":2,"enemies":"2 Louse","floor":11,"turns":2},{"damage":10,"enemies":"Exordium Wildlife","floor":13,"turns":5},{"damage":15,"enemies":"Lagavulin","floor":14,"turns":5},{"damage":74,"enemies":"Slime Boss","floor":16,"turns":10}],"seed_played":"338806726615627945","potions_obtained":[{"floor":1,"key":"AttackPotion"},{"floor":8,"key":"DistilledChaos"},{"floor":14,"key":"ColorlessPotion"}],"is_trial":false,"path_per_floor":["M","?","?","$","?","E","R","E","T","M","M","R","M","E","R","B"],"character_chosen":"IRONCLAD","items_purchased":["Chemical X"],"campfire_rested":0,"item_purchase_floors":[4],"current_hp_per_floor":[74,79,79,79,79,80,80,80,80,80,82,82,80,71,71,0,0],"gold":188,"neow_bonus":"THREE_ENEMY_KILL","is_daily":false,"chose_seed":false,"campfire_upgraded":3,"win_rate":0.0,"timestamp":1613802398,"path_taken":["M","?","?","?","?","E","R","E","T","M","M","R","M","E","R","BOSS"],"items_purchased_type":["Relic"],"build_version":"2020-12-22","purchased_purges":1,"victory":false,"max_hp_per_floor":[75,80,80,80,80,80,80,80,80,80,82,82,84,84,84,84,84],"card_choices":[{"not_picked":["Wild Strike","Heavy Blade"],"picked":"Shockwave","floor":1},{"not_picked":["Iron Wave","Headbutt","Anger"],"picked":"SKIP","floor":6},{"not_picked":["Headbutt","Wild Strike"],"picked":"Seeing Red","floor":8},{"not_picked":["Disarm","Warcry"],"picked":"Second Wind","floor":10},{"not_picked":["Twin Strike","Headbutt","Warcry"],"picked":"Singing Bowl","floor":11},{"not_picked":["Burning Pact","Sword Boomerang","Limit Break"],"picked":"Singing Bowl","floor":13},{"not_picked":["Sentinel","Armaments"],"picked":"Clothesline","floor":14}],"player_experience":619392,"relics_obtained":[{"floor":6,"key":"CeramicFish"},{"floor":8,"key":"Singing Bowl"},{"floor":9,"key":"StrikeDummy"},{"floor":14,"key":"Champion Belt"}],"event_choices":[{"damage_healed":0,"gold_gain":0,"player_choice":"Donut","damage_taken":0,"max_hp_gain":5,"max_hp_loss":0,"event_name":"Big Fish","floor":2,"gold_loss":0},{"damage_healed":0,"gold_gain":150,"player_choice":"AGREE","damage_taken":0,"max_hp_gain":0,"max_hp_loss":0,"event_name":"Liars Game","floor":3,"gold_loss":0,"cards_obtained":["Doubt"]},{"cards_removed":["Strike_R"],"damage_healed":0,"gold_gain":0,"player_choice":"Forget","damage_taken":0,"max_hp_gain":0,"max_hp_loss":0,"event_name":"Living Wall","floor":5,"gold_loss":0}],"is_beta":false,"boss_relics":[],"items_purged_floors":[4],"is_endless":false,"potions_floor_spawned":[1,8,11,14],"killed_by":"Slime Boss","ascension_level":20}}