{"host":"bxdue9bkfm2khp2x","time":1613832475,"event":{"mods":["ATMod(阿瑾Mod)","Aspiration","BaseMod","Better Vampires","Challenge The Spire","Colored Map","Colored Powertips","Conspire","Decade(王小明)","Dota2Spire","Downfall","Good Game Mod","Highlight Path","Minty Spire (QoL Compilation)","MostiFishMod","Reliquary","Remilia（蕾米莉亚）","Replay The Spire","RumiaBox-露米娅的神秘盒子","Ryuuou龙王","Spicy Shops","StSLib","The Alterego","The Bug Knight","The Cursed","Waifu the Spire","WarShipGirlsR/战舰少女R mod","Wide Potions","noobMod","【功能Mod】混沌之环修复补丁","残留之物","篝火指南"],"gold_per_floor":[109,129,148,164,176,176,207,207,207,238,11,22,22,36,36,36,36],"floor_reached":16,"language":"ZHS","playtime":3228,"items_purged":["PlaceholderMod:BaseStrike"],"score":137,"play_id":"748bb216-71c8-458f-82da-658ed7617772","local_time":"20210220224755","is_ascension_mode":true,"campfire_choices":[{"data":"AT_Dispersion","floor":6,"key":"SMITH"},{"data":"PlaceholderMod:HardStinger","floor":8,"key":"SMITH"},{"data":"PlaceholderMod:Stable","floor":13,"key":"SMITH"},{"data":"PlaceholderMod:AttackAsDefend","floor":15,"key":"SMITH"}],"circlet_count":0,"master_deck":["PlaceholderMod:BaseStrike","PlaceholderMod:BaseStrike","PlaceholderMod:BaseStrike","PlaceholderMod:BaseStrike","PlaceholderMod:BaseDefend","PlaceholderMod:BaseDefend","PlaceholderMod:BaseDefend","PlaceholderMod:BaseDefend","PlaceholderMod:BaseDefend","PlaceholderMod:Crystal","PlaceholderMod:PoisonWhip","AT_Dispersion+1","PlaceholderMod:ThreeBenzyolStart","PlaceholderMod:HardStinger+1","PlaceholderMod:Stable+1","PlaceholderMod:AttackAsDefend+1"],"relics":["PlaceholderMod:Tancle","DaveBox","ice","AT_ATBox","REME:ComplimentaryCards","RhineCircuit","NeowsBlessing","SynthV:TestCard","Darkstone Periapt","Quantum Egg","Regal Pillow","Membership Card"],"acts_visited":["Exordium"],"potions_floor_usage":[12],"damage_taken":[{"damage":0,"enemies":"Jaw Worm","floor":1,"turns":1},{"damage":0,"enemies":"2 Louse","floor":2,"turns":1},{"damage":0,"enemies":"Cultist","floor":3,"turns":1},{"damage":22,"enemies":"Large Slime","floor":4,"turns":6},{"damage":6,"enemies":"2 Fungi Beasts","floor":5,"turns":4},{"damage":6,"enemies":"HollowMod:MossKnight","floor":7,"turns":7},{"damage":1,"enemies":"Replay:BlueRogue","floor":10,"turns":5},{"damage":0,"enemies":"Exordium Wildlife","floor":12,"turns":4},{"damage":0,"enemies":"Large Slime","floor":14,"turns":6},{"damage":0,"enemies":"The Guardian","floor":16,"turns":1}],"seed_played":"8900839341948342559","potions_obtained":[{"floor":1,"key":"Dota2Spire:Clarity"},{"floor":3,"key":"EntropicBrew"},{"floor":4,"key":"LiquidBronze"},{"floor":12,"key":"Milkshake"}],"is_trial":false,"path_per_floor":["M","M","M","M","M","R","E","R","T","E","$","M","R","M","R","B"],"character_chosen":"THE_PLACEHOLDER","items_purchased":["Membership Card","PlaceholderMod:Stable"],"campfire_rested":0,"item_purchase_floors":[11,11],"current_hp_per_floor":[78,78,78,56,50,50,44,44,44,43,43,43,43,43,43,43,43],"gold":36,"neow_bonus":"THREE_ENEMY_KILL","is_daily":false,"chose_seed":false,"campfire_upgraded":4,"win_rate":0.0,"timestamp":1613832475,"path_taken":["M","M","M","M","M","R","E","R","T","E","$","M","R","M","R","BOSS"],"items_purchased_type":["Relic","Card"],"build_version":"2020-12-22","purchased_purges":1,"victory":false,"max_hp_per_floor":[78,78,78,78,78,78,78,78,78,78,78,78,78,78,78,78,78],"card_choices":[{"not_picked":["PlaceholderMod:PoisonExcitation","PlaceholderMod:SeverePoisonStrike","PlaceholderMod:DissolvingSpikes"],"picked":"SKIP","floor":1},{"not_picked":["PlaceholderMod:AttackAsDefend","PlaceholderMod:TriggerStrike","PlaceholderMod:SeverePoisonStrike","PlaceholderMod:SpinBlade","PlaceholderMod:SprayAttack"],"picked":"SKIP","floor":2},{"not_picked":["PlaceholderMod:ProliferateStrike","PlaceholderMod:RadicalHit","PlaceholderMod:DirectingGroup","PlaceholderMod:Colorful","PlaceholderMod:SprayAttack"],"picked":"SKIP","floor":3},{"not_picked":["PlaceholderMod:HardStrike","PlaceholderMod:Sweep","PlaceholderMod:SeverePoisonStrike","PlaceholderMod:Assimilation"],"picked":"PlaceholderMod:ThreeBenzyolStart","floor":4},{"not_picked":["PlaceholderMod:UnpureUse","PlaceholderMod:HornyBlast","PlaceholderMod:HighConcentration","PlaceholderMod:ProliferateStrike"],"picked":"PlaceholderMod:HardStinger","floor":5},{"not_picked":["PlaceholderMod:SprayAttack","PlaceholderMod:Turn","PlaceholderMod:Break","PlaceholderMod:MultipleOxi","PlaceholderMod:HornyBlast"],"picked":"SKIP","floor":7},{"not_picked":["PlaceholderMod:ParasiteChange","PlaceholderMod:HornyBlast","PlaceholderMod:Assimilation","PlaceholderMod:AttackAsDefend","PlaceholderMod:Hard"],"picked":"SKIP","floor":10},{"not_picked":["PlaceholderMod:InnerStable","PlaceholderMod:DissolvingSpikes","PlaceholderMod:PoisonExcitation","PlaceholderMod:UnpureUse","PlaceholderMod:SeverePoisonStrike"],"picked":"SKIP","floor":12},{"not_picked":["PlaceholderMod:Turn","PlaceholderMod:UnpureUse","PlaceholderMod:Polyp","PlaceholderMod:PoisonExcitation"],"picked":"PlaceholderMod:AttackAsDefend","floor":14}],"player_experience":921918,"relics_obtained":[{"floor":1,"key":"SynthV:TestCard"},{"floor":7,"key":"Darkstone Periapt"},{"floor":9,"key":"Quantum Egg"},{"floor":10,"key":"Regal Pillow"}],"event_choices":[],"is_beta":false,"boss_relics":[],"items_purged_floors":[11],"is_endless":false,"potions_floor_spawned":[1,3,4,10,12],"killed_by":"The Guardian","ascension_level":4}}