{"host":"36t3qd3wjvajtu1z","time":1613792274,"event":{"mods":["2.2 Compatiblity","AchievementEnabler","BaseMod","Bestiary","Block Reminder","Colored Powertips","Curses Come First","Filter the Spire","Highlight Path","Minty Spire (QoL Compilation)","Permanent Neow","Quick Restart","Random Character Button","Rare Cards Sparkle","Relic Stats","Slay-I","StSLib","Unknown Chances"],"gold_per_floor":[115,133,408,427,113,140,140,174,174,174,194,266,280,311,311,382,382,400,3,3,3],"floor_reached":20,"language":"ENG","playtime":827,"items_purged":["Regret"],"score":355,"play_id":"48eb59c1-9f24-4030-8b30-915151148c4e","local_time":"20210219193754","is_ascension_mode":true,"campfire_choices":[{"data":"Dramatic Entrance","floor":7,"key":"SMITH"},{"floor":10,"key":"REST"},{"data":"Recycle","floor":15,"key":"SMITH"}],"circlet_count":0,"master_deck":["AscendersBane","Zap","Dualcast","Bandage Up","Beam Cell","Sweeping Beam","Rebound","Electrodynamics","Dramatic Entrance+1","Leap","Loop","Recycle+1","Aggregate","Biased Cognition","Fission","Streamline","Tempest","Rainbow","Tempest","Amplify","Double Energy","Rainbow","Skim","BootSequence","Hologram","Heatsinks"],"relics":["Cracked Core","Bag of Marbles","Incense Burner","Shuriken","Kunai","Sundial","Pandora\u0027s Box","OrangePellets"],"acts_visited":["Exordium","TheCity"],"potions_floor_usage":[8,14,14,16],"damage_taken":[{"damage":8,"enemies":"Small Slimes","floor":1,"turns":3},{"damage":2,"enemies":"Cultist","floor":2,"turns":4},{"damage":5,"enemies":"Jaw Worm","floor":4,"turns":4},{"damage":34,"enemies":"Gremlin Nob","floor":6,"turns":4},{"damage":11,"enemies":"Lagavulin","floor":8,"turns":3},{"damage":0,"enemies":"Looter","floor":11,"turns":1},{"damage":0,"enemies":"3 Louse","floor":13,"turns":1},{"damage":9,"enemies":"3 Sentries","floor":14,"turns":5},{"damage":10,"enemies":"Hexaghost","floor":16,"turns":8},{"damage":31,"enemies":"2 Thieves","floor":18,"turns":3},{"damage":37,"enemies":"Shell Parasite","floor":20,"turns":4}],"seed_played":"-4284223900960687295","potions_obtained":[{"floor":6,"key":"ColorlessPotion"},{"floor":8,"key":"FocusPotion"},{"floor":11,"key":"Fire Potion"},{"floor":14,"key":"AttackPotion"},{"floor":16,"key":"Explosive Potion"}],"is_trial":false,"path_per_floor":["M","M","?","M","$","E","R","E","T","R","M","T","M","E","R","B",null,"M","$","M"],"character_chosen":"DEFECT","items_purchased":["Electrodynamics","Dramatic Entrance","Weak Potion","OrangePellets","BootSequence","Hologram","Heatsinks","BlessingOfTheForge"],"campfire_rested":1,"item_purchase_floors":[5,5,5,19,19,19,19,19],"current_hp_per_floor":[60,62,62,61,61,27,27,16,16,37,37,37,37,32,32,26,60,33,33,0,0],"gold":3,"neow_bonus":"RANDOM_COLORLESS","is_daily":false,"chose_seed":false,"campfire_upgraded":2,"win_rate":0.0,"timestamp":1613792274,"path_taken":["M","M","?","?","$","E","R","E","T","R","?","?","M","E","R","BOSS","M","$","M"],"items_purchased_type":["Card","Card","Potion","Relic","Card","Card","Card","Potion"],"build_version":"2020-12-22","purchased_purges":1,"victory":false,"max_hp_per_floor":[71,71,71,71,71,71,71,71,71,71,71,71,71,71,71,71,71,71,71,71,71],"relic_stats":{"OrangePellets":[1],"counters":[11,40],"Shuriken":[6],"Sundial":[2],"Pandora\u0027s Box":["Streamline","Tempest","Rainbow","Tempest","Amplify","Double Energy","Rainbow","Skim"],"Kunai":[5],"obtain_stats":[{"OrangePellets":19,"Shuriken":9,"Sundial":14,"Pandora\u0027s Box":17,"Bag of Marbles":6,"Incense Burner":8,"Kunai":12,"Cracked Core":0},{"OrangePellets":10,"Shuriken":5,"Sundial":8,"Pandora\u0027s Box":9,"Bag of Marbles":4,"Incense Burner":5,"Kunai":6,"Cracked Core":0},{"OrangePellets":36,"Shuriken":18,"Sundial":25,"Pandora\u0027s Box":33,"Bag of Marbles":15,"Incense Burner":18,"Kunai":19,"Cracked Core":0}]},"card_choices":[{"not_picked":["Deep Breath","Purity"],"picked":"Bandage Up","floor":0},{"not_picked":["Skim","Rebound"],"picked":"Beam Cell","floor":1},{"not_picked":["Steam Power","Compile Driver"],"picked":"Sweeping Beam","floor":2},{"not_picked":["Recycle","Storm"],"picked":"Rebound","floor":4},{"not_picked":["Sweeping Beam","Coolheaded"],"picked":"Leap","floor":6},{"not_picked":["Doom and Gloom","Lockon"],"picked":"Loop","floor":8},{"not_picked":["Turbo","Beam Cell"],"picked":"Recycle","floor":11},{"not_picked":["Turbo","Tempest"],"picked":"Aggregate","floor":13},{"not_picked":["Barrage","Fusion"],"picked":"Biased Cognition","floor":14},{"not_picked":["Machine Learning","Electrodynamics"],"picked":"Fission","floor":16},{"not_picked":["Beam Cell","Go for the Eyes","Rebound"],"picked":"SKIP","floor":18}],"player_experience":569983,"relics_obtained":[{"floor":6,"key":"Bag of Marbles"},{"floor":8,"key":"Incense Burner"},{"floor":9,"key":"Shuriken"},{"floor":12,"key":"Kunai"},{"floor":14,"key":"Sundial"}],"event_choices":[{"damage_healed":0,"gold_gain":275,"player_choice":"Desecrate","damage_taken":0,"max_hp_gain":0,"max_hp_loss":0,"event_name":"Golden Shrine","floor":3,"gold_loss":0,"cards_obtained":["Regret"]}],"is_beta":false,"boss_relics":[{"not_picked":["Calling Bell","Runic Dome"],"picked":"Pandora\u0027s Box"}],"items_purged_floors":[5],"is_endless":false,"potions_floor_spawned":[6,8,11,14,16],"killed_by":"Shell Parasite","ascension_level":17}}