{"host":"a3wpq7kyokchzawk","time":1613847857,"event":{"mods":["BaseMod","Colored Map","Highlight Path","Minty Spire (QoL Compilation)","Permanent Neow","Potion Indicator Mod","Relic Stats","Weighted Paths"],"gold_per_floor":[118,135,135,155,174,174,174,174,174,203,219,219,294,319,331,415,427,452,479,5,24,24,24],"floor_reached":22,"language":"ENG","playtime":39422,"items_purged":["Bash"],"score":392,"play_id":"16e8bee0-1a90-4429-b43b-6623f66361f9","local_time":"20210220170417","is_ascension_mode":true,"campfire_choices":[{"data":"Uppercut","floor":6.0,"key":"SMITH"},{"data":"Heavy Blade","floor":8.0,"key":"SMITH"},{"data":"True Grit","floor":12.0,"key":"SMITH"},{"floor":15.0,"key":"REST"}],"circlet_count":0,"master_deck":["AscendersBane","Strike_R","Strike_R","Strike_R","Strike_R","Defend_R","Defend_R","Defend_R","Juggernaut","Shrug It Off","Heavy Blade+1","Spot Weakness","Uppercut+1","Offering","True Grit+1","Headbutt","Juggernaut","Corruption"],"relics":["Burning Blood","Smiling Mask","Paper Frog","MawBank","Velvet Choker","Mummified Hand","PreservedInsect"],"acts_visited":["Exordium","TheCity"],"potions_floor_usage":[22],"damage_taken":[{"damage":10.0,"enemies":"Small Slimes","floor":1.0,"turns":4.0},{"damage":2.0,"enemies":"Cultist","floor":2.0,"turns":4.0},{"damage":1.0,"enemies":"2 Louse","floor":4.0,"turns":3.0},{"damage":13.0,"enemies":"Blue Slaver","floor":5.0,"turns":4.0},{"damage":24.0,"enemies":"Gremlin Nob","floor":10.0,"turns":4.0},{"damage":22.0,"enemies":"Exordium Thugs","floor":11.0,"turns":5.0},{"damage":16.0,"enemies":"Lagavulin","floor":14.0,"turns":5.0},{"damage":24.0,"enemies":"Hexaghost","floor":16.0,"turns":9.0},{"damage":16.0,"enemies":"Shell Parasite","floor":18.0,"turns":3.0},{"damage":19.0,"enemies":"3 Byrds","floor":19.0,"turns":6.0},{"damage":24.0,"enemies":"Snake Plant","floor":21.0,"turns":5.0},{"damage":25,"enemies":"Shelled Parasite and Fungi","floor":22,"turns":4}],"seed_played":"-4568692918643458711","potions_obtained":[{"floor":4.0,"key":"DuplicationPotion"},{"floor":5.0,"key":"DistilledChaos"},{"floor":18.0,"key":"Block Potion"},{"floor":19.0,"key":"LiquidMemories"}],"is_trial":false,"path_per_floor":["M","M","?","M","M","R","?","R","T","E","M","R","?","E","R","B",null,"M","M","$","M","M"],"character_chosen":"IRONCLAD","items_purchased":["Mummified Hand","PreservedInsect"],"campfire_rested":1,"item_purchase_floors":[20,20],"current_hp_per_floor":[64,68,68,73,66,66,71,71,71,53,37,37,26,16,40,22,66,56,43,43,25,0,0],"gold":24,"neow_bonus":"TRANSFORM_CARD","is_daily":false,"chose_seed":false,"campfire_upgraded":3,"win_rate":0.0,"timestamp":1613847857,"path_taken":["M","M","?","?","M","R","?","R","T","E","M","R","?","E","R","BOSS","M","M","$","M","M"],"items_purchased_type":["Relic","Relic"],"build_version":"2020-12-22","purchased_purges":1,"victory":false,"max_hp_per_floor":[75,75,75,75,75,75,80,80,80,80,80,80,80,80,80,80,80,80,80,80,80,80,80],"relic_stats":{"counters":[12,56],"Mummified Hand":[5],"PreservedInsect":0,"Smiling Mask":25,"MawBank":72,"obtain_stats":[{"Mummified Hand":20,"Velvet Choker":17,"PreservedInsect":20,"Smiling Mask":9,"MawBank":14,"Burning Blood":0,"Paper Frog":10},{"Mummified Hand":10,"Velvet Choker":8,"PreservedInsect":10,"Smiling Mask":4,"MawBank":7,"Burning Blood":0,"Paper Frog":5},{"Mummified Hand":47,"Velvet Choker":38,"PreservedInsect":47,"Smiling Mask":15,"MawBank":29,"Burning Blood":0,"Paper Frog":19}],"Burning Blood":66},"card_choices":[{"not_picked":["Sword Boomerang","Carnage"],"picked":"Shrug It Off","floor":1.0},{"not_picked":["Perfected Strike","Wild Strike"],"picked":"Heavy Blade","floor":2.0},{"not_picked":["Havoc","Shrug It Off"],"picked":"Spot Weakness","floor":4.0},{"not_picked":["Headbutt","Shockwave"],"picked":"Uppercut","floor":5.0},{"not_picked":["Wild Strike","Entrench"],"picked":"Offering","floor":10.0},{"not_picked":["Seeing Red","Flex"],"picked":"True Grit","floor":11.0},{"not_picked":["Intimidate","Clash"],"picked":"Headbutt","floor":14.0},{"not_picked":["Exhume","Offering"],"picked":"Juggernaut","floor":16.0},{"not_picked":["Headbutt","Flex","Anger"],"picked":"SKIP","floor":18.0},{"not_picked":["Wild Strike","Bloodletting","Heavy Blade"],"picked":"SKIP","floor":19.0},{"not_picked":["Flex","Evolve"],"picked":"Corruption","floor":21.0}],"player_experience":2780566,"relics_obtained":[{"floor":9.0,"key":"Smiling Mask"},{"floor":10.0,"key":"Paper Frog"},{"floor":14.0,"key":"MawBank"}],"event_choices":[{"cards_removed":["Strike_R"],"damage_healed":0.0,"max_hp_gain":0.0,"max_hp_loss":0.0,"gold_gain":0.0,"event_name":"Purifier","player_choice":"Purged","floor":3.0,"gold_loss":0.0,"damage_taken":0.0},{"damage_healed":0.0,"max_hp_gain":5.0,"max_hp_loss":0.0,"gold_gain":0.0,"event_name":"Big Fish","player_choice":"Donut","floor":7.0,"gold_loss":0.0,"damage_taken":0.0},{"damage_healed":0.0,"max_hp_gain":0.0,"max_hp_loss":0.0,"gold_gain":75.0,"event_name":"World of Goop","player_choice":"Gather Gold","floor":13.0,"gold_loss":0.0,"damage_taken":11.0}],"is_beta":false,"boss_relics":[{"not_picked":["Fusion Hammer","Runic Pyramid"],"picked":"Velvet Choker"}],"items_purged_floors":[20],"is_endless":false,"potions_floor_spawned":[4,5,18,19],"killed_by":"Shelled Parasite and Fungi","ascension_level":20}}