{"host":"bsgp9wgausrmthh2","time":1613832330,"event":{"mods":["AchievementEnabler","BaseMod","Colored Map","Downfall","Minty Spire (QoL Compilation)","StSLib"],"gold_per_floor":[99,113,143,156,156,187,187,87,102,118,134,39,51,51,68,173,173,73,73,89,103,119,129,129,129,29,48,48,48,82,98,114,219,219,219,239,249,261,14,14,14,27,27,58,58,78,78,95,112,112,112,112],"floor_reached":50,"language":"ENG","playtime":5036,"items_purged":[],"score":547,"play_id":"64016043-f5bb-4f5d-9323-25b2f1229078","local_time":"20210220094530","is_ascension_mode":false,"campfire_choices":[{"floor":1.0,"key":"RECALL"},{"data":"bronze:Boost","floor":8.0,"key":"SMITH"},{"data":"bronze:Fortify","floor":18,"key":"SMITH"},{"data":"bronze:ChosenStrike","floor":26,"key":"SMITH"},{"data":"bronze:FollowUp","floor":28,"key":"SMITH"},{"data":"bronze:HardenedForm","floor":35,"key":"SMITH"},{"data":"bronze:AlphaBuild","floor":43,"key":"SMITH"},{"data":"bronze:Shell","floor":47,"key":"SMITH"}],"circlet_count":0,"master_deck":["bronze:Defend","bronze:Defend","bronze:Defend","bronze:Defend","bronze:Replicate","bronze:Goto","bronze:WhirlingStrike","bronze:Boost+1","bronze:DelayedGuard","bronze:Turbo","bronze:Branch+1","bronze:Safeguard","bronze:Repair","bronze:Constructor","bronze:Fortify+1","bronze:Shield","bronze:FollowUp+1","bronze:Frontload","Clumsy","bronze:DelayedSlice","bronze:Separator","bronze:Repair","bronze:CutThrough","bronze:WildBeam+1","bronze:ChosenStrike+1","bronze:Deprecate+1","bronze:FollowUp","bronze:DelayedSlice","bronze:FineTuning","bronze:HardenedForm+1","CurseOfTheBell","bronze:Flail","bronze:Invalidate+1","bronze:DelayedGuard+1","bronze:Overheat+1","bronze:Verify+1","bronze:Shell+1","bronze:Terminator+1","bronze:AlphaBuild+1","bronze:ClassDefault+1","bronze:Safeguard+1","bronze:BronzeOrb+1","bronze:Branch","bronze:BronzeOrb+1","bronze:Optimize+1","bronze:Repulsor+1"],"relics":["bronze:BronzeCore","Turnip","Du-Vu Doll","downfall:HeartBlessingRed","bronze:MakeshiftBattery","downfall:HeartBlessingGreen","Pear","downfall:HeartBlessingBlue","Prayer Wheel","Calling Bell","Nunchaku","Frozen Egg 2","Incense Burner","Calipers","CaptainsWheel"],"acts_visited":["Exordium","TheCity","TheBeyond"],"potions_floor_usage":[],"damage_taken":[{"damage":0.0,"enemies":"Cultist","floor":2.0,"turns":2.0},{"damage":2.0,"enemies":"Jaw Worm","floor":4.0,"turns":4.0},{"damage":17.0,"enemies":"3 Sentries","floor":6.0,"turns":8.0},{"damage":2.0,"enemies":"Small Slimes","floor":9.0,"turns":3.0},{"damage":7.0,"enemies":"Exordium Thugs","floor":10.0,"turns":5.0},{"damage":0.0,"enemies":"Red Slaver","floor":11.0,"turns":3.0},{"damage":0.0,"enemies":"downfall:FleeingMerchant","floor":12.0,"turns":4.0},{"damage":1.0,"enemies":"Gremlin Gang","floor":13.0,"turns":6.0},{"damage":0.0,"enemies":"3 Louse","floor":15.0,"turns":3.0},{"damage":56.0,"enemies":"IC_STATUS_ARCHETYPE","floor":16.0,"turns":13.0},{"damage":0,"enemies":"downfall:LooterAlt2","floor":20,"turns":3},{"damage":10,"enemies":"Chosen","floor":21,"turns":5},{"damage":1,"enemies":"Shelled Parasite and Fungi","floor":22,"turns":6},{"damage":0,"enemies":"3 Cultists","floor":23,"turns":5},{"damage":9,"enemies":"Snecko","floor":27,"turns":4},{"damage":19,"enemies":"Slavers","floor":30,"turns":4},{"damage":9,"enemies":"Centurion and Healer","floor":31,"turns":5},{"damage":0,"enemies":"Cultist and Chosen","floor":32,"turns":4},{"damage":86,"enemies":"SI_MIRROR_ARCHETYPE","floor":33,"turns":17},{"damage":0,"enemies":"3 Shapes","floor":36,"turns":4},{"damage":0,"enemies":"Orb Walker","floor":37,"turns":1},{"damage":2,"enemies":"Sphere and 2 Shapes","floor":38,"turns":3},{"damage":0,"enemies":"downfall:FleeingMerchant","floor":39,"turns":4},{"damage":7,"enemies":"3 Darklings","floor":42,"turns":5},{"damage":1,"enemies":"downfall:FleeingMerchant","floor":44,"turns":4},{"damage":5,"enemies":"4 Shapes","floor":46,"turns":1},{"damage":0,"enemies":"Transient","floor":48,"turns":5},{"damage":4,"enemies":"Spire Growth","floor":49,"turns":3},{"damage":88,"enemies":"WA_ARCHETYPE_DIVINITY","floor":50,"turns":7}],"seed_played":"1963145491468890162","potions_obtained":[{"floor":4.0,"key":"sneckomod:MuddlingPotion"},{"floor":6.0,"key":"Guardian:BlockOnCardUsePotion"},{"floor":10.0,"key":"Strength Potion"},{"floor":19,"key":"Ancient Potion"},{"floor":20,"key":"CultistPotion"}],"is_trial":false,"path_per_floor":["R","M","?","M","T","E","T","R","M","M","M","$","M","?","M","B",null,"R","?","M","M","M","M","T","?","R","M","R","?","E","M","M","B",null,"R","M","M","M","$","?","T","M","R","$","?","M","R","M","M","B"],"character_chosen":"THE_AUTOMATON","items_purchased":["bronze:Fortify","bronze:AlphaBuild","bronze:ClassDefault+1","CaptainsWheel"],"campfire_rested":0,"item_purchase_floors":[12,39,39,44],"current_hp_per_floor":[70,70,70,68,68,51,51,51,49,42,42,49,55,55,62,13,70,70,70,70,60,69,70,80,80,90,81,81,81,69,74,81,9,90,90,90,90,88,90,82,82,75,75,74,74,69,69,69,65,0,0,0],"gold":112,"neow_bonus":"THREE_CARDS","is_daily":false,"chose_seed":false,"campfire_upgraded":7,"win_rate":0.0,"timestamp":1613832330,"path_taken":["R","?","?","M","?","E","T","R","M","M","M","?","?","?","M","BOSS","R","?","?","M","?","M","T","?","R","M","R","?","E","?","M","BOSS","R","M","M","M","$","?","T","?","R","$","?","M","R","?","M","BOSS"],"items_purchased_type":["Card","Card","Card","Relic"],"build_version":"2020-12-22","purchased_purges":0,"victory":false,"max_hp_per_floor":[70,70,70,70,70,70,70,70,70,70,70,70,70,70,70,70,70,70,70,70,70,70,70,80,80,90,90,90,90,90,90,90,90,90,90,90,90,90,90,90,90,90,90,90,90,90,90,90,90,90,90,90],"card_choices":[{"not_picked":["bronze:DelayedGuard","bronze:Return"],"picked":"bronze:WhirlingStrike","floor":0.0},{"not_picked":["bronze:Invalidate","bronze:DigitalCarnage"],"picked":"bronze:Boost","floor":2.0},{"not_picked":["bronze:WhirlingStrike","bronze:NullPointer"],"picked":"bronze:DelayedGuard","floor":4.0},{"not_picked":["bronze:WhirlingStrike","bronze:Backtrace"],"picked":"bronze:Turbo","floor":6.0},{"not_picked":["bronze:Virus","bronze:FineTuning"],"picked":"bronze:Branch","floor":9.0},{"not_picked":["bronze:Philosophize","bronze:Separator"],"picked":"bronze:Safeguard","floor":10.0},{"not_picked":["bronze:ChosenStrike","bronze:BitShift"],"picked":"bronze:Repair","floor":11.0},{"not_picked":["bronze:ForLoop","bronze:Assembly"],"picked":"bronze:Constructor","floor":12.0},{"not_picked":["bronze:BitShift","bronze:Frontload"],"picked":"bronze:Shield","floor":13.0},{"not_picked":["bronze:FollowUp","bronze:Constructor"],"picked":"bronze:Separator","floor":15.0},{"not_picked":["bronze:Overheat","bronze:Turbo"],"picked":"bronze:Repair","floor":20},{"not_picked":["bronze:OilSpill","bronze:Overheat+1"],"picked":"bronze:CutThrough","floor":21},{"not_picked":["bronze:Branch","bronze:Return"],"picked":"bronze:WildBeam+1","floor":22},{"not_picked":["bronze:Repair","bronze:Virus","bronze:BugBarrage"],"picked":"SKIP","floor":23},{"not_picked":["bronze:Separator+1","bronze:DelayedGuard"],"picked":"bronze:Deprecate+1","floor":27},{"not_picked":["bronze:Deprecate+1","bronze:ChosenStrike","bronze:ForLoop+1"],"picked":"SKIP","floor":30},{"not_picked":["bronze:Return","bronze:MaxOutput"],"picked":"bronze:FollowUp","floor":31},{"not_picked":["bronze:Allocate","bronze:ItsAFeature"],"picked":"bronze:DelayedSlice","floor":31},{"not_picked":["bronze:DelayedGuard","bronze:MaxOutput"],"picked":"bronze:FineTuning","floor":32},{"not_picked":["bronze:NullPointer","bronze:Separator","bronze:BugBarrage"],"picked":"SKIP","floor":32},{"not_picked":["bronze:Assembly","bronze:FindAndReplace"],"picked":"bronze:HardenedForm","floor":33},{"not_picked":["bronze:BugBarrage+1","bronze:OilSpill"],"picked":"bronze:Flail","floor":36},{"not_picked":["bronze:BuggyMess","bronze:Frontload"],"picked":"bronze:Invalidate+1","floor":36},{"not_picked":["bronze:WildBeam","bronze:Turbo"],"picked":"bronze:DelayedGuard+1","floor":37},{"not_picked":["bronze:ItsAFeature+1","bronze:Branch+1"],"picked":"bronze:Overheat+1","floor":37},{"not_picked":["bronze:MaxOutput+1","bronze:CutThrough"],"picked":"bronze:Verify+1","floor":38},{"not_picked":["bronze:Separator+1","bronze:Turbo+1"],"picked":"bronze:Shell","floor":38},{"not_picked":["bronze:Shield+1","bronze:Philosophize"],"picked":"bronze:Terminator+1","floor":39},{"not_picked":["bronze:OilSpill+1","bronze:BuggyMess+1"],"picked":"bronze:Safeguard+1","floor":42},{"not_picked":["bronze:ClassDefault+1","bronze:WhirlingStrike","bronze:Branch+1"],"picked":"SKIP","floor":42},{"not_picked":["bronze:Fortify","bronze:FollowUp+1"],"picked":"bronze:BronzeOrb+1","floor":44},{"not_picked":["bronze:Invalidate","bronze:Philosophize"],"picked":"bronze:BronzeOrb+1","floor":46},{"not_picked":["bronze:BitShift","bronze:Constructor+1","bronze:Verify+1"],"picked":"SKIP","floor":46},{"not_picked":["bronze:BuggyMess","bronze:FineTuning"],"picked":"bronze:Optimize+1","floor":48},{"not_picked":["bronze:Backtrace","bronze:BuggyMess+1","bronze:BronzeArmor"],"picked":"SKIP","floor":48},{"not_picked":["bronze:BuggyMess","bronze:CloningBeam"],"picked":"bronze:Repulsor+1","floor":49},{"not_picked":["bronze:Iterate+1","bronze:ForLoop+1","bronze:Deprecate"],"picked":"SKIP","floor":49}],"player_experience":327256,"relics_obtained":[{"floor":6.0,"key":"Turnip"},{"floor":7.0,"key":"Du-Vu Doll"},{"floor":24,"key":"Pear"},{"floor":30,"key":"Prayer Wheel"},{"floor":34,"key":"Nunchaku"},{"floor":34,"key":"Frozen Egg 2"},{"floor":34,"key":"Incense Burner"},{"floor":41,"key":"Calipers"}],"event_choices":[{"damage_healed":0,"gold_gain":0,"player_choice":"Got Potions","damage_taken":0,"max_hp_gain":0,"max_hp_loss":0,"event_name":"Lab","floor":19,"gold_loss":0},{"damage_healed":0,"gold_gain":0,"player_choice":"Read","damage_taken":0,"max_hp_gain":0,"max_hp_loss":0,"event_name":"The Library","floor":25,"gold_loss":0,"cards_obtained":["bronze:ChosenStrike"]}],"is_beta":false,"boss_relics":[{"not_picked":["SacredBark","Black Star"],"picked":"bronze:MakeshiftBattery"},{"not_picked":["Snecko Eye","Coffee Dripper"],"picked":"Calling Bell"}],"items_purged_floors":[],"is_endless":false,"potions_floor_spawned":[4,6,10,13,15,20,21,31,32,36,46,48,49],"killed_by":"WA_ARCHETYPE_DIVINITY","ascension_level":0}}