{"host":"u2qrfxkm3wve0vp3","time":1613841705,"event":{"mods":["AchievementEnabler","BaseMod","Downfall","Minty Spire (QoL Compilation)","Quick Restart","Shop Mod","StSLib","The Cursed","The Marked"],"gold_per_floor":[117,192,212,212,228,228,255,267,319,366,385,385,396,416,416,513,513,525,45,45,45,60,60,60],"floor_reached":23,"language":"ZHS","playtime":736,"items_purged":["theMarked:Strike"],"score":203,"play_id":"0734dca9-9b22-40a7-8368-843a6a2db178","local_time":"20210221012145","is_ascension_mode":true,"campfire_choices":[{"data":"theMarked:SoldierOfQuellstein","floor":6,"key":"SMITH"},{"floor":15,"key":"REST"}],"circlet_count":0,"master_deck":["theMarked:Strike","theMarked:Strike","theMarked:Strike","theMarked:Defend","theMarked:Defend","theMarked:SoldierOfQuellstein+1","theMarked:MagusForm+1","theMarked:Electrify","theMarked:Friction","theMarked:AttractMetal","theMarked:Aftermath","theMarked:TurnInvisible"],"relics":["theMarked:ArtifactOfAir","Letter Opener","theMarked:DemonDagger","Blood Vial","Empty Cage","Singing Bowl","Pen Nib","Blue Candle"],"acts_visited":["Exordium","TheCity"],"potions_floor_usage":[7,16,16],"damage_taken":[{"damage":5,"enemies":"Jaw Worm","floor":1,"turns":4},{"damage":10,"enemies":"Small Slimes","floor":3,"turns":4},{"damage":1,"enemies":"Cultist","floor":5,"turns":3},{"damage":22,"enemies":"3 Sentries","floor":7,"turns":6},{"damage":1,"enemies":"Exordium Thugs","floor":8,"turns":3},{"damage":8,"enemies":"Lots of Slimes","floor":11,"turns":5},{"damage":7,"enemies":"Blue Slaver","floor":13,"turns":3},{"damage":2,"enemies":"Looter","floor":14,"turns":3},{"damage":22,"enemies":"Slime Boss","floor":16,"turns":5},{"damage":22,"enemies":"Spheric Guardian","floor":18,"turns":6},{"damage":13,"enemies":"2 Thieves","floor":22,"turns":5},{"damage":25,"enemies":"Book of Stabbing","floor":23,"turns":3}],"seed_played":"7700782276618174236","potions_obtained":[{"floor":1,"key":"EssenceOfSteel"},{"floor":3,"key":"LiquidMemories"},{"floor":13,"key":"SteroidPotion"},{"floor":14,"key":"Fire Potion"},{"floor":16,"key":"Guardian:BlockOnCardUsePotion"},{"floor":18,"key":"DuplicationPotion"}],"is_trial":false,"path_per_floor":["M","?","M","?","M","R","E","M","T","T","M","?","M","M","R","B",null,"M","$","?","?","M","E"],"character_chosen":"THE_DEFAULT","items_purchased":["Singing Bowl","Pen Nib"],"campfire_rested":1,"item_purchase_floors":[19,19],"current_hp_per_floor":[67,56,46,46,45,45,23,22,22,22,16,16,11,11,32,12,72,50,50,37,32,23,0,0],"gold":60,"neow_bonus":"TRANSFORM_CARD","is_daily":false,"chose_seed":false,"campfire_upgraded":1,"win_rate":0.0,"timestamp":1613841705,"path_taken":["M","?","M","?","?","R","E","M","T","?","?","?","M","M","R","BOSS","M","$","?","?","M","E"],"items_purchased_type":["Relic","Relic"],"build_version":"2020-12-22","purchased_purges":1,"victory":false,"max_hp_per_floor":[72,72,72,72,72,72,72,72,72,72,72,72,72,72,72,72,72,72,72,77,77,79,79,79],"card_choices":[{"not_picked":["theMarked:Polarize","theMarked:SwordAndMagic"],"picked":"theMarked:Electrify","floor":1},{"not_picked":["theMarked:HeightenedSenses","theMarked:WastefulAttack"],"picked":"theMarked:Friction","floor":3},{"not_picked":["theMarked:StartUp","theMarked:WastefulAttack","theMarked:ElectricStrings"],"picked":"SKIP","floor":5},{"not_picked":["theMarked:ResourceFulStrike","theMarked:ContemptForTheProud"],"picked":"theMarked:AttractMetal","floor":7},{"not_picked":["theMarked:SwordAndMagic","theMarked:ShockingTouch","theMarked:ElectricStrings"],"picked":"SKIP","floor":8},{"not_picked":["theMarked:TheMission","theMarked:StartUp"],"picked":"theMarked:Aftermath","floor":11},{"not_picked":["theMarked:ChainLightning","theMarked:EmpowerWeapon","theMarked:ElectricStrings"],"picked":"SKIP","floor":13},{"not_picked":["theMarked:EmpowerWeapon","theMarked:UnarmedFury","theMarked:ChainLightning"],"picked":"SKIP","floor":14},{"not_picked":["theMarked:Snap","theMarked:Abjuration"],"picked":"theMarked:TurnInvisible","floor":16},{"not_picked":["theMarked:Parry+1","theMarked:RepellingDischarge","theMarked:ElectricStrings"],"picked":"SKIP","floor":18},{"not_picked":["theMarked:ComboAttacks+1","theMarked:WardOff+1","theMarked:BanishingWave+1"],"picked":"Singing Bowl","floor":22}],"player_experience":335158,"relics_obtained":[{"floor":7,"key":"theMarked:DemonDagger"},{"floor":9,"key":"Blood Vial"}],"event_choices":[{"damage_healed":0,"gold_gain":75,"player_choice":"Gather Gold","damage_taken":11,"max_hp_gain":0,"max_hp_loss":0,"event_name":"World of Goop","floor":2,"gold_loss":0},{"damage_healed":0,"gold_gain":0,"player_choice":"Gave Potion","damage_taken":0,"relics_obtained":["Letter Opener"],"max_hp_gain":0,"max_hp_loss":0,"event_name":"WeMeetAgain","floor":4,"gold_loss":0},{"damage_healed":0,"gold_gain":0,"player_choice":"Grow","damage_taken":0,"max_hp_gain":0,"max_hp_loss":0,"event_name":"Living Wall","floor":12,"gold_loss":0,"cards_upgraded":["theMarked:MagusForm"]},{"damage_healed":0,"gold_gain":0,"player_choice":"Shed Blood","damage_taken":18,"max_hp_gain":5,"max_hp_loss":0,"event_name":"Forgotten Altar","floor":20,"gold_loss":0}],"is_beta":false,"boss_relics":[{"not_picked":["SlaversCollar","Runic Pyramid"],"picked":"Empty Cage"}],"items_purged_floors":[19],"is_endless":false,"potions_floor_spawned":[1,3,13,14,16,18],"killed_by":"Book of Stabbing","ascension_level":1}}