{"host":"syfsfjmzue8y1a6l","time":1613841424,"event":{"mods":["AchievementEnabler","BaseMod","Colored Map","DeckTracker","Minty Spire (QoL Compilation)","Permanent Neow","SuperFastMode"],"gold_per_floor":[113,113,113,126,201,240,263,296,296,319,319,29,49,72,72,72,203,203,216,156,156,174,99,99,99,99],"floor_reached":25,"language":"KOR","playtime":964,"items_purged":[],"score":211,"play_id":"7bf41eb8-119d-4913-a707-1e87910e8806","local_time":"20210221021704","is_ascension_mode":false,"campfire_choices":[{"floor":11.0,"key":"REST"},{"data":"Juggernaut","floor":16.0,"key":"SMITH"},{"floor":24,"key":"RECALL"}],"circlet_count":0,"master_deck":["Strike_R","Strike_R","Defend_R","Defend_R","Defend_R","Bash","The Bomb","Pommel Strike","Ghostly Armor","Impervious","Anger","Juggernaut+1","Barricade","Intimidate+1","Flame Barrier+1","Armaments+1","Body Slam","Writhe"],"relics":["Burning Blood","Golden Idol","Question Card","Orichalcum","Matryoshka","Prayer Wheel","Astrolabe","Omamori"],"acts_visited":["Exordium","TheCity"],"potions_floor_usage":[17,25],"damage_taken":[{"damage":0.0,"enemies":"Small Slimes","floor":1.0,"turns":3.0},{"damage":10.0,"enemies":"Jaw Worm","floor":4.0,"turns":4.0},{"damage":21.0,"enemies":"3 Sentries","floor":6.0,"turns":4.0},{"damage":0.0,"enemies":"2 Louse","floor":7.0,"turns":1.0},{"damage":16.0,"enemies":"Lagavulin","floor":8.0,"turns":5.0},{"damage":4.0,"enemies":"Blue Slaver","floor":10.0,"turns":5.0},{"damage":2.0,"enemies":"Red Slaver","floor":13.0,"turns":4.0},{"damage":0.0,"enemies":"3 Louse","floor":14.0,"turns":2.0},{"damage":25,"enemies":"The Guardian","floor":17,"turns":11},{"damage":0,"enemies":"3 Byrds","floor":19,"turns":1},{"damage":4,"enemies":"2 Thieves","floor":20,"turns":4},{"damage":20,"enemies":"Sentry and Sphere","floor":22,"turns":4},{"damage":70,"enemies":"Gremlin Leader","floor":25,"turns":9}],"seed_played":"1459014356068361403","potions_obtained":[{"floor":1.0,"key":"SpeedPotion"},{"floor":6.0,"key":"Explosive Potion"},{"floor":8.0,"key":"Explosive Potion"},{"floor":14.0,"key":"BlessingOfTheForge"},{"floor":22,"key":"DuplicationPotion"}],"is_trial":false,"path_per_floor":["M","?","?","M","?","E","M","E","T","M","R","$","M","M","M","R","B",null,"M","M","?","M","?","R","E"],"character_chosen":"IRONCLAD","items_purchased":["Prayer Wheel"],"campfire_rested":1,"item_purchase_floors":[12],"current_hp_per_floor":[62,42,42,38,27,12,18,8,8,10,34,34,38,44,44,44,25,80,80,80,80,66,66,66,0,0],"gold":99,"neow_bonus":"RANDOM_COLORLESS_2","is_daily":false,"chose_seed":false,"campfire_upgraded":1,"win_rate":0.0,"timestamp":1613841424,"path_taken":["M","?","?","M","?","E","M","E","T","M","R","$","M","M","M","R","BOSS","M","M","?","M","?","R","E"],"items_purchased_type":["Relic"],"build_version":"2020-12-22","purchased_purges":0,"victory":false,"max_hp_per_floor":[80,80,80,80,80,80,80,80,80,80,80,80,80,80,80,80,80,80,80,80,80,80,80,80,80,80],"card_choices":[{"not_picked":["Chrysalis","Transmutation"],"picked":"The Bomb","floor":0.0},{"not_picked":["Sword Boomerang","Cleave","Armaments"],"picked":"SKIP","floor":1.0},{"not_picked":["Armaments","Sword Boomerang"],"picked":"Pommel Strike","floor":4.0},{"not_picked":["Clash","Cleave"],"picked":"Ghostly Armor","floor":6.0},{"not_picked":["Cleave","Combust","Headbutt"],"picked":"Impervious","floor":7.0},{"not_picked":["Second Wind","Rage","Double Tap","Wild Strike"],"picked":"SKIP","floor":8.0},{"not_picked":["Rage","Cleave","Twin Strike","Dual Wield"],"picked":"SKIP","floor":10.0},{"not_picked":["Cleave","Warcry","Clash"],"picked":"Anger","floor":13.0},{"not_picked":["Flex","Clash","Rage","Second Wind"],"picked":"SKIP","floor":13.0},{"not_picked":["Headbutt","Sever Soul","Dual Wield"],"picked":"Juggernaut","floor":14.0},{"not_picked":["Twin Strike","Warcry","Clothesline","Whirlwind"],"picked":"SKIP","floor":14.0},{"not_picked":["Demon Form","Double Tap","Offering"],"picked":"Barricade","floor":17},{"not_picked":["Searing Blow","Spot Weakness","Dark Embrace","Carnage+1"],"picked":"SKIP","floor":19},{"not_picked":["Spot Weakness+1","Twin Strike","Whirlwind","Sword Boomerang"],"picked":"SKIP","floor":19},{"not_picked":["Perfected Strike","Rage","Sword Boomerang"],"picked":"Body Slam","floor":20},{"not_picked":["Havoc+1","Iron Wave","Metallicize","Inflame"],"picked":"SKIP","floor":20},{"not_picked":["Pommel Strike","Second Wind","Carnage","Heavy Blade"],"picked":"SKIP","floor":22},{"not_picked":["Armaments","Clash","Headbutt","Thunderclap+1"],"picked":"SKIP","floor":22}],"player_experience":171712,"relics_obtained":[{"floor":6.0,"key":"Question Card"},{"floor":8.0,"key":"Orichalcum"},{"floor":9.0,"key":"Matryoshka"}],"event_choices":[{"damage_healed":0.0,"max_hp_gain":0.0,"max_hp_loss":0.0,"gold_gain":0.0,"event_name":"Golden Idol","player_choice":"Take Damage","floor":2.0,"gold_loss":0.0,"damage_taken":20.0,"relics_obtained":["Golden Idol"]},{"damage_healed":0.0,"max_hp_gain":0.0,"max_hp_loss":0.0,"gold_gain":0.0,"event_name":"Liars Game","player_choice":"Ignored","floor":3.0,"gold_loss":0.0,"damage_taken":0.0},{"damage_healed":0.0,"max_hp_gain":0.0,"max_hp_loss":0.0,"gold_gain":75.0,"event_name":"World of Goop","player_choice":"Gather Gold","floor":5.0,"gold_loss":0.0,"damage_taken":11.0},{"damage_healed":0,"gold_gain":0,"player_choice":"Opened","damage_taken":0,"relics_obtained":["Omamori"],"max_hp_gain":0,"max_hp_loss":0,"event_name":"The Mausoleum","floor":21,"gold_loss":0,"cards_obtained":["Writhe"]},{"cards_removed":["Strike_R"],"damage_healed":0,"gold_gain":0,"player_choice":"Gave Gold","damage_taken":0,"max_hp_gain":0,"max_hp_loss":0,"event_name":"Beggar","floor":23,"gold_loss":75}],"is_beta":false,"boss_relics":[{"not_picked":["Runic Dome","Runic Cube"],"picked":"Astrolabe"}],"items_purged_floors":[],"is_endless":false,"potions_floor_spawned":[1,6,8,14,22],"killed_by":"Gremlin Leader","ascension_level":0}}