{"host":"1poy056mauca3bbh","time":1613856307,"event":{"mods":["Ascension Unlocker","BaseMod","Bestiary","Block Reminder","Colored Map","Colored Powertips","Curses Come First","Highlight Path","Minty Spire (QoL Compilation)","Permanent Neow","Quick Restart","Rare Cards Sparkle","Relic Stats","Smile Girya","StSLib","UnlockEverythingMod"],"gold_per_floor":[114,32,32,42,192,224,224,243,243,243,257,18,35,45,45,120,120,139,39,54,70,70,70,88,88,112,122,122,136,163,179,179,258,258,277,277,332,332,21,21,41,41,41,61,79,98,98,98,98,98,98,98],"floor_reached":51,"language":"ENG","playtime":2258,"items_purged":["Pain","Doubt"],"score":1327,"play_id":"1ec77b6c-4cbf-4481-be45-399dd1f85cf4","local_time":"20210220162507","is_ascension_mode":true,"campfire_choices":[{"data":"Caltrops","floor":7.0,"key":"SMITH"},{"floor":15.0,"key":"REST"},{"floor":23.0,"key":"REST"},{"data":"Well Laid Plans","floor":25.0,"key":"SMITH"},{"floor":32.0,"key":"REST"},{"floor":40.0,"key":"REST"},{"data":"Accuracy","floor":42.0,"key":"SMITH"},{"floor":47.0,"key":"REST"},{"floor":49.0,"key":"REST"}],"circlet_count":0,"master_deck":["AscendersBane","Survivor","Neutralize","Caltrops+1","Skewer+1","Dodge and Roll+1","Cloak And Dagger+1","Deflect+1","Crippling Poison+1","Corpse Explosion+1","Poisoned Stab+1","Escape Plan+1","Die Die Die+1","Cloak And Dagger+1","Adrenaline+1","Bullet Time+1","Backflip+1","Cloak And Dagger+1","Cloak And Dagger+1","Phantasmal Killer+1","Choke+1","Concentrate+1","Well Laid Plans+1","Blur+1","Deflect+1","Expertise+1","Leg Sweep+1","Accuracy+1","Backstab+1","Die Die Die+1","Calculated Gamble+1","Blade Dance+1","Caltrops","Outmaneuver+1","Underhanded Strike+1","PiercingWail+1","Jack Of All Trades+1"],"relics":["Ring of the Snake","NeowsBlessing","Molten Egg 2","Toxic Egg 2","Bag of Marbles","WarpedTongs","Orrery","Pandora\u0027s Box","Omamori","Necronomicon","Art of War","Cursed Key","Pocketwatch","Bottled Tornado","Pantograph"],"acts_visited":["Exordium","TheCity","TheBeyond"],"potions_floor_usage":[],"damage_taken":[{"damage":0.0,"enemies":"2 Louse","floor":1.0,"turns":1.0},{"damage":0.0,"enemies":"Cultist","floor":4.0,"turns":1.0},{"damage":0.0,"enemies":"Gremlin Nob","floor":6.0,"turns":1.0},{"damage":5.0,"enemies":"Jaw Worm","floor":8.0,"turns":6.0},{"damage":12.0,"enemies":"Large Slime","floor":11.0,"turns":5.0},{"damage":0.0,"enemies":"Red Slaver","floor":13.0,"turns":3.0},{"damage":0.0,"enemies":"3 Louse","floor":14.0,"turns":2.0},{"damage":10.0,"enemies":"Slime Boss","floor":16.0,"turns":8.0},{"damage":0.0,"enemies":"3 Byrds","floor":18.0,"turns":3.0},{"damage":8.0,"enemies":"Spheric Guardian","floor":20.0,"turns":5.0},{"damage":0.0,"enemies":"Snecko","floor":21.0,"turns":2.0},{"damage":1.0,"enemies":"Cultist and Chosen","floor":24.0,"turns":4.0},{"damage":6.0,"enemies":"Shelled Parasite and Fungi","floor":27.0,"turns":3.0},{"damage":0.0,"enemies":"Centurion and Healer","floor":29.0,"turns":2.0},{"damage":0.0,"enemies":"Snake Plant","floor":31.0,"turns":1.0},{"damage":22.0,"enemies":"Collector","floor":33.0,"turns":3.0},{"damage":10.0,"enemies":"Orb Walker","floor":35.0,"turns":3.0},{"damage":6.0,"enemies":"2 Orb Walkers","floor":37.0,"turns":3.0},{"damage":0.0,"enemies":"3 Shapes","floor":41.0,"turns":1.0},{"damage":15.0,"enemies":"Sphere and 2 Shapes","floor":44.0,"turns":3.0},{"damage":12.0,"enemies":"4 Shapes","floor":45.0,"turns":3.0},{"damage":22.0,"enemies":"Maw","floor":46.0,"turns":4.0},{"damage":60.0,"enemies":"Awakened One","floor":50.0,"turns":11.0},{"damage":38,"enemies":"Donu and Deca","floor":51,"turns":4}],"seed_played":"-6434027810672314494","potions_obtained":[{"floor":4.0,"key":"FearPotion"},{"floor":8.0,"key":"Swift Potion"},{"floor":11.0,"key":"Dexterity Potion"},{"floor":16.0,"key":"SpeedPotion"},{"floor":20.0,"key":"DistilledChaos"},{"floor":31.0,"key":"Fruit Juice"},{"floor":37.0,"key":"SteroidPotion"},{"floor":44.0,"key":"Strength Potion"}],"is_trial":false,"path_per_floor":["M","?","$","M","?","E","R","M","T","?","M","$","M","M","R","B",null,"M","$","M","M","?","R","M","R","T","M","?","M","T","M","R","B",null,"M","?","?","?","$","R","M","R","T","M","M","M","R","?","R","B","B"],"character_chosen":"THE_SILENT","items_purchased":["Orrery","Bottled Tornado","Caltrops"],"campfire_rested":6,"item_purchase_floors":[12,39,39],"current_hp_per_floor":[59,59,59,59,59,59,59,54,54,54,42,42,42,42,61,51,62,62,62,54,54,54,66,65,65,65,59,38,38,38,38,62,40,63,53,53,47,47,47,68,68,68,68,53,41,19,40,40,61,11,0,0],"gold":98,"neow_bonus":"THREE_ENEMY_KILL","is_daily":false,"chose_seed":false,"campfire_upgraded":3,"win_rate":0.0,"timestamp":1613856307,"path_taken":["M","?","$","?","?","E","R","M","T","?","M","$","M","?","R","BOSS","M","$","M","M","?","R","?","R","T","M","?","M","?","?","R","BOSS","M","?","?","?","$","R","M","R","T","M","?","M","R","?","R","BOSS","BOSS"],"items_purchased_type":["Relic","Relic","Card"],"build_version":"2020-12-22","purchased_purges":2,"victory":false,"max_hp_per_floor":[66,66,66,66,66,66,66,66,66,66,66,66,66,66,66,66,66,66,66,66,66,66,66,66,66,66,66,66,66,66,66,71,71,71,71,71,71,71,71,71,71,71,71,71,71,71,71,71,71,71,71,71],"relic_stats":{"counters":[24,82],"Pantograph":35,"Pandora\u0027s Box":["Bullet Time","Backflip","Cloak And Dagger","Heel Hook","Cloak And Dagger","Masterful Stab","Phantasmal Killer","Choke","Concentrate","Well Laid Plans"],"Necronomicon":[16],"Art of War":[0],"Cursed Key":1,"obtain_stats":[{"NeowsBlessing":0,"Omamori":26,"Bottled Tornado":39,"Cursed Key":34,"WarpedTongs":10,"Pantograph":43,"Orrery":12,"Molten Egg 2":2,"Pandora\u0027s Box":17,"Bag of Marbles":9,"Necronomicon":28,"Art of War":30,"Toxic Egg 2":6,"Ring of the Snake":0,"Pocketwatch":37},{"NeowsBlessing":0,"Omamori":12,"Bottled Tornado":18,"Cursed Key":16,"WarpedTongs":4,"Pantograph":19,"Orrery":5,"Molten Egg 2":1,"Pandora\u0027s Box":8,"Bag of Marbles":4,"Necronomicon":13,"Art of War":14,"Toxic Egg 2":3,"Ring of the Snake":0,"Pocketwatch":18},{"NeowsBlessing":0,"Omamori":41,"Bottled Tornado":56,"Cursed Key":50,"WarpedTongs":9,"Pantograph":57,"Orrery":14,"Molten Egg 2":1,"Pandora\u0027s Box":27,"Bag of Marbles":9,"Necronomicon":44,"Art of War":46,"Toxic Egg 2":3,"Ring of the Snake":0,"Pocketwatch":56}],"Ring of the Snake":[48],"WarpedTongs":[42],"Pocketwatch":[6]},"card_choices":[{"not_picked":["Blade Dance","PiercingWail"],"picked":"Caltrops","floor":1.0},{"not_picked":["Acrobatics","Eviscerate+1"],"picked":"Skewer+1","floor":4.0},{"not_picked":["A Thousand Cuts","Prepared+1"],"picked":"Dodge and Roll+1","floor":6.0},{"not_picked":["Catalyst+1","Deadly Poison+1"],"picked":"Cloak And Dagger+1","floor":8.0},{"not_picked":["Cloak And Dagger+1","Flying Knee+1"],"picked":"Deflect+1","floor":11.0},{"not_picked":["Bane+1","Dodge and Roll+1"],"picked":"Crippling Poison+1","floor":12.0},{"not_picked":["Accuracy","Deflect+1"],"picked":"Corpse Explosion+1","floor":12.0},{"not_picked":["Caltrops","Acrobatics+1"],"picked":"Poisoned Stab+1","floor":12.0},{"not_picked":["Dodge and Roll+1","Blade Dance+1"],"picked":"Escape Plan+1","floor":12.0},{"not_picked":["Bane+1","Skewer+1"],"picked":"Well Laid Plans","floor":12.0},{"not_picked":["Noxious Fumes","Acrobatics+1"],"picked":"Die Die Die+1","floor":13.0},{"not_picked":["Dagger Throw+1","Prepared+1"],"picked":"Cloak And Dagger+1","floor":14.0},{"not_picked":["Storm of Steel+1","A Thousand Cuts"],"picked":"Adrenaline+1","floor":16.0},{"not_picked":["Dodge and Roll+1","Deadly Poison+1"],"picked":"Blur+1","floor":18.0},{"not_picked":["Masterful Stab+1","Reflex+1"],"picked":"Deflect+1","floor":20.0},{"not_picked":["All Out Attack+1","Prepared+1"],"picked":"Expertise+1","floor":21.0},{"not_picked":["Dagger Spray+1","Prepared+1"],"picked":"Leg Sweep+1","floor":24.0},{"not_picked":["Sucker Punch+1","Setup+1"],"picked":"Accuracy","floor":27.0},{"not_picked":["Crippling Poison+1","Backflip+1","Poisoned Stab+1"],"picked":"SKIP","floor":29.0},{"not_picked":["Infinite Blades","Choke+1"],"picked":"Backstab+1","floor":31.0},{"not_picked":["A Thousand Cuts","Bullet Time+1"],"picked":"Die Die Die+1","floor":33.0},{"not_picked":["Underhanded Strike+1","Tactician+1"],"picked":"Calculated Gamble+1","floor":35.0},{"not_picked":["Predator+1","Outmaneuver+1"],"picked":"Blade Dance+1","floor":37.0},{"not_picked":["Acrobatics+1","Backflip+1"],"picked":"Outmaneuver+1","floor":41.0},{"not_picked":["Dodge and Roll+1","Deadly Poison+1"],"picked":"Underhanded Strike+1","floor":44.0},{"not_picked":["Dagger Throw+1","Flying Knee+1","Skewer+1"],"picked":"SKIP","floor":45.0},{"not_picked":["Prepared+1","Unload+1"],"picked":"PiercingWail+1","floor":46.0},{"not_picked":["Blind+1","Flash of Steel+1"],"picked":"Jack Of All Trades+1","floor":48.0}],"player_experience":164454,"relics_obtained":[{"floor":6.0,"key":"Toxic Egg 2"},{"floor":9.0,"key":"Bag of Marbles"},{"floor":26.0,"key":"Omamori"},{"floor":28.0,"key":"Necronomicon"},{"floor":30.0,"key":"Art of War"},{"floor":37.0,"key":"Pocketwatch"},{"floor":43.0,"key":"Pantograph"}],"event_choices":[{"damage_healed":0.0,"max_hp_gain":0.0,"max_hp_loss":0.0,"gold_gain":0.0,"event_name":"WeMeetAgain","player_choice":"Paid Gold","floor":2.0,"gold_loss":82.0,"damage_taken":0.0,"relics_obtained":["Molten Egg 2"]},{"damage_healed":0.0,"max_hp_gain":0.0,"max_hp_loss":0.0,"gold_gain":150.0,"event_name":"Liars Game","player_choice":"AGREE","floor":5.0,"gold_loss":0.0,"damage_taken":0.0,"cards_obtained":["Doubt"]},{"damage_healed":0.0,"max_hp_gain":0.0,"max_hp_loss":0.0,"gold_gain":0.0,"event_name":"Accursed Blacksmith","player_choice":"Rummage","floor":10.0,"gold_loss":0.0,"damage_taken":0.0,"relics_obtained":["WarpedTongs"],"cards_obtained":["Pain"]},{"cards_removed":["Heel Hook"],"damage_healed":0.0,"max_hp_gain":0.0,"max_hp_loss":0.0,"gold_gain":0.0,"event_name":"Purifier","player_choice":"Purged","floor":22.0,"gold_loss":0.0,"damage_taken":0.0},{"damage_healed":0.0,"max_hp_gain":0.0,"max_hp_loss":0.0,"gold_gain":0.0,"event_name":"Cursed Tome","player_choice":"Obtained Book","floor":28.0,"gold_loss":0.0,"damage_taken":21.0},{"cards_removed":["Masterful Stab"],"damage_healed":0.0,"max_hp_gain":0.0,"max_hp_loss":0.0,"gold_gain":0.0,"event_name":"Falling","player_choice":"Removed Attack","floor":36.0,"gold_loss":0.0,"damage_taken":0.0},{"damage_healed":0.0,"max_hp_gain":0.0,"max_hp_loss":0.0,"gold_gain":0.0,"event_name":"Mysterious Sphere","player_choice":"Fight","floor":37.0,"gold_loss":0.0,"damage_taken":0.0},{"cards_removed":["Well Laid Plans"],"damage_healed":0.0,"max_hp_gain":0.0,"max_hp_loss":0.0,"gold_gain":0.0,"event_name":"Wheel of Change","player_choice":"Card Removal","floor":38.0,"gold_loss":0.0,"damage_taken":0.0},{"damage_healed":0.0,"max_hp_gain":0.0,"max_hp_loss":0.0,"gold_gain":0.0,"event_name":"SensoryStone","player_choice":"Memory 1","floor":48.0,"gold_loss":0.0,"damage_taken":0.0}],"is_beta":false,"boss_relics":[{"not_picked":["Philosopher\u0027s Stone","Coffee Dripper"],"picked":"Pandora\u0027s Box"},{"not_picked":["Velvet Choker","Fusion Hammer"],"picked":"Cursed Key"}],"items_purged_floors":[12,19],"is_endless":false,"potions_floor_spawned":[4,8,11,16,20,21,31,37,44],"killed_by":"Donu and Deca","ascension_level":20}}