{"host":"89iuq2p5kwriuwfq","time":1613821633,"event":{"mods":["BaseMod","Curses Come First","Minty Spire (QoL Compilation)","Permanent Neow","StSLib"],"gold_per_floor":[115,115,126,136,154,180,180,209,232,232,182,257,291,36,36,114,114,128,141,240,315,325,357,357,377,403,434,434,447,463,493,493,567,567,578,578,578,64,79,79,106,106,106,120,154,37,65,76,76,76],"floor_reached":51,"language":"ENG","playtime":3231,"items_purged":["Strike_G","Strike_G"],"score":1475,"play_id":"36e460b7-7230-4741-ac04-2d01ca6ec561","local_time":"20210220114713","is_ascension_mode":true,"campfire_choices":[{"data":"Cloak And Dagger","floor":7.0,"key":"SMITH"},{"data":"Neutralize","floor":10.0,"key":"SMITH"},{"data":"Finisher","floor":15.0,"key":"SMITH"},{"floor":24.0,"key":"REST"},{"data":"Glass Knife","floor":28.0,"key":"SMITH"},{"floor":32.0,"key":"REST"},{"data":"Cloak And Dagger","floor":40,"key":"SMITH"},{"data":"Endless Agony","floor":42,"key":"SMITH"},{"data":"Tools of the Trade","floor":49,"key":"SMITH"}],"circlet_count":0,"master_deck":["AscendersBane","Strike_G","Strike_G","Strike_G+1","Defend_G","Defend_G+1","Defend_G+1","Defend_G","Survivor","Neutralize+1","CurseOfTheBell","Quick Slash","Neutralize+1","Heel Hook","Cloak And Dagger+1","Dagger Spray","Finisher+1","After Image","Infinite Blades","Endless Agony+1","Glass Knife+1","Dagger Throw","Acrobatics","Cloak And Dagger+1","Heel Hook","Acrobatics","Expertise+1","After Image","Blind","Accuracy","Eviscerate","Tools of the Trade+1","Tactician+1","After Image","Panache"],"relics":["Calling Bell","Ancient Tea Set","Ornamental Fan","Du-Vu Doll","Oddly Smooth Stone","Whetstone","Centennial Puzzle","Potion Belt","Sling","Philosopher\u0027s Stone","Boot","Bag of Preparation","Tough Bandages","War Paint","SacredBark","Membership Card","Bag of Marbles","StoneCalendar","The Courier","Molten Egg 2","Pear","Regal Pillow"],"acts_visited":["Exordium","TheCity","TheBeyond"],"potions_floor_usage":[50,50,50,50,50,50,50,50],"damage_taken":[{"damage":1.0,"enemies":"Cultist","floor":1.0,"turns":5.0},{"damage":0.0,"enemies":"2 Louse","floor":3.0,"turns":3.0},{"damage":6.0,"enemies":"Jaw Worm","floor":4.0,"turns":5.0},{"damage":2.0,"enemies":"Blue Slaver","floor":5.0,"turns":3.0},{"damage":2.0,"enemies":"Gremlin Nob","floor":6.0,"turns":3.0},{"damage":14.0,"enemies":"Lagavulin","floor":8.0,"turns":4.0},{"damage":2.0,"enemies":"3 Sentries","floor":13.0,"turns":5.0},{"damage":19.0,"enemies":"The Guardian","floor":16.0,"turns":10.0},{"damage":8.0,"enemies":"2 Thieves","floor":18.0,"turns":3.0},{"damage":0.0,"enemies":"Spheric Guardian","floor":19.0,"turns":3.0},{"damage":4.0,"enemies":"Snecko","floor":22.0,"turns":4.0},{"damage":22.0,"enemies":"Book of Stabbing","floor":23.0,"turns":2.0},{"damage":0.0,"enemies":"Centurion and Healer","floor":25.0,"turns":4.0},{"damage":15.0,"enemies":"Gremlin Leader","floor":27.0,"turns":2.0},{"damage":1.0,"enemies":"3 Cultists","floor":29.0,"turns":4.0},{"damage":5.0,"enemies":"Snecko","floor":30.0,"turns":5.0},{"damage":2.0,"enemies":"Book of Stabbing","floor":31.0,"turns":4.0},{"damage":23.0,"enemies":"Automaton","floor":33.0,"turns":10.0},{"damage":3,"enemies":"3 Darklings","floor":35,"turns":6},{"damage":0,"enemies":"Orb Walker","floor":39,"turns":3},{"damage":4,"enemies":"Nemesis","floor":41,"turns":5},{"damage":0,"enemies":"Sphere and 2 Shapes","floor":44,"turns":3},{"damage":3,"enemies":"Reptomancer","floor":45,"turns":6},{"damage":0,"enemies":"Giant Head","floor":47,"turns":7},{"damage":8,"enemies":"Writhing Mass","floor":48,"turns":5},{"damage":0,"enemies":"Awakened One","floor":50,"turns":8}],"seed_played":"2967858038491970953","potions_obtained":[{"floor":5.0,"key":"ColorlessPotion"},{"floor":6.0,"key":"BlessingOfTheForge"},{"floor":13.0,"key":"FearPotion"},{"floor":16.0,"key":"SpeedPotion"},{"floor":23.0,"key":"Dexterity Potion"},{"floor":25.0,"key":"EntropicBrew"},{"floor":29.0,"key":"GamblersBrew"},{"floor":30.0,"key":"Block Potion"},{"floor":31.0,"key":"BlessingOfTheForge"},{"floor":41,"key":"EssenceOfSteel"},{"floor":47,"key":"CultistPotion"}],"is_trial":false,"path_per_floor":["M","?","M","M","M","E","R","E","T","R","?","?","E","$","R","B",null,"M","M","?","?","M","E","R","M","T","E","R","M","M","E","R","B",null,"M","?","?","$","M","R","E","R","T","M","E","$","E","M","R","B",null],"character_chosen":"THE_SILENT","items_purchased":["Infinite Blades","Endless Agony","Sling","Membership Card","Accuracy","Eviscerate","Swift Potion","Bag of Marbles","StoneCalendar","Panache"],"campfire_rested":2,"item_purchase_floors":[14,14,14,38,38,38,38,38,38,46],"current_hp_per_floor":[58,58,58,52,50,48,48,34,34,34,34,23,21,21,21,2,50,42,42,42,36,32,10,29,29,29,14,14,13,8,6,25,2,50,47,47,47,47,47,47,43,43,43,43,50,50,50,42,42,42],"gold":76,"neow_bonus":"BOSS_RELIC","is_daily":false,"chose_seed":false,"campfire_upgraded":7,"win_rate":0.0,"timestamp":1613821633,"path_taken":["M","?","M","?","M","E","R","E","T","R","?","?","E","?","R","BOSS","M","M","?","?","?","E","R","?","T","E","R","M","M","E","R","BOSS","M","?","?","$","M","R","E","R","T","M","E","?","E","M","R","BOSS"],"items_purchased_type":["Card","Card","Relic","Relic","Card","Card","Potion","Relic","Relic","Card"],"build_version":"2020-12-22","purchased_purges":2,"victory":true,"max_hp_per_floor":[66,66,66,66,66,66,66,66,66,66,66,66,66,66,66,66,66,66,66,66,66,66,66,66,66,66,66,66,66,66,66,66,66,66,66,66,66,66,66,66,66,66,66,66,76,76,76,76,76,76],"card_choices":[{"not_picked":["Underhanded Strike","Acrobatics"],"picked":"Quick Slash","floor":1.0},{"not_picked":["Deflect","Deadly Poison"],"picked":"Heel Hook","floor":3.0},{"not_picked":["Expertise","Flechettes"],"picked":"Cloak And Dagger","floor":4.0},{"not_picked":["Underhanded Strike","Acrobatics"],"picked":"Dagger Spray","floor":5.0},{"not_picked":["Cloak And Dagger","Riddle With Holes"],"picked":"Finisher","floor":6.0},{"not_picked":["Poisoned Stab","Catalyst"],"picked":"After Image","floor":8.0},{"not_picked":["Predator","Noxious Fumes","Acrobatics"],"picked":"SKIP","floor":13.0},{"not_picked":["Burst","Wraith Form v2"],"picked":"Glass Knife","floor":16.0},{"not_picked":["Tactician","Predator"],"picked":"Dagger Throw","floor":18.0},{"not_picked":["Expertise","Deadly Poison+1","Masterful Stab"],"picked":"SKIP","floor":19.0},{"not_picked":["Poisoned Stab","Sucker Punch"],"picked":"Acrobatics","floor":22.0},{"not_picked":["PiercingWail","Bane","Bullet Time"],"picked":"SKIP","floor":23.0},{"not_picked":["Dash","Noxious Fumes"],"picked":"Cloak And Dagger","floor":25.0},{"not_picked":["Dagger Spray","Quick Slash","Reflex"],"picked":"SKIP","floor":27.0},{"not_picked":["Deadly Poison","PiercingWail"],"picked":"Heel Hook","floor":29.0},{"not_picked":["Tactician","Reflex"],"picked":"Acrobatics","floor":30.0},{"not_picked":["Heel Hook","Setup"],"picked":"Expertise+1","floor":31.0},{"not_picked":["Night Terror","Venomology"],"picked":"After Image","floor":33.0},{"not_picked":["Sucker Punch+1","Choke","Deadly Poison"],"picked":"SKIP","floor":35},{"not_picked":["Mind Blast","Thinking Ahead"],"picked":"Blind","floor":37},{"not_picked":["Sucker Punch","Backflip","Caltrops+1"],"picked":"SKIP","floor":39},{"not_picked":["Cloak And Dagger","Crippling Poison+1"],"picked":"Tools of the Trade","floor":41},{"not_picked":["Deflect","Backflip+1"],"picked":"Tactician+1","floor":44},{"not_picked":["Terror","Doppelganger"],"picked":"After Image","floor":45},{"not_picked":["Choke+1","Sucker Punch+1","Eviscerate+1"],"picked":"SKIP","floor":47},{"not_picked":["Bane+1","Bouncing Flask","Heel Hook+1"],"picked":"SKIP","floor":48}],"player_experience":739028,"relics_obtained":[{"floor":0.0,"key":"Ancient Tea Set"},{"floor":0.0,"key":"Ornamental Fan"},{"floor":0.0,"key":"Du-Vu Doll"},{"floor":6.0,"key":"Oddly Smooth Stone"},{"floor":8.0,"key":"Whetstone"},{"floor":9.0,"key":"Centennial Puzzle"},{"floor":13.0,"key":"Potion Belt"},{"floor":23.0,"key":"Boot"},{"floor":26.0,"key":"Bag of Preparation"},{"floor":27.0,"key":"Tough Bandages"},{"floor":31.0,"key":"War Paint"},{"floor":41,"key":"The Courier"},{"floor":43,"key":"Molten Egg 2"},{"floor":45,"key":"Pear"},{"floor":47,"key":"Regal Pillow"}],"event_choices":[{"damage_healed":0.0,"max_hp_gain":0.0,"max_hp_loss":0.0,"gold_gain":0.0,"event_name":"Match and Keep!","player_choice":"1 cards matched","floor":2.0,"gold_loss":0.0,"damage_taken":0.0,"cards_obtained":["Neutralize"]},{"cards_removed":["Defend_G"],"damage_healed":0.0,"max_hp_gain":0.0,"max_hp_loss":0.0,"gold_gain":0.0,"event_name":"The Cleric","player_choice":"Card Removal","floor":11.0,"gold_loss":50.0,"damage_taken":0.0},{"damage_healed":0.0,"max_hp_gain":0.0,"max_hp_loss":0.0,"gold_gain":75.0,"event_name":"World of Goop","player_choice":"Gather Gold","floor":12.0,"gold_loss":0.0,"damage_taken":11.0},{"damage_healed":0.0,"max_hp_gain":0.0,"max_hp_loss":0.0,"gold_gain":99.0,"event_name":"Nest","player_choice":"Stole From Cult","floor":20.0,"gold_loss":0.0,"damage_taken":0.0},{"damage_healed":0.0,"max_hp_gain":0.0,"max_hp_loss":0.0,"gold_gain":75.0,"event_name":"FaceTrader","player_choice":"Touch","floor":21.0,"gold_loss":0.0,"damage_taken":6.0},{"damage_healed":0,"gold_gain":0,"player_choice":"Ignored","damage_taken":0,"max_hp_gain":0,"max_hp_loss":0,"event_name":"Tomb of Lord Red Mask","floor":36,"gold_loss":0},{"damage_healed":0,"gold_gain":0,"player_choice":"Memory 1","damage_taken":0,"max_hp_gain":0,"max_hp_loss":0,"event_name":"SensoryStone","floor":37,"gold_loss":0}],"is_beta":false,"boss_relics":[{"not_picked":["Velvet Choker","Coffee Dripper"],"picked":"Philosopher\u0027s Stone"},{"not_picked":["Runic Pyramid","SlaversCollar"],"picked":"SacredBark"}],"items_purged_floors":[38,46],"is_endless":false,"potions_floor_spawned":[5,6,13,16,23,25,29,30,31,41,44,47,48],"ascension_level":14}}