{"host":"vnz4608r4gf5d2ow","time":1613858329,"event":{"mods":["BaseMod","Minty Spire (QoL Compilation)"],"gold_per_floor":[117,133,11,11,30,30,56,56,79,90,90,102,102,102,102,198,198,209,41,56,73,73,73,101,101,124,134,134,8,8,25,25,123,123,133,150,164,164,181,211,223,257,282,282,85,95,95,110,110,110,110],"floor_reached":50,"language":"ENG","playtime":3218,"items_purged":["Strike_B","Strike_B"],"score":551,"play_id":"19fb993f-c231-4cc2-b286-e787baf3031c","local_time":"20210220165849","is_ascension_mode":false,"campfire_choices":[{"data":"Sunder","floor":6.0,"key":"SMITH"},{"data":"White Noise","floor":8.0,"key":"SMITH"},{"data":"Zap","floor":11.0,"key":"SMITH"},{"data":"Dualcast","floor":13.0,"key":"SMITH"},{"data":"Barrage","floor":15.0,"key":"SMITH"},{"data":"Apotheosis","floor":23,"key":"SMITH"},{"floor":30,"key":"REST"},{"floor":32,"key":"REST"},{"floor":44,"key":"REST"},{"floor":47,"key":"RECALL"},{"floor":49,"key":"REST"}],"circlet_count":0,"master_deck":["Defend_B+1","Defend_B+1","Defend_B","Defend_B","Zap+1","Dualcast+1","Cold Snap","Barrage+1","Sunder+1","White Noise+1","Leap","Iron Wave","Electrodynamics","CurseOfTheBell","Rip and Tear+1","Apotheosis+1","Recycle+1","Coolheaded","Conserve Battery+1","Go for the Eyes+1","Blizzard","Coolheaded","Machine Learning","Capacitor","Reinforced Body","Turbo+1","Sweeping Beam+1","White Noise+1","Coolheaded","Rebound","Blizzard+1","Loop"],"relics":["Cracked Core","Ginger","FaceOfCleric","War Paint","Calling Bell","Nunchaku","Shuriken","FossilizedHelix","Darkstone Periapt","PreservedInsect","Sozu","Du-Vu Doll","Anchor","Dream Catcher"],"acts_visited":["TheCity","TheBeyond"],"potions_floor_usage":[21,21,25,31,33,33],"damage_taken":[{"damage":1.0,"enemies":"Jaw Worm","floor":1.0,"turns":3.0},{"damage":0.0,"enemies":"Cultist","floor":2.0,"turns":4.0},{"damage":0.0,"enemies":"Small Slimes","floor":5.0,"turns":2.0},{"damage":4.0,"enemies":"3 Sentries","floor":7.0,"turns":5.0},{"damage":6.0,"enemies":"Gremlin Gang","floor":10.0,"turns":3.0},{"damage":0.0,"enemies":"3 Louse","floor":12.0,"turns":3.0},{"damage":33.0,"enemies":"Hexaghost","floor":16.0,"turns":8.0},{"damage":0,"enemies":"Spheric Guardian","floor":18,"turns":3},{"damage":2,"enemies":"Shell Parasite","floor":20,"turns":4},{"damage":8,"enemies":"Centurion and Healer","floor":21,"turns":2},{"damage":53,"enemies":"Book of Stabbing","floor":24,"turns":6},{"damage":0,"enemies":"Snake Plant","floor":25,"turns":3},{"damage":14,"enemies":"Cultist and Chosen","floor":27,"turns":7},{"damage":8,"enemies":"Centurion and Healer","floor":31,"turns":5},{"damage":13,"enemies":"Champ","floor":33,"turns":15},{"damage":0,"enemies":"3 Darklings","floor":35,"turns":3},{"damage":0,"enemies":"Orb Walker","floor":36,"turns":4},{"damage":10,"enemies":"Sphere and 2 Shapes","floor":37,"turns":4},{"damage":7,"enemies":"3 Darklings","floor":39,"turns":4},{"damage":2,"enemies":"Giant Head","floor":40,"turns":9},{"damage":0,"enemies":"4 Shapes","floor":41,"turns":4},{"damage":13,"enemies":"Reptomancer","floor":42,"turns":6},{"damage":12,"enemies":"Sphere and 2 Shapes","floor":46,"turns":4},{"damage":0,"enemies":"3 Darklings","floor":48,"turns":4},{"damage":100,"enemies":"Donu and Deca","floor":50,"turns":10}],"seed_played":"167823709773206399","potions_obtained":[{"floor":7.0,"key":"FocusPotion"},{"floor":10.0,"key":"FearPotion"},{"floor":16.0,"key":"SteroidPotion"},{"floor":18,"key":"SmokeBomb"},{"floor":20,"key":"SkillPotion"},{"floor":27,"key":"PotionOfCapacity"},{"floor":31,"key":"EssenceOfSteel"}],"is_trial":false,"path_per_floor":["M","M","$","?","M","R","E","R","T","M","R","M","R","?","R","B",null,"M","$","M","M","?","R","E","M","T","M","?","$","R","M","R","B",null,"M","M","M","?","M","E","M","E","T","R","$","M","R","M","R","B"],"character_chosen":"DEFECT","items_purchased":["Sunder","AttackPotion","Apotheosis","Weak Potion","Coolheaded","Rebound"],"campfire_rested":4,"item_purchase_floors":[3,3,19,29,45,45],"current_hp_per_floor":[67,67,67,67,68,68,65,65,65,60,60,61,61,61,61,29,73,74,74,73,66,66,66,14,15,15,2,2,2,25,18,42,30,81,82,83,74,74,68,67,68,56,56,82,82,71,71,72,90,0,0],"gold":110,"neow_bonus":"ONE_RARE_RELIC","is_daily":false,"chose_seed":false,"campfire_upgraded":6,"win_rate":0.0,"timestamp":1613858329,"path_taken":["M","M","$","?","M","R","E","R","T","M","R","?","R","?","R","BOSS","M","$","M","?","?","R","E","M","T","M","?","$","R","M","R","BOSS","M","?","M","?","?","E","M","E","T","R","$","?","R","M","R","BOSS"],"items_purchased_type":["Card","Potion","Card","Potion","Card","Card"],"build_version":"2020-12-22","purchased_purges":2,"victory":false,"max_hp_per_floor":[68,68,68,68,69,69,70,70,70,71,71,72,72,72,72,73,73,74,74,75,76,76,76,77,78,78,79,79,79,79,80,80,81,81,82,83,84,84,85,86,87,88,88,88,88,89,89,90,90,90,90],"card_choices":[{"not_picked":["Steam Power","Darkness"],"picked":"Cold Snap","floor":1.0},{"not_picked":["Steam","Streamline"],"picked":"Barrage","floor":2.0},{"not_picked":["Compile Driver","Gash","Redo"],"picked":"SKIP","floor":5.0},{"not_picked":["Barrage","Buffer"],"picked":"White Noise","floor":7.0},{"not_picked":["Blizzard","Barrage","Gash"],"picked":"SKIP","floor":10.0},{"not_picked":["Cold Snap","Compile Driver"],"picked":"Leap","floor":12.0},{"not_picked":["Machine Learning","Seek"],"picked":"Electrodynamics","floor":16.0},{"not_picked":["Conserve Battery","Sweeping Beam"],"picked":"Rip and Tear+1","floor":18},{"not_picked":["Loop","White Noise","Stack"],"picked":"SKIP","floor":20},{"not_picked":["Steam Power","Gash"],"picked":"Recycle+1","floor":21},{"not_picked":["All For One","Redo"],"picked":"Conserve Battery+1","floor":24},{"not_picked":["Consume+1","Beam Cell"],"picked":"Go for the Eyes+1","floor":27},{"not_picked":["Sweeping Beam+1","Redo"],"picked":"Coolheaded","floor":31},{"not_picked":["Creative AI","All For One"],"picked":"Machine Learning","floor":33},{"not_picked":["Steam+1","Tempest+1","Rebound"],"picked":"SKIP","floor":35},{"not_picked":["Beam Cell+1","Redo+1","Ball Lightning"],"picked":"SKIP","floor":36},{"not_picked":["Conserve Battery","Redo+1"],"picked":"Capacitor","floor":37},{"not_picked":["Steam+1","Hello World+1","Aggregate"],"picked":"SKIP","floor":39},{"not_picked":["Gash","Stack+1"],"picked":"Reinforced Body","floor":40},{"not_picked":["Buffer","White Noise+1"],"picked":"Turbo+1","floor":41},{"not_picked":["Double Energy","Barrage+1"],"picked":"Sweeping Beam+1","floor":42},{"not_picked":["Conserve Battery+1","Skim"],"picked":"White Noise+1","floor":44},{"not_picked":["Coolheaded+1","Go for the Eyes"],"picked":"Blizzard+1","floor":46},{"not_picked":["Self Repair","Turbo","Rip and Tear+1"],"picked":"SKIP","floor":48},{"not_picked":["Steam","Sweeping Beam"],"picked":"Loop","floor":49}],"player_experience":982208,"relics_obtained":[{"floor":7.0,"key":"War Paint"},{"floor":17,"key":"Nunchaku"},{"floor":17,"key":"Shuriken"},{"floor":17,"key":"FossilizedHelix"},{"floor":24,"key":"Darkstone Periapt"},{"floor":26,"key":"PreservedInsect"},{"floor":40,"key":"Du-Vu Doll"},{"floor":42,"key":"Anchor"},{"floor":43,"key":"Dream Catcher"}],"event_choices":[{"damage_healed":0.0,"max_hp_gain":0.0,"max_hp_loss":0.0,"gold_gain":0.0,"event_name":"FaceTrader","player_choice":"Trade","floor":4.0,"gold_loss":0.0,"damage_taken":0.0,"relics_obtained":["FaceOfCleric"]},{"cards_removed":["Strike_B"],"damage_healed":0.0,"max_hp_gain":0.0,"max_hp_loss":0.0,"gold_gain":0.0,"event_name":"NoteForYourself","player_choice":"Took Card","floor":14.0,"gold_loss":0.0,"damage_taken":0.0,"cards_obtained":["Iron Wave"]},{"damage_healed":0,"gold_gain":0,"player_choice":"Read","damage_taken":0,"max_hp_gain":0,"max_hp_loss":0,"event_name":"The Library","floor":22,"gold_loss":0,"cards_obtained":["Coolheaded"]},{"damage_healed":0,"gold_gain":0,"cards_transformed":["Strike_B"],"player_choice":"Transformed","damage_taken":0,"max_hp_gain":0,"max_hp_loss":0,"event_name":"Transmorgrifier","floor":28,"gold_loss":0,"cards_obtained":["Blizzard"]},{"damage_healed":0,"gold_gain":0,"player_choice":"Bought 0 Potions","damage_taken":0,"max_hp_gain":0,"max_hp_loss":0,"event_name":"The Woman in Blue","floor":38,"gold_loss":0}],"is_beta":false,"boss_relics":[{"not_picked":["Empty Cage","SacredBark"],"picked":"Calling Bell"},{"not_picked":["Snecko Eye","Busted Crown"],"picked":"Sozu"}],"items_purged_floors":[29,45],"is_endless":false,"potions_floor_spawned":[7,10,16,18,20,27,31,35,36,39,40,42],"killed_by":"Donu and Deca","ascension_level":0}}