{"host":"bcgpa1lum7s82wr6","time":1613815293,"event":{"mods":["AchievementEnabler","BaseMod","Colored Map","Colored Powertips","Highlight Path","Minty Spire (QoL Compilation)","Quick Restart","StSLib"],"gold_per_floor":[114,114,132,132,132,160,160,195,195,212,224,224,257,275,275,380,430,444,444,40,40,60,60,60,60,60,77,111,129,129,148,148,253,253,264,264,318,318,318,350,350,366,366,399,426,441,104,118,118,118,118,118,118,145,145,145],"floor_reached":55,"language":"ENG","playtime":2707,"items_purged":["Strike_P","Defend_P"],"score":800,"play_id":"ffab267f-bdfd-4881-a3db-7dc1b7d61cf6","local_time":"20210220120133","is_ascension_mode":true,"campfire_choices":[{"data":"Establishment","floor":12.0,"key":"SMITH"},{"data":"WindmillStrike","floor":15.0,"key":"SMITH"},{"floor":23,"key":"RECALL"},{"data":"BattleHymn","floor":25,"key":"SMITH"},{"floor":30,"key":"REST"},{"data":"ForeignInfluence","floor":32,"key":"SMITH"},{"data":"Wallop","floor":41,"key":"SMITH"},{"floor":49,"key":"REST"},{"data":"DevaForm","floor":52,"key":"SMITH"}],"circlet_count":0,"master_deck":["Strike_P+1","Defend_P+1","Defend_P","Eruption+1","Vigilance","Crescendo","ForeignInfluence+1","CutThroughFate","Establishment+1","DeceiveReality","WindmillStrike+1","Protect+1","BattleHymn+1","Necronomicurse","DevaForm+1","Wallop+1","Madness","Madness","LikeWater+1","ClearTheMind+1","Adaptation","LikeWater+1"],"relics":["HolyWater","NeowsBlessing","Letter Opener","GoldenEye","Strawberry","Meat on the Bone","HornCleat","Tiny House","MutagenicStrength","Mummified Hand","Necronomicon","Gremlin Horn","White Beast Statue","Ice Cream","Boot","InkBottle","Happy Flower","Vajra","Ornamental Fan"],"acts_visited":["Exordium","TheCity","TheBeyond","TheEnding"],"potions_floor_usage":[27,28,31,31,37,37,37,40,44,44,46,55],"damage_taken":[{"damage":0.0,"enemies":"Small Slimes","floor":1.0,"turns":2.0},{"damage":0.0,"enemies":"2 Louse","floor":3.0,"turns":1.0},{"damage":0.0,"enemies":"Gremlin Nob","floor":6.0,"turns":1.0},{"damage":37.0,"enemies":"3 Sentries","floor":8.0,"turns":5.0},{"damage":0.0,"enemies":"Cultist","floor":10.0,"turns":2.0},{"damage":4.0,"enemies":"2 Fungi Beasts","floor":11.0,"turns":3.0},{"damage":28.0,"enemies":"Gremlin Nob","floor":13.0,"turns":3.0},{"damage":2.0,"enemies":"Blue Slaver","floor":14.0,"turns":3.0},{"damage":14.0,"enemies":"Slime Boss","floor":16.0,"turns":4.0},{"damage":2.0,"enemies":"Shell Parasite","floor":18.0,"turns":4.0},{"damage":0,"enemies":"3 Byrds","floor":22,"turns":4},{"damage":6,"enemies":"Centurion and Healer","floor":27,"turns":3},{"damage":9,"enemies":"Gremlin Leader","floor":28,"turns":3},{"damage":10,"enemies":"Chosen and Byrds","floor":29,"turns":4},{"damage":0,"enemies":"Sentry and Sphere","floor":31,"turns":2},{"damage":45,"enemies":"Collector","floor":33,"turns":8},{"damage":6,"enemies":"3 Darklings","floor":35,"turns":3},{"damage":30,"enemies":"2 Orb Walkers","floor":37,"turns":2},{"damage":16,"enemies":"Giant Head","floor":40,"turns":6},{"damage":0,"enemies":"3 Shapes","floor":42,"turns":2},{"damage":11,"enemies":"Reptomancer","floor":44,"turns":5},{"damage":5,"enemies":"Jaw Worm Horde","floor":46,"turns":4},{"damage":12,"enemies":"Transient","floor":48,"turns":5},{"damage":22,"enemies":"Donu and Deca","floor":50,"turns":7},{"damage":23,"enemies":"Shield and Spear","floor":54,"turns":6},{"damage":72,"enemies":"The Heart","floor":55,"turns":3}],"seed_played":"8556640253758266743","potions_obtained":[{"floor":3.0,"key":"FairyPotion"},{"floor":8.0,"key":"DuplicationPotion"},{"floor":10.0,"key":"Ancient Potion"},{"floor":14.0,"key":"Swift Potion"},{"floor":16.0,"key":"Dexterity Potion"},{"floor":17.0,"key":"Fruit Juice"},{"floor":28,"key":"DuplicationPotion"},{"floor":29,"key":"Swift Potion"},{"floor":31,"key":"LiquidMemories"},{"floor":33,"key":"PowerPotion"},{"floor":35,"key":"LiquidMemories"},{"floor":37,"key":"GamblersBrew"},{"floor":40,"key":"AttackPotion"},{"floor":42,"key":"Dexterity Potion"},{"floor":44,"key":"ColorlessPotion"},{"floor":46,"key":"BottledMiracle"},{"floor":48,"key":"SteroidPotion"},{"floor":54,"key":"DuplicationPotion"}],"is_trial":false,"path_per_floor":["M","?","M","?","?","E","?","E","T","M","M","R","E","M","R","B",null,"M","?","$","?","M","R","?","R","T","M","E","M","R","M","R","B",null,"M","?","?","?","?","E","R","M","T","E","T","M","$","M","R","B",null,"R","$","E","B"],"character_chosen":"WATCHER","items_purchased":["Mummified Hand","BattleHymn","Adaptation","Vajra"],"campfire_rested":2,"item_purchase_floors":[20,20,47,47],"current_hp_per_floor":[72,47,47,40,40,40,26,28,28,40,48,48,32,42,42,40,89,87,87,87,87,87,87,71,71,71,65,56,46,72,72,72,39,89,83,72,54,54,54,50,50,50,50,51,51,46,46,46,72,50,89,89,89,66,0,0],"gold":145,"neow_bonus":"THREE_ENEMY_KILL","is_daily":false,"chose_seed":false,"campfire_upgraded":6,"win_rate":0.0,"timestamp":1613815293,"path_taken":["M","?","M","?","?","E","?","E","T","M","M","R","E","M","R","BOSS","M","?","$","?","?","R","?","R","T","M","E","M","R","M","R","BOSS","M","?","?","?","?","E","R","M","T","E","?","M","$","M","R","BOSS","R","$","E","BOSS"],"items_purchased_type":["Relic","Card","Card","Relic"],"build_version":"2020-12-22","purchased_purges":2,"victory":false,"max_hp_per_floor":[72,72,72,72,72,72,72,79,79,79,79,79,79,79,79,79,89,89,89,89,89,89,89,89,89,89,89,89,89,89,89,89,89,89,89,89,89,89,89,89,89,89,89,89,89,89,89,89,89,89,89,89,89,89,89,89],"card_choices":[{"not_picked":["FlyingSleeves","Evaluate","JustLucky"],"picked":"SKIP","floor":1.0},{"not_picked":["BowlingBash","Halt"],"picked":"Crescendo","floor":3.0},{"not_picked":["FlyingSleeves","Study"],"picked":"ForeignInfluence","floor":6.0},{"not_picked":["SashWhip","CrushJoints","ThirdEye"],"picked":"SKIP","floor":8.0},{"not_picked":["CarveReality","FlurryOfBlows"],"picked":"CutThroughFate","floor":10.0},{"not_picked":["BattleHymn","SashWhip"],"picked":"Establishment","floor":11.0},{"not_picked":["Prostrate","Meditate"],"picked":"DeceiveReality","floor":13.0},{"not_picked":["ClearTheMind","FollowUp"],"picked":"WindmillStrike","floor":14.0},{"not_picked":["JustLucky","Crescendo"],"picked":"Protect+1","floor":18.0},{"not_picked":["PathToVictory+1","Evaluate+1","SashWhip+1"],"picked":"SKIP","floor":22},{"not_picked":["JustLucky+1","Perseverance+1","LikeWater"],"picked":"SKIP","floor":27},{"not_picked":["ReachHeaven","Vault","PathToVictory"],"picked":"SKIP","floor":28},{"not_picked":["FollowUp","PathToVictory","EmptyBody"],"picked":"SKIP","floor":29},{"not_picked":["Wireheading","SashWhip+1","Worship"],"picked":"SKIP","floor":31},{"not_picked":["Scrawl","Wish"],"picked":"DevaForm","floor":33},{"not_picked":["ThirdEye","CutThroughFate"],"picked":"Wallop","floor":35},{"not_picked":["ForeignInfluence","FlyingSleeves"],"picked":"LikeWater+1","floor":40},{"not_picked":["Prostrate+1","Consecrate+1","Wireheading+1"],"picked":"SKIP","floor":42},{"not_picked":["BowlingBash+1","BattleHymn","Pray+1"],"picked":"SKIP","floor":44},{"not_picked":["BowlingBash","Nirvana"],"picked":"ClearTheMind+1","floor":46},{"not_picked":["Prostrate+1","BowlingBash+1"],"picked":"LikeWater+1","floor":48},{"not_picked":["Wallop+1","Sanctity","Scrawl"],"picked":"SKIP","floor":54}],"player_experience":171998,"relics_obtained":[{"floor":6.0,"key":"GoldenEye"},{"floor":8.0,"key":"Strawberry"},{"floor":9.0,"key":"Meat on the Bone"},{"floor":13.0,"key":"HornCleat"},{"floor":24,"key":"Necronomicon"},{"floor":26,"key":"Gremlin Horn"},{"floor":28,"key":"White Beast Statue"},{"floor":37,"key":"Ice Cream"},{"floor":40,"key":"Boot"},{"floor":44,"key":"InkBottle"},{"floor":45,"key":"Happy Flower"},{"floor":54,"key":"Ornamental Fan"}],"event_choices":[{"damage_healed":0.0,"max_hp_gain":0.0,"max_hp_loss":0.0,"gold_gain":0.0,"event_name":"Scrap Ooze","player_choice":"Success","floor":2.0,"gold_loss":0.0,"damage_taken":25.0,"relics_obtained":["Letter Opener"]},{"cards_removed":["Strike_P"],"damage_healed":0.0,"max_hp_gain":0.0,"max_hp_loss":0.0,"gold_gain":0.0,"event_name":"Golden Wing","player_choice":"Card Removal","floor":4.0,"gold_loss":0.0,"damage_taken":7.0},{"damage_healed":0.0,"max_hp_gain":0.0,"max_hp_loss":0.0,"gold_gain":0.0,"event_name":"Living Wall","player_choice":"Grow","floor":5.0,"gold_loss":0.0,"damage_taken":0.0,"cards_upgraded":["Eruption"]},{"damage_healed":0.0,"max_hp_gain":0.0,"max_hp_loss":0.0,"gold_gain":0.0,"event_name":"Shining Light","player_choice":"Entered Light","floor":7.0,"gold_loss":0.0,"damage_taken":14.0,"cards_upgraded":["Strike_P","Defend_P"]},{"damage_healed":0.0,"max_hp_gain":0.0,"max_hp_loss":0.0,"gold_gain":0.0,"event_name":"Drug Dealer","player_choice":"Inject Mutagens","floor":19.0,"gold_loss":0.0,"damage_taken":0.0,"relics_obtained":["MutagenicStrength"]},{"cards_removed":["Defend_P"],"damage_healed":0,"gold_gain":0,"player_choice":"Offered Basic","damage_taken":0,"max_hp_gain":0,"max_hp_loss":0,"event_name":"Bonfire Elementals","floor":21,"gold_loss":0},{"damage_healed":0,"gold_gain":0,"player_choice":"Obtained Book","damage_taken":16,"max_hp_gain":0,"max_hp_loss":0,"event_name":"Cursed Tome","floor":24,"gold_loss":0},{"damage_healed":0,"gold_gain":0,"player_choice":"Embrace Madness","damage_taken":11,"max_hp_gain":0,"max_hp_loss":0,"event_name":"Winding Halls","floor":36,"gold_loss":0,"cards_obtained":["Madness","Madness"]},{"damage_healed":0,"gold_gain":0,"player_choice":"Fight","damage_taken":0,"max_hp_gain":0,"max_hp_loss":0,"event_name":"Mysterious Sphere","floor":37,"gold_loss":0},{"damage_healed":0,"gold_gain":0,"player_choice":"Memory 1","damage_taken":0,"max_hp_gain":0,"max_hp_loss":0,"event_name":"SensoryStone","floor":38,"gold_loss":0},{"cards_removed":["Strike_P"],"damage_healed":0,"gold_gain":0,"player_choice":"Removed Attack","damage_taken":0,"max_hp_gain":0,"max_hp_loss":0,"event_name":"Falling","floor":39,"gold_loss":0}],"is_beta":false,"boss_relics":[{"not_picked":["Fusion Hammer","Runic Dome"],"picked":"Tiny House"},{"not_picked":["Pandora\u0027s Box","Snecko Eye"],"picked":"HolyWater"}],"items_purged_floors":[20,47],"is_endless":false,"potions_floor_spawned":[3,8,10,14,16,28,29,31,33,35,37,40,42,44,46,48,54],"killed_by":"The Heart","ascension_level":1}}