{"host":"bsgp9wgausrmthh2","time":1613835745,"event":{"mods":["AchievementEnabler","BaseMod","Colored Map","Downfall","Minty Spire (QoL Compilation)","StSLib"],"gold_per_floor":[117,128,148,148,159,159,187,187,187,187,198,1,19,35,35,35,35],"floor_reached":16,"language":"ENG","playtime":959,"items_purged":[],"score":104,"play_id":"a30fba1b-1572-4064-9fa4-f1f6a3c9a380","local_time":"20210220104225","is_ascension_mode":false,"campfire_choices":[{"floor":6,"key":"RECALL"},{"floor":10,"key":"REST"},{"floor":15,"key":"REST"}],"circlet_count":0,"master_deck":["Strike_R","Strike_R","Strike_R","Strike_R","Strike_R","Defend_R","Defend_R","Defend_R","Defend_R","Bash","Exhume","Warcry","Shrug It Off","Seeing Red","Armaments","Bash","Clash","Flex","Panacea","Shrug It Off","Havoc"],"relics":["Burning Blood","Lantern","Membership Card"],"acts_visited":["Exordium"],"potions_floor_usage":[],"damage_taken":[{"damage":9,"enemies":"2 Louse","floor":1,"turns":3},{"damage":1,"enemies":"Cultist","floor":2,"turns":3},{"damage":5,"enemies":"Small Slimes","floor":3,"turns":3},{"damage":8,"enemies":"Red Slaver","floor":5,"turns":4},{"damage":69,"enemies":"Gremlin Nob","floor":7,"turns":6},{"damage":0,"enemies":"2 Fungi Beasts","floor":11,"turns":2},{"damage":0,"enemies":"Exordium Wildlife","floor":13,"turns":2},{"damage":13,"enemies":"Blue Slaver","floor":14,"turns":5},{"damage":70,"enemies":"Slime Boss","floor":16,"turns":12}],"seed_played":"-1575232432067277433","potions_obtained":[{"floor":1,"key":"SmokeBomb"},{"floor":3,"key":"hexamod:SoulburnPotion"},{"floor":13,"key":"Explosive Potion"}],"is_trial":false,"path_per_floor":["M","M","M","?","M","R","E","?","T","R","M","$","M","M","R","B"],"character_chosen":"IRONCLAD","items_purchased":["Membership Card","Panacea"],"campfire_rested":2,"item_purchase_floors":[12,12],"current_hp_per_floor":[77,80,80,80,78,78,15,15,15,39,45,45,51,44,68,0,0],"gold":35,"neow_bonus":"ONE_RANDOM_RARE_CARD","is_daily":false,"chose_seed":false,"campfire_upgraded":0,"win_rate":0.0,"timestamp":1613835745,"path_taken":["M","M","M","?","?","R","E","?","T","R","?","$","M","M","R","BOSS"],"items_purchased_type":["Relic","Card"],"build_version":"2020-12-22","purchased_purges":0,"victory":false,"max_hp_per_floor":[80,80,80,80,80,80,80,80,80,80,80,80,80,80,80,80,80],"card_choices":[{"not_picked":["Evolve","Feel No Pain"],"picked":"Warcry","floor":1},{"not_picked":["Clash","Twin Strike"],"picked":"Shrug It Off","floor":2},{"not_picked":["Anger","Armaments"],"picked":"Seeing Red","floor":3},{"not_picked":["Sever Soul","Body Slam","Evolve"],"picked":"SKIP","floor":5},{"not_picked":["Exhume","Wild Strike"],"picked":"Armaments","floor":7},{"not_picked":["Whirlwind","Wild Strike"],"picked":"Flex","floor":11},{"not_picked":["Feel No Pain","Warcry"],"picked":"Shrug It Off","floor":13},{"not_picked":["Power Through","Barricade"],"picked":"Havoc","floor":14}],"player_experience":332292,"relics_obtained":[{"floor":7,"key":"Lantern"}],"event_choices":[{"damage_healed":0,"gold_gain":0,"player_choice":"Bought 0 Potions","damage_taken":0,"max_hp_gain":0,"max_hp_loss":0,"event_name":"The Woman in Blue","floor":4,"gold_loss":0},{"damage_healed":0,"gold_gain":0,"player_choice":"2 cards matched","damage_taken":0,"max_hp_gain":0,"max_hp_loss":0,"event_name":"Match and Keep!","floor":8,"gold_loss":0,"cards_obtained":["Bash","Clash"]}],"is_beta":false,"boss_relics":[],"items_purged_floors":[],"is_endless":false,"potions_floor_spawned":[1,3,13],"killed_by":"Slime Boss","ascension_level":0}}