{"host":"7hppq3hpkrufijwt","time":1613860717,"event":{"mods":["AchievementEnabler","BaseMod","Colored Powertips","Minty Spire (QoL Compilation)","Quick Restart"],"gold_per_floor":[116,136,136,150,168,168,194,194,194,208,65,65,140,140,140,239,239,257,257,271,28,28,63,63,83,107,107,126,226,246,246,246,342,342,352,363,363,380,76,76,56,56,133,133,150,163,163,178,178,178,178],"floor_reached":50,"language":"ENG","playtime":4276,"items_purged":["Defend_G","Flechettes","Poisoned Stab"],"score":487,"play_id":"2d42ed91-4269-4172-b831-2333835da4a8","local_time":"20210220233837","is_ascension_mode":false,"campfire_choices":[{"data":"Crippling Poison","floor":6,"key":"SMITH"},{"floor":8,"key":"REST"},{"floor":12,"key":"REST"},{"floor":15,"key":"REST"},{"floor":24,"key":"REST"},{"floor":27,"key":"REST"},{"floor":32,"key":"REST"},{"floor":40,"key":"REST"},{"floor":42,"key":"REST"},{"data":"Well Laid Plans","floor":44,"key":"SMITH"},{"floor":49,"key":"REST"}],"circlet_count":0,"master_deck":["Survivor","Neutralize","Calculated Gamble","Outmaneuver","Crippling Poison+1","Bouncing Flask+1","Backflip","Backstab","Catalyst+1","Backflip","Bullet Time+1","Night Terror","Burst","Noxious Fumes+1","Unload","Catalyst","Well Laid Plans+1","Deadly Poison+1","Burst+1","Adrenaline+1","Prepared+1"],"relics":["Ring of the Snake","NeowsBlessing","Anchor","Juzu Bracelet","Pandora\u0027s Box","Toxic Egg 2","War Paint","Bird Faced Urn","Shuriken","Empty Cage","Singing Bowl"],"acts_visited":["Exordium","TheCity","TheBeyond"],"potions_floor_usage":[23,25,29,38,45,46,50],"damage_taken":[{"damage":0,"enemies":"Cultist","floor":1,"turns":1},{"damage":0,"enemies":"2 Louse","floor":2,"turns":1},{"damage":0,"enemies":"Small Slimes","floor":4,"turns":1},{"damage":10,"enemies":"Exordium Wildlife","floor":5,"turns":5},{"damage":45,"enemies":"Lagavulin","floor":7,"turns":10},{"damage":4,"enemies":"Red Slaver","floor":10,"turns":4},{"damage":16,"enemies":"Hexaghost","floor":16,"turns":8},{"damage":0,"enemies":"Chosen","floor":18,"turns":3},{"damage":17,"enemies":"Shell Parasite","floor":20,"turns":5},{"damage":23,"enemies":"Book of Stabbing","floor":23,"turns":4},{"damage":14,"enemies":"Shelled Parasite and Fungi","floor":25,"turns":3},{"damage":0,"enemies":"Chosen and Byrds","floor":28,"turns":4},{"damage":3,"enemies":"Colosseum Slavers","floor":29,"turns":2},{"damage":42,"enemies":"Colosseum Nobs","floor":29,"turns":4},{"damage":0,"enemies":"Cultist and Chosen","floor":30,"turns":4},{"damage":6,"enemies":"Champ","floor":33,"turns":6},{"damage":46,"enemies":"3 Darklings","floor":35,"turns":7},{"damage":36,"enemies":"Orb Walker","floor":36,"turns":4},{"damage":0,"enemies":"Jaw Worm Horde","floor":38,"turns":3},{"damage":52,"enemies":"3 Darklings","floor":45,"turns":7},{"damage":0,"enemies":"Maw","floor":46,"turns":2},{"damage":29,"enemies":"Transient","floor":48,"turns":3},{"damage":71,"enemies":"Awakened One","floor":50,"turns":6}],"seed_played":"-2030221094655754564","potions_obtained":[{"floor":1,"key":"Strength Potion"},{"floor":2,"key":"Energy Potion"},{"floor":3,"key":"Strength Potion"},{"floor":23,"key":"SteroidPotion"},{"floor":29,"key":"Weak Potion"},{"floor":35,"key":"PowerPotion"},{"floor":41,"key":"Swift Potion"},{"floor":48,"key":"AttackPotion"}],"is_trial":false,"path_per_floor":["M","M","?","M","M","R","E","R","T","M","$","R","?","?","R","B",null,"M","?","M","$","?","E","R","M","T","R","M","?","M","?","R","B",null,"M","M","?","M","$","R","?","R","T","R","M","M","?","M","R","B"],"character_chosen":"THE_SILENT","items_purchased":["Backstab","Catalyst","Well Laid Plans","Adrenaline+1","Prepared+1"],"campfire_rested":9,"item_purchase_floors":[11,21,21,39,39],"current_hp_per_floor":[70,70,70,70,60,60,15,36,36,32,32,53,42,42,63,47,70,70,70,53,53,40,17,39,25,25,47,47,2,4,4,26,28,75,33,3,3,7,7,29,29,51,51,51,3,7,69,42,63,0,0],"gold":178,"neow_bonus":"THREE_ENEMY_KILL","is_daily":false,"chose_seed":false,"campfire_upgraded":2,"win_rate":0.0,"timestamp":1613860717,"path_taken":["M","?","?","M","?","R","E","R","T","M","?","R","?","?","R","BOSS","M","?","M","$","?","E","R","M","T","R","M","?","M","?","R","BOSS","M","M","?","M","$","R","?","R","T","R","M","M","?","M","R","BOSS"],"items_purchased_type":["Card","Card","Card","Card","Card"],"build_version":"2020-12-22","purchased_purges":3,"victory":false,"max_hp_per_floor":[70,70,70,70,70,70,70,70,70,70,70,70,70,70,70,70,70,70,70,70,70,75,75,75,75,75,75,75,75,75,75,75,75,75,75,75,75,75,75,75,75,75,75,75,77,79,69,71,71,71,71],"card_choices":[{"not_picked":["Sucker Punch","Reflex"],"picked":"Caltrops","floor":1},{"not_picked":["PiercingWail","Dash"],"picked":"Calculated Gamble","floor":2},{"not_picked":["Poisoned Stab","Cloak And Dagger"],"picked":"Outmaneuver","floor":4},{"not_picked":["Poisoned Stab","Acrobatics"],"picked":"Crippling Poison","floor":5},{"not_picked":["Malaise","Flying Knee"],"picked":"Bouncing Flask","floor":7},{"not_picked":["Slice","Dagger Spray"],"picked":"Backflip","floor":10},{"not_picked":["Tools of the Trade","Glass Knife"],"picked":"Burst","floor":16},{"not_picked":["Dagger Spray","Acrobatics"],"picked":"Noxious Fumes+1","floor":18},{"not_picked":["PiercingWail","Tactician","Blade Dance"],"picked":"SKIP","floor":20},{"not_picked":["Deflect+1","Malaise+1"],"picked":"Deadly Poison+1","floor":23},{"not_picked":["Dash","Acrobatics+1","Reflex+1"],"picked":"SKIP","floor":25},{"not_picked":["All Out Attack","Blade Dance+1","Deflect+1"],"picked":"SKIP","floor":28},{"not_picked":["Skewer+1","Dagger Throw+1","Escape Plan+1"],"picked":"SKIP","floor":30},{"not_picked":["Adrenaline+1","Bullet Time+1"],"picked":"Burst+1","floor":33},{"not_picked":["Bane","Choke+1","Quick Slash"],"picked":"SKIP","floor":35},{"not_picked":["Poisoned Stab","Predator","Dash+1"],"picked":"SKIP","floor":36},{"not_picked":["Finisher","Cloak And Dagger+1","Deadly Poison+1"],"picked":"SKIP","floor":38},{"not_picked":["Skewer","Deflect+1","Dodge and Roll+1"],"picked":"Singing Bowl","floor":45},{"not_picked":["Underhanded Strike+1","Slice","Acrobatics+1"],"picked":"Singing Bowl","floor":46},{"not_picked":["Sucker Punch+1","Prepared+1","Flying Knee"],"picked":"Singing Bowl","floor":48}],"player_experience":114739,"relics_obtained":[{"floor":7,"key":"Anchor"},{"floor":9,"key":"Juzu Bracelet"},{"floor":23,"key":"Toxic Egg 2"},{"floor":26,"key":"War Paint"},{"floor":29,"key":"Bird Faced Urn"},{"floor":29,"key":"Shuriken"},{"floor":43,"key":"Singing Bowl"}],"event_choices":[{"damage_healed":0,"gold_gain":0,"player_choice":"Got Potions","damage_taken":0,"max_hp_gain":0,"max_hp_loss":0,"event_name":"Lab","floor":3,"gold_loss":0},{"damage_healed":0,"gold_gain":75,"player_choice":"Gather Gold","damage_taken":11,"max_hp_gain":0,"max_hp_loss":0,"event_name":"World of Goop","floor":13,"gold_loss":0},{"damage_healed":0,"gold_gain":0,"player_choice":"Grow","damage_taken":0,"max_hp_gain":0,"max_hp_loss":0,"event_name":"Living Wall","floor":14,"gold_loss":0,"cards_upgraded":["Bouncing Flask"]},{"damage_healed":0,"gold_gain":0,"cards_transformed":["Accuracy"],"player_choice":"Transformed","damage_taken":0,"max_hp_gain":0,"max_hp_loss":0,"event_name":"Transmorgrifier","floor":19,"gold_loss":0,"cards_obtained":["Unload"]},{"damage_healed":0,"gold_gain":0,"player_choice":"Shed Blood","damage_taken":18,"max_hp_gain":5,"max_hp_loss":0,"event_name":"Forgotten Altar","floor":22,"gold_loss":0},{"damage_healed":0,"gold_gain":0,"player_choice":"Fight","damage_taken":0,"max_hp_gain":0,"max_hp_loss":0,"event_name":"Colosseum","floor":29,"gold_loss":0},{"damage_healed":0,"gold_gain":0,"player_choice":"Fought Nobs","damage_taken":0,"max_hp_gain":0,"max_hp_loss":0,"event_name":"Colosseum","floor":29,"gold_loss":0},{"damage_healed":0,"gold_gain":0,"player_choice":"Ignored","damage_taken":0,"max_hp_gain":0,"max_hp_loss":0,"event_name":"Vampires","floor":31,"gold_loss":0},{"cards_removed":["Caltrops"],"damage_healed":0,"gold_gain":0,"player_choice":"Removed Power","damage_taken":0,"max_hp_gain":0,"max_hp_loss":0,"event_name":"Falling","floor":37,"gold_loss":0},{"damage_healed":0,"gold_gain":0,"player_choice":"Bought 1 Potion","damage_taken":0,"max_hp_gain":0,"max_hp_loss":0,"event_name":"The Woman in Blue","floor":41,"gold_loss":0},{"damage_healed":69,"gold_gain":0,"player_choice":"Heal","damage_taken":0,"max_hp_gain":0,"max_hp_loss":10,"event_name":"The Moai Head","floor":47,"gold_loss":0}],"is_beta":false,"boss_relics":[{"not_picked":["Ring of the Serpent","Ectoplasm"],"picked":"Pandora\u0027s Box"},{"not_picked":["Philosopher\u0027s Stone","Tiny House"],"picked":"Empty Cage"}],"items_purged_floors":[11,21,39],"is_endless":false,"potions_floor_spawned":[1,2,5,7,20,23,29,35,36,48],"killed_by":"Awakened One","ascension_level":0}}