{"host":"o88u0awh8mkwl1l8","time":1613806124,"event":{"mods":["BaseMod","Colored Map","Highlight Path","Minty Spire (QoL Compilation)","Relic Sorter"],"gold_per_floor":[117,117,134,134,30,62,75,75,75,75,92,111,111,36,36,36,36],"floor_reached":16,"language":"JPN","playtime":687,"items_purged":["Decay"],"score":200,"play_id":"5a24665a-d2e1-48be-9f1d-de217a2116da","local_time":"20210220162844","is_ascension_mode":true,"campfire_choices":[{"data":"Dagger Spray","floor":8,"key":"SMITH"},{"data":"Adrenaline","floor":10,"key":"SMITH"},{"data":"Footwork","floor":13,"key":"SMITH"},{"data":"Neutralize","floor":15,"key":"SMITH"}],"circlet_count":0,"master_deck":["AscendersBane","Strike_G","Strike_G","Strike_G","Strike_G","Defend_G","Defend_G","Defend_G","Defend_G","Defend_G","Survivor","Neutralize+1","Adrenaline+1","Quick Slash","Backflip","Dagger Spray+1","Wraith Form v2","Dagger Throw","Footwork+1"],"relics":["Ring of the Snake","Mercury Hourglass","Happy Flower","Singing Bowl"],"acts_visited":["Exordium"],"potions_floor_usage":[16,16],"damage_taken":[{"damage":6,"enemies":"Small Slimes","floor":1,"turns":5},{"damage":0,"enemies":"Cultist","floor":3,"turns":3},{"damage":17,"enemies":"3 Sentries","floor":6,"turns":6},{"damage":0,"enemies":"2 Louse","floor":7,"turns":2},{"damage":4,"enemies":"Large Slime","floor":11,"turns":5},{"damage":3,"enemies":"3 Louse","floor":12,"turns":3},{"damage":29,"enemies":"Hexaghost","floor":16,"turns":11}],"seed_played":"-5281584634956989934","potions_obtained":[{"floor":7,"key":"AttackPotion"},{"floor":12,"key":"SteroidPotion"}],"is_trial":false,"path_per_floor":["M","?","M","?","$","E","M","R","T","R","M","M","R","?","R","B"],"character_chosen":"THE_SILENT","items_purchased":["Dagger Spray"],"campfire_rested":0,"item_purchase_floors":[5],"current_hp_per_floor":[53,58,58,58,58,41,41,41,41,41,37,36,36,36,36,7,7],"gold":36,"neow_bonus":"THREE_RARE_CARDS","is_daily":false,"chose_seed":false,"campfire_upgraded":4,"win_rate":0.0,"timestamp":1613806124,"path_taken":["M","?","M","?","$","E","?","R","T","R","M","M","R","?","R","BOSS"],"items_purchased_type":["Card"],"build_version":"2020-12-22","purchased_purges":1,"victory":false,"max_hp_per_floor":[66,71,71,71,71,71,71,71,71,71,71,73,73,73,73,73,73],"card_choices":[{"not_picked":["A Thousand Cuts","Phantasmal Killer"],"picked":"Adrenaline","floor":0},{"not_picked":["Flying Knee","Outmaneuver"],"picked":"Quick Slash","floor":1},{"not_picked":["Bane","Quick Slash"],"picked":"Backflip","floor":3},{"not_picked":["Eviscerate","Calculated Gamble"],"picked":"Wraith Form v2","floor":6},{"not_picked":["Deflect","Underhanded Strike"],"picked":"Dagger Throw","floor":7},{"not_picked":["Acrobatics","Outmaneuver"],"picked":"Footwork","floor":11},{"not_picked":["Acrobatics","Backflip","Reflex"],"picked":"Singing Bowl","floor":12}],"player_experience":1313121,"relics_obtained":[{"floor":4,"key":"Mercury Hourglass"},{"floor":6,"key":"Happy Flower"},{"floor":9,"key":"Singing Bowl"}],"event_choices":[{"damage_healed":0,"gold_gain":0,"player_choice":"Donut","damage_taken":0,"max_hp_gain":5,"max_hp_loss":0,"event_name":"Big Fish","floor":2,"gold_loss":0},{"damage_healed":0,"gold_gain":0,"player_choice":"Relic","damage_taken":0,"max_hp_gain":0,"max_hp_loss":0,"event_name":"Wheel of Change","floor":4,"gold_loss":0},{"cards_removed":["Strike_G"],"damage_healed":0,"gold_gain":0,"player_choice":"Card Removal","damage_taken":0,"max_hp_gain":0,"max_hp_loss":0,"event_name":"The Cleric","floor":14,"gold_loss":75}],"is_beta":false,"boss_relics":[],"items_purged_floors":[5],"is_endless":false,"potions_floor_spawned":[7,12],"killed_by":"Hexaghost","ascension_level":20}}