{"host":"nowlnq08cups5y6x","time":1613780235,"event":{"mods":["2.2 Compatiblity","AchievementEnabler","Aspiration","BaseMod","Beaked The Cultist","Better Altar","Better Match","Better Note","Better Sensory Stone","Better Silent Start","Better Skull","Better Third Choice","BetterRewards","Card Forge","Colored Map","Colored Powertips","Conspire","Curses Come First","Defuse TimeMaze Blight","Energized Spire","Filter the Spire","Gold Saver","Grow up Mod","Halation","Highlight Path","Hubris","Hyrulean Relics","Infinite Spire","Minty Spire (QoL Compilation)","Permanent Neow","Rare Cards Sparkle","Relic Filter Mod","Reliquary","Remove Card Discount Mod","Replay The Spire","SacredBarkPlus","Shop Mod","Spicy Shops","StS++","StSLib","The Cursed","Transform Curses","UnlockEverythingMod"],"gold_per_floor":[116,126,137,137,137,170,186,218,218,218,252,252,252,252,48,63,63,164,164,178,178,178,189,200,226,226,254,333,351,351,367,367,398,398,493,493,507,521,521,521,521,555,567,567,591,618,653,670,703,737,737,737,737,737,872,906,906],"floor_reached":58,"language":"ENG","playtime":3734,"items_purged":[],"score":2143,"play_id":"208d44ed-e17f-405d-8dd7-3e4c24240e3b","local_time":"20210219191715","is_ascension_mode":true,"campfire_choices":[{"floor":17,"key":"RECALL"},{"data":"beaked:BloodRitual","floor":26,"key":"SMITH"},{"floor":30,"key":"REST"},{"floor":34,"key":"REST"},{"floor":44,"key":"REST"},{"floor":54,"key":"REST"}],"circlet_count":0,"master_deck":["AscendersBane","beaked:Strike_Y","beaked:Strike_Y","beaked:Strike_Y","beaked:Strike_Y","beaked:Strike_Y","beaked:Strike_Y","beaked:Defend_Y","beaked:Defend_Y+1","beaked:Defend_Y","beaked:Ceremony+1","beaked:Ceremony+1","beaked:Ceremony+1","beaked:Resilience+1","beaked:Foresight+1","hubris:Fate+1","infinitespire:Collect+1","Replay:Fractal Strike+1","infinitespire:FutureSight+1","Replay:Fractal Strike+1","infinitespire:Collect+1","Replay:Fractal Strike+1","hubris:Fate+1","infinitespire:Collect+1","infinitespire:FutureSight+1","Replay:Fractal Strike+1","infinitespire:FutureSight+1","hubris:Fate+1","infinitespire:Collect+1","infinitespire:Fortify+1","beaked:Daydream+1","beaked:Daydream+1","beaked:AwakenedForm+1","beaked:DarkTribute+1","beaked:BraceForImpact+1","beaked:MaddeningMurmurs+1","beaked:BraceForImpact+1","beaked:Daydream+1","beaked:Windmill+1","beaked:TuckingFeathers+1","beaked:Resilience+1","beaked:AwakenedForm+1","beaked:HeadsImpatience+1","beaked:MachineEssence+1","beaked:NobsRage+1","beaked:SentriesPulse+1","beaked:WalkersFury+1","beaked:Stick+1","beaked:StickSmack+1","beaked:TuckingFeathers+1","beaked:WalkersFury+1","beaked:Evade+1","beaked:Windmill+1","infinitespire:FutureSight+1","ReplayTheSpireMod:Black Plague+1","Violence+1","beaked:WarriorEssence+1","beaked:Overpower+1","beaked:RitualOfBody+1","beaked:Foresight+1","beaked:Windmill","beaked:BraceForImpact","beaked:AwakenedForm"],"relics":["beaked:MendingPlumage","Hammer of Thor","Seething Fire","Anvil of the Gods","Blue Candle","reliquary:BoilingFlask","War Paint","halation:EternalFortune","Blue Doll","Membership Card","reliquary:SilkGlove","Omamori","Pear","hubris:BottledHeart","reliquary:RoseTintedGlasses","beaked:MawFillet","energizedSpire:NeverEndingSparkler","Replay:Bottled Eggs","White Beast Statue","PreservedInsect","Turnip","Lantern","hubris:TinFlute","Mirror","Replay:WaspNest","PrismaticShard","hubris:NiceRug","Replay:Mystery Machine","infinitespire:Beetle Shell","aspiration:ChemicalBlood","BargainBundle","Pondfish Scales"],"acts_visited":["Exordium","TheCity","TheBeyond","TheEnding"],"potions_floor_usage":[25,35,35,47,48,49,50,55,56,57,57],"damage_taken":[{"damage":26,"enemies":"Cultist","floor":1,"turns":6},{"damage":4,"enemies":"Small Slimes","floor":2,"turns":2},{"damage":0,"enemies":"2 Louse","floor":3,"turns":1},{"damage":4,"enemies":"Looter","floor":4,"turns":2},{"damage":4,"enemies":"Gremlin Nob","floor":6,"turns":1},{"damage":10,"enemies":"Blue Slaver","floor":7,"turns":2},{"damage":39,"enemies":"3 Sentries","floor":8,"turns":4},{"damage":0,"enemies":"Gremlin Nob","floor":11,"turns":1},{"damage":5,"enemies":"Red Slaver","floor":16,"turns":1},{"damage":38,"enemies":"Slime Boss","floor":18,"turns":4},{"damage":0,"enemies":"Chosen","floor":20,"turns":1},{"damage":19,"enemies":"3 Byrds","floor":23,"turns":3},{"damage":20,"enemies":"conspire:HollyBat","floor":24,"turns":4},{"damage":17,"enemies":"Replay:Snechameleon","floor":25,"turns":2},{"damage":45,"enemies":"conspire:SneckoGhost","floor":27,"turns":4},{"damage":28,"enemies":"Cultist and Chosen","floor":29,"turns":4},{"damage":27,"enemies":"Snake Plant","floor":31,"turns":4},{"damage":0,"enemies":"conspire:Head Lice","floor":33,"turns":1},{"damage":0,"enemies":"conspire:MysteriousRune","floor":35,"turns":2},{"damage":0,"enemies":"Orb Walker","floor":37,"turns":2},{"damage":0,"enemies":"3 Shapes","floor":38,"turns":4},{"damage":0,"enemies":"Reptomancer","floor":42,"turns":1},{"damage":0,"enemies":"Spire Growth","floor":43,"turns":1},{"damage":0,"enemies":"Nemesis","floor":46,"turns":1},{"damage":0,"enemies":"beaked:SuperParasite","floor":47,"turns":3},{"damage":0,"enemies":"3 Darklings","floor":48,"turns":5},{"damage":0,"enemies":"Giant Head","floor":49,"turns":2},{"damage":0,"enemies":"beaked:SuperParasite","floor":50,"turns":3},{"damage":0,"enemies":"Replay:Hell Engine","floor":52,"turns":4},{"damage":0,"enemies":"hubris:Merchant","floor":55,"turns":4},{"damage":0,"enemies":"Shield and Spear","floor":56,"turns":3},{"damage":0,"enemies":"The Heart","floor":57,"turns":4}],"seed_played":"5479696866531113776","potions_obtained":[{"floor":1,"key":"Ancient Potion"},{"floor":6,"key":"Languid Potion"},{"floor":8,"key":"BlessingOfTheForge"},{"floor":24,"key":"Swift Potion"},{"floor":27,"key":"Adrenaline Potion"},{"floor":33,"key":"PowerPotion"},{"floor":43,"key":"Fruit Juice"},{"floor":46,"key":"SpeedPotion"},{"floor":47,"key":"Fire Potion"},{"floor":48,"key":"ColorlessPotion"},{"floor":49,"key":"Fire Potion"},{"floor":50,"key":"Elixir"},{"floor":55,"key":"Swift Potion"},{"floor":56,"key":"ColorlessPotion"}],"is_trial":false,"path_per_floor":["M","M","M","M","?","E","M","E","T","?","E","?","PTL","PTL","$","M","R","B",null,"M","?","?","M","M","E","R","E","T","M","R","M","?","E","R","B",null,"M","M","AVR","?","?","E","M","R","T","E","E","M","E","E","R_BF","B",null,"R","$","E","B",null],"character_chosen":"BEAKED_THE_CULTIST","items_purchased":["Blue Doll","Membership Card","Replay:WaspNest","PrismaticShard"],"campfire_rested":4,"item_purchase_floors":[15,15,55,55],"current_hp_per_floor":[56,80,90,98,108,120,130,140,150,160,170,183,193,203,213,221,231,214,246,260,270,280,292,303,313,323,331,351,363,373,383,11,21,31,41,51,61,71,81,91,101,111,121,131,141,151,161,171,181,191,201,211,221,231,241,251,261],"gold":906,"neow_bonus":"","is_daily":false,"chose_seed":false,"campfire_upgraded":1,"win_rate":0.0,"timestamp":1613780235,"path_taken":["M","M","?","M","?","E","M","E","T","?","E","?","PTL","PTL","?","M","R","BOSS","M","?","?","?","M","E","R","E","T","M","R","?","?","E","R","BOSS","M","M","AVR","?","?","E","?","R","T","E","E","M","E","E","R_BF","BOSS","R","$","E","BOSS"],"items_purchased_type":["Relic","Relic","Relic","Relic"],"build_version":"2020-12-22","purchased_purges":0,"victory":true,"max_hp_per_floor":[70,80,90,100,110,120,130,140,150,160,170,183,193,203,213,223,233,243,253,263,273,283,293,303,313,323,333,353,363,373,383,11,21,31,41,51,61,71,81,91,101,111,121,131,141,151,161,171,181,191,201,211,221,231,241,251,261],"card_choices":[{"not_picked":["beaked:Roost","beaked:Cower"],"picked":"beaked:Foresight","floor":1},{"not_picked":["beaked:CrazyRituals","beaked:FullHouse"],"picked":"beaked:Daydream","floor":2},{"not_picked":["beaked:Redirect","beaked:Hexing","beaked:Brace"],"picked":"SKIP","floor":3},{"not_picked":["beaked:Negation","beaked:Redirect"],"picked":"beaked:Daydream","floor":4},{"not_picked":["beaked:MachineSpirit","beaked:Overexert"],"picked":"beaked:DarkTribute","floor":6},{"not_picked":["beaked:SurvivalInstinct","beaked:DesperateSwing"],"picked":"beaked:BraceForImpact","floor":7},{"not_picked":["beaked:RitualOfBody","beaked:StunningBlow","beaked:FeelMyPain"],"picked":"SKIP","floor":8},{"not_picked":["beaked:Tweet","beaked:CursingBlood"],"picked":"beaked:MaddeningMurmurs","floor":11},{"not_picked":["beaked:Resilience","beaked:Poke"],"picked":"beaked:BraceForImpact","floor":16},{"not_picked":["beaked:CrazyRituals","beaked:Flinch+1"],"picked":"beaked:Daydream","floor":20},{"not_picked":["beaked:CrazyRituals","beaked:Brace","beaked:WarriorSpirit"],"picked":"SKIP","floor":23},{"not_picked":["beaked:Windmill","beaked:VigorBurst"],"picked":"beaked:BloodRitual","floor":24},{"not_picked":["beaked:Struggle","beaked:WarriorSpirit+1","beaked:Flinch"],"picked":"SKIP","floor":25},{"not_picked":["beaked:CursingBlood","beaked:DigDeeper"],"picked":"beaked:Windmill+1","floor":27},{"not_picked":["ReplayTheSpireMod:Wings of Steel+1","beaked:Overexert"],"picked":"beaked:TuckingFeathers","floor":29},{"not_picked":["beaked:Tradeoff","beaked:Poke","beaked:FeelMyPain"],"picked":"SKIP","floor":31},{"not_picked":["ReplayTheSpireMod:RavenHex","beaked:WarriorSpirit"],"picked":"beaked:Resilience","floor":33},{"not_picked":["beaked:Tradeoff","beaked:Flinch"],"picked":"beaked:Evade+1","floor":37},{"not_picked":["beaked:Overexert+1","beaked:Foresight"],"picked":"beaked:Windmill+1","floor":38},{"not_picked":["infinitespire:Gouge","hubris:InfiniteBlow+958"],"picked":"ReplayTheSpireMod:Black Plague","floor":40},{"not_picked":["Transmutation","StSpp:Cataclysm"],"picked":"Violence","floor":41},{"not_picked":["beaked:Foresight+1","beaked:Flinch"],"picked":"beaked:WarriorEssence","floor":42},{"not_picked":["beaked:VigorBurst","beaked:Overexert"],"picked":"beaked:Overpower","floor":43},{"not_picked":["beaked:Sacrifice","beaked:Hexing"],"picked":"beaked:RitualOfBody","floor":46},{"not_picked":["beaked:Hexing+1","beaked:DesperateSwing"],"picked":"beaked:Foresight+1","floor":47},{"not_picked":["beaked:MachineSpirit","beaked:Daydream"],"picked":"beaked:Windmill","floor":48},{"not_picked":["beaked:Resilience+1","beaked:DesperateSwing"],"picked":"beaked:BraceForImpact","floor":49},{"not_picked":["beaked:BarbedWire+1","beaked:Insight"],"picked":"beaked:AwakenedForm","floor":50},{"not_picked":["beaked:WildInstinct"],"picked":"SKIP","floor":55},{"not_picked":["beaked:StunningBlow"],"picked":"SKIP","floor":55},{"not_picked":["beaked:Flinch"],"picked":"SKIP","floor":55},{"not_picked":["beaked:HuntressEssence+1"],"picked":"SKIP","floor":55},{"not_picked":["beaked:Devastation"],"picked":"SKIP","floor":55},{"not_picked":["Dark Shackles"],"picked":"SKIP","floor":55},{"not_picked":["Master of Strategy"],"picked":"SKIP","floor":55},{"not_picked":["TheCursedMod:SmokeScreen","BootSequence","Outmaneuver+1"],"picked":"SKIP","floor":56}],"player_experience":524543,"relics_obtained":[{"floor":6,"key":"Blue Candle"},{"floor":8,"key":"reliquary:BoilingFlask"},{"floor":11,"key":"War Paint"},{"floor":25,"key":"reliquary:SilkGlove"},{"floor":27,"key":"Omamori"},{"floor":28,"key":"Pear"},{"floor":33,"key":"halation:EternalFortune"},{"floor":33,"key":"reliquary:RoseTintedGlasses"},{"floor":35,"key":"halation:EternalFortune"},{"floor":42,"key":"White Beast Statue"},{"floor":45,"key":"PreservedInsect"},{"floor":46,"key":"Turnip"},{"floor":47,"key":"Lantern"},{"floor":48,"key":"halation:EternalFortune"},{"floor":49,"key":"hubris:TinFlute"},{"floor":50,"key":"Mirror"},{"floor":55,"key":"Replay:Mystery Machine"},{"floor":55,"key":"infinitespire:Beetle Shell"},{"floor":55,"key":"aspiration:ChemicalBlood"},{"floor":55,"key":"BargainBundle"},{"floor":56,"key":"Pondfish Scales"}],"event_choices":[{"damage_healed":0,"gold_gain":1,"player_choice":"4","damage_taken":0,"max_hp_gain":0,"max_hp_loss":0,"event_name":"betterStone:BetterStone","floor":5,"gold_loss":0,"cards_obtained":["beaked:AwakenedForm"]},{"damage_healed":0,"gold_gain":0,"player_choice":"Leave","damage_taken":0,"max_hp_gain":0,"max_hp_loss":0,"event_name":"conspire:Investor","floor":10,"gold_loss":0},{"cards_removed":["beaked:AwakenedForm"],"damage_healed":0,"gold_gain":0,"player_choice":"Give","damage_taken":0,"max_hp_gain":0,"max_hp_loss":0,"event_name":"betterNote:BetterNote","floor":21,"gold_loss":0,"cards_obtained":["None"]},{"damage_healed":0,"gold_gain":0,"player_choice":"Ignored","damage_taken":0,"max_hp_gain":0,"max_hp_loss":0,"event_name":"N\u0027loth","floor":22,"gold_loss":0},{"damage_healed":0,"gold_gain":0,"player_choice":"1","damage_taken":0,"max_hp_gain":0,"max_hp_loss":0,"event_name":"betterMatch:BetterMatch","floor":41,"gold_loss":0,"cards_obtained":["betterMatch:UncommonCard","betterMatch:ColorlessRareCard"]},{"cards_removed":["beaked:BloodRitual"],"damage_healed":0,"gold_gain":0,"player_choice":"Purged","damage_taken":0,"max_hp_gain":0,"max_hp_loss":0,"event_name":"Purifier","floor":51,"gold_loss":0}],"is_beta":false,"boss_relics":[{"not_picked":["aspiration:FutureDiary","Replay:Drink Me","Painkiller Herb"]},{"not_picked":["Philosopher\u0027s Stone","ReplayTheSpireMod:SealedPack"],"picked":"beaked:MawFillet"}],"items_purged_floors":[],"is_endless":false,"potions_floor_spawned":[1,6,8,18,23,24,27,33,43,46,47,48,49,50,55,56],"ascension_level":11}}