{"host":"eoyiepan94o8zmpo","time":1613853692,"event":{"mods":["2.2 Compatiblity","BaseMod","Dark Map","Highlight Path","Minty Spire (QoL Compilation)","Quick Restart"],"gold_per_floor":[115,165,165,183,208,208,252,252,252,292,24,24,78,153,153,284,284,297,297,312,312,325,325,325,369,396,420,695,759,800,575,575,575,575],"floor_reached":33,"language":"ENG","playtime":1155,"items_purged":["Regret"],"score":442,"play_id":"5338613a-b531-4a90-bd3c-6f1eddb923ec","local_time":"20210220214132","is_ascension_mode":true,"campfire_choices":[{"data":"Neutralize","floor":6,"key":"SMITH"},{"data":"Catalyst","floor":8,"key":"SMITH"},{"floor":15,"key":"REST"},{"data":"HandOfGreed","floor":23,"key":"SMITH"},{"floor":32,"key":"REST"}],"circlet_count":0,"master_deck":["Strike_G+1","Strike_G","Strike_G+1","Strike_G","Strike_G","Defend_G","Defend_G","Defend_G","Defend_G","Defend_G","Survivor+1","Neutralize+1","Bouncing Flask","Catalyst+1","All Out Attack","Die Die Die","HandOfGreed+1","Crippling Poison","Heel Hook","Burst","Deflect+1","Poisoned Stab+1","Burst","Footwork","Dodge and Roll"],"relics":["Ring of the Snake","Happy Flower","Golden Idol","Lantern","Anchor","FossilizedHelix","Juzu Bracelet","Toy Ornithopter","SacredBark","White Beast Statue","Whetstone","Art of War","Red Mask","Bottled Tornado","Medical Kit"],"acts_visited":["Exordium","TheCity"],"potions_floor_usage":[7,18,25,25,25,27,29,30,33,33],"damage_taken":[{"damage":1,"enemies":"Cultist","floor":1,"turns":4},{"damage":1,"enemies":"Small Slimes","floor":4,"turns":5},{"damage":18,"enemies":"3 Sentries","floor":7,"turns":9},{"damage":0,"enemies":"Gremlin Nob","floor":10,"turns":4},{"damage":15,"enemies":"3 Sentries","floor":13,"turns":6},{"damage":10,"enemies":"The Guardian","floor":16,"turns":7},{"damage":0,"enemies":"2 Thieves","floor":18,"turns":4},{"damage":0,"enemies":"Chosen","floor":20,"turns":4},{"damage":14,"enemies":"Snake Plant","floor":22,"turns":5},{"damage":0,"enemies":"Gremlin Leader","floor":25,"turns":6},{"damage":6,"enemies":"Shelled Parasite and Fungi","floor":27,"turns":5},{"damage":37,"enemies":"Masked Bandits","floor":29,"turns":4},{"damage":0,"enemies":"Book of Stabbing","floor":30,"turns":2},{"damage":77,"enemies":"Automaton","floor":33,"turns":12}],"seed_played":"7516075988691308619","potions_obtained":[{"floor":1,"key":"Fire Potion"},{"floor":10,"key":"Block Potion"},{"floor":16,"key":"EntropicBrew"},{"floor":22,"key":"ColorlessPotion"},{"floor":25,"key":"Ancient Potion"},{"floor":27,"key":"SkillPotion"},{"floor":29,"key":"LiquidMemories"},{"floor":30,"key":"Weak Potion"}],"is_trial":false,"path_per_floor":["M","T","?","M","T","R","E","R","T","E","$","$","E","?","R","B",null,"M","?","M","?","M","R","T","E","T","M","?","?","E","$","R","B"],"character_chosen":"THE_SILENT","items_purchased":["HandOfGreed","Crippling Poison","Medical Kit"],"campfire_rested":2,"item_purchase_floors":[11,11,31],"current_hp_per_floor":[69,69,52,51,51,51,33,33,33,33,33,33,18,11,32,22,70,70,70,70,70,56,56,56,70,70,64,64,32,37,37,58,0,0],"gold":575,"neow_bonus":"UPGRADE_CARD","is_daily":false,"chose_seed":false,"campfire_upgraded":3,"win_rate":0.0,"timestamp":1613853692,"path_taken":["M","?","?","M","?","R","E","R","T","E","?","$","E","?","R","BOSS","M","?","M","?","M","R","?","E","T","M","?","?","E","$","R","BOSS"],"items_purchased_type":["Card","Card","Relic"],"build_version":"2020-12-22","purchased_purges":1,"victory":false,"max_hp_per_floor":[70,70,70,70,70,70,70,70,70,70,70,70,70,70,70,70,70,70,70,70,70,70,70,70,70,70,70,70,70,70,70,70,70,70],"card_choices":[{"not_picked":["Setup","Bane"],"picked":"Bouncing Flask","floor":1},{"not_picked":["Blade Dance","Crippling Poison"],"picked":"Catalyst","floor":4},{"not_picked":["Slice","Backstab"],"picked":"All Out Attack","floor":7},{"not_picked":["Dagger Throw","Terror"],"picked":"Die Die Die","floor":10},{"not_picked":["Quick Slash","Choke"],"picked":"Heel Hook","floor":13},{"not_picked":["Night Terror","Envenom"],"picked":"Burst","floor":16},{"not_picked":["Dagger Spray","Dodge and Roll"],"picked":"Deflect+1","floor":18},{"not_picked":["Blade Dance","Slice+1"],"picked":"Poisoned Stab+1","floor":20},{"not_picked":["Dagger Throw+1","Quick Slash","Acrobatics"],"picked":"SKIP","floor":22},{"not_picked":["Acrobatics","Eviscerate+1"],"picked":"Burst","floor":25},{"not_picked":["Reflex","Dagger Spray"],"picked":"Footwork","floor":27},{"not_picked":["Masterful Stab","Quick Slash"],"picked":"Dodge and Roll","floor":30}],"player_experience":291841,"relics_obtained":[{"floor":2,"key":"Happy Flower"},{"floor":5,"key":"Lantern"},{"floor":7,"key":"Anchor"},{"floor":9,"key":"FossilizedHelix"},{"floor":10,"key":"Juzu Bracelet"},{"floor":13,"key":"Toy Ornithopter"},{"floor":24,"key":"White Beast Statue"},{"floor":25,"key":"Whetstone"},{"floor":26,"key":"Art of War"},{"floor":29,"key":"Red Mask"},{"floor":30,"key":"Bottled Tornado"}],"event_choices":[{"damage_healed":0,"gold_gain":0,"player_choice":"Take Damage","damage_taken":17,"relics_obtained":["Golden Idol"],"max_hp_gain":0,"max_hp_loss":0,"event_name":"Golden Idol","floor":3,"gold_loss":0},{"damage_healed":0,"gold_gain":75,"player_choice":"Touch","damage_taken":7,"max_hp_gain":0,"max_hp_loss":0,"event_name":"FaceTrader","floor":14,"gold_loss":0},{"damage_healed":0,"gold_gain":0,"player_choice":"Ignored","damage_taken":0,"max_hp_gain":0,"max_hp_loss":0,"event_name":"Ghosts","floor":19,"gold_loss":0},{"damage_healed":0,"gold_gain":0,"player_choice":"Ignored","damage_taken":0,"max_hp_gain":0,"max_hp_loss":0,"event_name":"Vampires","floor":21,"gold_loss":0},{"damage_healed":0,"gold_gain":275,"player_choice":"Desecrate","damage_taken":0,"max_hp_gain":0,"max_hp_loss":0,"event_name":"Golden Shrine","floor":28,"gold_loss":0,"cards_obtained":["Regret"]},{"damage_healed":0,"gold_gain":0,"player_choice":"Fought Bandits","damage_taken":0,"max_hp_gain":0,"max_hp_loss":0,"event_name":"Masked Bandits","floor":29,"gold_loss":0}],"is_beta":false,"boss_relics":[{"not_picked":["Velvet Choker","Pandora\u0027s Box"],"picked":"SacredBark"}],"items_purged_floors":[31],"is_endless":false,"potions_floor_spawned":[1,10,16,22,25,27,29,30],"killed_by":"Automaton","ascension_level":1}}