{"host":"pnjthw6sukprvbcr","time":1613800483,"event":{"mods":["AchievementEnabler","BaseMod","Block Reminder","Highlight Path","Minty Spire (QoL Compilation)","Relic Stats"],"gold_per_floor":[109,63,81,95,70,70,105,105,105,116,116,41,71,71,71,172,172,183,108,108,108,126,156,170,188,256,256,266,278,278,203,203,307,307,325,340,40,40,90,90,120,120,120,137,137,150,150,169,169,169,169],"floor_reached":50,"language":"ENG","playtime":3686,"items_purged":["Strike_G"],"score":576,"play_id":"a56a94b3-5412-4a2c-a117-602baad5ee0a","local_time":"20210220005443","is_ascension_mode":true,"campfire_choices":[{"floor":6.0,"key":"RECALL"},{"floor":8.0,"key":"REST"},{"data":"Catalyst","floor":15.0,"key":"SMITH"},{"floor":27.0,"key":"REST"},{"floor":30.0,"key":"REST"},{"data":"Bouncing Flask","floor":32.0,"key":"SMITH"},{"floor":40,"key":"REST"},{"floor":47,"key":"REST"},{"floor":49,"key":"REST"}],"circlet_count":0,"master_deck":["Strike_G","Strike_G","Strike_G","Defend_G","Defend_G","Defend_G","Defend_G","Defend_G","Survivor","Neutralize+1","Dagger Throw","Slice","Dagger Spray","Concentrate+1","Backflip","Blade Dance","Noxious Fumes","Catalyst+1","Bouncing Flask+1","After Image","Endless Agony+1","Footwork","Deadly Poison","Calculated Gamble+1","Escape Plan","Reflex","Quick Slash+1","After Image","Underhanded Strike+1","PiercingWail","Tactician+1","Adrenaline","Writhe","Acrobatics+1","Poisoned Stab"],"relics":["Ring of the Snake","WingedGreaves","Ginger","Incense Burner","Philosopher\u0027s Stone","Anchor","WristBlade","Mercury Hourglass","TungstenRod","PreservedInsect","Ornamental Fan"],"acts_visited":["Exordium","TheCity","TheBeyond"],"potions_floor_usage":[41,46,50],"damage_taken":[{"damage":1.0,"enemies":"Cultist","floor":1.0,"turns":4.0},{"damage":0.0,"enemies":"Jaw Worm","floor":3.0,"turns":3.0},{"damage":0.0,"enemies":"Small Slimes","floor":4.0,"turns":2.0},{"damage":41.0,"enemies":"Lagavulin","floor":7.0,"turns":12.0},{"damage":0.0,"enemies":"3 Louse","floor":10.0,"turns":3.0},{"damage":14.0,"enemies":"3 Sentries","floor":13.0,"turns":5.0},{"damage":32.0,"enemies":"The Guardian","floor":16.0,"turns":9.0},{"damage":0.0,"enemies":"Shell Parasite","floor":18.0,"turns":4.0},{"damage":20.0,"enemies":"2 Thieves","floor":22.0,"turns":5.0},{"damage":6.0,"enemies":"Slavers","floor":23.0,"turns":6.0},{"damage":10.0,"enemies":"Cultist and Chosen","floor":24.0,"turns":5.0},{"damage":0.0,"enemies":"Snake Plant","floor":25.0,"turns":3.0},{"damage":10.0,"enemies":"Centurion and Healer","floor":28.0,"turns":7.0},{"damage":16.0,"enemies":"Sentry and Sphere","floor":29.0,"turns":6.0},{"damage":28.0,"enemies":"Automaton","floor":33.0,"turns":10.0},{"damage":0.0,"enemies":"Orb Walker","floor":35.0,"turns":3.0},{"damage":21.0,"enemies":"3 Darklings","floor":36.0,"turns":6.0},{"damage":15,"enemies":"Mind Bloom Boss Battle","floor":39,"turns":5},{"damage":36,"enemies":"Giant Head","floor":41,"turns":8},{"damage":0,"enemies":"Maw","floor":44,"turns":7},{"damage":0,"enemies":"Sphere and 2 Shapes","floor":46,"turns":4},{"damage":17,"enemies":"Transient","floor":48,"turns":5},{"damage":63,"enemies":"Time Eater","floor":50,"turns":12}],"seed_played":"968232001262125821","potions_obtained":[{"floor":4.0,"key":"Energy Potion"},{"floor":10.0,"key":"FearPotion"},{"floor":21.0,"key":"GhostInAJar"},{"floor":21.0,"key":"Swift Potion"},{"floor":23.0,"key":"Ancient Potion"},{"floor":24.0,"key":"SteroidPotion"},{"floor":28.0,"key":"EssenceOfSteel"},{"floor":29.0,"key":"SkillPotion"},{"floor":39,"key":"Swift Potion"},{"floor":41,"key":"EssenceOfSteel"},{"floor":44,"key":"PowerPotion"}],"is_trial":false,"path_per_floor":["M","$","M","M","$","R","E","R","T","M","?","$","E","?","R","B",null,"M","$","?","?","M","E","M","M","T","R","M","M","R","$","R","B",null,"M","M","$","?","?","R","E","?","T","M","?","M","R","M","R","B"],"character_chosen":"THE_SILENT","items_purchased":["Slice","Backflip","Catalyst","Footwork","PiercingWail","Mercury Hourglass"],"campfire_rested":6,"item_purchase_floors":[2,5,12,19,37,37],"current_hp_per_floor":[69,69,69,69,69,69,28,49,49,49,49,49,35,58,58,26,70,70,70,70,70,50,44,34,34,34,55,45,29,50,50,50,22,70,70,49,49,49,34,55,19,37,37,37,37,37,58,41,62,0,0],"gold":169,"neow_bonus":"UPGRADE_CARD","is_daily":false,"chose_seed":false,"campfire_upgraded":2,"win_rate":0.0,"timestamp":1613800483,"path_taken":["M","$","M","M","?","R","E","R","T","M","?","$","E","?","R","BOSS","M","$","?","?","M","E","M","?","T","R","M","M","R","$","R","BOSS","M","M","$","?","?","R","E","?","T","?","?","?","R","?","R","BOSS"],"items_purchased_type":["Card","Card","Card","Card","Card","Relic"],"build_version":"2020-12-22","purchased_purges":1,"victory":false,"max_hp_per_floor":[70,70,70,70,70,70,70,70,70,70,70,70,70,70,70,70,70,70,70,70,70,70,70,70,70,70,70,70,70,70,70,70,70,70,70,70,70,70,70,70,70,70,70,70,70,70,70,70,70,70,70],"relic_stats":{"counters":[23,134],"Ornamental Fan":[40],"PreservedInsect":0,"Ginger":[17],"obtain_stats":[{"Anchor":23,"WristBlade":34,"Ornamental Fan":43,"Philosopher\u0027s Stone":17,"WingedGreaves":7,"PreservedInsect":41,"Incense Burner":13,"Ginger":9,"TungstenRod":39,"Ring of the Snake":0,"Mercury Hourglass":37},{"Anchor":10,"WristBlade":15,"Ornamental Fan":19,"Philosopher\u0027s Stone":7,"WingedGreaves":4,"PreservedInsect":19,"Incense Burner":6,"Ginger":4,"TungstenRod":18,"Ring of the Snake":0,"Mercury Hourglass":17},{"Anchor":53,"WristBlade":84,"Ornamental Fan":106,"Philosopher\u0027s Stone":38,"WingedGreaves":21,"PreservedInsect":106,"Incense Burner":29,"Ginger":21,"TungstenRod":98,"Ring of the Snake":0,"Mercury Hourglass":93}],"TungstenRod":16,"Ring of the Snake":[46],"Mercury Hourglass":[114]},"card_choices":[{"not_picked":["Bane","Outmaneuver"],"picked":"Dagger Throw","floor":1.0},{"not_picked":["Deadly Poison","Storm of Steel"],"picked":"Dagger Spray","floor":3.0},{"not_picked":["Choke","Deadly Poison"],"picked":"Concentrate","floor":4.0},{"not_picked":["Flying Knee","Prepared"],"picked":"Blade Dance","floor":7.0},{"not_picked":["Acrobatics","Deflect"],"picked":"Noxious Fumes","floor":10.0},{"not_picked":["Well Laid Plans","Bane"],"picked":"Bouncing Flask","floor":13.0},{"not_picked":["Corpse Explosion","Bullet Time"],"picked":"After Image","floor":16.0},{"not_picked":["Dagger Throw","Flying Knee"],"picked":"Endless Agony+1","floor":18.0},{"not_picked":["Dagger Spray","Concentrate"],"picked":"Deadly Poison","floor":22.0},{"not_picked":["Escape Plan","Quick Slash"],"picked":"Calculated Gamble+1","floor":23.0},{"not_picked":["Sucker Punch","Unload"],"picked":"Escape Plan","floor":24.0},{"not_picked":["Backflip","Blade Dance"],"picked":"Reflex","floor":25.0},{"not_picked":["Slice","Dodge and Roll"],"picked":"Quick Slash+1","floor":28.0},{"not_picked":["Infinite Blades","Bane","Dagger Spray"],"picked":"SKIP","floor":29.0},{"not_picked":["Phantasmal Killer","Venomology"],"picked":"After Image","floor":33.0},{"not_picked":["Masterful Stab","Dagger Throw+1"],"picked":"Underhanded Strike+1","floor":35.0},{"not_picked":["Endless Agony+1","Underhanded Strike","Deadly Poison"],"picked":"SKIP","floor":36.0},{"not_picked":["Dodge and Roll+1","Dagger Spray"],"picked":"Tactician+1","floor":39},{"not_picked":["Endless Agony+1","Quick Slash"],"picked":"Adrenaline","floor":41},{"not_picked":["Setup","Tactician+1"],"picked":"Acrobatics+1","floor":44},{"not_picked":["Tactician+1","Cloak And Dagger","Deadly Poison"],"picked":"SKIP","floor":46},{"not_picked":["Cloak And Dagger+1","Deflect"],"picked":"Poisoned Stab","floor":48}],"player_experience":203231,"relics_obtained":[{"floor":7.0,"key":"WingedGreaves"},{"floor":9.0,"key":"Ginger"},{"floor":13.0,"key":"Incense Burner"},{"floor":23.0,"key":"Anchor"},{"floor":39,"key":"TungstenRod"},{"floor":41,"key":"PreservedInsect"},{"floor":43,"key":"Ornamental Fan"}],"event_choices":[{"damage_healed":0.0,"max_hp_gain":0.0,"max_hp_loss":0.0,"gold_gain":0.0,"event_name":"Shining Light","player_choice":"Ignored","floor":11.0,"gold_loss":0.0,"damage_taken":0.0},{"damage_healed":23.0,"max_hp_gain":0.0,"max_hp_loss":0.0,"gold_gain":0.0,"event_name":"Big Fish","player_choice":"Banana","floor":14.0,"gold_loss":0.0,"damage_taken":0.0},{"cards_removed":["Strike_G"],"damage_healed":0.0,"max_hp_gain":0.0,"max_hp_loss":0.0,"gold_gain":0.0,"event_name":"Back to Basics","player_choice":"Elegance","floor":20.0,"gold_loss":0.0,"damage_taken":0.0},{"damage_healed":0.0,"max_hp_gain":0.0,"max_hp_loss":0.0,"gold_gain":0.0,"event_name":"Lab","player_choice":"Got Potions","floor":21.0,"gold_loss":0.0,"damage_taken":0.0},{"damage_healed":0,"gold_gain":0,"player_choice":"Ignored","damage_taken":0,"max_hp_gain":0,"max_hp_loss":0,"event_name":"Mysterious Sphere","floor":38,"gold_loss":0},{"damage_healed":0,"gold_gain":0,"player_choice":"Fight","damage_taken":0,"max_hp_gain":0,"max_hp_loss":0,"event_name":"MindBloom","floor":39,"gold_loss":0},{"damage_healed":18,"gold_gain":0,"player_choice":"Writhe","damage_taken":0,"max_hp_gain":0,"max_hp_loss":0,"event_name":"Winding Halls","floor":42,"gold_loss":0,"cards_obtained":["Writhe"]},{"damage_healed":0,"gold_gain":0,"player_choice":"Forge","damage_taken":0,"max_hp_gain":0,"max_hp_loss":0,"event_name":"Accursed Blacksmith","floor":45,"gold_loss":0,"cards_upgraded":["Concentrate"]}],"is_beta":false,"boss_relics":[{"not_picked":["HoveringKite","Runic Pyramid"],"picked":"Philosopher\u0027s Stone"},{"not_picked":["Black Star","Tiny House"],"picked":"WristBlade"}],"items_purged_floors":[31],"is_endless":false,"potions_floor_spawned":[4,10,23,24,28,29,39,41,44],"killed_by":"Time Eater","ascension_level":1}}