{"host":"0ueeacaatm8t6jyh","time":1613812741,"event":{"mods":["AchievementEnabler","BaseMod","Colored Powertips","Minty Spire (QoL Compilation)","Quick Restart","Rare Cards Sparkle","Shop Mod","StSLib"],"gold_per_floor":[110,11,161,236,236,236,261,280,280,280,309,309,89,101,101,101,101,101,175,175,189,189,189,189,114,139,139,156,156,156,156,106,106,139,150,177,72,72,147,147,165,179,129,140,154,181,192,204,250,273,273,305,305,353,353,372,372,372,372,372,372],"floor_reached":62,"language":"ZHS","playtime":2708,"items_purged":["Defend_B","Defend_B","Zap","Defend_B"],"score":1591,"play_id":"9ae16245-fc3f-4456-a906-31b2bf12801c","local_time":"20210220171901","is_ascension_mode":true,"campfire_choices":[{"data":"Defragment","floor":6.0,"key":"SMITH"},{"data":"Coolheaded","floor":9.0,"key":"SMITH"},{"data":"Hologram","floor":12.0,"key":"SMITH"},{"data":"Dualcast","floor":17.0,"key":"SMITH"},{"data":"Coolheaded","floor":18.0,"key":"SMITH"},{"data":"Amplify","floor":31.0,"key":"SMITH"},{"data":"Echo Form","floor":33.0,"key":"SMITH"},{"floor":38.0,"key":"REST"},{"floor":51.0,"key":"REST"},{"floor":53,"key":"REST"},{"floor":55,"key":"REST"},{"floor":59,"key":"REST"},{"floor":60,"key":"REST"}],"circlet_count":0,"master_deck":["AscendersBane","Strike_B","Strike_B","Defend_B","Dualcast+1","Defragment+1","Coolheaded+1","Doubt","Regret","Chill","Hologram+1","Coolheaded+1","Echo Form+1","Amplify+1","Shame","Gash+1","Seek+1","White Noise+1"],"relics":["Cracked Core","NeowsBlessing","Blue Candle","Oddly Smooth Stone","Letter Opener","Cables","Bag of Preparation","Nuclear Battery","Mango","Juzu Bracelet","Tiny Chest","Smiling Mask","Bag of Marbles","Molten Egg 2","Red Mask","Black Star","Bronze Scales","Singing Bowl","Strawberry","Akabeko","Emotion Chip","War Paint","Torii","Calipers"],"acts_visited":["Exordium","TheCity","TheBeyond"],"potions_floor_usage":[52,52,61],"damage_taken":[{"damage":0.0,"enemies":"2 Louse","floor":1.0,"turns":1.0},{"damage":1.0,"enemies":"Lagavulin","floor":7.0,"turns":1.0},{"damage":0.0,"enemies":"Jaw Worm","floor":8.0,"turns":1.0},{"damage":14.0,"enemies":"3 Sentries","floor":11.0,"turns":9.0},{"damage":7.0,"enemies":"Small Slimes","floor":14.0,"turns":3.0},{"damage":8.0,"enemies":"The Guardian","floor":19.0,"turns":16.0},{"damage":9.0,"enemies":"3 Byrds","floor":21.0,"turns":7.0},{"damage":9.0,"enemies":"Slavers","floor":26.0,"turns":7.0},{"damage":4.0,"enemies":"2 Thieves","floor":28.0,"turns":5.0},{"damage":43.0,"enemies":"Gremlin Leader","floor":34.0,"turns":9.0},{"damage":10.0,"enemies":"3 Cultists","floor":35.0,"turns":7.0},{"damage":45.0,"enemies":"Masked Bandits","floor":36.0,"turns":6.0},{"damage":5.0,"enemies":"Automaton","floor":39.0,"turns":6.0},{"damage":4.0,"enemies":"3 Shapes","floor":41.0,"turns":6.0},{"damage":15.0,"enemies":"Orb Walker","floor":42.0,"turns":5.0},{"damage":11.0,"enemies":"Sphere and 2 Shapes","floor":44.0,"turns":5.0},{"damage":10.0,"enemies":"3 Darklings","floor":45.0,"turns":9.0},{"damage":4.0,"enemies":"Giant Head","floor":46.0,"turns":7.0},{"damage":9.0,"enemies":"4 Shapes","floor":47.0,"turns":7.0},{"damage":12.0,"enemies":"Writhing Mass","floor":48.0,"turns":7.0},{"damage":38,"enemies":"Reptomancer","floor":52,"turns":8},{"damage":14,"enemies":"2 Orb Walkers","floor":54,"turns":6},{"damage":27,"enemies":"Jaw Worm Horde","floor":56,"turns":4},{"damage":34,"enemies":"Donu and Deca","floor":61,"turns":14}],"seed_played":"7714964543382339821","potions_obtained":[{"floor":7.0,"key":"FairyPotion"},{"floor":11.0,"key":"EssenceOfDarkness"},{"floor":19.0,"key":"FairyPotion"},{"floor":39.0,"key":"Dexterity Potion"},{"floor":41.0,"key":"PowerPotion"},{"floor":47.0,"key":"FearPotion"},{"floor":48.0,"key":"AttackPotion"},{"floor":56,"key":"EssenceOfSteel"}],"is_trial":false,"path_per_floor":["M","$","?","?","?","R","E","M","R","T","E","R","$","M","?","?","R","R","B",null,"M","?","?","?","$","E","?","M","T","T","R","$","R","E","M","?","$","R","B",null,"M","M","$","M","M","E","M","M","T","T","R","E","R","?","R","M","T","?","R","R","B",null],"character_chosen":"DEFECT","items_purchased":["Defragment","Coolheaded","Bag of Preparation","Coolheaded","PowerPotion"],"campfire_rested":6,"item_purchase_floors":[2,2,13,13,37],"current_hp_per_floor":[64,64,64,53,53,53,52,52,52,52,38,38,38,31,24,24,24,24,16,57,48,48,62,62,62,53,53,49,49,49,49,49,49,6,25,5,5,30,25,70,66,51,51,40,30,28,21,11,18,18,47,11,41,29,59,34,34,34,65,96,62],"gold":372,"neow_bonus":"THREE_ENEMY_KILL","is_daily":false,"chose_seed":false,"campfire_upgraded":7,"win_rate":0.0,"timestamp":1613812741,"path_taken":["M","$","?","?","?","R","E","M","R","T","E","R","$","M","?","?","R","R","BOSS","M","?","?","?","$","E","?","M","T","T","R","$","R","E","M","?","$","R","BOSS","M","M","$","M","M","E","M","M","T","T","R","E","R","?","R","M","?","?","R","R","BOSS"],"items_purchased_type":["Card","Card","Relic","Card","Potion"],"build_version":"2020-12-22","purchased_purges":4,"victory":true,"max_hp_per_floor":[71,71,71,71,71,71,71,71,71,71,71,71,71,71,71,71,71,71,71,71,71,71,85,85,85,85,85,85,85,85,85,85,85,85,85,85,85,85,85,85,85,85,85,85,85,87,89,91,98,98,98,100,100,102,102,104,104,104,104,104,104],"card_choices":[{"not_picked":["Rebound","Storm","Sweeping Beam"],"picked":"SKIP","floor":1.0},{"not_picked":["Sweeping Beam","Blizzard"],"picked":"Chill","floor":7.0},{"not_picked":["Rip and Tear","Gash"],"picked":"Hologram","floor":8.0},{"not_picked":["Beam Cell","Redo","Leap"],"picked":"SKIP","floor":11.0},{"not_picked":["Beam Cell","Lockon","Conserve Battery"],"picked":"SKIP","floor":14.0},{"not_picked":["Echo Form","Fission"],"picked":"Amplify","floor":19.0},{"not_picked":["Undo","Redo","Go for the Eyes"],"picked":"SKIP","floor":21.0},{"not_picked":["Rebound","Storm","Redo"],"picked":"SKIP","floor":26.0},{"not_picked":["Beam Cell","Stack","Blizzard"],"picked":"SKIP","floor":28.0},{"not_picked":["Heatsinks","BootSequence"],"picked":"Gash+1","floor":34.0},{"not_picked":["Skim","Beam Cell+1","Go for the Eyes+1"],"picked":"SKIP","floor":35.0},{"not_picked":["Creative AI","Multi-Cast"],"picked":"Seek","floor":39.0},{"not_picked":["Auto Shields","Sweeping Beam+1","Go for the Eyes+1"],"picked":"SKIP","floor":41.0},{"not_picked":["Beam Cell+1","Hologram","Stack"],"picked":"SKIP","floor":42.0},{"not_picked":["Capacitor","Redo"],"picked":"White Noise","floor":44.0},{"not_picked":["Thunder Strike+1","Skim","Chill"],"picked":"SKIP","floor":45.0},{"not_picked":["Melter+1","Beam Cell+1","Hello World+1"],"picked":"Singing Bowl","floor":46.0},{"not_picked":["Leap","Barrage+1","Turbo"],"picked":"Singing Bowl","floor":47.0},{"not_picked":["Streamline+1","Loop","Steam"],"picked":"Singing Bowl","floor":48.0},{"not_picked":["Fusion","Stack","Multi-Cast"],"picked":"Singing Bowl","floor":52},{"not_picked":["Beam Cell+1","Streamline+1","Hologram"],"picked":"Singing Bowl","floor":54},{"not_picked":["Go for the Eyes+1","Beam Cell+1","Aggregate"],"picked":"Singing Bowl","floor":56}],"player_experience":564513,"relics_obtained":[{"floor":7.0,"key":"Oddly Smooth Stone"},{"floor":10.0,"key":"Letter Opener"},{"floor":11.0,"key":"Cables"},{"floor":26.0,"key":"Tiny Chest"},{"floor":29.0,"key":"Smiling Mask"},{"floor":30.0,"key":"Bag of Marbles"},{"floor":34.0,"key":"Molten Egg 2"},{"floor":36.0,"key":"Red Mask"},{"floor":46.0,"key":"Bronze Scales"},{"floor":46.0,"key":"Singing Bowl"},{"floor":49.0,"key":"Strawberry"},{"floor":50.0,"key":"Akabeko"},{"floor":52,"key":"Emotion Chip"},{"floor":52,"key":"War Paint"},{"floor":54,"key":"Torii"},{"floor":57,"key":"Calipers"}],"event_choices":[{"damage_healed":0.0,"max_hp_gain":0.0,"max_hp_loss":0.0,"gold_gain":150.0,"event_name":"Liars Game","player_choice":"AGREE","floor":3.0,"gold_loss":0.0,"damage_taken":0.0,"cards_obtained":["Doubt"]},{"damage_healed":0.0,"max_hp_gain":0.0,"max_hp_loss":0.0,"gold_gain":75.0,"event_name":"World of Goop","player_choice":"Gather Gold","floor":4.0,"gold_loss":0.0,"damage_taken":11.0},{"damage_healed":0.0,"max_hp_gain":0.0,"max_hp_loss":0.0,"gold_gain":0.0,"event_name":"Big Fish","player_choice":"Box","floor":5.0,"gold_loss":0.0,"damage_taken":0.0,"relics_obtained":["Blue Candle"],"cards_obtained":["Regret"]},{"cards_removed":["Strike_B"],"damage_healed":0.0,"max_hp_gain":0.0,"max_hp_loss":0.0,"gold_gain":0.0,"event_name":"Golden Wing","player_choice":"Card Removal","floor":15.0,"gold_loss":0.0,"damage_taken":7.0},{"damage_healed":0.0,"max_hp_gain":0.0,"max_hp_loss":0.0,"gold_gain":0.0,"cards_transformed":["Strike_B"],"event_name":"Living Wall","player_choice":"Change","floor":16.0,"gold_loss":0.0,"damage_taken":0.0,"cards_obtained":["Echo Form"]},{"damage_healed":0.0,"max_hp_gain":0.0,"max_hp_loss":0.0,"gold_gain":0.0,"event_name":"Ghosts","player_choice":"Ignored","floor":22.0,"gold_loss":0.0,"damage_taken":0.0},{"damage_healed":0.0,"max_hp_gain":0.0,"max_hp_loss":0.0,"gold_gain":0.0,"event_name":"Addict","player_choice":"Stole Relic","floor":23.0,"gold_loss":0.0,"damage_taken":0.0,"relics_obtained":["Mango"],"cards_obtained":["Shame"]},{"damage_healed":0.0,"max_hp_gain":0.0,"max_hp_loss":0.0,"gold_gain":0.0,"event_name":"The Mausoleum","player_choice":"Opened","floor":24.0,"gold_loss":0.0,"damage_taken":0.0,"relics_obtained":["Juzu Bracelet"],"cards_obtained":["Writhe"]},{"damage_healed":0.0,"max_hp_gain":0.0,"max_hp_loss":0.0,"gold_gain":0.0,"event_name":"Vampires","player_choice":"Ignored","floor":27.0,"gold_loss":0.0,"damage_taken":0.0},{"damage_healed":0.0,"max_hp_gain":0.0,"max_hp_loss":0.0,"gold_gain":0.0,"event_name":"Masked Bandits","player_choice":"Fought Bandits","floor":36.0,"gold_loss":0.0,"damage_taken":0.0},{"damage_healed":0,"gold_gain":0,"player_choice":"Fight","damage_taken":0,"max_hp_gain":0,"max_hp_loss":0,"event_name":"Mysterious Sphere","floor":54,"gold_loss":0},{"cards_removed":["Writhe"],"damage_healed":0,"gold_gain":0,"player_choice":"Purged","damage_taken":0,"max_hp_gain":0,"max_hp_loss":0,"event_name":"Purifier","floor":58,"gold_loss":0}],"is_beta":false,"boss_relics":[{"not_picked":["Ectoplasm","Coffee Dripper"],"picked":"Nuclear Battery"},{"not_picked":["Sozu","SlaversCollar"],"picked":"Black Star"}],"items_purged_floors":[25,32,37,43],"is_endless":false,"potions_floor_spawned":[7,11,19,26,28,39,41,45,46,47,48,56],"ascension_level":16}}