{"host":"k653q14gphaoox56","time":1613841259,"event":{"mods":["BaseMod","Colored Map","Conspire","DeckTracker","Hubris","Infinite Spire","Minty Spire (QoL Compilation)","Replay The Spire","StSLib"],"gold_per_floor":[117,172,221,240,11,11,40,40,66,97,21,39,72,83,83,187,187,203,302,314,334,334,368,2,2,2,28,28,46,62,138,138,233,283,301,3,30,81,100,131,131,146,192,205,289,304,304,321,321,421,421,421,421,421,475,475,475,532,548,548,548,548,554,566,589,597,597,597,674,774,786,886,962,975,991,1013,1013,1029,1029,1029,1008,1008],"floor_reached":81,"language":"ENG","playtime":5707,"items_purged":["Regret"],"score":1516,"play_id":"ab23e5dc-750f-4a1b-8db2-15e6556a2a3c","local_time":"20210220121419","is_ascension_mode":false,"campfire_choices":[{"data":"Storm","floor":6,"key":"SMITH"},{"floor":15,"key":"REST"},{"floor":25,"key":"REST"},{"floor":32,"key":"REST"},{"floor":41,"key":"REST"},{"data":"infinitespire:SevenWalls","floor":49,"key":"SMITH"},{"data":"infinitespire:SevenWalls","floor":61,"key":"SMITH"},{"data":"Storm","floor":68,"key":"SMITH"}],"circlet_count":0,"master_deck":["Strike_B","Strike_B","Strike_B","Defend_B","Defend_B+1","Defend_B+2","Defend_B","Zap","Coolheaded+1","Go for the Eyes","Storm+1","Panache","Ball Lightning","Sweeping Beam","Go for the Eyes","Static Discharge","Steam","Conserve Battery","Turbo","Rebound","Electrodynamics","Ball Lightning","Sweeping Beam","Beam Cell","infinitespire:NeuralNetwork","Magnetism","Ball Lightning+1","ReplayTheSpireMod:GoodbyeWorld+1","Force Field","Panic Button+1","Self Repair","Force Field+1","Ball Lightning","Multi-Cast","ReplayTheSpireMod:Splinters","Survivor","Trip","infinitespire:SevenWalls+1","Defragment+1","Machine Learning","Conserve Battery","ReplayTheSpireMod:System Scan+1","ReplayGash","ReplayGash","Hello World+1","Gash","infinitespire:SevenWalls+1","Gash","Heatsinks+1","Aggregate","ReplayTheSpireMod:Calculation Training+1","Gash+1","FTL","Gash","Machine Learning","Cold Snap","ReplayTheSpireMod:Chaos Vortex","Redo","Darkness","Loop+1","Turbo","Streamline","Streamline","Turbo","infinitespire:Punishment","Conserve Battery","hubris:DuctTapeCard","Loop","Conserve Battery","Biased Cognition","FIFO Queue"],"relics":["Burning Blood","infinitespire:Freezer","PreservedInsect","Tiny Chest","Pet Ghost","Oddly Smooth Stone","Dream Catcher","InkBottle","hubris:ScarierMask","Toy Ornithopter","hubris:MobiusCoin","Blue Doll","Replay:Bottled Snecko","Nunchaku","hubris:Towel","Gremlin Food","ReplayTheSpireMod:SealedPack","Omamori","hubris:BundleOfHerbs","hubris:BallOfYels","Simple Rune","hubris:Metronome","Pantograph","Coffee Dripper","infinitespire:Cubic Diamond","infinitespire:Golems Mask","Replay:Bandana","hubris:TenFootPole","HornCleat","conspire:DeflatedDodgeball","Replay:Grab Bag","Fusion Hammer","Replay:Wanted Poster","Black Star","hubris:DuctTape","Pear","War Paint","Art of War","Mercury Hourglass"],"acts_visited":["Exordium","TheCity","TheBeyond","Exordium","TheCity"],"potions_floor_usage":[10,16,31,31,31,33,40,46,46,59,59,63,71],"damage_taken":[{"damage":0,"enemies":"Cultist","floor":1,"turns":3},{"damage":4,"enemies":"Jaw Worm","floor":4,"turns":3},{"damage":19,"enemies":"Lagavulin","floor":7,"turns":4},{"damage":12,"enemies":"Gremlin Nob","floor":10,"turns":2},{"damage":3,"enemies":"Small Slimes","floor":12,"turns":2},{"damage":3,"enemies":"Lagavulin","floor":13,"turns":4},{"damage":6,"enemies":"3 Louse","floor":14,"turns":3},{"damage":9,"enemies":"Slime Boss","floor":16,"turns":8},{"damage":16,"enemies":"conspire:FuzzyDice","floor":18,"turns":3},{"damage":6,"enemies":"Spheric Guardian","floor":20,"turns":3},{"damage":8,"enemies":"Snecko","floor":21,"turns":5},{"damage":14,"enemies":"Slavers","floor":23,"turns":3},{"damage":2,"enemies":"Replay:Snechameleon","floor":27,"turns":5},{"damage":4,"enemies":"conspire:HollyBat","floor":29,"turns":9},{"damage":0,"enemies":"3 Cultists","floor":30,"turns":4},{"damage":12,"enemies":"Nightmare","floor":31,"turns":4},{"damage":31,"enemies":"Automaton","floor":33,"turns":7},{"damage":2,"enemies":"Orb Walker","floor":35,"turns":3},{"damage":11,"enemies":"2 Orb Walkers","floor":38,"turns":4},{"damage":4,"enemies":"3 Darklings","floor":39,"turns":5},{"damage":21,"enemies":"Nightmare","floor":40,"turns":6},{"damage":21,"enemies":"Spire Growth","floor":42,"turns":4},{"damage":0,"enemies":"4 Shapes","floor":44,"turns":4},{"damage":56,"enemies":"Giant Head","floor":45,"turns":7},{"damage":0,"enemies":"Maw","floor":46,"turns":5},{"damage":2,"enemies":"Sphere and 2 Shapes","floor":48,"turns":3},{"damage":26,"enemies":"infinitespire:MassOfShapes","floor":50,"turns":10},{"damage":0,"enemies":"Cultist","floor":52,"turns":2},{"damage":0,"enemies":"Small Slimes","floor":58,"turns":2},{"damage":58,"enemies":"Nightmare","floor":59,"turns":5},{"damage":17,"enemies":"Jaw Worm","floor":63,"turns":2},{"damage":0,"enemies":"3 Louse","floor":64,"turns":2},{"damage":3,"enemies":"3 Sentries","floor":65,"turns":3},{"damage":22,"enemies":"Large Slime","floor":66,"turns":2},{"damage":0,"enemies":"Fading Forest","floor":69,"turns":11},{"damage":3,"enemies":"Chosen","floor":71,"turns":2},{"damage":0,"enemies":"2 Thieves","floor":74,"turns":1},{"damage":0,"enemies":"Snake Plant","floor":75,"turns":2},{"damage":4,"enemies":"Slavers","floor":76,"turns":2},{"damage":8,"enemies":"conspire:MimicChest","floor":78,"turns":4},{"damage":94,"enemies":"Nightmare_Alpha","floor":81,"turns":5}],"seed_played":"4287350115615383326","potions_obtained":[{"floor":7,"key":"Death Potion"},{"floor":13,"key":"SteroidPotion"},{"floor":14,"key":"Fire Potion"},{"floor":16,"key":"Strength Potion"},{"floor":20,"key":"Toxic Potion"},{"floor":27,"key":"EssenceOfSteel"},{"floor":31,"key":"PotionOfCapacity"},{"floor":33,"key":"Weak Potion"},{"floor":42,"key":"PowerPotion"},{"floor":45,"key":"SkillPotion"},{"floor":46,"key":"SpeedPotion"},{"floor":48,"key":"Fire Potion"},{"floor":52,"key":"DistilledChaos"},{"floor":58,"key":"Adrenaline Potion"},{"floor":59,"key":"Toxic Potion"},{"floor":63,"key":"Ancient Potion"},{"floor":67,"key":"Energy Potion"},{"floor":67,"key":"LifebloodPotion"},{"floor":71,"key":"Explosive Potion"},{"floor":76,"key":"Flashbang"}],"is_trial":false,"path_per_floor":["M","T","T","M","$","R","E","?","T","E","$","M","E","M","R","B",null,"M","?","M","M","AVR","E","$","R","T","E","?","M","M","NM","R","B",null,"M","$","T","?","M","NM","R","M","T","M","E","M","T","M","R_BF","B",null,"M","?","AVR","T","PTL","PTL","M","NM","?","R","T","M","M","E","M","?","R","B",null,"M","?","T","M","M","E","R","?","T","R","NM"],"character_chosen":"DEFECT","items_purchased":["Panache","Ball Lightning","Static Discharge","Blue Doll","Magnetism","Ball Lightning","Machine Learning","Conserve Battery","ReplayTheSpireMod:System Scan","ReplayGash"],"campfire_rested":4,"item_purchase_floors":[5,5,11,24,24,24,36,36,36,36],"current_hp_per_floor":[75,75,75,71,71,71,52,52,52,40,40,37,34,28,50,41,75,59,59,53,45,45,31,31,53,53,51,51,47,47,57,75,51,75,73,73,73,69,72,61,75,54,54,54,20,37,37,35,35,41,75,75,75,75,75,75,75,75,30,30,30,30,31,51,54,38,38,38,75,75,75,75,75,75,75,85,85,83,83,83,0,0],"gold":1008,"neow_bonus":"RANDOM_EVENT","is_daily":false,"chose_seed":false,"campfire_upgraded":4,"win_rate":0.0,"timestamp":1613841259,"path_taken":["M","?","?","?","$","R","E","?","T","E","$","M","E","M","R","BOSS","M","?","M","M","AVR","E","$","R","T","E","?","M","M","NM","R","BOSS","M","$","?","?","M","NM","R","M","T","M","E","M","?","M","R_BF","BOSS","M","?","AVR","?","PTL","PTL","M","NM","?","R","T","M","M","E","M","?","R","BOSS","M","?","?","M","?","E","R","?","T","R","NM"],"items_purchased_type":["Card","Card","Card","Relic","Card","Card","Card","Card","Card","Card"],"build_version":"2020-12-22","purchased_purges":1,"victory":false,"max_hp_per_floor":[75,75,75,75,75,75,75,75,75,75,75,75,75,75,75,75,75,75,75,75,75,75,75,75,75,75,75,75,75,75,75,75,75,75,75,75,75,75,75,75,75,75,75,75,75,75,75,75,75,75,75,75,75,75,75,75,75,75,75,75,75,75,75,75,75,75,75,75,75,75,75,75,75,75,75,85,85,85,85,85,85,85],"card_choices":[{"not_picked":["Cold Snap","Force Field"],"picked":"Go for the Eyes","floor":1},{"not_picked":["Redo","ReplaySort"],"picked":"Storm","floor":4},{"not_picked":["hubris:SpecializedCircuitry","Barrage"],"picked":"Sweeping Beam","floor":7},{"not_picked":["ReplayTheSpireMod:GoodbyeWorld","Hologram"],"picked":"Go for the Eyes","floor":10},{"not_picked":["Panic Button","Genetic Algorithm"],"picked":"Steam","floor":12},{"not_picked":["Hologram","Time Bomb"],"picked":"Conserve Battery","floor":13},{"not_picked":["ReplaySort","ReplayTheSpireMod:System Scan"],"picked":"Turbo","floor":14},{"not_picked":["Double Energy","Coolheaded"],"picked":"Rebound","floor":15},{"not_picked":["ReplayRNGCard","Thunder Strike"],"picked":"Electrodynamics","floor":16},{"not_picked":["Darkness+1","Leap"],"picked":"Ball Lightning","floor":18},{"not_picked":["Rebound+1","Hologram+1"],"picked":"Sweeping Beam","floor":20},{"not_picked":["Go for the Eyes","Streamline"],"picked":"Beam Cell","floor":21},{"not_picked":["Stack+1","Amplify"],"picked":"Storm","floor":23},{"not_picked":["Turbo","Beam Cell"],"picked":"ReplayTheSpireMod:GoodbyeWorld+1","floor":25},{"not_picked":["Cold Snap","Rebound+1"],"picked":"Force Field","floor":27},{"not_picked":["Ball Lightning","ReplayTheSpireMod:Dual Polarity"],"picked":"Panic Button+1","floor":29},{"not_picked":["Ball Lightning","Time Bomb"],"picked":"Self Repair","floor":30},{"not_picked":["Stack","Hologram"],"picked":"Force Field+1","floor":31},{"not_picked":["Sunder","Panic Button"],"picked":"Ball Lightning","floor":32},{"not_picked":["Meteor Strike","ReplayTheSpireMod:Omega Cannon"],"picked":"Multi-Cast","floor":33},{"not_picked":["hubris:MerchantsHand","Eruption"],"picked":"Survivor","floor":34},{"not_picked":["Reboot","Meteor Strike"],"picked":"Amplify","floor":34},{"not_picked":["hubris:Ssssneak","Dark Shackles"],"picked":"Trip","floor":34},{"not_picked":["infinitespire:Collect","ReplayTheSpireMod:Black Plague"],"picked":"infinitespire:SevenWalls","floor":34},{"not_picked":["Rebound+1","Genetic Algorithm"],"picked":"Defragment+1","floor":35},{"not_picked":["Melter","Time Bomb"],"picked":"Hello World+1","floor":38},{"not_picked":["Cold Snap","Conserve Battery"],"picked":"Gash","floor":39},{"not_picked":["infinitespire:Menacing","infinitespire:FinalStrike"],"picked":"infinitespire:SevenWalls","floor":40},{"not_picked":["Seek","Undo+1"],"picked":"Gash","floor":40},{"not_picked":["Lockon","Sweeping Beam"],"picked":"Heatsinks+1","floor":41},{"not_picked":["Steam","Sweeping Beam"],"picked":"Aggregate","floor":42},{"not_picked":["ReplayTheSpireMod:Reroute Power+1","Heatsinks"],"picked":"ReplayTheSpireMod:Calculation Training+1","floor":44},{"not_picked":["Buffer","Doom and Gloom"],"picked":"Gash+1","floor":45},{"not_picked":["Undo","Coolheaded"],"picked":"FTL","floor":46},{"not_picked":["Consume+1","Stack"],"picked":"Gash","floor":48},{"not_picked":["Rainbow","Meteor Strike"],"picked":"Machine Learning","floor":50},{"not_picked":["Glacier","Reinforced Body"],"picked":"Cold Snap","floor":52},{"not_picked":["Stack","Conserve Battery"],"picked":"Redo","floor":58},{"not_picked":["Meteor Strike","conspire:Rain"],"picked":"Darkness","floor":59},{"not_picked":["Sweeping Beam","Panic Button"],"picked":"Turbo","floor":63},{"not_picked":["Redo","Beam Cell"],"picked":"Streamline","floor":64},{"not_picked":["Darkness","Blizzard"],"picked":"Streamline","floor":65},{"not_picked":["Hologram","Coolheaded"],"picked":"Turbo","floor":66},{"not_picked":["ReplayTheSpireMod:Haul","infinitespire:SealOfDarkness+"],"picked":"infinitespire:Punishment","floor":69},{"not_picked":["Cold Snap","Hologram"],"picked":"Conserve Battery","floor":71},{"not_picked":["Conserve Battery","Leap"],"picked":"Loop","floor":74},{"not_picked":["Undo+1","Compile Driver"],"picked":"Conserve Battery","floor":75},{"not_picked":["Blizzard","Hologram"],"picked":"Biased Cognition","floor":76},{"not_picked":["Amplify","Hello World"],"picked":"FIFO Queue","floor":78}],"player_experience":134967,"relics_obtained":[{"floor":2,"key":"infinitespire:Freezer"},{"floor":3,"key":"PreservedInsect"},{"floor":7,"key":"Tiny Chest"},{"floor":9,"key":"Oddly Smooth Stone"},{"floor":10,"key":"Dream Catcher"},{"floor":13,"key":"InkBottle"},{"floor":23,"key":"hubris:MobiusCoin"},{"floor":26,"key":"Replay:Bottled Snecko"},{"floor":27,"key":"Nunchaku"},{"floor":31,"key":"Gremlin Food"},{"floor":37,"key":"Omamori"},{"floor":38,"key":"hubris:BundleOfHerbs"},{"floor":40,"key":"hubris:BallOfYels"},{"floor":43,"key":"Simple Rune"},{"floor":45,"key":"hubris:Metronome"},{"floor":47,"key":"Pantograph"},{"floor":55,"key":"Replay:Bandana"},{"floor":59,"key":"hubris:TenFootPole"},{"floor":62,"key":"HornCleat"},{"floor":65,"key":"conspire:DeflatedDodgeball"},{"floor":73,"key":"hubris:DuctTape"},{"floor":76,"key":"Pear"},{"floor":76,"key":"War Paint"},{"floor":78,"key":"Art of War"},{"floor":79,"key":"Mercury Hourglass"}],"event_choices":[{"damage_healed":0,"gold_gain":0,"cards_transformed":["Strike_B"],"player_choice":"Change","damage_taken":0,"max_hp_gain":0,"max_hp_loss":0,"event_name":"Living Wall","floor":0,"gold_loss":0,"cards_obtained":["Coolheaded"]},{"damage_healed":0,"gold_gain":0,"player_choice":"Box","damage_taken":0,"relics_obtained":["Pet Ghost"],"max_hp_gain":0,"max_hp_loss":0,"event_name":"Big Fish","floor":8,"gold_loss":0,"cards_obtained":["Regret"]},{"damage_healed":0,"gold_gain":99,"player_choice":"Stole From Cult","damage_taken":0,"max_hp_gain":0,"max_hp_loss":0,"event_name":"Nest","floor":19,"gold_loss":0},{"damage_healed":0,"gold_gain":0,"player_choice":"Fight","damage_taken":0,"max_hp_gain":0,"max_hp_loss":0,"event_name":"Mysterious Sphere","floor":38,"gold_loss":0},{"damage_healed":0,"gold_gain":0,"player_choice":"Got Potions","damage_taken":0,"max_hp_gain":0,"max_hp_loss":0,"event_name":"Lab","floor":67,"gold_loss":0},{"damage_healed":0,"gold_gain":100,"player_choice":"Pray","damage_taken":0,"max_hp_gain":0,"max_hp_loss":0,"event_name":"Golden Shrine","floor":72,"gold_loss":0}],"is_beta":false,"boss_relics":[{"not_picked":["Cursed Key","Honey Jar"],"picked":"hubris:ScarierMask"},{"not_picked":["conspire:SeveredTorchhead","Ring of Chaos"],"picked":"ReplayTheSpireMod:SealedPack"},{"not_picked":["Kintsugi","FrozenCore"],"picked":"Coffee Dripper"},{"not_picked":["hubris:CrackedHourglass","Replay:Ancient Bell"],"picked":"Replay:Grab Bag"},{"not_picked":["ReplayTheSpireMod:DimensionalGlitch","hubris:RunicObelisk"],"picked":"Fusion Hammer"},{"not_picked":["hubris:VirtuousBlindfold","Replay:Bronze Core"],"picked":"Replay:Wanted Poster"},{"not_picked":["SacredBark","Runic Pyramid"],"picked":"Black Star"}],"items_purged_floors":[22],"is_endless":true,"potions_floor_spawned":[7,13,14,16,20,27,29,31,33,42,45,46,48,52,58,59,63,69,71,76],"killed_by":"Nightmare_Alpha","ascension_level":0}}