{"host":"2lo6hma6kymb0g9i","time":1613807083,"event":{"mods":["BaseMod","Colored Map","DeckTracker","Minty Spire (QoL Compilation)"],"gold_per_floor":[14,14,32,32,32,68,68,82,82,113,113,113,113],"floor_reached":12,"language":"JPN","playtime":546,"items_purged":[],"score":172,"play_id":"a916706d-70c3-4d98-9fb8-31650468b648","local_time":"20210220164443","is_ascension_mode":true,"campfire_choices":[{"floor":7.0,"key":"REST"}],"circlet_count":0,"master_deck":["AscendersBane","Strike_G","Strike_G","Strike_G","Strike_G","Defend_G","Defend_G","Defend_G","Defend_G","Defend_G","Survivor+1","Neutralize","A Thousand Cuts","Dagger Spray","Quick Slash","Cloak And Dagger","Cloak And Dagger","Blade Dance+1"],"relics":["Ring of the Snake","Golden Idol","Kunai","Sundial","War Paint","Peace Pipe"],"acts_visited":["Exordium"],"potions_floor_usage":[],"damage_taken":[{"damage":1.0,"enemies":"Small Slimes","floor":1.0,"turns":4.0},{"damage":3.0,"enemies":"Jaw Worm","floor":3.0,"turns":5.0},{"damage":50.0,"enemies":"Gremlin Nob","floor":6.0,"turns":5.0},{"damage":0.0,"enemies":"2 Louse","floor":8.0,"turns":4.0},{"damage":14.0,"enemies":"3 Sentries","floor":10.0,"turns":7.0},{"damage":62,"enemies":"Gremlin Nob","floor":12,"turns":4}],"seed_played":"1496044531124759228","potions_obtained":[{"floor":6.0,"key":"Dexterity Potion"},{"floor":8.0,"key":"LiquidBronze"},{"floor":10.0,"key":"FairyPotion"}],"is_trial":false,"path_per_floor":["M","?","M","?","?","E","R","M","T","E","?","E"],"character_chosen":"THE_SILENT","items_purchased":[],"campfire_rested":1,"item_purchase_floors":[],"current_hp_per_floor":[58,58,55,55,55,5,23,23,23,9,9,0,0],"gold":113,"neow_bonus":"THREE_RARE_CARDS","is_daily":false,"chose_seed":false,"campfire_upgraded":0,"win_rate":0.0,"timestamp":1613807083,"path_taken":["M","?","M","?","?","E","R","M","T","E","?","E"],"items_purchased_type":[],"build_version":"2020-12-22","purchased_purges":0,"victory":false,"max_hp_per_floor":[66,66,66,60,60,60,60,60,60,60,60,60,60],"card_choices":[{"not_picked":["Phantasmal Killer","Wraith Form v2"],"picked":"A Thousand Cuts","floor":0.0},{"not_picked":["Prepared","Deadly Poison"],"picked":"Dagger Spray","floor":1.0},{"not_picked":["Acrobatics","Calculated Gamble"],"picked":"Quick Slash","floor":3.0},{"not_picked":["Flechettes","Acrobatics"],"picked":"Cloak And Dagger","floor":6.0},{"not_picked":["Setup","Deflect"],"picked":"Cloak And Dagger","floor":8.0},{"not_picked":["Dodge and Roll","Corpse Explosion"],"picked":"Blade Dance","floor":10.0}],"player_experience":1230543,"relics_obtained":[{"floor":6.0,"key":"Kunai"},{"floor":9.0,"key":"Sundial"},{"floor":10.0,"key":"War Paint"}],"event_choices":[{"cards_removed":["Strike_G"],"damage_healed":0.0,"max_hp_gain":0.0,"max_hp_loss":0.0,"gold_gain":0.0,"event_name":"Living Wall","player_choice":"Forget","floor":2.0,"gold_loss":0.0,"damage_taken":0.0},{"damage_healed":0.0,"max_hp_gain":0.0,"max_hp_loss":6.0,"gold_gain":0.0,"event_name":"Golden Idol","player_choice":"Lose Max HP","floor":4.0,"gold_loss":0.0,"damage_taken":0.0,"relics_obtained":["Golden Idol"]},{"damage_healed":0.0,"max_hp_gain":0.0,"max_hp_loss":0.0,"gold_gain":0.0,"event_name":"Liars Game","player_choice":"Ignored","floor":5.0,"gold_loss":0.0,"damage_taken":0.0},{"damage_healed":0.0,"max_hp_gain":0.0,"max_hp_loss":0.0,"gold_gain":0.0,"event_name":"WeMeetAgain","player_choice":"Gave Potion","floor":11.0,"gold_loss":0.0,"damage_taken":0.0,"relics_obtained":["Peace Pipe"]}],"is_beta":false,"boss_relics":[],"items_purged_floors":[],"is_endless":false,"potions_floor_spawned":[6,8,10],"killed_by":"Gremlin Nob","ascension_level":20}}