{"host":"eydwxg59205c3vtl","time":1613838291,"event":{"mods":["2.2 Compatiblity","BaseMod","Colored Map","Colored Powertips","Hubris","Minty Spire (QoL Compilation)","StSLib","The Jungle","The Necromancer"],"gold_per_floor":[116,130,130,205,215,215,241,241,268,282,282,207,238,258,258,334,334,353,165,176,191,106,106,106,106],"floor_reached":24,"language":"ENG","playtime":1239,"items_purged":["Pain","Overencumbered"],"score":371,"play_id":"9d80a3ba-16e7-418f-9bea-1e4705e44a1a","local_time":"20210220112451","is_ascension_mode":true,"campfire_choices":[{"data":"Thousand_Bone_Knives","floor":6.0,"key":"SMITH"},{"data":"Cloudkill","floor":11.0,"key":"SMITH"},{"data":"Pandemic","floor":15.0,"key":"SMITH"},{"data":"Cloudkill","floor":23,"key":"SMITH"}],"circlet_count":3,"master_deck":["AscendersBane","Defend_W","Defend_W","Negative_Energy_Arrows","Bone_Wall","Bone_Bullets","Thousand_Bone_Knives+1","Consume_Illness+1","Negative_Energy_Sphere","Cloudkill+1","Pandemic+1","Spectral_Armor","Spectral_Walk","Cloudkill+1","Regret","Bone_Armory","Toxic_Smoke_Screen"],"relics":["Vampire_Amulet","PreservedInsect","Circlet","WarpedTongs","hubris:OldNail"],"acts_visited":[],"potions_floor_usage":[21],"damage_taken":[{"damage":2.0,"enemies":"Cultist","floor":1.0,"turns":4.0},{"damage":11.0,"enemies":"Jaw Worm","floor":2.0,"turns":4.0},{"damage":0.0,"enemies":"2 Louse","floor":5.0,"turns":3.0},{"damage":14.0,"enemies":"Gremlin Nob","floor":7.0,"turns":4.0},{"damage":4.0,"enemies":"Large Slime","floor":10.0,"turns":4.0},{"damage":15.0,"enemies":"Lagavulin","floor":13.0,"turns":4.0},{"damage":7.0,"enemies":"Gremlin Gang","floor":14.0,"turns":2.0},{"damage":29.0,"enemies":"Fading Forest","floor":16.0,"turns":11.0},{"damage":34.0,"enemies":"2 Thieves","floor":18.0,"turns":4.0},{"damage":10,"enemies":"Shell Parasite","floor":20,"turns":7},{"damage":18,"enemies":"Shelled Parasite and Fungi","floor":21,"turns":4},{"damage":13,"enemies":"Slavers","floor":24,"turns":1}],"seed_played":"6230262568012976985","potions_obtained":[{"floor":2.0,"key":"BlessingOfTheForge"},{"floor":7.0,"key":"Elixir"},{"floor":14.0,"key":"Strength Potion"},{"floor":18.0,"key":"Flashbang"}],"is_trial":false,"path_per_floor":["M","M","?","?","M","R","E","?","T","M","R","$","E","M","R_BF","B",null,"M","$","M","M","?","R","E"],"character_chosen":"NECROMANCER","items_purchased":["Replay:Wax Seal"],"campfire_rested":0,"item_purchase_floors":[19],"current_hp_per_floor":[64,55,55,44,48,48,36,36,36,36,36,36,23,24,24,25,60,30,30,22,11,11,11,0,0],"gold":106,"neow_bonus":"RANDOM_COMMON_RELIC","is_daily":false,"chose_seed":false,"campfire_upgraded":4,"win_rate":0.0,"timestamp":1613838291,"path_taken":["M","?","?","?","M","R","E","?","T","M","R","$","E","M","R_BF","BOSS","M","$","?","M","?","R","E"],"items_purchased_type":["Undefined"],"build_version":"2020-12-22","purchased_purges":2,"victory":false,"max_hp_per_floor":[71,71,71,71,71,71,71,71,71,71,71,71,71,71,71,71,71,71,71,71,71,71,71,71,71],"card_choices":[{"not_picked":["Consume_Illness","Negative_Energy_Mist"],"picked":"Bone_Bullets","floor":1.0},{"not_picked":["Exploit","Negative_Energy_Shield"],"picked":"Thousand_Bone_Knives","floor":2.0},{"not_picked":["Chill_Blood","Death_Coil"],"picked":"Negative_Energy_Sphere","floor":5.0},{"not_picked":["Bone_Armory","Spectral_Walk"],"picked":"Cloudkill","floor":7.0},{"not_picked":["Consume_Illness","Shackles_Of_Pain"],"picked":"Pandemic","floor":10.0},{"not_picked":["Negative_Energy_Shield","Detonate_Bones"],"picked":"Spectral_Armor","floor":13.0},{"not_picked":["Death_Coil","Death_March_Dance"],"picked":"Spectral_Walk","floor":14.0},{"not_picked":["Detonate_Bones","Summon_Vampire_Lady"],"picked":"Cloudkill","floor":16.0},{"not_picked":["Blood_Whip","Summon_Undead_Army","Death_March_Dance"],"picked":"SKIP","floor":18.0},{"not_picked":["Bone_Shift","Scare"],"picked":"Bone_Armory","floor":20},{"not_picked":["Life_Drain","Blood_Curse"],"picked":"Toxic_Smoke_Screen","floor":21}],"player_experience":629649,"relics_obtained":[{"floor":7.0,"key":"ReplayTheSpireMod:Lightbulb"},{"floor":9.0,"key":"hubris:OldNail"},{"floor":13.0,"key":"Gremlin Food"}],"event_choices":[{"damage_healed":0.0,"max_hp_gain":0.0,"max_hp_loss":0.0,"gold_gain":75.0,"event_name":"World of Goop","player_choice":"Gather Gold","floor":4.0,"gold_loss":0.0,"damage_taken":11.0},{"damage_healed":0.0,"max_hp_gain":0.0,"max_hp_loss":0.0,"gold_gain":0.0,"event_name":"Accursed Blacksmith","player_choice":"Rummage","floor":8.0,"gold_loss":0.0,"damage_taken":0.0,"relics_obtained":["WarpedTongs"],"cards_obtained":["Pain"]},{"damage_healed":0,"gold_gain":0,"player_choice":"Paid Gold","damage_taken":0,"relics_obtained":["Circlet"],"max_hp_gain":0,"max_hp_loss":0,"event_name":"WeMeetAgain","floor":22,"gold_loss":85}],"is_beta":false,"boss_relics":[{"not_picked":["Velvet Choker","hubris:ScarierMask"],"picked":"Kintsugi"}],"items_purged_floors":[12,19],"is_endless":false,"potions_floor_spawned":[2,7,10,14,18],"killed_by":"Slavers","ascension_level":16}}