{"host":"js2su9tbbk4rmjfl","time":1613855921,"event":{"mods":["AchievementEnabler","BaseMod","Block Reminder","Colored Map","Colored Powertips","Highlight Path","Minty Spire (QoL Compilation)","Relic Stats"],"gold_per_floor":[118,118,79,154,25,25,58,58,58,71,71,91,110,131,131,131,131],"floor_reached":16,"language":"ENG","playtime":766,"items_purged":["Defend_R"],"score":195,"play_id":"273691ac-a005-4456-8cb0-e5fb3b30560b","local_time":"20210220221841","is_ascension_mode":true,"campfire_choices":[{"data":"Rage","floor":6,"key":"SMITH"},{"data":"Pommel Strike","floor":8,"key":"SMITH"},{"data":"Strike_R","floor":11,"key":"SMITH"},{"data":"Shockwave","floor":15,"key":"SMITH"}],"circlet_count":0,"master_deck":["AscendersBane","Strike_R+1","Strike_R+1","Strike_R","Strike_R","Strike_R","Defend_R","Defend_R","Defend_R","Bash","Reaper","Sword Boomerang+1","Rage+1","Pommel Strike+1","Ghostly Armor","Spot Weakness","Shockwave+1"],"relics":["Burning Blood","Golden Idol","Ornamental Fan","Whetstone"],"acts_visited":["Exordium"],"potions_floor_usage":[7,7,14],"damage_taken":[{"damage":10,"enemies":"2 Louse","floor":1,"turns":3},{"damage":39,"enemies":"Gremlin Nob","floor":7,"turns":5},{"damage":7,"enemies":"Jaw Worm","floor":10,"turns":2},{"damage":0,"enemies":"Cultist","floor":12,"turns":3},{"damage":0,"enemies":"3 Louse","floor":13,"turns":5},{"damage":23,"enemies":"Lots of Slimes","floor":14,"turns":3},{"damage":66,"enemies":"Slime Boss","floor":16,"turns":9}],"seed_played":"5339149190013845405","potions_obtained":[{"floor":1,"key":"FearPotion"},{"floor":13,"key":"Strength Potion"}],"is_trial":false,"path_per_floor":["M","?","$","?","$","R","E","R","T","M","R","M","M","M","R","B"],"character_chosen":"IRONCLAD","items_purchased":["Rage","Block Potion"],"campfire_rested":0,"item_purchase_floors":[3,5],"current_hp_per_floor":[64,64,64,53,53,53,26,26,26,25,25,37,46,54,54,0,0],"gold":131,"neow_bonus":"ONE_RANDOM_RARE_CARD","is_daily":false,"chose_seed":false,"campfire_upgraded":4,"win_rate":0.0,"timestamp":1613855921,"path_taken":["M","?","$","?","$","R","E","R","T","M","R","?","M","M","R","BOSS"],"items_purchased_type":["Card","Potion"],"build_version":"2020-12-22","purchased_purges":1,"victory":false,"max_hp_per_floor":[75,68,68,68,68,68,68,68,68,68,68,68,68,68,68,68,68],"relic_stats":{"counters":[7,30],"Golden Idol":22,"Ornamental Fan":[20],"Whetstone":["Sword Boomerang","Strike_R"],"obtain_stats":[{"Golden Idol":2,"Ornamental Fan":7,"Whetstone":9,"Burning Blood":0},{"Golden Idol":1,"Ornamental Fan":2,"Whetstone":2,"Burning Blood":0},{"Golden Idol":3,"Ornamental Fan":8,"Whetstone":8,"Burning Blood":0}],"Burning Blood":36},"card_choices":[{"not_picked":["Wild Strike","Flex"],"picked":"Sword Boomerang","floor":1},{"not_picked":["Body Slam","Rupture"],"picked":"Pommel Strike","floor":7},{"not_picked":["Warcry","Clash"],"picked":"Ghostly Armor","floor":10},{"not_picked":["Thunderclap","Perfected Strike","Heavy Blade"],"picked":"SKIP","floor":12},{"not_picked":["Heavy Blade","Shrug It Off"],"picked":"Spot Weakness","floor":13},{"not_picked":["True Grit","Ghostly Armor"],"picked":"Shockwave","floor":14}],"player_experience":881806,"relics_obtained":[{"floor":7,"key":"Ornamental Fan"},{"floor":9,"key":"Whetstone"}],"event_choices":[{"damage_healed":0,"gold_gain":0,"player_choice":"Lose Max HP","damage_taken":0,"relics_obtained":["Golden Idol"],"max_hp_gain":0,"max_hp_loss":7,"event_name":"Golden Idol","floor":2,"gold_loss":0},{"damage_healed":0,"gold_gain":75,"player_choice":"Gather Gold","damage_taken":11,"max_hp_gain":0,"max_hp_loss":0,"event_name":"World of Goop","floor":4,"gold_loss":0}],"is_beta":false,"boss_relics":[],"items_purged_floors":[5],"is_endless":false,"potions_floor_spawned":[1,13],"killed_by":"Slime Boss","ascension_level":19}}