{"host":"u2qrfxkm3wve0vp3","time":1613838981,"event":{"mods":["AchievementEnabler","BaseMod","Downfall","Minty Spire (QoL Compilation)","Quick Restart","Shop Mod","StSLib","The Cursed","The Marked"],"gold_per_floor":[115,130,130,143,143,143,168,181,181,201,235,265,265,39,39,135,135,155,171,171,171,183,183,198,208,233,260,260,260,260],"floor_reached":29,"language":"ZHS","playtime":873,"items_purged":["theMarked:Strike"],"score":268,"play_id":"350e5499-a427-4d1b-a3ec-9209590257e6","local_time":"20210221003621","is_ascension_mode":true,"campfire_choices":[{"data":"theMarked:SoldierOfQuellstein","floor":6,"key":"SMITH"},{"data":"theMarked:BindingBlade","floor":15,"key":"SMITH"},{"data":"theMarked:Panic","floor":23,"key":"SMITH"},{"data":"theMarked:EternalStudent","floor":28,"key":"SMITH"}],"circlet_count":0,"master_deck":["theMarked:Strike","theMarked:Strike","theMarked:Defend+1","theMarked:Defend","theMarked:SoldierOfQuellstein+1","theMarked:EmpowerWeapon+1","theMarked:OneWithTheBlade","theMarked:AttractMetal","theMarked:BindingBlade+1","theMarked:Panic+1","theMarked:EternalStudent+1","theMarked:Static","theMarked:Polarize","theMarked:FavorableWinds"],"relics":["theMarked:ArtifactOfAir","Darkstone Periapt","Lizard Tail","theMarked:VonisonLock","Boot","War Paint","Pen Nib","theMarked:Eyepatch","theMarked:DemonDagger","Calipers"],"acts_visited":["Exordium","TheCity"],"potions_floor_usage":[16,19,19,27],"damage_taken":[{"damage":0,"enemies":"2 Louse","floor":1,"turns":2},{"damage":0,"enemies":"Small Slimes","floor":2,"turns":3},{"damage":1,"enemies":"Cultist","floor":4,"turns":3},{"damage":8,"enemies":"3 Sentries","floor":7,"turns":6},{"damage":1,"enemies":"2 Fungi Beasts","floor":8,"turns":3},{"damage":5,"enemies":"Looter","floor":10,"turns":2},{"damage":16,"enemies":"Gremlin Nob","floor":11,"turns":3},{"damage":2,"enemies":"The Guardian","floor":16,"turns":6},{"damage":4,"enemies":"Shell Parasite","floor":18,"turns":5},{"damage":22,"enemies":"3 Byrds","floor":19,"turns":4},{"damage":7,"enemies":"Snake Plant","floor":22,"turns":4},{"damage":10,"enemies":"Cultist and Chosen","floor":24,"turns":6},{"damage":2,"enemies":"3 Cultists","floor":25,"turns":4},{"damage":3,"enemies":"Gremlin Leader","floor":27,"turns":6},{"damage":20,"enemies":"Slavers","floor":29,"turns":3}],"seed_played":"-7740614966610872875","potions_obtained":[{"floor":8,"key":"Regen Potion"},{"floor":10,"key":"Ancient Potion"},{"floor":11,"key":"LiquidMemories"},{"floor":18,"key":"ColorlessPotion"},{"floor":22,"key":"SpeedPotion"},{"floor":25,"key":"Weak Potion"},{"floor":27,"key":"Fire Potion"}],"is_trial":false,"path_per_floor":["M","M","?","M","?","R","E","M","T","M","E","?","?","$","R","B",null,"M","M","?","?","M","R","M","M","T","E","R","E"],"character_chosen":"THE_DEFAULT","items_purchased":["Pen Nib"],"campfire_rested":0,"item_purchase_floors":[14],"current_hp_per_floor":[65,65,58,57,50,50,42,41,41,36,20,20,20,20,20,33,65,61,39,39,39,32,32,22,20,20,17,17,31,31],"gold":260,"neow_bonus":"REMOVE_TWO","is_daily":false,"chose_seed":false,"campfire_upgraded":4,"win_rate":0.0,"timestamp":1613838981,"path_taken":["M","M","?","M","?","R","E","M","T","M","E","?","?","$","R","BOSS","M","M","?","?","M","R","M","M","T","E","R","E"],"items_purchased_type":["Relic"],"build_version":"2020-12-22","purchased_purges":1,"victory":false,"max_hp_per_floor":[65,65,65,65,65,65,65,65,65,65,65,65,65,65,65,65,65,65,65,65,65,65,65,65,65,65,65,65,65,65],"card_choices":[{"not_picked":["theMarked:TakeCover","theMarked:ResourceFulStrike"],"picked":"theMarked:EmpowerWeapon","floor":1},{"not_picked":["theMarked:HeightenedSenses","theMarked:Overcharge"],"picked":"theMarked:OneWithTheBlade","floor":2},{"not_picked":["theMarked:WardOff","theMarked:ComboAttacks","theMarked:ChainLightning"],"picked":"SKIP","floor":4},{"not_picked":["theMarked:Vacuum","theMarked:ComboAttacks","theMarked:Improvise"],"picked":"SKIP","floor":7},{"not_picked":["theMarked:Parkour","theMarked:Parry"],"picked":"theMarked:AttractMetal","floor":8},{"not_picked":["theMarked:EnhanceMovement","theMarked:TwofoldDefense","theMarked:TakeCover"],"picked":"SKIP","floor":10},{"not_picked":["theMarked:Heritage","theMarked:WardOff"],"picked":"theMarked:BindingBlade","floor":11},{"not_picked":["theMarked:Abjuration","theMarked:Defy"],"picked":"theMarked:EternalStudent","floor":16},{"not_picked":["theMarked:Seal","theMarked:ElectricStrings","theMarked:TwofoldDefense+1"],"picked":"SKIP","floor":18},{"not_picked":["theMarked:TwofoldDefense","theMarked:BanishingWave"],"picked":"theMarked:Static","floor":19},{"not_picked":["theMarked:HeightenedSenses","theMarked:ResourceFulStrike"],"picked":"theMarked:Polarize","floor":22},{"not_picked":["theMarked:TwofoldDefense","theMarked:Memento+1","theMarked:RepellingDischarge"],"picked":"SKIP","floor":24},{"not_picked":["theMarked:Memento","theMarked:TwofoldDefense","theMarked:ChainLightning"],"picked":"SKIP","floor":25},{"not_picked":["theMarked:Electrify","theMarked:ChainLightning"],"picked":"theMarked:FavorableWinds","floor":27}],"player_experience":332338,"relics_obtained":[{"floor":7,"key":"Lizard Tail"},{"floor":9,"key":"theMarked:VonisonLock"},{"floor":11,"key":"Boot"},{"floor":26,"key":"theMarked:DemonDagger"},{"floor":27,"key":"Calipers"}],"event_choices":[{"damage_healed":0,"gold_gain":0,"player_choice":"Success","damage_taken":7,"relics_obtained":["Darkstone Periapt"],"max_hp_gain":0,"max_hp_loss":0,"event_name":"Scrap Ooze","floor":3,"gold_loss":0},{"cards_removed":["theMarked:Strike"],"damage_healed":0,"gold_gain":0,"player_choice":"Card Removal","damage_taken":7,"max_hp_gain":0,"max_hp_loss":0,"event_name":"Golden Wing","floor":5,"gold_loss":0},{"damage_healed":0,"gold_gain":30,"player_choice":"Searched \u00272\u0027 times","damage_taken":0,"relics_obtained":["War Paint"],"max_hp_gain":0,"max_hp_loss":0,"event_name":"Dead Adventurer","floor":12,"gold_loss":0},{"damage_healed":0,"gold_gain":0,"cards_transformed":["theMarked:Defend"],"player_choice":"Transformed","damage_taken":0,"max_hp_gain":0,"max_hp_loss":0,"event_name":"Transmorgrifier","floor":13,"gold_loss":0,"cards_obtained":["theMarked:Panic"]},{"damage_healed":0,"gold_gain":0,"player_choice":"Ignored","damage_taken":0,"max_hp_gain":0,"max_hp_loss":0,"event_name":"The Mausoleum","floor":20,"gold_loss":0}],"is_beta":false,"boss_relics":[{"not_picked":["Calling Bell","Cursed Key"],"picked":"theMarked:Eyepatch"}],"items_purged_floors":[14],"is_endless":false,"potions_floor_spawned":[8,10,11,18,22,25,27],"killed_by":"Slavers","ascension_level":1}}