{"host":"wri98rxht4656ll8","time":1613846361,"event":{"mods":["AchievementEnabler","BaseMod","Colored Map","Colored Powertips","Minty Spire (QoL Compilation)","Permanent Neow","StSLib"],"gold_per_floor":[119,294,244,244,244,244,87,103,129,162,38,52,71,71,71,71,71],"floor_reached":16,"language":"ENG","playtime":1370,"items_purged":["Strike_B"],"score":98,"play_id":"fed41623-e485-4bfa-893e-30c5bcc4e571","local_time":"20210220193921","is_ascension_mode":false,"campfire_choices":[{"data":"Zap","floor":6,"key":"SMITH"},{"floor":15,"key":"REST"}],"circlet_count":0,"master_deck":["Strike_B","Strike_B","Defend_B","Defend_B","Defend_B","Defend_B","Zap+1","Dualcast","Meteor Strike","White Noise","Melter","White Noise","Hologram","Conserve Battery"],"relics":["Cracked Core","Du-Vu Doll","Juzu Bracelet","Blood Vial","Toy Ornithopter"],"acts_visited":["Exordium"],"potions_floor_usage":[10,16],"damage_taken":[{"damage":3,"enemies":"Jaw Worm","floor":1,"turns":3},{"damage":3,"enemies":"2 Louse","floor":8,"turns":2},{"damage":44,"enemies":"3 Sentries","floor":10,"turns":10},{"damage":0,"enemies":"Small Slimes","floor":12,"turns":3},{"damage":3,"enemies":"2 Fungi Beasts","floor":13,"turns":4},{"damage":21,"enemies":"Slime Boss","floor":16,"turns":10}],"seed_played":"-8755660691059600808","potions_obtained":[{"floor":1,"key":"Strength Potion"},{"floor":8,"key":"LiquidMemories"},{"floor":12,"key":"Explosive Potion"}],"is_trial":false,"path_per_floor":["M","?","?","?","?","R","$","M","T","E","$","M","M","?","R","B"],"character_chosen":"DEFECT","items_purchased":["Juzu Bracelet","Hologram"],"campfire_rested":1,"item_purchase_floors":[7,11],"current_hp_per_floor":[65,65,65,47,47,47,47,44,44,2,2,4,3,3,23,9,9],"gold":71,"neow_bonus":"THREE_RARE_CARDS","is_daily":false,"chose_seed":false,"campfire_upgraded":1,"win_rate":0.0,"timestamp":1613846361,"path_taken":["M","?","?","?","?","R","$","M","T","E","$","M","M","?","R","BOSS"],"items_purchased_type":["Relic","Card"],"build_version":"2020-12-22","purchased_purges":1,"victory":false,"max_hp_per_floor":[68,68,68,68,68,68,68,68,68,68,68,68,68,68,68,68,68],"card_choices":[{"not_picked":["Thunder Strike","Reboot"],"picked":"Meteor Strike","floor":0},{"not_picked":["Redo","Chaos"],"picked":"White Noise","floor":1},{"not_picked":["Stack","Streamline","Chill"],"picked":"SKIP","floor":8},{"not_picked":["Storm","Leap"],"picked":"White Noise","floor":10},{"not_picked":["Capacitor","Hello World"],"picked":"Conserve Battery","floor":12},{"not_picked":["Loop","Compile Driver","Static Discharge"],"picked":"SKIP","floor":13}],"player_experience":241401,"relics_obtained":[{"floor":9,"key":"Blood Vial"},{"floor":10,"key":"Toy Ornithopter"}],"event_choices":[{"damage_healed":0,"gold_gain":175,"player_choice":"AGREE","damage_taken":0,"max_hp_gain":0,"max_hp_loss":0,"event_name":"Liars Game","floor":2,"gold_loss":0,"cards_obtained":["Doubt"]},{"cards_removed":["Doubt"],"damage_healed":0,"gold_gain":0,"player_choice":"Card Removal","damage_taken":0,"max_hp_gain":0,"max_hp_loss":0,"event_name":"The Cleric","floor":3,"gold_loss":50},{"damage_healed":0,"gold_gain":0,"player_choice":"Success","damage_taken":18,"relics_obtained":["Du-Vu Doll"],"max_hp_gain":0,"max_hp_loss":0,"event_name":"Scrap Ooze","floor":4,"gold_loss":0},{"damage_healed":0,"gold_gain":0,"cards_transformed":["Strike_B"],"player_choice":"Change","damage_taken":0,"max_hp_gain":0,"max_hp_loss":0,"event_name":"Living Wall","floor":5,"gold_loss":0,"cards_obtained":["Melter"]},{"damage_healed":0,"gold_gain":0,"player_choice":"Searched \u00270\u0027 times","damage_taken":0,"max_hp_gain":0,"max_hp_loss":0,"event_name":"Dead Adventurer","floor":14,"gold_loss":0}],"is_beta":false,"boss_relics":[],"items_purged_floors":[11],"is_endless":false,"potions_floor_spawned":[1,8,12],"killed_by":"Slime Boss","ascension_level":0}}