{"host":"o9lehcdjc4u6j9un","time":1613840519,"event":{"mods":["Aspiration","BaseMod","Better-Laid Plans","Bossed Relics","Colored Map","Downfall","Gremlin Mod","Hermit","Koishi","Marisa£®ÏF”Í°°ƒß¿Ì…≥£©","Minty Spire (QoL Compilation)","Reimu£®≤©¿ˆ¡È√Œ£©","Remilia£®¿Ÿ√◊¿Ú—«£©","Robot Space Explorer","StSLib","The Alterego","The Hierophant","The Jungle","The Marked","The Runesmith","The Senshi","The Servant 0.9.4","Yakumo Yukari mod","Youmu£®ªÍ∆«—˝√Œ£©","≤–¡Ù÷ÆŒÔ"],"gold_per_floor":[117,129,141,141,159,187,187,199,222,253,269,107,121,131,131,229,229,249,260,260,274,274],"floor_reached":21,"language":"ZHS","playtime":5217,"items_purged":["theSenshi:SailorBlock"],"score":197,"play_id":"25708fff-a82a-49dd-bbd5-c434f00aef6e","local_time":"20210221010159","is_ascension_mode":false,"campfire_choices":[{"floor":7,"key":"REST"},{"floor":15,"key":"REST"}],"circlet_count":0,"master_deck":["theSenshi:SailorKick","theSenshi:SailorKick","theSenshi:SailorKick","theSenshi:SailorKick","theSenshi:SailorBlock","theSenshi:SailorBlock","theSenshi:RoseThrow","theSenshi:MoonPrismPowerMakeUp","theSenshi:TuxedoSmokingBomber","theSenshi:MoonCosmicPowerMakeUp","theSenshi:LunasBite","theSenshi:NeptunesGrace","theSenshi:MoonPunch","theSenshi:SailorVenusAssists","theSenshi:TallSilhouette","theSenshi:WarriorOfTheMoon","theSenshi:GatheringStrength","theSenshi:Sidestep","theSenshi:SailorMercuryAssists","theSenshi:SailorVenusAssists","theSenshi:JupitersPower","theSenshi:LateForSchool","theSenshi:MoonKick+1","theSenshi:MoonPunch+1"],"relics":["theSenshi:TransformationBroochRelic","aspiration:StickyExplosives_weak","Vajra","Oddly Smooth Stone","aspiration:PoetsPen_weak","theJungle:WildStrawberry"],"acts_visited":["Exordium","Exordium"],"potions_floor_usage":[5,8,14,18,21,21],"damage_taken":[{"damage":2,"enemies":"Jaw Worm","floor":1,"turns":2},{"damage":3,"enemies":"Cultist","floor":2,"turns":4},{"damage":0,"enemies":"Small Slimes","floor":3,"turns":3},{"damage":5,"enemies":"Gremlin Gang","floor":5,"turns":3},{"damage":24,"enemies":"Gremlin Nob","floor":6,"turns":4},{"damage":4,"enemies":"Looter","floor":8,"turns":2},{"damage":14,"enemies":"Lagavulin","floor":10,"turns":5},{"damage":0,"enemies":"Exordium Wildlife","floor":11,"turns":2},{"damage":5,"enemies":"2 Fungi Beasts","floor":13,"turns":3},{"damage":2,"enemies":"Exordium Thugs","floor":14,"turns":3},{"damage":6,"enemies":"The Guardian","floor":16,"turns":13},{"damage":2,"enemies":"theJungle:MUSHROOMGANG","floor":18,"turns":4},{"damage":2,"enemies":"Shell Parasite","floor":19,"turns":4},{"damage":17,"enemies":"theJungle:2_Flameangoes","floor":21,"turns":4}],"seed_played":"-389131829455748560","potions_obtained":[{"floor":2,"key":"Swift Potion"},{"floor":3,"key":"Fire Potion"},{"floor":6,"key":"Fire Potion"},{"floor":13,"key":"SkillPotion"},{"floor":14,"key":"Guardian:BlockOnCardUsePotion"},{"floor":18,"key":"ColorlessPotion"},{"floor":19,"key":"AttackPotion"},{"floor":21,"key":"Energy Potion"}],"is_trial":false,"path_per_floor":["M","M","M","?","M","E","R","M","T","E","M","$","M","M","R","B",null,"M","M","?","M"],"character_chosen":"THE_SENSHI","items_purchased":["theSenshi:GatheringStrength","theSenshi:Sidestep"],"campfire_rested":2,"item_purchase_floors":[12,12],"current_hp_per_floor":[80,77,77,77,72,48,72,68,68,54,54,54,49,47,71,65,82,80,78,71,54,54],"gold":274,"neow_bonus":"TEN_PERCENT_HP_BONUS","is_daily":false,"chose_seed":false,"campfire_upgraded":0,"win_rate":0.0,"timestamp":1613840519,"path_taken":["M","M","M","?","M","E","R","M","T","E","M","$","M","M","R","BOSS","M","M","?","M"],"items_purchased_type":["Card","Card"],"build_version":"2020-12-22","purchased_purges":1,"victory":false,"max_hp_per_floor":[82,82,82,82,82,82,82,82,82,82,82,82,82,82,82,82,82,82,82,89,89,89],"card_choices":[{"not_picked":["theSenshi:SailorPlanetPower","theSenshi:SailorUranusAssists"],"picked":"theSenshi:TuxedoSmokingBomber","floor":1},{"not_picked":["theSenshi:Overload","theSenshi:MoonPower"],"picked":"theSenshi:MoonCosmicPowerMakeUp","floor":2},{"not_picked":["theSenshi:EncouragingSpeech","theSenshi:HesSoDreamy"],"picked":"theSenshi:LunasBite","floor":3},{"not_picked":["theSenshi:MoonPrincessHalation","theSenshi:MoonlightKnight"],"picked":"theSenshi:NeptunesGrace","floor":5},{"not_picked":["theSenshi:SailorUranusAssists","theSenshi:LunaWiseMentor"],"picked":"theSenshi:MoonPunch","floor":6},{"not_picked":["theSenshi:SailorMarsAssists","theSenshi:MoonKick"],"picked":"theSenshi:SailorVenusAssists","floor":8},{"not_picked":["theSenshi:HesSoDreamy","theSenshi:TuxedoSmokingBomber"],"picked":"theSenshi:TallSilhouette","floor":10},{"not_picked":["theSenshi:PlutosSolemnity","theSenshi:SchoolBag"],"picked":"theSenshi:WarriorOfTheMoon","floor":11},{"not_picked":["theSenshi:MoonsReflection","theSenshi:MoonlightKnight"],"picked":"theSenshi:SailorMercuryAssists","floor":13},{"not_picked":["theSenshi:GatheringStrength","theSenshi:RainbowMoonHeartAche"],"picked":"theSenshi:SailorVenusAssists","floor":14},{"not_picked":["theSenshi:InTheNameOfTheMoon","theSenshi:StudyParty"],"picked":"theSenshi:JupitersPower","floor":16},{"not_picked":["theSenshi:MoonCosmicPowerMakeUp","theSenshi:EncouragingSpeech"],"picked":"theSenshi:LateForSchool","floor":18},{"not_picked":["theSenshi:MoonHealingEscalation","theSenshi:SailorChibiMoonAssists+1"],"picked":"theSenshi:MoonKick+1","floor":19},{"not_picked":["theSenshi:SailorMercuryAssists","theSenshi:YouCanTalk"],"picked":"theSenshi:MoonPunch+1","floor":21}],"player_experience":394605,"relics_obtained":[{"floor":6,"key":"aspiration:StickyExplosives_weak"},{"floor":9,"key":"Vajra"},{"floor":10,"key":"Oddly Smooth Stone"}],"event_choices":[{"cards_removed":["theSenshi:SailorBlock"],"damage_healed":0,"gold_gain":0,"player_choice":"Purged","damage_taken":0,"max_hp_gain":0,"max_hp_loss":0,"event_name":"Purifier","floor":4,"gold_loss":0}],"is_beta":false,"boss_relics":[{"not_picked":["aspiration:IroncladSkillbook","Astrolabe"],"picked":"aspiration:PoetsPen_weak"}],"items_purged_floors":[12],"is_endless":false,"potions_floor_spawned":[2,3,6,13,14,18,19,21],"killed_by":"theJungle:2_Flameangoes","ascension_level":0}}