{"host":"0wmeqr6jlf4kz37n","time":1613802934,"event":{"mods":["Act Like it!","BaseMod","Minty Spire (QoL Compilation)","Quick Restart","StSLib","TestMod","The Animator"],"gold_per_floor":[124,134,94,122,149,149,179,202,202,23,62,81,115,131,131,241,241,256,273,372,388,407,451,451,851,876,894,45,92,92,115,115,241,241,260,7,7,7,56,90,90,0,0,0,0,0,18,49,49,49,49,49,549,599,654,654,654,41,41,41],"floor_reached":59,"language":"ZHS","playtime":10219,"items_purged":["animator:Strike","animator:Strike","animator:Strike"],"score":926,"play_id":"80793d83-d944-499b-afa3-e7ccdf371d94","local_time":"20210220143534","is_ascension_mode":false,"campfire_choices":[{"data":"animator:PandorasActor","floor":6.0,"key":"SMITH"},{"data":"animator:EmiyaShirou","floor":15,"key":"SMITH"},{"data":"animator:DolaRiku","floor":24,"key":"SMITH"},{"data":"animator:Nanami","floor":30,"key":"SMITH"},{"data":"animator:Hibiki","floor":32,"key":"SMITH"},{"data":"animator:Shichika","floor":41,"key":"SMITH"},{"data":"animator:Shichika","floor":44,"key":"SMITH"},{"floor":46,"key":"RECALL"},{"data":"animator:Elesis","floor":49,"key":"SMITH"},{"data":"animator:Saber","floor":52,"key":"SMITH"}],"circlet_count":0,"master_deck":["animator:Strike_Fate","animator:Defend_Fate+1","animator:Defend","animator:Defend+1","animator:Defend+1","animator:Alexander+1","animator:Rider+1","animator:PandorasActor+1","animator:Ara+1","animator:Assassin+1","animator:Shichika+1","animator:IzunaHatsuse","animator:Nanami+1","animator:EmiyaShirou+1","animator:UneriGinkaku+1","animator:Shichika+1","animator:Albedo+1","animator:Rena+1","animator:DolaRiku+1","animator:Berserker","animator:Alexander+1","animator:Hibiki+1","animator:Nanami+1","animator:Darkness","animator:Sora+1","animator:Saber+1","animator:EmiyaShirou+1","animator:Chung","animator:Nanami+1","animator:Elesis+1"],"relics":["animator:TheEgnaroPiece","animator:AncientMedallion"],"acts_visited":["Exordium","TheCity","TheBeyond","TheEnding","EYB:TheUnnamedReign"],"potions_floor_usage":[7,16,16,21,33,33,40,48,59,59],"damage_taken":[{"damage":0.0,"enemies":"2 Louse","floor":1.0,"turns":1.0},{"damage":0.0,"enemies":"Cultist","floor":2.0,"turns":1.0},{"damage":0.0,"enemies":"Jaw Worm","floor":4.0,"turns":1.0},{"damage":8.0,"enemies":"Blue Slaver","floor":5.0,"turns":6.0},{"damage":23,"enemies":"Lagavulin","floor":7,"turns":8},{"damage":3,"enemies":"Exordium Wildlife","floor":8,"turns":3},{"damage":1,"enemies":"3 Sentries","floor":11,"turns":3},{"damage":2,"enemies":"Exordium Thugs","floor":12,"turns":3},{"damage":0,"enemies":"3 Louse","floor":13,"turns":3},{"damage":0,"enemies":"2 Fungi Beasts","floor":14,"turns":2},{"damage":0,"enemies":"Slime Boss","floor":16,"turns":4},{"damage":7,"enemies":"Shell Parasite","floor":18,"turns":4},{"damage":0,"enemies":"2 Thieves","floor":19,"turns":2},{"damage":0,"enemies":"Sentry and Sphere","floor":21,"turns":2},{"damage":2,"enemies":"Cultist and Chosen","floor":22,"turns":4},{"damage":19,"enemies":"Book of Stabbing","floor":23,"turns":7},{"damage":0,"enemies":"Snake Plant","floor":27,"turns":2},{"damage":0,"enemies":"Gremlin Leader","floor":29,"turns":5},{"damage":3,"enemies":"Centurion and Healer","floor":31,"turns":3},{"damage":37,"enemies":"Automaton","floor":33,"turns":8},{"damage":4,"enemies":"3 Darklings","floor":35,"turns":3},{"damage":0,"enemies":"Mind Bloom Boss Battle","floor":39,"turns":9},{"damage":15,"enemies":"Reptomancer","floor":40,"turns":7},{"damage":8,"enemies":"3 Shapes","floor":47,"turns":4},{"damage":19,"enemies":"Nemesis","floor":48,"turns":5},{"damage":40,"enemies":"Awakened One","floor":50,"turns":13},{"damage":9,"enemies":"animator:UNNAMED_CULTIST_1","floor":54,"turns":10},{"damage":2,"enemies":"animator:UNNAMED_HAT","floor":55,"turns":6},{"damage":11,"enemies":"animator:UNNAMED_CULTIST_2","floor":59,"turns":11}],"seed_played":"-2942952799910176203","potions_obtained":[{"floor":3.0,"key":"CultistPotion"},{"floor":3.0,"key":"SteroidPotion"},{"floor":3.0,"key":"EssenceOfSteel"},{"floor":12,"key":"Fire Potion"},{"floor":13,"key":"BlessingOfTheForge"},{"floor":14,"key":"Energy Potion"},{"floor":18,"key":"testmod-EscapePotion"},{"floor":19,"key":"Explosive Potion"},{"floor":21,"key":"SpeedPotion"},{"floor":27,"key":"AttackPotion"},{"floor":35,"key":"ColorlessPotion"},{"floor":45,"key":"EntropicBrew"},{"floor":45,"key":"testmod-TestPotion"},{"floor":48,"key":"testmod-EscapePotion"},{"floor":54,"key":"animator:FalseLifePotion"},{"floor":55,"key":"animator:FalseLifePotion"}],"is_trial":false,"path_per_floor":["M","M","?","M","M","R","E","M","T","$","E","M","M","M","R","B",null,"M","M","?","M","M","E","R","?","T","M","$","E","R","M","R","B",null,"M","$","?","$","?","E","R","?","T","R","?","R","M","E","R","B",null,"R","??","M","M","T","?","$","M"],"character_chosen":"THE_ANIMATOR","items_purchased":["ClockworkSouvenir","Toxic Egg 2","OrangePellets","Question Card","animator:Hibiki","Strawberry","animator:Saber","testmod-Charity","animator:AncientMedallion","animator:AncientMedallion"],"campfire_rested":0,"item_purchase_floors":[10,28,28,28,28,28,36,36,58,58],"current_hp_per_floor":[66,66,66,66,58,58,35,33,33,33,32,31,31,31,31,32,69,62,62,62,62,60,41,41,41,41,41,48,48,48,45,45,14,76,73,73,73,73,80,106,106,106,106,106,106,106,104,116,116,125,134,134,98,89,91,91,41,41,50,50],"gold":41,"neow_bonus":"THREE_ENEMY_KILL","is_daily":false,"chose_seed":false,"campfire_upgraded":9,"win_rate":0.0,"timestamp":1613802934,"path_taken":["M","M","?","M","?","R","E","M","T","$","E","M","M","M","R","BOSS","M","M","?","M","M","E","R","?","T","M","$","E","R","M","R","BOSS","M","$","?","?","?","E","R","?","T","R","?","R","M","E","R","BOSS","R","??","M","M","T","?","$","M"],"items_purchased_type":["Relic","Relic","Relic","Relic","Card","Relic","Card","Relic","Relic","Relic"],"build_version":"2020-12-22","purchased_purges":3,"victory":false,"max_hp_per_floor":[66,66,66,66,66,66,66,67,67,67,67,68,68,68,68,69,69,69,69,69,69,69,69,69,69,69,69,76,76,76,76,76,76,76,76,76,76,76,80,106,106,106,106,106,106,106,111,116,116,134,134,134,98,98,98,98,98,98,98,98],"card_choices":[{"not_picked":["animator:Genos","animator:Lu"],"picked":"animator:PandorasActor","floor":1.0},{"not_picked":["animator:Cocytus","animator:YunYun"],"picked":"animator:Ara","floor":2.0},{"not_picked":["animator:PandorasActor","animator:Ara"],"picked":"animator:Assassin","floor":4.0},{"not_picked":["animator:Konayuki","animator:UneriGinkaku"],"picked":"animator:Shichika","floor":5.0},{"not_picked":["animator:Verdia","animator:ChlammyZell"],"picked":"animator:IzunaHatsuse","floor":7},{"not_picked":["animator:Entoma","animator:Sonic"],"picked":"animator:Nanami","floor":8},{"not_picked":["animator:SakuraMatou","animator:PandorasActor","animator:Emonzaemon"],"picked":"SKIP","floor":11},{"not_picked":["animator:Illya","animator:ShinjiMatou"],"picked":"animator:EmiyaShirou","floor":12},{"not_picked":["animator:MetalKnight","animator:Geryuganshoop"],"picked":"animator:UneriGinkaku","floor":13},{"not_picked":["animator:DolaSchwi","animator:Caster"],"picked":"animator:Shichika","floor":14},{"not_picked":["animator:Hans","animator:Boros"],"picked":"animator:Albedo","floor":16},{"not_picked":["animator:RinTohsaka","animator:DolaRiku"],"picked":"animator:Rena+1","floor":18},{"not_picked":["animator:Kazuma","animator:Evileye+1","animator:Sonic"],"picked":"SKIP","floor":21},{"not_picked":["animator:Assassin","animator:Laby"],"picked":"animator:DolaRiku","floor":22},{"not_picked":["animator:Konayuki","animator:Azekura+1"],"picked":"animator:Berserker","floor":23},{"not_picked":["animator:Caster","animator:Berserker"],"picked":"animator:Alexander","floor":27},{"not_picked":["animator:MumenRider","animator:Elsword","animator:Archer"],"picked":"animator:Nanami+1","floor":29},{"not_picked":["animator:PandorasActor+1","animator:DolaSchwi","animator:Verdia+1"],"picked":"animator:Darkness","floor":31},{"not_picked":["animator:Biyorigo","animator:Ainz","animator:Albedo"],"picked":"animator:Sora+1","floor":33},{"not_picked":["animator:Chung+1","animator:Ara+1","animator:DolaRiku+1","animator:YunYun"],"picked":"SKIP","floor":35},{"not_picked":["animator:Assassin","animator:PandorasActor+1","animator:DolaSchwi+1"],"picked":"animator:Chung+1","floor":39},{"not_picked":["animator:Azekura+1","animator:Togame+1","animator:ZankiKiguchi"],"picked":"animator:Nanami+1","floor":40},{"not_picked":["animator:ChlammyZell+1","animator:Ain","animator:Demiurge+1","animator:Laby+1"],"picked":"SKIP","floor":47},{"not_picked":["animator:Konayuki+1","animator:ShinjiMatou+1","animator:Geryuganshoop+1"],"picked":"animator:Elesis","floor":48},{"not_picked":["animator:DolaRiku","animator:DolaCouronne","animator:Ciel"],"picked":"SKIP","floor":54},{"not_picked":["animator:Aqua","animator:Azekura","animator:Caster"],"picked":"SKIP","floor":55}],"player_experience":308507,"relics_obtained":[{"floor":7,"key":"The Courier"},{"floor":9,"key":"Turnip"},{"floor":11,"key":"Anchor"},{"floor":23,"key":"Vajra"},{"floor":29,"key":"Bird Faced Urn"},{"floor":39,"key":"Champion Belt"},{"floor":40,"key":"testmod-OneHitWonder"},{"floor":43,"key":"Mummified Hand"},{"floor":53,"key":"animator:TheEgnaroPiece"},{"floor":53,"key":"animator:AncientMedallion"},{"floor":56,"key":"animator:AncientMedallion"}],"event_choices":[{"damage_healed":0.0,"max_hp_gain":0.0,"max_hp_loss":0.0,"gold_gain":0.0,"event_name":"The Woman in Blue","player_choice":"Bought 3 Potions","floor":3.0,"gold_loss":0.0,"damage_taken":0.0},{"damage_healed":0,"gold_gain":99,"player_choice":"Stole From Cult","damage_taken":0,"max_hp_gain":0,"max_hp_loss":0,"event_name":"Nest","floor":20,"gold_loss":0},{"damage_healed":0,"gold_gain":400,"player_choice":"Sell","damage_taken":0,"max_hp_gain":0,"max_hp_loss":0,"event_name":"¶÷ÂåË¹µÄÅÌ×Ó","floor":25,"relics_lost":["NeowsBlessing"],"gold_loss":0},{"damage_healed":0,"gold_gain":0,"player_choice":"Copied","damage_taken":0,"max_hp_gain":0,"max_hp_loss":0,"event_name":"Duplicator","floor":37,"gold_loss":0,"cards_obtained":["animator:EmiyaShirou"]},{"damage_healed":0,"gold_gain":0,"player_choice":"Fight","damage_taken":0,"max_hp_gain":0,"max_hp_loss":0,"event_name":"MindBloom","floor":39,"gold_loss":0},{"damage_healed":0,"gold_gain":0,"player_choice":"Paid","damage_taken":0,"relics_obtained":["Red Mask"],"max_hp_gain":0,"max_hp_loss":0,"event_name":"Tomb of Lord Red Mask","floor":42,"gold_loss":90},{"damage_healed":0,"gold_gain":0,"player_choice":"Got Potions","damage_taken":0,"max_hp_gain":0,"max_hp_loss":0,"event_name":"Lab","floor":45,"gold_loss":0}],"is_beta":false,"boss_relics":[{"not_picked":["Philosopher\u0027s Stone","Calling Bell"],"picked":"animator:VividPicture"},{"not_picked":["Mark of Pain","testmod-DeterminationOfClimber"],"picked":"testmod-SaigiyounoYou"}],"items_purged_floors":[10,28,58],"is_endless":false,"potions_floor_spawned":[5,12,13,14,18,19,21,27,29,35,48],"killed_by":"animator:UNNAMED_CULTIST_2","ascension_level":0}}