{"host":"6ggzka4dag2kvku2","time":1613833344,"event":{"mods":["AchievementEnabler","BaseMod","DeckTracker","Minty Spire (QoL Compilation)","Permanent Neow","Quick Restart","SuperFastMode"],"gold_per_floor":[362,83,95,114,127,152,152,185,254,268,268,10,37,76,88,100,100],"floor_reached":16,"language":"KOR","playtime":508,"items_purged":["Regret"],"score":134,"play_id":"1372439f-5900-49d6-b37c-77e2709ab9de","local_time":"20210221000224","is_ascension_mode":true,"campfire_choices":[{"data":"Sunder","floor":7,"key":"SMITH"},{"floor":15,"key":"REST"}],"circlet_count":0,"master_deck":["Strike_B","Strike_B","Strike_B","Strike_B","Defend_B","Defend_B","Defend_B","Defend_B","Zap","Dualcast","Streamline","Hologram","Beam Cell","Self Repair","Conserve Battery","Sunder+1","Static Discharge","Coolheaded","Loop+1","Double Energy"],"relics":["Cracked Core","Centennial Puzzle","Bottled Flame","TungstenRod","Frozen Egg 2","CeramicFish","Cables","MawBank"],"acts_visited":["Exordium"],"potions_floor_usage":[8,13,16,16],"damage_taken":[{"damage":12,"enemies":"Small Slimes","floor":1,"turns":3},{"damage":0,"enemies":"2 Louse","floor":3,"turns":2},{"damage":1,"enemies":"Cultist","floor":4,"turns":3},{"damage":8,"enemies":"3 Louse","floor":5,"turns":2},{"damage":34,"enemies":"3 Sentries","floor":6,"turns":9},{"damage":18,"enemies":"Lagavulin","floor":8,"turns":5},{"damage":5,"enemies":"Exordium Thugs","floor":10,"turns":4},{"damage":8,"enemies":"Lots of Slimes","floor":13,"turns":4},{"damage":17,"enemies":"3 Sentries","floor":14,"turns":9},{"damage":32,"enemies":"Hexaghost","floor":16,"turns":7}],"seed_played":"-254079597953882606","potions_obtained":[{"floor":1,"key":"Ancient Potion"},{"floor":3,"key":"Weak Potion"},{"floor":8,"key":"PowerPotion"},{"floor":14,"key":"LiquidBronze"}],"is_trial":false,"path_per_floor":["M","$","M","M","M","E","R","E","T","M","?","$","M","E","R","B"],"character_chosen":"DEFECT","items_purchased":["Hologram","Centennial Puzzle","Cables"],"campfire_rested":1,"item_purchase_floors":[2,2,12],"current_hp_per_floor":[63,63,63,62,61,34,34,23,23,25,20,20,19,9,31,0,0],"gold":100,"neow_bonus":"TWO_FIFTY_GOLD","is_daily":false,"chose_seed":false,"campfire_upgraded":1,"win_rate":0.0,"timestamp":1613833344,"path_taken":["M","$","M","M","M","E","R","E","T","M","?","$","M","E","R","BOSS"],"items_purchased_type":["Card","Relic","Relic"],"build_version":"2020-12-22","purchased_purges":1,"victory":false,"max_hp_per_floor":[75,75,75,75,75,75,75,75,75,75,75,75,75,75,75,75,75],"card_choices":[{"not_picked":["Gash","Beam Cell"],"picked":"Streamline","floor":1},{"not_picked":["Darkness","Blizzard"],"picked":"Beam Cell","floor":3},{"not_picked":["Streamline","Rebound"],"picked":"Self Repair","floor":4},{"not_picked":["Scrape","Sweeping Beam"],"picked":"Conserve Battery","floor":5},{"not_picked":["Tempest","Melter"],"picked":"Sunder","floor":6},{"not_picked":["Heatsinks","Barrage"],"picked":"Static Discharge","floor":8},{"not_picked":["Rebound","Thunder Strike"],"picked":"Coolheaded","floor":10},{"not_picked":["Sweeping Beam","Rebound"],"picked":"Loop+1","floor":13},{"not_picked":["Hologram","Stack"],"picked":"Double Energy","floor":14}],"player_experience":122257,"relics_obtained":[{"floor":6,"key":"Bottled Flame"},{"floor":8,"key":"TungstenRod"},{"floor":9,"key":"Frozen Egg 2"},{"floor":14,"key":"MawBank"}],"event_choices":[{"damage_healed":0,"gold_gain":0,"player_choice":"Success","damage_taken":7,"relics_obtained":["CeramicFish"],"max_hp_gain":0,"max_hp_loss":0,"event_name":"Scrap Ooze","floor":11,"gold_loss":0}],"is_beta":false,"boss_relics":[],"items_purged_floors":[2],"is_endless":false,"potions_floor_spawned":[1,3,8,14],"killed_by":"Hexaghost","ascension_level":2}}