{"host":"jvd5k9mqzerszifx","time":1613845515,"event":{"mods":["AchievementEnabler","Act Like it!","BaseMod","Bestiary","Better Note","Better Third Choice","Colored Map","Colored Powertips","Conspire","DeckTracker","Gensokyo","GungeonMod","Hallownest","Hermit","Hubris","Infinite Spire","Jorbs\u0027s Wanderer Trilogy","Koishi","KomeijiMod","Marisa（F雨　魔理沙）","Minty Spire (QoL Compilation)","MostiFishMod","Relic Stats","Replay The Spire","Reworked Bosses","Shop Mod","Spicy Shops","StSLib","The Administrix","The Bug Knight","The Cursed","The Hierophant","The Jungle","The Servant 0.9.4","Youmu（魂魄妖梦）","【功能Mod】聪明的最终Boss"],"gold_per_floor":[124,104,104,104,104,104,168,168,222,222,222,246,67,121,121,269,269,301,101,101,123,149,149,69,69,117,34,176,560,600,89,89,243,243,283,823,46,46,74,228,292,292,292,292,0,0,0,134,134,134,134,134,68,140,180],"floor_reached":56,"language":"ZHS","playtime":2547,"items_purged":[],"score":3221,"play_id":"140adace-703b-427d-b11d-7ccb72b7e806","local_time":"20210221022515","is_ascension_mode":true,"campfire_choices":[{"data":"TheCursedMod:Strike_TheCursed","floor":6,"key":"PURGE"},{"data":"TheCursedMod:Strike_TheCursed","floor":6,"key":"PURGE"},{"data":"TheCursedMod:Strike_TheCursed","floor":6,"key":"PURGE"},{"data":"TheCursedMod:Defend_TheCursed","floor":6,"key":"PURGE"},{"data":"TheCursedMod:Defend_TheCursed","floor":6,"key":"PURGE"},{"data":"TheCursedMod:Defend_TheCursed","floor":6,"key":"PURGE"},{"data":"TheCursedMod:Strike_TheCursed","floor":6,"key":"SMITH"},{"data":"TheCursedMod:Defend_TheCursed","floor":6,"key":"SMITH"},{"data":"TheCursedMod:CursedWand","floor":6,"key":"SMITH"},{"data":"TheCursedMod:CleanUpWorkshop","floor":6,"key":"SMITH"},{"data":"TheCursedMod:SmokeScreen","floor":6,"key":"SMITH"},{"data":"TheCursedMod:SpitefulStrike","floor":6,"key":"SMITH"},{"data":"TheCursedMod:Stretching","floor":6,"key":"SMITH"},{"floor":6,"key":"REST"},{"data":"TheCursedMod:Stigma","floor":10,"key":"SMITH"},{"floor":10,"key":"RECALL"},{"data":"TheCursedMod:WearCloak","floor":15,"key":"SMITH"},{"data":"TheCursedMod:Hemoplague","floor":15,"key":"SMITH"},{"data":"TheCursedMod:WearCloak","floor":15,"key":"SMITH"},{"floor":15,"key":"REST"},{"data":"TheCursedMod:CursedRelics","floor":23,"key":"SMITH"},{"data":"TheCursedMod:Grudge","floor":23,"key":"SMITH"},{"data":"TheCursedMod:AbyssShockwave","floor":23,"key":"SMITH"},{"data":"TheCursedMod:SpitefulPray","floor":23,"key":"SMITH"},{"data":"TheCursedMod:CursedBlade","floor":23,"key":"SMITH"},{"floor":23,"key":"REST"},{"data":"TheCursedMod:LuckyCharm","floor":32,"key":"SMITH"},{"data":"TheCursedMod:Wield","floor":32,"key":"SMITH"},{"data":"TheCursedMod:CircleOfFlame","floor":32,"key":"SMITH"},{"data":"TheCursedMod:ReleasedKnowledge","floor":32,"key":"SMITH"},{"data":"TheCursedMod:Stretching","floor":32,"key":"SMITH"},{"data":"TheCursedMod:HellfireBreathing","floor":32,"key":"SMITH"},{"floor":32,"key":"REST"},{"data":"TheCursedMod:CursedRelics","floor":49,"key":"SMITH"},{"data":"TheCursedMod:Hemoplague","floor":49,"key":"SMITH"},{"data":"TheCursedMod:CircleOfFlame","floor":49,"key":"SMITH"},{"data":"TheCursedMod:CircleOfCorruption","floor":49,"key":"SMITH"},{"data":"MostiFishMod:ButterFly","floor":49,"key":"SMITH"},{"data":"ReplayTheSpireMod:Chaos Vortex","floor":49,"key":"SMITH"},{"data":"TheCursedMod:VitalStrike","floor":49,"key":"SMITH"},{"floor":49,"key":"REST"},{"data":"TheCursedMod:AbyssShockwave","floor":52,"key":"SMITH"},{"floor":52,"key":"REST"}],"circlet_count":0,"master_deck":["TheCursedMod:Defend_TheCursed+1","TheCursedMod:CursedWand+1","TheCursedMod:CleanUpWorkshop+1","TheCursedMod:Dregs","TheCursedMod:SmokeScreen+1","TheCursedMod:SpitefulStrike+1","TheCursedMod:Stretching+1","TheCursedMod:Stigma+1","TheCursedMod:Hemoplague+1","TheCursedMod:WearCloak+1","TheCursedMod:CursedRelics+1","TheCursedMod:Grudge+1","TheCursedMod:AbyssShockwave+1","TheCursedMod:SpitefulPray+1","TheCursedMod:Obscuration+1","TheCursedMod:CursedBlade+1","TheCursedMod:LuckyCharm+1","TheCursedMod:Wield+1","TheCursedMod:CircleOfFlame+1","TheCursedMod:ReleasedKnowledge+1","TheCursedMod:Stretching+1","TheCursedMod:HellfireBreathing+1","TheCursedMod:CursedRelics+1","TheCursedMod:Hemoplague+1","TheCursedMod:CircleOfFlame+1","TheCursedMod:NeowsMight+1","TheCursedMod:CircleOfCorruption+1","TheCursedMod:AntiAging+1","MostiFishMod:ButterFly+1","ReplayTheSpireMod:Chaos Vortex+1","TheCursedMod:VitalStrike+1","TheCursedMod:AbyssShockwave+1","TheCursedMod:CircleOfAmplification","TheCursedMod:ManaBullet+1","TheCursedMod:CursedBlade+1","TheCursedMod:Hemoplague+1","TheCursedMod:SpitefulPray+1","TheCursedMod:CursedStaff"],"relics":["TheCursedMod:BlackMagic101","Peace Pipe","Ginger","Turnip","Unceasing Top","Omamori","Ice Cream","The Courier","Medical Kit","WingedGreaves","HandDrill","Frozen Eye","Blue Candle","DemoMod:SerJunkan","DaveBox","Replay:Mystery Machine","BionicSphere","DemoMod:Junk","ReplayTheSpireMod:Ring of Collecting","hubris:Towel","infinitespire:Midas Blood","DemoMod:ClearGuonStone","DemoMod:GlassGuonStoneRelic","MerchantsRug","Orichalcum","Whetstone","hubris:TerracottaHorce","Incense Burner","Ring of Hypnosis","ReplayTheSpireMod:Ring of Challenge","MealTicket","hubris:TenFootPole","InkBottle","TheCursedMod:CrystalBall","Boot","Blue Doll","Eternal Feather","RhineSuit","BrkXgEgg","hubris:SlimyHat","HollowMod:StagPassRelic","Shuriken","ReplayTheSpireMod:CursedCoin","infinitespire:Bottled Soul","Bronze Scales","hubris:CuriousFeather","infinitespire:EvilPickle","Strange Spoon","Vajra","TheCursedMod:Tack","TheCursedMod:BloodyHarpoon","DemoMod:MeltedRock"],"acts_visited":["Gensokyo:Gensokyo","TheCity","TheBeyond","TheEnding"],"potions_floor_usage":[16,16],"damage_taken":[{"damage":6,"enemies":"Gensokyo:Gryphon","floor":1,"turns":4},{"damage":0,"enemies":"Gensokyo:Cirno","floor":7,"turns":7},{"damage":0,"enemies":"Gensokyo:Python","floor":12,"turns":1},{"damage":0,"enemies":"Gensokyo:Aya","floor":14,"turns":3},{"damage":0,"enemies":"Gensokyo:Reimu","floor":16,"turns":9},{"damage":0,"enemies":"Spheric Guardian","floor":18,"turns":1},{"damage":0,"enemies":"Shell Parasite","floor":21,"turns":2},{"damage":0,"enemies":"Centurion and Healer","floor":22,"turns":4},{"damage":0,"enemies":"Slavers","floor":28,"turns":3},{"damage":1,"enemies":"Colosseum Slavers","floor":29,"turns":2},{"damage":0,"enemies":"Colosseum Nobs","floor":29,"turns":3},{"damage":0,"enemies":"Snake Plant","floor":30,"turns":2},{"damage":0,"enemies":"Pondfish","floor":33,"turns":5},{"damage":0,"enemies":"Orb Walker","floor":35,"turns":2},{"damage":0,"enemies":"Nemesis","floor":40,"turns":1},{"damage":0,"enemies":"3 Shapes","floor":41,"turns":2},{"damage":0,"enemies":"Sphere and 2 Shapes","floor":48,"turns":1},{"damage":0,"enemies":"hubris:GrandSnecko","floor":50,"turns":2},{"damage":0,"enemies":"Shield and Spear","floor":54,"turns":1},{"damage":28,"enemies":"The Heart","floor":55,"turns":2}],"seed_played":"2784806938242791766","potions_obtained":[{"floor":7,"key":"SkillPotion"},{"floor":12,"key":"DemoMod:LeadSkinPotion"},{"floor":14,"key":"SkillPotion"},{"floor":18,"key":"Swift Potion"},{"floor":28,"key":"Ancient Potion"},{"floor":29,"key":"CalmPotion"},{"floor":35,"key":"Swift Potion"},{"floor":48,"key":"Strength Potion"}],"is_trial":false,"path_per_floor":["M","$","?","?","$","R","E","?","T","R","T","M","$","E","R","B",null,"M","$","?","M","M","R","?","T","T","$","E","?","M","$","R","B",null,"M","?","$","?","$","E","M","?","T","AVR","$","?","T","M","R","B",null,"R","$","E","B",null],"character_chosen":"THE_CURSED","items_purchased":["TheCursedMod:SpitefulStrike","MerchantsRug","TheCursedMod:Hemoplague","Orichalcum","TheCursedMod:AbyssShockwave","Incense Burner","TheCursedMod:SpitefulPray","TheCursedMod:LuckyCharm","TheCursedMod:Wield","TheCursedMod:HellfireBreathing","Boot","infinitespire:CheckeredPen","Blue Doll","Eternal Feather","BrkXgEgg","hubris:SlimyHat","HollowMod:StagPassRelic","Shuriken","Dream Catcher","ReplayTheSpireMod:CursedCoin","infinitespire:Bottled Soul","TheCursedMod:NeowsMight+1","Strange Spoon","Vajra","TheCursedMod:Tack","TheCursedMod:ManaBullet","TheCursedMod:CursedBlade+1","TheCursedMod:Hemoplague","TheCursedMod:SpitefulPray"],"campfire_rested":6,"item_purchase_floors":[2,13,13,13,19,19,19,27,27,31,31,31,31,31,37,37,37,37,37,39,39,39,45,45,45,53,53,53,53],"current_hp_per_floor":[62,62,62,62,62,75,75,75,75,75,75,75,75,75,75,75,75,75,75,75,75,75,75,75,75,75,75,75,74,74,75,75,75,75,75,75,75,75,75,75,75,75,75,75,75,75,75,75,75,78,78,78,78,78,50],"gold":180,"neow_bonus":"RANDOM_COMMON_RELIC","is_daily":false,"chose_seed":false,"campfire_upgraded":30,"win_rate":0.0,"timestamp":1613845515,"path_taken":["M","?","?","?","?","R","E","?","T","R","?","?","$","E","R","BOSS","M","?","?","?","?","R","?","?","T","?","E","?","?","$","R","BOSS","M","?","$","?","$","E","?","?","T","AVR","?","?","?","M","R","BOSS","R","$","E","BOSS"],"items_purchased_type":["Card","Relic","Card","Relic","Card","Relic","Card","Card","Card","Card","Relic","Relic","Relic","Relic","Relic","Relic","Relic","Relic","Relic","Relic","Relic","Card","Relic","Relic","Relic","Card","Card","Card","Card"],"build_version":"2020-12-22","purchased_purges":0,"victory":true,"max_hp_per_floor":[75,75,75,75,75,75,75,75,75,75,75,75,75,75,75,75,75,75,75,75,75,75,75,75,75,75,75,75,75,75,75,75,75,75,75,75,75,75,75,75,75,75,75,75,75,75,75,75,75,78,78,78,78,78,78],"relic_stats":{"counters":[20,57],"Blue Candle":[1],"Eternal Feather":0,"Ginger":[7],"Whetstone":[],"Orichalcum":[12],"Medical Kit":[2],"Boot":[4],"Peace Pipe":8,"Strange Spoon":[2],"Shuriken":[3],"Bronze Scales":[44],"MealTicket":1,"Turnip":[10],"HandDrill":[44],"obtain_stats":[{"Ice Cream":0,"TheCursedMod:Tack":45,"Vajra":45,"DemoMod:GlassGuonStoneRelic":12,"Ginger":0,"Whetstone":14,"Boot":31,"HollowMod:StagPassRelic":37,"hubris:TerracottaHorce":17,"MealTicket":26,"TheCursedMod:CrystalBall":29,"DemoMod:MeltedRock":54,"HandDrill":0,"DemoMod:ClearGuonStone":9,"TheCursedMod:BlackMagic101":0,"MerchantsRug":13,"Ring of Hypnosis":25,"ReplayTheSpireMod:CursedCoin":39,"Blue Candle":0,"Eternal Feather":31,"infinitespire:EvilPickle":40,"Shuriken":37,"BionicSphere":0,"ReplayTheSpireMod:Ring of Collecting":3,"Bronze Scales":40,"DemoMod:SerJunkan":0,"hubris:TenFootPole":28,"Unceasing Top":0,"TheCursedMod:BloodyHarpoon":47,"DaveBox":0,"Blue Doll":31,"RhineSuit":34,"Incense Burner":19,"hubris:SlimyHat":37,"Juzu Bracelet":44,"Replay:Mystery Machine":0,"Frozen Eye":0,"Dream Catcher":37,"infinitespire:Bottled Soul":39,"WingedGreaves":0,"hubris:CuriousFeather":40,"InkBottle":29,"DemoMod:Junk":1,"The Courier":0,"BrkXgEgg":37,"Omamori":0,"infinitespire:CheckeredPen":31,"hubris:Towel":4,"Orichalcum":13,"Medical Kit":0,"Peace Pipe":0,"Strange Spoon":45,"Turnip":0,"ReplayTheSpireMod:Ring of Challenge":26,"infinitespire:Midas Blood":7},{"Ice Cream":0,"TheCursedMod:Tack":16,"Vajra":16,"DemoMod:GlassGuonStoneRelic":3,"Ginger":0,"Whetstone":4,"Boot":12,"HollowMod:StagPassRelic":14,"hubris:TerracottaHorce":5,"MealTicket":8,"TheCursedMod:CrystalBall":11,"DemoMod:MeltedRock":19,"HandDrill":0,"DemoMod:ClearGuonStone":2,"TheCursedMod:BlackMagic101":0,"MerchantsRug":3,"Ring of Hypnosis":8,"ReplayTheSpireMod:CursedCoin":14,"Blue Candle":0,"Eternal Feather":12,"infinitespire:EvilPickle":15,"Shuriken":14,"BionicSphere":0,"ReplayTheSpireMod:Ring of Collecting":1,"Bronze Scales":15,"DemoMod:SerJunkan":0,"hubris:TenFootPole":9,"Unceasing Top":0,"TheCursedMod:BloodyHarpoon":16,"DaveBox":0,"Blue Doll":12,"RhineSuit":13,"Incense Burner":6,"hubris:SlimyHat":14,"Juzu Bracelet":16,"Replay:Mystery Machine":0,"Frozen Eye":0,"Dream Catcher":14,"infinitespire:Bottled Soul":14,"WingedGreaves":0,"hubris:CuriousFeather":15,"InkBottle":11,"DemoMod:Junk":1,"The Courier":0,"BrkXgEgg":14,"Omamori":0,"infinitespire:CheckeredPen":12,"hubris:Towel":1,"Orichalcum":3,"Medical Kit":0,"Peace Pipe":0,"Strange Spoon":16,"Turnip":0,"ReplayTheSpireMod:Ring of Challenge":8,"infinitespire:Midas Blood":2},{"Ice Cream":0,"TheCursedMod:Tack":51,"Vajra":51,"DemoMod:GlassGuonStoneRelic":12,"Ginger":0,"Whetstone":15,"Boot":41,"HollowMod:StagPassRelic":48,"hubris:TerracottaHorce":24,"MealTicket":31,"TheCursedMod:CrystalBall":39,"DemoMod:MeltedRock":55,"HandDrill":0,"DemoMod:ClearGuonStone":11,"TheCursedMod:BlackMagic101":0,"MerchantsRug":12,"Ring of Hypnosis":31,"ReplayTheSpireMod:CursedCoin":48,"Blue Candle":0,"Eternal Feather":41,"infinitespire:EvilPickle":49,"Shuriken":48,"BionicSphere":0,"ReplayTheSpireMod:Ring of Collecting":4,"Bronze Scales":49,"DemoMod:SerJunkan":0,"hubris:TenFootPole":34,"Unceasing Top":0,"TheCursedMod:BloodyHarpoon":51,"DaveBox":0,"Blue Doll":41,"RhineSuit":46,"Incense Burner":25,"hubris:SlimyHat":48,"Juzu Bracelet":51,"Replay:Mystery Machine":0,"Frozen Eye":0,"Dream Catcher":48,"infinitespire:Bottled Soul":48,"WingedGreaves":0,"hubris:CuriousFeather":49,"InkBottle":39,"DemoMod:Junk":4,"The Courier":0,"BrkXgEgg":48,"Omamori":0,"infinitespire:CheckeredPen":41,"hubris:Towel":4,"Orichalcum":12,"Medical Kit":0,"Peace Pipe":0,"Strange Spoon":51,"Turnip":0,"ReplayTheSpireMod:Ring of Challenge":31,"infinitespire:Midas Blood":11}],"Unceasing Top":[11],"InkBottle":[8]},"card_choices":[{"not_picked":["TheCursedMod:BlessingInDisguise","TheCursedMod:Torture"],"picked":"TheCursedMod:SmokeScreen","floor":1},{"not_picked":["TheCursedMod:CircleOfCorruption","TheCursedMod:CursedShiv"],"picked":"TheCursedMod:Stigma","floor":7},{"not_picked":["TheCursedMod:Evocation","TheCursedMod:SpreadPlague"],"picked":"TheCursedMod:WearCloak","floor":12},{"not_picked":["TheCursedMod:SmokeScreen","TheCursedMod:Stretching"],"picked":"TheCursedMod:WearCloak","floor":14},{"not_picked":["TheCursedMod:ParallelWorld","TheCursedMod:Neurasthenia"],"picked":"TheCursedMod:CursedRelics","floor":16},{"not_picked":["TheCursedMod:TroublousMinions","TheCursedMod:DoubleShield"],"picked":"TheCursedMod:Grudge","floor":18},{"not_picked":["TheCursedMod:SaltUponWound","TheCursedMod:FleshFromBone"],"picked":"TheCursedMod:Obscuration+1","floor":21},{"not_picked":["TheCursedMod:StunningStrike","TheCursedMod:SmokeScreen"],"picked":"TheCursedMod:CursedBlade","floor":22},{"not_picked":["TheCursedMod:FuryStrike","TheCursedMod:Wield"],"picked":"TheCursedMod:CircleOfFlame","floor":28},{"not_picked":["TheCursedMod:ParallelWorld","TheCursedMod:RapidMovement"],"picked":"TheCursedMod:ReleasedKnowledge","floor":29},{"not_picked":["TheCursedMod:FuryStrike","TheCursedMod:CursedArmor"],"picked":"TheCursedMod:Stretching","floor":30},{"not_picked":["TheCursedMod:ForbiddenAlchemy","TheCursedMod:CircleOfAbyss"],"picked":"TheCursedMod:CursedRelics","floor":33},{"not_picked":["TheCursedMod:TacticalStrike+1","TheCursedMod:SpitefulStrike"],"picked":"TheCursedMod:Hemoplague","floor":35},{"not_picked":["TheCursedMod:CursedMace","TheCursedMod:Wield"],"picked":"TheCursedMod:CircleOfFlame","floor":36},{"not_picked":["TheCursedMod:TacticalStrike","TheCursedMod:Stigma"],"picked":"TheCursedMod:CircleOfCorruption","floor":40},{"not_picked":["TheCursedMod:PrepareRite+1","TheCursedMod:WearCloak"],"picked":"TheCursedMod:AntiAging+1","floor":41},{"not_picked":["Magnetism+1","Specialist"],"picked":"MostiFishMod:ButterFly","floor":42},{"not_picked":["TheCursedMod:CircleOfFlame","TheCursedMod:Torture"],"picked":"TheCursedMod:VitalStrike","floor":48},{"not_picked":["TheCursedMod:ShockAndAwe+1","TheCursedMod:CircleOfCorruption+1"],"picked":"TheCursedMod:AbyssShockwave","floor":49},{"not_picked":["TheCursedMod:SmokeScreen","TheCursedMod:WearCloak+1"],"picked":"TheCursedMod:CircleOfAmplification","floor":52},{"not_picked":["TheCursedMod:CircleOfWindfury+1","TheCursedMod:Hemoplague"],"picked":"TheCursedMod:CursedStaff","floor":54}],"player_experience":356888,"relics_obtained":[{"floor":1,"key":"DemoMod:Junk"},{"floor":3,"key":"ReplayTheSpireMod:Ring of Collecting"},{"floor":7,"key":"infinitespire:Midas Blood"},{"floor":9,"key":"DemoMod:Junk"},{"floor":9,"key":"DemoMod:ClearGuonStone"},{"floor":11,"key":"DemoMod:Junk"},{"floor":11,"key":"DemoMod:Junk"},{"floor":14,"key":"Whetstone"},{"floor":25,"key":"Ring of Hypnosis"},{"floor":25,"key":"DemoMod:Junk"},{"floor":26,"key":"ReplayTheSpireMod:Ring of Challenge"},{"floor":26,"key":"MealTicket"},{"floor":28,"key":"hubris:TenFootPole"},{"floor":29,"key":"InkBottle"},{"floor":29,"key":"TheCursedMod:CrystalBall"},{"floor":40,"key":"Bronze Scales"},{"floor":40,"key":"hubris:CuriousFeather"},{"floor":43,"key":"DemoMod:Junk"},{"floor":47,"key":"DemoMod:Junk"},{"floor":47,"key":"TheCursedMod:BloodyHarpoon"},{"floor":54,"key":"DemoMod:MeltedRock"}],"event_choices":[{"cards_removed":["TheCursedMod:WearCloak"],"damage_healed":0,"gold_gain":0,"player_choice":"Card Removal","damage_taken":0,"max_hp_gain":0,"max_hp_loss":0,"event_name":"Wheel of Change","floor":20,"gold_loss":0},{"damage_healed":0,"gold_gain":0,"player_choice":"Fight","damage_taken":0,"max_hp_gain":0,"max_hp_loss":0,"event_name":"Colosseum","floor":29,"gold_loss":0},{"damage_healed":0,"gold_gain":0,"player_choice":"Fought Nobs","damage_taken":0,"max_hp_gain":0,"max_hp_loss":0,"event_name":"Colosseum","floor":29,"gold_loss":0},{"cards_removed":["TheCursedMod:Strike_TheCursed"],"damage_healed":0,"gold_gain":0,"player_choice":"Purged","damage_taken":0,"max_hp_gain":0,"max_hp_loss":0,"event_name":"Purifier","floor":38,"gold_loss":0},{"damage_healed":0,"gold_gain":0,"player_choice":"Memory 1","damage_taken":0,"max_hp_gain":0,"max_hp_loss":0,"event_name":"SensoryStone","floor":42,"gold_loss":0}],"is_beta":false,"boss_relics":[{"not_picked":["Pandora\u0027s Box","Replay:Wanted Poster"],"picked":"hubris:TerracottaHorce"},{"not_picked":["MoonlightInvasionPlan","Runic Pyramid"],"picked":"RhineSuit"}],"items_purged_floors":[],"is_endless":false,"potions_floor_spawned":[7,12,14,18,28,29,30,35,48,54],"ascension_level":18}}