{"host":"cpsutu8lprjuipd6","time":1613799142,"event":{"mods":["BaseMod","Colored Map","Minty Spire (QoL Compilation)","Permanent Neow","Quick Restart","StSLib","SuperFastMode","The Bug Knight","Together in Spire"],"gold_per_floor":[109,184,184,204,129,162,162,162,162,162,181,181,181,193,193,193,193],"floor_reached":16,"language":"KOR","playtime":787,"items_purged":["Strike_R"],"score":103,"play_id":"ae32ff6c-4e51-4dfa-a3d6-f05b0da4b673","local_time":"20210220143222","is_ascension_mode":true,"campfire_choices":[{"floor":7,"key":"REST"},{"data":"Strike_R","floor":10,"key":"PURGE"},{"data":"Defend_R","floor":12,"key":"PURGE"},{"data":"Strike_R","floor":15,"key":"PURGE"}],"circlet_count":0,"master_deck":["Strike_R","Strike_R","Defend_R","Defend_R","Bash","Dropkick"],"relics":["Burning Blood","Happy Flower","FossilizedHelix","Mango","Torii","Peace Pipe"],"acts_visited":["Exordium"],"potions_floor_usage":[16],"damage_taken":[{"damage":0,"enemies":"Small Slimes","floor":1,"turns":3},{"damage":5,"enemies":"Jaw Worm","floor":4,"turns":4},{"damage":51,"enemies":"3 Sentries","floor":6,"turns":14},{"damage":0,"enemies":"2 Louse","floor":11,"turns":2},{"damage":8,"enemies":"Exordium Thugs","floor":14,"turns":5},{"damage":59,"enemies":"Hexaghost","floor":16,"turns":9}],"seed_played":"-6300697731043708178","potions_obtained":[{"floor":1,"key":"Ancient Potion"},{"floor":4,"key":"Weak Potion"},{"floor":6,"key":"ElixirPotion"}],"is_trial":false,"path_per_floor":["M","?","T","M","$","E","R","?","T","R","M","R","?","M","R","B"],"character_chosen":"IRONCLAD","items_purchased":[],"campfire_rested":1,"item_purchase_floors":[],"current_hp_per_floor":[80,69,69,70,70,39,67,60,60,60,66,66,66,64,64,5,5],"gold":193,"neow_bonus":"RANDOM_COMMON_RELIC","is_daily":false,"chose_seed":false,"campfire_upgraded":0,"win_rate":0.0,"timestamp":1613799142,"path_taken":["M","?","?","M","?","E","R","?","T","R","M","R","?","M","R","BOSS"],"items_purchased_type":[],"build_version":"2020-12-22","purchased_purges":1,"victory":false,"max_hp_per_floor":[80,80,80,80,80,94,94,94,94,94,94,94,94,94,94,94,94],"card_choices":[{"not_picked":["Evolve","Body Slam","Clothesline"],"picked":"SKIP","floor":1},{"not_picked":["Rampage","Flex"],"picked":"Dropkick","floor":4},{"not_picked":["Armaments","Sever Soul","Cleave"],"picked":"SKIP","floor":6},{"not_picked":["Double Tap","Pommel Strike","Fire Breathing"],"picked":"SKIP","floor":11},{"not_picked":["Pommel Strike","Armaments","Shrug It Off"],"picked":"SKIP","floor":14}],"player_experience":130974,"relics_obtained":[{"floor":3,"key":"FossilizedHelix"},{"floor":6,"key":"Mango"},{"floor":9,"key":"Peace Pipe"}],"event_choices":[{"damage_healed":0,"gold_gain":75,"player_choice":"Gather Gold","damage_taken":11,"max_hp_gain":0,"max_hp_loss":0,"event_name":"World of Goop","floor":2,"gold_loss":0},{"damage_healed":0,"gold_gain":0,"player_choice":"Success","damage_taken":7,"relics_obtained":["Torii"],"max_hp_gain":0,"max_hp_loss":0,"event_name":"Scrap Ooze","floor":8,"gold_loss":0},{"cards_removed":["Defend_R"],"damage_healed":0,"gold_gain":0,"player_choice":"Forget","damage_taken":0,"max_hp_gain":0,"max_hp_loss":0,"event_name":"Living Wall","floor":13,"gold_loss":0}],"is_beta":false,"boss_relics":[],"items_purged_floors":[5],"is_endless":false,"potions_floor_spawned":[1,4,6],"killed_by":"Hexaghost","ascension_level":1}}