{"host":"hjajo0rafoe1e6c4","time":1613865182,"event":{"mods":["AchievementEnabler","BaseMod","Colored Map","Colored Powertips","Highlight Path","Minty Spire (QoL Compilation)","Relic Stats","Slay the Relics Exporter","StSLib"],"gold_per_floor":[116,116,130,142,161,161,194,194,194,213,243,291,32,207,207,207,207],"floor_reached":16,"language":"ENG","playtime":895,"items_purged":[],"score":125,"play_id":"1caa8696-626d-45ba-a0b5-40c068c8abc3","local_time":"20210220185302","is_ascension_mode":true,"campfire_choices":[{"data":"Uppercut","floor":6,"key":"SMITH"},{"data":"Flame Barrier","floor":8,"key":"SMITH"},{"data":"True Grit","floor":15,"key":"SMITH"}],"circlet_count":0,"master_deck":["Strike_R","Strike_R","Strike_R","Strike_R","Strike_R","Defend_R","Defend_R","Defend_R","Defend_R","Bash","Inflame","Uppercut+1","Metallicize","Flame Barrier+1","True Grit+1","Doubt"],"relics":["Mark of Pain","CultistMask","Blood Vial","Shuriken","Odd Mushroom","Paper Frog"],"acts_visited":["Exordium"],"potions_floor_usage":[16],"damage_taken":[{"damage":8,"enemies":"Jaw Worm","floor":1,"turns":5},{"damage":0,"enemies":"Cultist","floor":3,"turns":4},{"damage":0,"enemies":"Small Slimes","floor":4,"turns":3},{"damage":24,"enemies":"Exordium Wildlife","floor":5,"turns":6},{"damage":12,"enemies":"Gremlin Nob","floor":7,"turns":4},{"damage":2,"enemies":"2 Fungi Beasts","floor":10,"turns":3},{"damage":12,"enemies":"The Mushroom Lair","floor":11,"turns":5},{"damage":35,"enemies":"Slime Boss","floor":16,"turns":10}],"seed_played":"-2262914343580212780","potions_obtained":[{"floor":3,"key":"Strength Potion"},{"floor":10,"key":"PowerPotion"}],"is_trial":false,"path_per_floor":["M","?","M","M","M","R","E","R","T","M","?","T","$","?","R","B"],"character_chosen":"IRONCLAD","items_purchased":["Paper Frog"],"campfire_rested":0,"item_purchase_floors":[13],"current_hp_per_floor":[72,72,72,72,48,48,36,36,36,36,26,26,26,26,26,0,0],"gold":207,"neow_bonus":"BOSS_RELIC","is_daily":false,"chose_seed":false,"campfire_upgraded":3,"win_rate":0.0,"timestamp":1613865182,"path_taken":["M","?","?","M","M","R","E","R","T","M","?","?","$","?","R","BOSS"],"items_purchased_type":["Relic"],"build_version":"2020-12-22","purchased_purges":0,"victory":false,"max_hp_per_floor":[80,80,80,80,80,80,80,80,80,80,80,80,80,80,80,80,80],"relic_stats":{"Blood Vial":6,"counters":[8,40],"Shuriken":[3],"obtain_stats":[{"Blood Vial":7,"Shuriken":9,"Mark of Pain":0,"CultistMask":2,"Odd Mushroom":11,"Burning Blood":0,"Paper Frog":13},{"Blood Vial":5,"Shuriken":5,"Mark of Pain":0,"CultistMask":1,"Odd Mushroom":7,"Burning Blood":0,"Paper Frog":7},{"Blood Vial":22,"Shuriken":22,"Mark of Pain":0,"CultistMask":5,"Odd Mushroom":30,"Burning Blood":0,"Paper Frog":30}]},"card_choices":[{"not_picked":["Anger","Flex"],"picked":"Inflame","floor":1},{"not_picked":["Combust","Warcry"],"picked":"Uppercut","floor":3},{"not_picked":["Flex","Heavy Blade"],"picked":"Metallicize","floor":4},{"not_picked":["Wild Strike","Perfected Strike"],"picked":"Flame Barrier","floor":5},{"not_picked":["Wild Strike","Blood for Blood","Rage"],"picked":"SKIP","floor":7},{"not_picked":["Wild Strike","Blood for Blood","Rage"],"picked":"SKIP","floor":7},{"not_picked":["Uppercut","Cleave","Dual Wield"],"picked":"SKIP","floor":10},{"not_picked":["Perfected Strike","Entrench"],"picked":"True Grit","floor":11}],"player_experience":223879,"relics_obtained":[{"floor":7,"key":"Blood Vial"},{"floor":9,"key":"Shuriken"},{"floor":11,"key":"Odd Mushroom"}],"event_choices":[{"damage_healed":0,"gold_gain":0,"player_choice":"Trade","damage_taken":0,"relics_obtained":["CultistMask"],"max_hp_gain":0,"max_hp_loss":0,"event_name":"FaceTrader","floor":2,"gold_loss":0},{"damage_healed":0,"gold_gain":0,"player_choice":"Fought Mushrooms","damage_taken":0,"max_hp_gain":0,"max_hp_loss":0,"event_name":"Mushrooms","floor":11,"gold_loss":0},{"damage_healed":0,"gold_gain":175,"player_choice":"AGREE","damage_taken":0,"max_hp_gain":0,"max_hp_loss":0,"event_name":"Liars Game","floor":14,"gold_loss":0,"cards_obtained":["Doubt"]}],"is_beta":false,"boss_relics":[],"items_purged_floors":[],"is_endless":false,"potions_floor_spawned":[3,10],"killed_by":"Slime Boss","ascension_level":5}}