{"host":"b9sas8jv6tsy9swm","time":1613780604,"event":{"mods":["AchievementEnabler","BaseMod","Minty Spire (QoL Compilation)","Permanent Neow","Quick Restart","StSLib"],"gold_per_floor":[364,375,104,117,136,136,163,163,211,242,242,242,262,212,212,212,212],"floor_reached":16,"language":"ZHS","playtime":476,"items_purged":["Strike_B"],"score":143,"play_id":"9da47810-3449-47a4-a686-332e2a7c6ee5","local_time":"20210220082324","is_ascension_mode":true,"campfire_choices":[{"floor":6.0,"key":"REST"},{"floor":8.0,"key":"REST"},{"data":"Turbo","floor":11.0,"key":"SMITH"},{"floor":15.0,"key":"REST"}],"circlet_count":0,"master_deck":["Strike_B","Strike_B","Defend_B","Defend_B","Defend_B","Defend_B","Zap","Dualcast","Tempest","Turbo+1","Ball Lightning","Barrage","Coolheaded"],"relics":["Cracked Core","Runic Capacitor","The Courier","PreservedInsect","Centennial Puzzle","Molten Egg 2"],"acts_visited":["Exordium"],"potions_floor_usage":[16],"damage_taken":[{"damage":1.0,"enemies":"Cultist","floor":1.0,"turns":3.0},{"damage":9.0,"enemies":"2 Louse","floor":2.0,"turns":3.0},{"damage":0.0,"enemies":"Small Slimes","floor":4.0,"turns":2.0},{"damage":21.0,"enemies":"Exordium Thugs","floor":5.0,"turns":4.0},{"damage":28.0,"enemies":"Gremlin Nob","floor":7.0,"turns":4.0},{"damage":5.0,"enemies":"Lagavulin","floor":10.0,"turns":4.0},{"damage":1.0,"enemies":"Exordium Wildlife","floor":13.0,"turns":2.0},{"damage":33,"enemies":"The Guardian","floor":16,"turns":8}],"seed_played":"-5205400854637040794","potions_obtained":[{"floor":1.0,"key":"SpeedPotion"},{"floor":5.0,"key":"Fire Potion"},{"floor":7.0,"key":"Ancient Potion"},{"floor":13.0,"key":"Energy Potion"}],"is_trial":false,"path_per_floor":["M","M","$","M","M","R","E","R","T","E","R","?","M","?","R","B"],"character_chosen":"DEFECT","items_purchased":["Ball Lightning","Runic Capacitor"],"campfire_rested":3,"item_purchase_floors":[3,3],"current_hp_per_floor":[49,40,40,40,19,41,13,35,35,30,30,12,11,11,33,0,0],"gold":212,"neow_bonus":"TWO_FIFTY_GOLD","is_daily":false,"chose_seed":false,"campfire_upgraded":1,"win_rate":0.0,"timestamp":1613780604,"path_taken":["M","?","$","M","M","R","E","R","T","E","R","?","M","?","R","BOSS"],"items_purchased_type":["Card","Relic"],"build_version":"2020-12-22","purchased_purges":1,"victory":false,"max_hp_per_floor":[75,75,75,75,75,75,75,75,75,75,75,75,75,75,75,75,75],"card_choices":[{"not_picked":["Rebound","Compile Driver"],"picked":"Tempest","floor":1.0},{"not_picked":["Coolheaded","Conserve Battery"],"picked":"Turbo","floor":2.0},{"not_picked":["Compile Driver","Rebound","BootSequence"],"picked":"SKIP","floor":4.0},{"not_picked":["Compile Driver","Force Field","Gash"],"picked":"SKIP","floor":5.0},{"not_picked":["Stack","Streamline","Go for the Eyes"],"picked":"SKIP","floor":7.0},{"not_picked":["Doom and Gloom","Reprogram"],"picked":"Barrage","floor":10.0},{"not_picked":["Cold Snap+1","Leap"],"picked":"Coolheaded","floor":13.0}],"player_experience":394231,"relics_obtained":[{"floor":7.0,"key":"The Courier"},{"floor":9.0,"key":"PreservedInsect"},{"floor":10.0,"key":"Centennial Puzzle"}],"event_choices":[{"damage_healed":0.0,"max_hp_gain":0.0,"max_hp_loss":0.0,"gold_gain":0.0,"event_name":"Scrap Ooze","player_choice":"Success","floor":12.0,"gold_loss":0.0,"damage_taken":18.0,"relics_obtained":["Molten Egg 2"]},{"cards_removed":["Strike_B"],"damage_healed":0.0,"max_hp_gain":0.0,"max_hp_loss":0.0,"gold_gain":0.0,"event_name":"The Cleric","player_choice":"Card Removal","floor":14.0,"gold_loss":50.0,"damage_taken":0.0}],"is_beta":false,"boss_relics":[],"items_purged_floors":[3],"is_endless":false,"potions_floor_spawned":[1,5,7,13],"killed_by":"The Guardian","ascension_level":6}}