{"host":"6dypmz777xraikqf","time":1613842052,"event":{"mods":["AchievementEnabler","BaseMod","BetterRewards","Colored Map","Colored Powertips","Downfall","Highlight Path","Hubris","Infinite Spire","Minty Spire (QoL Compilation)","Replay The Spire","StSLib"],"gold_per_floor":[13,13,29,29,49,80,80,94,94,269,269,269,294,68,68,166,166,178,178,178,189,201,201,228,228,251,283,208,208,298,298,298,298,298],"floor_reached":33,"language":"ENG","playtime":1549,"items_purged":["Strike_G"],"score":430,"play_id":"196021a5-8154-4200-82e9-91d5d3b1547f","local_time":"20210220172732","is_ascension_mode":true,"campfire_choices":[{"floor":7,"key":"REST"},{"data":"Neutralize","floor":12,"key":"SMITH"},{"floor":15,"key":"REST"},{"floor":23,"key":"REST"},{"floor":29,"key":"REST"},{"floor":32,"key":"REST"}],"circlet_count":0,"master_deck":["AscendersBane","Strike_G","Strike_G","Strike_G","Strike_G","Defend_G","Defend_G","Defend_G","Defend_G","Defend_G","Survivor","Neutralize+1","Blade Dance+1","Deadly Poison","Dagger Spray","Wraith Form v2+1","Poisoned Stab","ReplayTheSpireMod:Tripwire","Infinite Blades","Leg Sweep","ReplayTheSpireMod:Shiv Toss","Fluid Movement","Deflect","Blade Dance","Hidden Blade","infinitespire:Fortify","Poisoned Stab","Dagger Throw","ReplayTheSpireMod:Haul","Footwork","ReplayTheSpireMod:Splinters","Calculated Gamble"],"relics":["Guardian:ModeShifter","Bird Faced Urn","infinitespire:Cubic Diamond","Mercury Hourglass","infinitespire:FocusingShard","Juzu Bracelet","Orrery","Sozu","hubris:KleinBottle","Red Mask","Replay:Bronze Core","Medical Kit","infinitespire:Satchel","Replay:Arrowhead","ReplayFunnel"],"acts_visited":["Exordium","TheCity"],"potions_floor_usage":[27],"damage_taken":[{"damage":1,"enemies":"Small Slimes","floor":1,"turns":4},{"damage":9,"enemies":"2 Louse","floor":3,"turns":3},{"damage":0,"enemies":"Cultist","floor":5,"turns":3},{"damage":32,"enemies":"Lagavulin","floor":6,"turns":7},{"damage":2,"enemies":"Gremlin Gang","floor":8,"turns":4},{"damage":20,"enemies":"Replay:BlueRogue","floor":13,"turns":6},{"damage":15,"enemies":"Slime Boss","floor":16,"turns":8},{"damage":16,"enemies":"Chosen","floor":18,"turns":6},{"damage":0,"enemies":"3 Byrds","floor":21,"turns":5},{"damage":17,"enemies":"Snake Plant","floor":22,"turns":6},{"damage":31,"enemies":"Masked Bandits","floor":24,"turns":5},{"damage":12,"enemies":"Replay:Snechameleon","floor":27,"turns":6},{"damage":54,"enemies":"Champ","floor":33,"turns":14}],"seed_played":"1316698707518221913","potions_obtained":[{"floor":5,"key":"Elixir"},{"floor":8,"key":"FearPotion"}],"is_trial":false,"path_per_floor":["M","?","M","?","M","E","R","M","T","?","?","R","E","$","R","B",null,"M","$","?","M","M","R","?","AVR","T","E","?","R","?","?","R","B"],"character_chosen":"THE_SILENT","items_purchased":["Infinite Blades","Orrery","hubris:KleinBottle"],"campfire_rested":5,"item_purchase_floors":[14,14,19],"current_hp_per_floor":[62,62,53,53,53,21,42,40,40,40,40,40,20,20,41,30,60,48,29,29,33,20,41,14,14,14,6,6,27,27,27,48,0,0],"gold":298,"neow_bonus":"ONE_RARE_RELIC","is_daily":false,"chose_seed":false,"campfire_upgraded":1,"win_rate":0.0,"timestamp":1613842052,"path_taken":["M","?","M","?","M","E","R","M","T","?","?","R","E","$","R","BOSS","M","?","?","M","M","R","?","AVR","T","E","?","R","?","?","R","BOSS"],"items_purchased_type":["Card","Relic","Relic"],"build_version":"2020-12-22","purchased_purges":1,"victory":false,"max_hp_per_floor":[70,70,70,70,70,70,70,70,70,70,70,70,70,70,70,70,70,70,70,70,70,70,70,70,70,70,70,70,70,70,70,70,70,70],"card_choices":[{"not_picked":["Caltrops","Quick Slash"],"picked":"Blade Dance","floor":1},{"not_picked":["Fluid Movement","Dodge and Roll"],"picked":"Deadly Poison","floor":3},{"not_picked":["hubris:Counter","Flechettes"],"picked":"Dagger Spray","floor":5},{"not_picked":["Blur","Outmaneuver"],"picked":"Wraith Form v2","floor":6},{"not_picked":["Bane","Deflect"],"picked":"Poisoned Stab","floor":8},{"not_picked":["Underhanded Strike","hubris:Sniper"],"picked":"ReplayTheSpireMod:Tripwire","floor":13},{"not_picked":["Acrobatics","Glass Knife"],"picked":"Leg Sweep","floor":14},{"not_picked":["hubris:Counter","Expertise"],"picked":"ReplayTheSpireMod:Shiv Toss","floor":14},{"not_picked":["Endless Agony","Deflect"],"picked":"Fluid Movement","floor":14},{"not_picked":["Outmaneuver","Malaise"],"picked":"Deflect","floor":14},{"not_picked":["Poisoned Stab","Deflect"],"picked":"Blade Dance","floor":14},{"not_picked":["Outmaneuver","Heel Hook+1"],"picked":"Hidden Blade","floor":18},{"not_picked":["infinitespire:FutureSight","Replay:Fractal Strike"],"picked":"infinitespire:Fortify","floor":19},{"not_picked":["Backstab","Setup","Outmaneuver"],"picked":"SKIP","floor":21},{"not_picked":["ReplayTheSpireMod:Tripwire","Dodge and Roll"],"picked":"Poisoned Stab","floor":22},{"not_picked":["Flying Knee","Deflect"],"picked":"Dagger Throw","floor":24},{"not_picked":["A Thousand Cuts","Caltrops"],"picked":"Footwork","floor":27},{"not_picked":["Poisoned Stab","Blade Dance"],"picked":"Calculated Gamble","floor":30}],"player_experience":273654,"relics_obtained":[{"floor":6,"key":"Mercury Hourglass"},{"floor":9,"key":"infinitespire:FocusingShard"},{"floor":13,"key":"Juzu Bracelet"},{"floor":24,"key":"Red Mask"},{"floor":26,"key":"infinitespire:Satchel"},{"floor":27,"key":"Replay:Arrowhead"},{"floor":30,"key":"ReplayFunnel"}],"event_choices":[{"damage_healed":0,"gold_gain":175,"player_choice":"AGREE","damage_taken":0,"max_hp_gain":0,"max_hp_loss":0,"event_name":"Liars Game","floor":10,"gold_loss":0,"cards_obtained":["Doubt"]},{"damage_healed":0,"gold_gain":0,"player_choice":"Bought 0 Potions","damage_taken":0,"max_hp_gain":0,"max_hp_loss":0,"event_name":"The Woman in Blue","floor":11,"gold_loss":0},{"damage_healed":0,"gold_gain":0,"player_choice":"Fought Bandits","damage_taken":0,"max_hp_gain":0,"max_hp_loss":0,"event_name":"Masked Bandits","floor":24,"gold_loss":0},{"cards_removed":["Doubt"],"damage_healed":0,"gold_gain":0,"player_choice":"Gave Gold","damage_taken":0,"max_hp_gain":0,"max_hp_loss":0,"event_name":"Beggar","floor":28,"gold_loss":75}],"is_beta":false,"boss_relics":[{"not_picked":["hubris:Backtick","Painkiller Herb"],"picked":"Sozu"}],"items_purged_floors":[25],"is_endless":false,"potions_floor_spawned":[5,8,18,24,27],"killed_by":"Champ","ascension_level":12}}