{"host":"buycw3k5d5tgqflx","time":1613844280,"event":{"mods":["AchievementEnabler","Act Like it!","Aspiration","BaseMod","Better Altar","Better Match","Better Note","Better Sensory Stone","Better Skull","Better Third Choice","BetterRewards","GifTheSpireLib","Halation","HexUI Lib","Hubris","Infinite Spire","Koishi","Lobotomy","LobotomyExtend","Minty Spire (QoL Compilation)","Permanent Neow","Quick Restart","Reimu??????","Relic Sorter","Relic Stats","Replay The Spire","Ruina","SacredBarkPlus","StSLib","The Wild Card"],"gold_per_floor":[117,392,405,425,444,444,404,415,490,490,490],"floor_reached":10,"language":"ENG","playtime":536,"items_purged":[],"score":69,"play_id":"f8351577-590d-4651-b3d7-0432745b37a3","local_time":"20210220130440","is_ascension_mode":true,"campfire_choices":[{"data":"theWildCard:SeveringSlash","floor":6,"key":"SMITH"}],"circlet_count":0,"master_deck":["theWildCard:BasicStrike","theWildCard:BasicStrike","theWildCard:BasicStrike","theWildCard:BasicStrike","theWildCard:BasicDefend","theWildCard:BasicDefend","theWildCard:BasicDefend","theWildCard:BasicDefend","theWildCard:CallToAdventure","theWildCard:Arsene","theWildCard:SeveringSlash+1","Regret","theWildCard:Proficiency","theWildCard:Scathach","theWildCard:SacrificialStroke","theWildCard:MagicMettle"],"relics":["theWildCard:VelvetContract","PureWhite:ReiMu","LetterFromLob","Quantum Egg"],"acts_visited":["Exordium"],"potions_floor_usage":[8,10],"damage_taken":[{"damage":0,"enemies":"Jaw Worm","floor":1,"turns":3},{"damage":3,"enemies":"Cultist","floor":3,"turns":4},{"damage":0,"enemies":"2 Louse","floor":4,"turns":2},{"damage":16,"enemies":"Exordium Thugs","floor":5,"turns":6},{"damage":1,"enemies":"2 Fungi Beasts","floor":8,"turns":3},{"damage":66,"enemies":"Lagavulin","floor":10,"turns":5}],"seed_played":"-487271138649466964","potions_obtained":[{"floor":1,"key":"Doom Potion"},{"floor":7,"key":"Adrenaline Potion"},{"floor":7,"key":"Swift Potion"}],"is_trial":false,"path_per_floor":["M","?","M","M","M","R","?","M","T","E"],"character_chosen":"THE_WILD_CARD","items_purchased":[],"campfire_rested":0,"item_purchase_floors":[],"current_hp_per_floor":[54,54,51,51,35,35,35,34,34,0,0],"gold":490,"neow_bonus":"ONE_RARE_RELIC","is_daily":false,"chose_seed":false,"campfire_upgraded":1,"win_rate":0.0,"timestamp":1613844280,"path_taken":["M","?","M","M","?","R","?","M","T","E"],"items_purchased_type":[],"build_version":"2020-12-22","purchased_purges":0,"victory":false,"max_hp_per_floor":[54,54,54,54,54,54,54,54,54,54,54],"relic_stats":{"counters":[6,23],"obtain_stats":[{"theWildCard:VelvetContract":0,"PureWhite:ReiMu":0,"Quantum Egg":9,"LetterFromLob":1},{"theWildCard:VelvetContract":0,"PureWhite:ReiMu":0,"Quantum Egg":5,"LetterFromLob":1},{"theWildCard:VelvetContract":0,"PureWhite:ReiMu":0,"Quantum Egg":18,"LetterFromLob":3}]},"card_choices":[{"not_picked":["theWildCard:Unburden","theWildCard:CryOfAgony"],"picked":"theWildCard:SeveringSlash","floor":1},{"not_picked":["theWildCard:BladeOfGenerations","theWildCard:Salvation"],"picked":"theWildCard:Proficiency","floor":3},{"not_picked":["theWildCard:StalwartBlade","theWildCard:ArcanaArtistry"],"picked":"theWildCard:Scathach","floor":4},{"not_picked":["theWildCard:PaleRider","theWildCard:Michael"],"picked":"theWildCard:SacrificialStroke","floor":5},{"not_picked":["theWildCard:Michael","theWildCard:StingingStrike"],"picked":"theWildCard:MagicMettle","floor":8}],"player_experience":152382,"relics_obtained":[{"floor":1,"key":"LetterFromLob"},{"floor":9,"key":"Quantum Egg"}],"event_choices":[{"damage_healed":0,"gold_gain":275,"player_choice":"Desecrate","damage_taken":0,"max_hp_gain":0,"max_hp_loss":0,"event_name":"Golden Shrine","floor":2,"gold_loss":0,"cards_obtained":["Regret"]},{"damage_healed":0,"gold_gain":0,"player_choice":"Bought 3 Potions","damage_taken":0,"max_hp_gain":0,"max_hp_loss":0,"event_name":"The Woman in Blue","floor":7,"gold_loss":0}],"is_beta":false,"boss_relics":[],"items_purged_floors":[],"is_endless":false,"potions_floor_spawned":[1],"killed_by":"Lagavulin","ascension_level":3}}