{"host":"o88u0awh8mkwl1l8","time":1613805400,"event":{"mods":["BaseMod","Colored Map","Highlight Path","Minty Spire (QoL Compilation)","Relic Sorter"],"gold_per_floor":[367,292,311,386,95,109,109,122,149,180,180,180,61,111,111,210,210,249,254,254,254,100,100,100],"floor_reached":23,"language":"JPN","playtime":1308,"items_purged":["Strike_G","Strike_G","Strike_G"],"score":362,"play_id":"a46c1590-b6e8-495f-b6ed-d10245ec5d7b","local_time":"20210220161640","is_ascension_mode":true,"campfire_choices":[{"data":"Well Laid Plans","floor":7.0,"key":"SMITH"},{"data":"All Out Attack","floor":12.0,"key":"SMITH"},{"data":"HandOfGreed","floor":15.0,"key":"SMITH"}],"circlet_count":0,"master_deck":["AscendersBane","Strike_G","Strike_G","Defend_G","Defend_G","Defend_G","Defend_G","Survivor","Neutralize","All Out Attack+1","Well Laid Plans+1","Dodge and Roll","HandOfGreed+1","Footwork","Envenom","Blur","Deadly Poison","Leg Sweep","Ghostly","Ghostly","Ghostly","Corpse Explosion","PiercingWail"],"relics":["Ring of the Snake","Membership Card","Snake Skull","Toy Ornithopter","Runic Pyramid"],"acts_visited":["Exordium","TheCity"],"potions_floor_usage":[19,23],"damage_taken":[{"damage":3.0,"enemies":"Cultist","floor":1.0,"turns":5.0},{"damage":1.0,"enemies":"Jaw Worm","floor":3.0,"turns":4.0},{"damage":0.0,"enemies":"2 Louse","floor":6.0,"turns":2.0},{"damage":12.0,"enemies":"Blue Slaver","floor":8.0,"turns":5.0},{"damage":0.0,"enemies":"Looter","floor":10.0,"turns":3.0},{"damage":7.0,"enemies":"2 Fungi Beasts","floor":14.0,"turns":4.0},{"damage":6.0,"enemies":"The Guardian","floor":16.0,"turns":17.0},{"damage":14.0,"enemies":"Shell Parasite","floor":18.0,"turns":7.0},{"damage":11,"enemies":"2 Thieves","floor":19,"turns":5},{"damage":26,"enemies":"Gremlin Leader","floor":23,"turns":8}],"seed_played":"4601868422560302113","potions_obtained":[{"floor":1.0,"key":"ColorlessPotion"},{"floor":3.0,"key":"SpeedPotion"},{"floor":14.0,"key":"SkillPotion"},{"floor":19,"key":"Dexterity Potion"}],"is_trial":false,"path_per_floor":["M","$","M","?","$","M","R","M","T","M","?","R","$","M","R","B",null,"M","M","?","?","$","E"],"character_chosen":"THE_SILENT","items_purchased":["Membership Card","Snake Skull","HandOfGreed","Footwork","Corpse Explosion","PiercingWail"],"campfire_rested":0,"item_purchase_floors":[5,5,13,13,22,22],"current_hp_per_floor":[56,56,55,44,44,44,44,32,32,37,37,37,37,30,30,29,52,38,32,32,30,30,4,4],"gold":100,"neow_bonus":"TWO_FIFTY_GOLD","is_daily":false,"chose_seed":false,"campfire_upgraded":3,"win_rate":0.0,"timestamp":1613805400,"path_taken":["M","?","M","?","$","M","R","M","T","M","?","R","$","M","R","BOSS","M","M","?","?","$","E"],"items_purchased_type":["Relic","Relic","Card","Card","Card","Card"],"build_version":"2020-12-22","purchased_purges":3,"victory":false,"max_hp_per_floor":[60,60,60,60,60,60,60,60,60,60,60,60,60,60,60,60,60,60,60,60,30,30,30,30],"card_choices":[{"not_picked":["Acrobatics","Distraction"],"picked":"All Out Attack","floor":1.0},{"not_picked":["Flying Knee","Escape Plan"],"picked":"Well Laid Plans","floor":3.0},{"not_picked":["Flying Knee","Slice","Choke"],"picked":"SKIP","floor":6.0},{"not_picked":["Acrobatics","Terror"],"picked":"Dodge and Roll","floor":8.0},{"not_picked":["Endless Agony","Dodge and Roll","Dagger Throw"],"picked":"SKIP","floor":10.0},{"not_picked":["Sucker Punch","Acrobatics","Outmaneuver"],"picked":"SKIP","floor":14.0},{"not_picked":["Phantasmal Killer","Wraith Form v2"],"picked":"Envenom","floor":16.0},{"not_picked":["Tactician","Backflip"],"picked":"Blur","floor":18.0},{"not_picked":["Choke","Backflip"],"picked":"Deadly Poison","floor":19}],"player_experience":1311813,"relics_obtained":[{"floor":9.0,"key":"Toy Ornithopter"}],"event_choices":[{"damage_healed":0.0,"max_hp_gain":0.0,"max_hp_loss":0.0,"gold_gain":75.0,"event_name":"World of Goop","player_choice":"Gather Gold","floor":4.0,"gold_loss":0.0,"damage_taken":11.0},{"cards_removed":["Defend_G"],"damage_healed":0.0,"max_hp_gain":0.0,"max_hp_loss":0.0,"gold_gain":0.0,"event_name":"Living Wall","player_choice":"Forget","floor":11.0,"gold_loss":0.0,"damage_taken":0.0},{"damage_healed":0,"gold_gain":0,"player_choice":"Read","damage_taken":0,"max_hp_gain":0,"max_hp_loss":0,"event_name":"The Library","floor":20,"gold_loss":0,"cards_obtained":["Leg Sweep"]},{"damage_healed":0,"gold_gain":0,"player_choice":"Became a Ghost","damage_taken":0,"max_hp_gain":0,"max_hp_loss":30,"event_name":"Ghosts","floor":21,"gold_loss":0,"cards_obtained":["Ghostly","Ghostly","Ghostly"]}],"is_beta":false,"boss_relics":[{"not_picked":["Runic Dome","Tiny House"],"picked":"Runic Pyramid"}],"items_purged_floors":[2,5,22],"is_endless":false,"potions_floor_spawned":[1,3,14,19],"killed_by":"Gremlin Leader","ascension_level":20}}