{"host":"irqpc5dtltfquxh7","time":1613823040,"event":{"mods":["2.2 Compatiblity","AchievementEnabler","Act Like it!","Ascension Reborn","Aspiration","BaseMod","Better Third Choice","BetterRewards","CapriCore","Colored Map","Colored Powertips","Conspire","Friendly Minions","Halation","Highlight Path","Hubris","Infinite Spire","Minty Spire (QoL Compilation)","Permanent Neow","Replay The Spire","Shop Mod","Spicy Shops","StSLib","Strawberry Spire","Unknown Chances","Waifu the Spire"],"gold_per_floor":[111,111,126,126,140,168,168,168,191,191,222,233,233,252,252,357,457,477,494,494,494],"floor_reached":20,"language":"ENG","playtime":2561,"items_purged":[],"score":234,"play_id":"def835c7-d377-4c26-adb3-6724e0324465","local_time":"20210220181040","is_ascension_mode":false,"campfire_choices":[{"floor":10,"key":"RECALL"},{"floor":13,"key":"REST"}],"circlet_count":0,"master_deck":["Strike_P","Strike_P","Strike_P","Strike_P","Defend_P","Defend_P","Defend_P","Defend_P","Eruption","Vigilance","Brilliance","Prostrate","Vault+1","FollowUp","Pray+1","JustLucky","Prostrate","DevaForm","Replay:AtTheReady"],"relics":["PureWater","Smiling Mask","halation:KoshaPiece","Boot","Replay:Grab Bag","conspire:SlowCooker","Replay:Wanted Poster","Ring of Chaos"],"acts_visited":["Exordium","TheCity"],"potions_floor_usage":[6,14,16],"damage_taken":[{"damage":0,"enemies":"Cultist","floor":1,"turns":2},{"damage":6,"enemies":"Jaw Worm","floor":3,"turns":3},{"damage":0,"enemies":"conspire:RoseBush","floor":5,"turns":3},{"damage":0,"enemies":"Lagavulin","floor":6,"turns":5},{"damage":37,"enemies":"strawberrySpire:EnergyPylons","floor":11,"turns":5},{"damage":0,"enemies":"3 Louse","floor":12,"turns":4},{"damage":22,"enemies":"Gremlin Gang","floor":14,"turns":5},{"damage":13,"enemies":"The Guardian","floor":16,"turns":8},{"damage":5,"enemies":"conspire:FuzzyDice","floor":18,"turns":7},{"damage":38,"enemies":"2 Thieves","floor":19,"turns":5},{"damage":44,"enemies":"Snecko","floor":20,"turns":6}],"seed_played":"7859618306738720153","potions_obtained":[{"floor":1,"key":"Flashbang"},{"floor":6,"key":"DuplicationPotion"},{"floor":11,"key":"PowerPotion"},{"floor":18,"key":"Venom Potion"},{"floor":19,"key":"Swift Potion"}],"is_trial":false,"path_per_floor":["M","$","M","T","M","E","?","?","T","R","E","M","R","M","R_BF","B",null,"M","M","M"],"character_chosen":"WATCHER","items_purchased":[],"campfire_rested":1,"item_purchase_floors":[],"current_hp_per_floor":[72,72,66,66,66,66,48,48,48,48,11,11,32,10,31,18,72,67,29,0,0],"gold":494,"neow_bonus":"ONE_RANDOM_RARE_CARD","is_daily":false,"chose_seed":false,"campfire_upgraded":0,"win_rate":0.0,"timestamp":1613823040,"path_taken":["M","?","M","?","?","E","?","?","T","R","E","M","R","M","R_BF","BOSS","M","M","M"],"items_purchased_type":[],"build_version":"2020-12-22","purchased_purges":0,"victory":false,"max_hp_per_floor":[72,72,72,72,72,72,72,72,72,72,72,72,72,72,72,72,72,72,72,72,72],"card_choices":[{"not_picked":["Crescendo","Protect"],"picked":"Prostrate","floor":1},{"not_picked":["Perseverance","Replay:Cycle"],"picked":"Vault","floor":3},{"not_picked":["CutThroughFate","ThirdEye"],"picked":"FollowUp","floor":5},{"not_picked":["PathToVictory","Replay:Hum"],"picked":"Pray","floor":6},{"not_picked":["Vengeance","Swivel","Replay:Hum"],"picked":"SKIP","floor":11},{"not_picked":["Consecrate","Crescendo"],"picked":"JustLucky","floor":12},{"not_picked":["SignatureMove","SashWhip"],"picked":"Prostrate","floor":14},{"not_picked":["LessonLearned","Ragnarok"],"picked":"DevaForm","floor":16},{"not_picked":["Replay:BluntJabs","Meditate","Halt+1"],"picked":"SKIP","floor":18},{"not_picked":["Replay:BluntJabs","Meditate","Halt+1"],"picked":"SKIP","floor":18},{"not_picked":["ThirdEye","FollowUp"],"picked":"Replay:AtTheReady","floor":19}],"player_experience":412290,"relics_obtained":[{"floor":9,"key":"halation:KoshaPiece"},{"floor":11,"key":"Boot"}],"event_choices":[{"damage_healed":0,"gold_gain":0,"player_choice":"Relic ","damage_taken":18,"max_hp_gain":0,"max_hp_loss":0,"event_name":"betterThird:BetterScrap","floor":7,"gold_loss":0,"cards_obtained":["Blood for Blood"]},{"damage_healed":0,"gold_gain":0,"player_choice":"Upgraded","damage_taken":0,"max_hp_gain":0,"max_hp_loss":0,"event_name":"Upgrade Shrine","floor":8,"gold_loss":0,"cards_upgraded":["Vault"]}],"is_beta":false,"boss_relics":[{"not_picked":["halation:ForbiddenBikini","Cursed Key"],"picked":"Replay:Grab Bag"},{"not_picked":["ChewingGum","Fusion Hammer"],"picked":"conspire:SlowCooker"},{"not_picked":["Painkiller Herb","hubris:GrandSneckoEye"],"picked":"Replay:Wanted Poster"},{"not_picked":["Pandora\u0027s Box","conspire:RunicOctahedron"],"picked":"Ring of Chaos"}],"items_purged_floors":[],"is_endless":false,"potions_floor_spawned":[1,6,11,18,19],"killed_by":"Snecko","ascension_level":0}}