{"host":"v86vpwf004p2esb7","time":1613810243,"event":{"mods":["AchievementEnabler","BaseMod","BetterRewards","Colored Powertips","Minty Spire (QoL Compilation)","Quick Restart","StSLib","Transform Curses"],"gold_per_floor":[111,121,86,97,172,172,183,183,183],"floor_reached":8,"language":"ENG","playtime":237,"items_purged":[],"score":62,"play_id":"c3cc7d73-c13f-4420-a140-0ccdaac6146b","local_time":"20210220003723","is_ascension_mode":true,"campfire_choices":[{"floor":6.0,"key":"REST"}],"circlet_count":0,"master_deck":["Strike_B","Strike_B","Strike_B","Strike_B","Defend_B","Defend_B","Defend_B","Defend_B","Zap","Dualcast","Cold Snap","Static Discharge","Chill","Defragment","Blizzard","Redo","Gash","Redo"],"relics":["Cracked Core","Incense Burner","Bottled Flame","FaceOfCleric"],"acts_visited":["Exordium"],"potions_floor_usage":[],"damage_taken":[{"damage":3.0,"enemies":"Jaw Worm","floor":1.0,"turns":3.0},{"damage":1.0,"enemies":"Small Slimes","floor":2.0,"turns":4.0},{"damage":5.0,"enemies":"2 Louse","floor":4.0,"turns":2.0},{"damage":21.0,"enemies":"Gremlin Gang","floor":7.0,"turns":4.0},{"damage":0,"enemies":"3 Sentries","floor":8,"turns":1}],"seed_played":"-6964486097227275079","potions_obtained":[{"floor":1.0,"key":"Explosive Potion"},{"floor":4.0,"key":"SkillPotion"}],"is_trial":false,"path_per_floor":["M","M","?","M","?","R","M","E"],"character_chosen":"DEFECT","items_purchased":["Incense Burner","Cold Snap","Static Discharge","Chill","Defragment","Bottled Flame"],"campfire_rested":1,"item_purchase_floors":[0,0,0,0,0,0],"current_hp_per_floor":[31,31,50,46,35,58,38,38,38],"gold":183,"neow_bonus":"","is_daily":false,"chose_seed":false,"campfire_upgraded":0,"win_rate":0.0,"timestamp":1613810243,"path_taken":["M","M","?","M","?","R","M","E"],"items_purchased_type":["Relic","Card","Card","Card","Card","Relic"],"build_version":"2020-12-22","purchased_purges":0,"victory":false,"max_hp_per_floor":[76,77,77,78,78,78,79,79,79],"card_choices":[{"not_picked":["Conserve Battery","Auto Shields"],"picked":"Blizzard","floor":1.0},{"not_picked":["Stack","Steam Power"],"picked":"Redo","floor":2.0},{"not_picked":["Reinforced Body","Capacitor"],"picked":"Gash","floor":4.0},{"not_picked":["Hologram","Sweeping Beam"],"picked":"Redo","floor":7.0}],"player_experience":309032,"relics_obtained":[],"event_choices":[{"damage_healed":19.0,"max_hp_gain":0.0,"max_hp_loss":0.0,"gold_gain":0.0,"event_name":"The Cleric","player_choice":"Healed","floor":3.0,"gold_loss":35.0,"damage_taken":0.0},{"damage_healed":0.0,"max_hp_gain":0.0,"max_hp_loss":0.0,"gold_gain":75.0,"event_name":"World of Goop","player_choice":"Gather Gold","floor":5.0,"gold_loss":0.0,"damage_taken":11.0}],"is_beta":false,"boss_relics":[],"items_purged_floors":[],"is_endless":false,"potions_floor_spawned":[1,4],"killed_by":"3 Sentries","ascension_level":6}}