{"host":"wri98rxht4656ll8","time":1613850686,"event":{"mods":["AchievementEnabler","BaseMod","Colored Map","Colored Powertips","Minty Spire (QoL Compilation)","Permanent Neow","StSLib"],"gold_per_floor":[114,114,128,128,142,169,94,108,135,35,54,71,85,33,33,132,132,147,166,166,41,61,61,61],"floor_reached":23,"language":"ENG","playtime":1053,"items_purged":["Strike_R","Strike_R","Defend_R"],"score":195,"play_id":"a7fd0783-439c-4ac4-8a7b-d132b006e283","local_time":"20210220205126","is_ascension_mode":false,"campfire_choices":[{"floor":15,"key":"REST"}],"circlet_count":0,"master_deck":["Strike_R","Defend_R","Defend_R","Bash","Cleave"],"relics":["Burning Blood","Bag of Marbles","Bronze Scales","Sozu"],"acts_visited":["Exordium","TheCity"],"potions_floor_usage":[16,16,16],"damage_taken":[{"damage":0,"enemies":"Small Slimes","floor":1,"turns":3},{"damage":1,"enemies":"Cultist","floor":3,"turns":3},{"damage":1,"enemies":"2 Louse","floor":5,"turns":3},{"damage":38,"enemies":"3 Sentries","floor":6,"turns":9},{"damage":5,"enemies":"Red Slaver","floor":8,"turns":6},{"damage":5,"enemies":"Large Slime","floor":11,"turns":5},{"damage":0,"enemies":"Looter","floor":12,"turns":3},{"damage":0,"enemies":"2 Fungi Beasts","floor":13,"turns":2},{"damage":13,"enemies":"The Guardian","floor":16,"turns":9},{"damage":21,"enemies":"Shell Parasite","floor":18,"turns":13},{"damage":22,"enemies":"3 Byrds","floor":19,"turns":4},{"damage":11,"enemies":"3 Cultists","floor":22,"turns":4},{"damage":8,"enemies":"Book of Stabbing","floor":23,"turns":2}],"seed_played":"-1635094850689746116","potions_obtained":[{"floor":3,"key":"HeartOfIron"},{"floor":6,"key":"ElixirPotion"},{"floor":8,"key":"LiquidBronze"},{"floor":11,"key":"ColorlessPotion"},{"floor":16,"key":"Block Potion"}],"is_trial":false,"path_per_floor":["M","?","M","?","M","E","$","M","T","$","M","M","M","$","R","B",null,"M","M","?","$","M","E"],"character_chosen":"IRONCLAD","items_purchased":["PowerPotion"],"campfire_rested":1,"item_purchase_floors":[14],"current_hp_per_floor":[62,62,67,67,72,40,40,41,41,41,42,48,54,54,78,71,80,65,49,34,34,29,21,21],"gold":61,"neow_bonus":"REMOVE_TWO","is_daily":false,"chose_seed":false,"campfire_upgraded":0,"win_rate":0.0,"timestamp":1613850686,"path_taken":["M","?","?","?","M","E","$","M","T","$","M","?","M","?","R","BOSS","M","M","?","$","M","E"],"items_purchased_type":["Potion"],"build_version":"2020-12-22","purchased_purges":3,"victory":false,"max_hp_per_floor":[80,80,80,80,80,80,80,80,80,80,80,80,80,80,80,80,80,80,80,85,85,85,85,85],"card_choices":[{"not_picked":["True Grit","Perfected Strike","Clash"],"picked":"SKIP","floor":1},{"not_picked":["True Grit","Rage","Fire Breathing"],"picked":"SKIP","floor":3},{"not_picked":["Pommel Strike","Combust","Clothesline"],"picked":"SKIP","floor":5},{"not_picked":["Infernal Blade","Blood for Blood","Corruption"],"picked":"SKIP","floor":6},{"not_picked":["Perfected Strike","Havoc","Reckless Charge"],"picked":"SKIP","floor":8},{"not_picked":["Wild Strike","Armaments","Twin Strike"],"picked":"SKIP","floor":11},{"not_picked":["Reckless Charge","Dual Wield","Anger"],"picked":"SKIP","floor":12},{"not_picked":["Headbutt","True Grit","Twin Strike"],"picked":"SKIP","floor":13},{"not_picked":["Perfected Strike","Headbutt","Searing Blow"],"picked":"SKIP","floor":18},{"not_picked":["Perfected Strike+1","Second Wind","Wild Strike"],"picked":"SKIP","floor":19},{"not_picked":["Body Slam+1","Wild Strike","Burning Pact+1"],"picked":"SKIP","floor":22}],"player_experience":242912,"relics_obtained":[{"floor":6,"key":"Bag of Marbles"},{"floor":9,"key":"Bronze Scales"}],"event_choices":[{"damage_healed":0,"gold_gain":0,"player_choice":"0 cards matched","damage_taken":0,"max_hp_gain":0,"max_hp_loss":0,"event_name":"Match and Keep!","floor":2,"gold_loss":0,"cards_obtained":[]},{"damage_healed":0,"gold_gain":0,"cards_transformed":["Strike_R"],"player_choice":"Transformed","damage_taken":0,"max_hp_gain":0,"max_hp_loss":0,"event_name":"Transmorgrifier","floor":4,"gold_loss":0,"cards_obtained":["Cleave"]},{"damage_healed":0,"gold_gain":0,"player_choice":"Shed Blood","damage_taken":20,"max_hp_gain":5,"max_hp_loss":0,"event_name":"Forgotten Altar","floor":20,"gold_loss":0}],"is_beta":false,"boss_relics":[{"not_picked":["Calling Bell","Mark of Pain"],"picked":"Sozu"}],"items_purged_floors":[7,10,21],"is_endless":false,"potions_floor_spawned":[3,6,8,11,12,16,19],"killed_by":"Book of Stabbing","ascension_level":0}}