{"host":"ooetke516h53yqww","time":1613838341,"event":{"mods":["100% Spire Juice","2.2 Compatiblity","Abigail Mod","Act Like it!","Astrologer","Bartender","BaseMod","Beaked The Cultist","Better Match","Better Third Choice","Conspire","Elementarium","Friendly Minions","Hallownest","Hermit","HololiveMod","Hubris","Infinite Spire","Kiyohime????","Lobotomy","LobotomyExtend","Mari Mod (Legacy)","Mari\u0027s V1 Patch","Menagerie","Minty Spire (QoL Compilation)","Morshu Shopkeeper","Prisma Mod","Random Character Button","Reliquary","Replay The Spire","Robot Space Explorer","Ruina","Spicy Shops","StSLib","Td1madao Mod","The Alterego","The Bug Knight","The Marked","The Poker Player","The Senshi","TheSwordswoman","Uncapped","WarShipGirlsR/????R mod","Yakumo Yukari mod","Yohane!"],"gold_per_floor":[117,129,129,129,145,184,52,52,52],"floor_reached":8,"language":"ENG","playtime":268,"items_purged":[],"score":64,"play_id":"22a07567-d696-4c11-852d-099200d3b8a3","local_time":"20210220112541","is_ascension_mode":true,"campfire_choices":[],"circlet_count":0,"master_deck":["astrologer:Strike","astrologer:Strike","astrologer:Strike","astrologer:Defend","astrologer:Defend","astrologer:Defend","astrologer:Defend","astrologer:NorthStar","astrologer:TheFool","astrologer:TheTower","astrologer:SpaceDust","Injury","astrologer:TheHangedMan","astrologer:LonelyStar","astrologer:TheHighPriestess","astrologer:TheHighPriestess"],"relics":["astrologer:SkyMirror","reliquary:ExpiredCoupon","LetterFromLob","Golden Idol","HollowMod:PaleOreRelic","Potion Belt"],"acts_visited":["Exordium"],"potions_floor_usage":[],"damage_taken":[{"damage":1,"enemies":"Cultist","floor":1,"turns":4},{"damage":0,"enemies":"2 Louse","floor":2,"turns":2},{"damage":5,"enemies":"Jaw Worm","floor":5,"turns":3},{"damage":37,"enemies":"Lagavulin","floor":6,"turns":8},{"damage":36,"enemies":"Gremlin Nob","floor":8,"turns":3}],"seed_played":"-6337961212758704487","potions_obtained":[{"floor":2,"key":"GamblersBrew"}],"is_trial":false,"path_per_floor":["M","M","?","?","M","E","$","E"],"character_chosen":"ASTROLOGER","items_purchased":["Potion Belt","astrologer:TheHighPriestess"],"campfire_rested":0,"item_purchase_floors":[7,7],"current_hp_per_floor":[69,69,62,62,57,20,20,0,0],"gold":52,"neow_bonus":"RANDOM_COMMON_RELIC","is_daily":false,"chose_seed":false,"campfire_upgraded":0,"win_rate":0.0,"timestamp":1613838341,"path_taken":["M","M","?","?","M","E","?","E"],"items_purchased_type":["Relic","Card"],"build_version":"2020-12-22","purchased_purges":0,"victory":false,"max_hp_per_floor":[70,70,70,70,70,70,70,70,70],"card_choices":[{"not_picked":["astrologer:SpaceDust","astrologer:CrystalBall"],"picked":"astrologer:TheTower","floor":1},{"not_picked":["astrologer:Moonlight","astrologer:Eclipse"],"picked":"astrologer:SpaceDust","floor":2},{"not_picked":["astrologer:Conjunction","astrologer:Opposition"],"picked":"astrologer:TheHangedMan","floor":5},{"not_picked":["astrologer:Opposition","astrologer:TheDevil"],"picked":"astrologer:LonelyStar","floor":6}],"player_experience":1562258,"relics_obtained":[{"floor":1,"key":"LetterFromLob"},{"floor":6,"key":"HollowMod:PaleOreRelic"}],"event_choices":[{"cards_removed":["astrologer:Strike"],"damage_healed":0,"gold_gain":0,"player_choice":"Card Removal","damage_taken":7,"max_hp_gain":0,"max_hp_loss":0,"event_name":"Golden Wing","floor":3,"gold_loss":0},{"damage_healed":0,"gold_gain":0,"player_choice":"Take Wound","damage_taken":0,"relics_obtained":["Golden Idol"],"max_hp_gain":0,"max_hp_loss":0,"event_name":"Golden Idol","floor":4,"gold_loss":0,"cards_obtained":["Injury"]}],"is_beta":false,"boss_relics":[],"items_purged_floors":[],"is_endless":false,"potions_floor_spawned":[2],"killed_by":"Gremlin Nob","ascension_level":3}}