{"host":"ocllwaoi18j60ltd","time":1613786014,"event":{"mods":["BaseMod","DeckTracker","Minty Spire (QoL Compilation)","Permanent Neow","Quick Restart","StSLib","SuperFastMode"],"gold_per_floor":[119,44,44,44,44,44,62,78,150,176,176,193,211,227,227,304,304,324,334,69,119,137,137,147,147,227,255,170,170,170],"floor_reached":29,"language":"KOR","playtime":650,"items_purged":["Strike_G","Strike_G"],"score":490,"play_id":"1ad44fc4-978a-4ca7-ad7d-d319c433b05b","local_time":"20210220105334","is_ascension_mode":true,"campfire_choices":[{"data":"Storm of Steel","floor":6,"key":"SMITH"},{"data":"Calculated Gamble","floor":11,"key":"SMITH"},{"data":"Neutralize","floor":15,"key":"SMITH"},{"data":"Adrenaline","floor":23,"key":"SMITH"},{"floor":25,"key":"REST"}],"circlet_count":0,"master_deck":["AscendersBane","Strike_G","Strike_G","Strike_G","Defend_G","Defend_G","Defend_G","Defend_G","Survivor","Neutralize+1","Storm of Steel+1","Calculated Gamble+1","Dagger Spray","Cloak And Dagger","Escape Plan","Poisoned Stab","Predator","Blade Dance","Adrenaline+1","Backflip+1","Crippling Poison","Cloak And Dagger","Blade Dance","PiercingWail"],"relics":["Ring of the Snake","White Beast Statue","InkBottle","Runic Dome","Vajra","Bottled Flame","Akabeko","Peace Pipe"],"acts_visited":["Exordium","TheCity"],"potions_floor_usage":[6,12,22,22,24],"damage_taken":[{"damage":1,"enemies":"Small Slimes","floor":1,"turns":4},{"damage":3,"enemies":"2 Louse","floor":7,"turns":4},{"damage":0,"enemies":"Cultist","floor":8,"turns":3},{"damage":21,"enemies":"3 Sentries","floor":10,"turns":9},{"damage":0,"enemies":"Red Slaver","floor":12,"turns":3},{"damage":1,"enemies":"Exordium Wildlife","floor":13,"turns":2},{"damage":6,"enemies":"Looter","floor":14,"turns":3},{"damage":29,"enemies":"Slime Boss","floor":16,"turns":10},{"damage":1,"enemies":"3 Byrds","floor":18,"turns":5},{"damage":4,"enemies":"2 Thieves","floor":19,"turns":3},{"damage":26,"enemies":"Cultist and Chosen","floor":22,"turns":7},{"damage":16,"enemies":"Shelled Parasite and Fungi","floor":24,"turns":4},{"damage":15,"enemies":"Slavers","floor":27,"turns":4},{"damage":19,"enemies":"Sentry and Sphere","floor":29,"turns":5}],"seed_played":"8265065765830899385","potions_obtained":[{"floor":5,"key":"Fruit Juice"},{"floor":5,"key":"EntropicBrew"},{"floor":7,"key":"SneckoOil"},{"floor":10,"key":"Poison Potion"},{"floor":12,"key":"GamblersBrew"},{"floor":19,"key":"DuplicationPotion"},{"floor":24,"key":"Weak Potion"}],"is_trial":false,"path_per_floor":["M","$","?","?","?","R","M","M","T","E","R","M","M","M","R","B",null,"M","M","$","?","M","R","M","R","T","E","?","M"],"character_chosen":"THE_SILENT","items_purchased":["Vajra"],"campfire_rested":1,"item_purchase_floors":[20],"current_hp_per_floor":[58,58,51,56,56,61,58,58,58,37,37,37,36,30,30,1,57,56,52,52,52,26,26,10,32,32,17,17,0,0],"gold":170,"neow_bonus":"ONE_RANDOM_RARE_CARD","is_daily":false,"chose_seed":false,"campfire_upgraded":4,"win_rate":0.0,"timestamp":1613786014,"path_taken":["M","$","?","?","?","R","M","M","T","E","R","M","?","M","R","BOSS","M","M","?","?","M","R","M","R","T","E","?","M"],"items_purchased_type":["Relic"],"build_version":"2020-12-22","purchased_purges":2,"victory":false,"max_hp_per_floor":[66,66,66,71,71,76,76,76,76,76,76,76,76,76,76,76,76,76,76,76,76,76,76,76,76,76,76,76,76,76],"card_choices":[{"not_picked":["Dagger Spray","Bouncing Flask"],"picked":"Calculated Gamble","floor":1},{"not_picked":["Backstab","Bouncing Flask"],"picked":"Dagger Spray","floor":7},{"not_picked":["Deflect","Bane"],"picked":"Cloak And Dagger","floor":8},{"not_picked":["Glass Knife","Prepared"],"picked":"Escape Plan","floor":10},{"not_picked":["Outmaneuver","Escape Plan"],"picked":"Poisoned Stab","floor":12},{"not_picked":["Dodge and Roll","Prepared"],"picked":"Predator","floor":13},{"not_picked":["PiercingWail","Dodge and Roll"],"picked":"Blade Dance","floor":14},{"not_picked":["Burst","Die Die Die"],"picked":"Adrenaline","floor":16},{"not_picked":["Slice+1","Dagger Spray"],"picked":"Backflip+1","floor":18},{"not_picked":["Dodge and Roll","All Out Attack"],"picked":"Crippling Poison","floor":19},{"not_picked":["Backflip","Riddle With Holes"],"picked":"Cloak And Dagger","floor":22},{"not_picked":["Quick Slash","Well Laid Plans"],"picked":"Blade Dance","floor":24},{"not_picked":["Prepared","Bouncing Flask"],"picked":"PiercingWail","floor":27}],"player_experience":857547,"relics_obtained":[{"floor":9,"key":"White Beast Statue"},{"floor":10,"key":"InkBottle"},{"floor":26,"key":"Bottled Flame"},{"floor":27,"key":"Akabeko"}],"event_choices":[{"cards_removed":["Defend_G"],"damage_healed":0,"gold_gain":0,"player_choice":"Card Removal","damage_taken":7,"max_hp_gain":0,"max_hp_loss":0,"event_name":"Golden Wing","floor":3,"gold_loss":0},{"damage_healed":0,"gold_gain":0,"player_choice":"Donut","damage_taken":0,"max_hp_gain":5,"max_hp_loss":0,"event_name":"Big Fish","floor":4,"gold_loss":0},{"damage_healed":0,"gold_gain":0,"player_choice":"Got Potions","damage_taken":0,"max_hp_gain":0,"max_hp_loss":0,"event_name":"Lab","floor":5,"gold_loss":0},{"damage_healed":0,"gold_gain":50,"player_choice":"Stole From Cult","damage_taken":0,"max_hp_gain":0,"max_hp_loss":0,"event_name":"Nest","floor":21,"gold_loss":0},{"damage_healed":0,"gold_gain":0,"player_choice":"Obtained Relic","damage_taken":0,"relics_obtained":["Peace Pipe"],"max_hp_gain":0,"max_hp_loss":0,"event_name":"Addict","floor":28,"gold_loss":85}],"is_beta":false,"boss_relics":[{"not_picked":["Snecko Eye","Velvet Choker"],"picked":"Runic Dome"}],"items_purged_floors":[2,20],"is_endless":false,"potions_floor_spawned":[7,8,10,12,13,14,16,18,19,22,24,27],"killed_by":"Sentry and Sphere","ascension_level":20}}