{"host":"0kk91h4bq4kgfj0u","time":1613846934,"event":{"mods":["BaseMod","Bestiary","Block Reminder","Colored Map","Colored Powertips","Curses Come First","Highlight Path","Minty Spire (QoL Compilation)","Relic Stats","StSLib"],"gold_per_floor":[116,129,129,139,239,271,271,285,310,310,310],"floor_reached":10,"language":"ENG","playtime":447,"items_purged":[],"score":68,"play_id":"3938e74b-572a-4e88-b9c9-f9435f697019","local_time":"20210220134854","is_ascension_mode":false,"campfire_choices":[{"floor":7,"key":"REST"}],"circlet_count":0,"master_deck":["Strike_R","Strike_R","Strike_R+1","Strike_R","Strike_R","Defend_R","Defend_R","Defend_R","Defend_R","Bash+1","Juggernaut","Thunderclap","Flex","Shrug It Off","Pummel","Body Slam"],"relics":["Burning Blood","Blood Vial","Whetstone"],"acts_visited":["Exordium"],"potions_floor_usage":[],"damage_taken":[{"damage":13,"enemies":"2 Louse","floor":1,"turns":4},{"damage":1,"enemies":"Cultist","floor":2,"turns":3},{"damage":13,"enemies":"Jaw Worm","floor":4,"turns":3},{"damage":42,"enemies":"Gremlin Nob","floor":6,"turns":5},{"damage":22,"enemies":"Large Slime","floor":8,"turns":8},{"damage":0,"enemies":"3 Sentries","floor":10,"turns":1}],"seed_played":"-7998064431523957493","potions_obtained":[{"floor":6,"key":"FairyPotion"}],"is_trial":false,"path_per_floor":["M","M","?","M","?","E","R","M","T","E"],"character_chosen":"IRONCLAD","items_purchased":[],"campfire_rested":1,"item_purchase_floors":[],"current_hp_per_floor":[49,54,54,47,47,11,35,21,21,23,23],"gold":310,"neow_bonus":"THREE_RARE_CARDS","is_daily":false,"chose_seed":false,"campfire_upgraded":0,"win_rate":0.0,"timestamp":1613846934,"path_taken":["M","M","?","M","?","E","R","M","T","E"],"items_purchased_type":[],"build_version":"2020-12-22","purchased_purges":0,"victory":false,"max_hp_per_floor":[80,80,80,80,80,80,80,80,80,80,80],"relic_stats":{"Blood Vial":4,"counters":[6,23],"Whetstone":["Bash","Strike_R"],"obtain_stats":[{"Blood Vial":6,"Whetstone":9,"Burning Blood":0},{"Blood Vial":4,"Whetstone":5,"Burning Blood":0},{"Blood Vial":15,"Whetstone":23,"Burning Blood":0}],"Burning Blood":30},"card_choices":[{"not_picked":["Fiend Fire","Barricade"],"picked":"Juggernaut","floor":0},{"not_picked":["Clash","Pommel Strike"],"picked":"Thunderclap","floor":1},{"not_picked":["Thunderclap","Bloodletting"],"picked":"Flex","floor":2},{"not_picked":["Dropkick","Anger"],"picked":"Shrug It Off","floor":4},{"not_picked":["Intimidate","Bloodletting"],"picked":"Pummel","floor":6},{"not_picked":["Shockwave","Dual Wield"],"picked":"Body Slam","floor":8}],"player_experience":890128,"relics_obtained":[{"floor":6,"key":"Blood Vial"},{"floor":9,"key":"Whetstone"}],"event_choices":[{"damage_healed":0,"gold_gain":0,"player_choice":"Ignored","damage_taken":0,"max_hp_gain":0,"max_hp_loss":0,"event_name":"Liars Game","floor":3,"gold_loss":0},{"damage_healed":0,"gold_gain":100,"player_choice":"Pray","damage_taken":0,"max_hp_gain":0,"max_hp_loss":0,"event_name":"Golden Shrine","floor":5,"gold_loss":0}],"is_beta":false,"boss_relics":[],"items_purged_floors":[],"is_endless":false,"potions_floor_spawned":[6],"killed_by":"3 Sentries","ascension_level":0}}