{"host":"bkfh0em4323elict","time":1613832448,"event":{"mods":["BaseMod","Downfall","Minty Spire (QoL Compilation)","StSLib","UnlockEverythingMod","[IsaacMod]ÒÔÈö¼âËþ"],"gold_per_floor":[113,113,127,145,145,180,180,7767,7819,7838,7852,7876,7907,7920,7920,8018,8018,8056,8056,8056,8119,8184,8184,8220,8220,8220,8261,8261,7559,7627,6878,6878,6971,6971,7012,7056,7056,6298,6298,6298,6298,6298,6298,6339,5467,5467,5467,5467,5467,5467,5467,5467,3720,3763,3763],"floor_reached":56,"language":"ZHS","playtime":2153,"items_purged":["Strike_P","Defend_P","Defend_P","Defend_P","Defend_P","Strike_P+1"],"score":3522,"play_id":"8427f1b9-bad5-4260-a863-6db9278e7429","local_time":"20210220224728","is_ascension_mode":true,"campfire_choices":[{"data":"Eruption","floor":7,"key":"SMITH"},{"floor":15,"key":"RECALL"},{"data":"Consecrate","floor":23,"key":"SMITH"},{"data":"Vigilance","floor":25,"key":"SMITH"},{"data":"ThirdEye","floor":28,"key":"SMITH"},{"data":"Crescendo","floor":32,"key":"SMITH"},{"data":"Vault","floor":40,"key":"SMITH"},{"floor":46,"key":"REST"},{"floor":49,"key":"REST"},{"floor":52,"key":"REST"}],"circlet_count":0,"master_deck":["AscendersBane","Vigilance+1","BettingIsNotGood+1","Consecrate+1","Crescendo+1","ThirdEye+1","Conclude+1","Vault+1"],"relics":["PureWater","HushsDoor","NeowsBlessing","DeathBook","Golden Idol","Damaru","PreservedInsect","Toolbox","bronze:BronzeIdol","HowToJump","ChampionBelt","TuHaoJin","Singing Bowl","BelialBook","bronze:DecasWashers","Letter Opener","DeadEye","Art of War","Molten Egg 2","bronze:DonusWashers","InkBottle","Guardian:PocketSentry","StrikeDummy","Strange Spoon","TheBean","Kunai","Regal Pillow","Chaos","Habit","Boot","Tiny House","SharpPlug","ClockworkSouvenir","TeardropLocket","Thread and Needle","expansioncontent:StudyCardRelic","Medical Kit","Guardian:GemstoneGun"],"acts_visited":["Exordium","TheCity","TheBeyond","TheEnding"],"potions_floor_usage":[],"damage_taken":[{"damage":0,"enemies":"2 Louse","floor":1,"turns":1},{"damage":0,"enemies":"Cultist","floor":3,"turns":1},{"damage":0,"enemies":"Jaw Worm","floor":4,"turns":1},{"damage":6,"enemies":"3 Sentries","floor":6,"turns":2},{"damage":0,"enemies":"Red Slaver","floor":10,"turns":1},{"damage":0,"enemies":"Large Slime","floor":11,"turns":1},{"damage":0,"enemies":"Exordium Wildlife","floor":12,"turns":1},{"damage":0,"enemies":"Lagavulin","floor":13,"turns":2},{"damage":0,"enemies":"Looter","floor":14,"turns":1},{"damage":0,"enemies":"Hexaghost","floor":16,"turns":1},{"damage":0,"enemies":"Slavers","floor":18,"turns":1},{"damage":0,"enemies":"Hiden Room Battle","floor":21,"turns":2},{"damage":0,"enemies":"Book of Stabbing","floor":22,"turns":1},{"damage":0,"enemies":"Gremlin Leader","floor":24,"turns":1},{"damage":0,"enemies":"Book of Stabbing","floor":27,"turns":1},{"damage":0,"enemies":"Slavers","floor":30,"turns":1},{"damage":0,"enemies":"Automaton","floor":33,"turns":1},{"damage":0,"enemies":"Nemesis","floor":35,"turns":1},{"damage":0,"enemies":"Giant Head","floor":36,"turns":1},{"damage":0,"enemies":"3 Darklings","floor":41,"turns":1},{"damage":0,"enemies":"Reptomancer","floor":42,"turns":1},{"damage":0,"enemies":"Giant Head","floor":44,"turns":1},{"damage":0,"enemies":"Donu and Deca","floor":50,"turns":1},{"damage":0,"enemies":"Shield and Spear","floor":54,"turns":1},{"damage":0,"enemies":"The Heart","floor":55,"turns":1}],"seed_played":"2272062757493896344","potions_obtained":[{"floor":3,"key":"ColorlessPotion"},{"floor":6,"key":"Ancient Potion"}],"is_trial":false,"path_per_floor":["M","?","M","M","?","E","R","$","T","M","M","M","E","M","R","B",null,"M","?","?","?","M","R","E","R","T","E","R","$","M","$","R","B",null,"M","M","?","$","?","R","M","E","T","M","$","R","?","?","R","B",null,"R","$","E","B",null],"character_chosen":"WATCHER","items_purchased":["PreservedInsect","Toolbox","Art of War","Molten Egg 2","bronze:DonusWashers","Guardian:PocketSentry","StrikeDummy","Strange Spoon","Conclude+1","Kunai","Regal Pillow","Chaos","SharpPlug","ClockworkSouvenir","TeardropLocket","Thread and Needle","expansioncontent:StudyCardRelic","Medical Kit"],"campfire_rested":3,"item_purchase_floors":[8,8,29,29,29,31,31,31,31,38,38,38,45,45,45,53,53,53],"current_hp_per_floor":[61,61,61,61,38,32,32,32,32,42,42,42,57,67,67,67,68,68,68,68,68,70,70,72,72,72,74,74,74,74,74,74,74,74,76,78,78,78,63,63,63,63,68,68,68,83,83,83,83,83,83,83,83,83,83],"gold":3763,"neow_bonus":"THREE_ENEMY_KILL","is_daily":false,"chose_seed":false,"campfire_upgraded":6,"win_rate":0.0,"timestamp":1613832448,"path_taken":["M","?","?","M","?","E","R","$","T","M","M","?","E","M","R","BOSS","M","?","?","?","M","R","E","R","T","E","R","$","?","$","R","BOSS","M","M","?","$","?","R","?","E","T","M","$","R","?","?","R","BOSS","R","$","E","BOSS"],"items_purchased_type":["Relic","Relic","Relic","Relic","Relic","Relic","Relic","Relic","Card","Relic","Relic","Card","Relic","Relic","Relic","Relic","Relic","Relic"],"build_version":"2020-12-22","purchased_purges":6,"victory":true,"max_hp_per_floor":[68,68,68,68,68,68,68,68,68,68,68,68,68,68,68,68,68,68,68,68,68,70,70,72,72,72,74,74,74,74,74,74,74,74,76,78,78,78,78,78,78,78,83,83,83,83,83,83,83,83,83,83,83,83,83],"card_choices":[{"not_picked":[],"picked":"BettingIsNotGood","floor":0},{"not_picked":["CrushJoints","CutThroughFate","FlurryOfBlows"],"picked":"SKIP","floor":1},{"not_picked":["FlyingSleeves","ThirdEye"],"picked":"Bomb","floor":3},{"not_picked":["Fasting2","Indignation"],"picked":"Consecrate","floor":4},{"not_picked":["Indignation","WaveOfTheHand","DeceiveReality"],"picked":"SKIP","floor":6},{"not_picked":["BowlingBash","SashWhip","CarveReality"],"picked":"SKIP","floor":10},{"not_picked":["WreathOfFlame","Crescendo","Alpha"],"picked":"SKIP","floor":11},{"not_picked":["SandsOfTime","SashWhip","Crescendo"],"picked":"SKIP","floor":12},{"not_picked":["BowlingBash","LikeWater","WaveOfTheHand"],"picked":"SKIP","floor":13},{"not_picked":["Collect","WaveOfTheHand","Fasting2"],"picked":"SKIP","floor":14},{"not_picked":["EmptyBody","DeceiveReality","Halt"],"picked":"SKIP","floor":18},{"not_picked":["Vengeance","SignatureMove","CrushJoints"],"picked":"Singing Bowl","floor":22},{"not_picked":["Devotion","FlurryOfBlows","Tantrum+1"],"picked":"Singing Bowl","floor":24},{"not_picked":["ClearTheMind","Tantrum+1","PathToVictory"],"picked":"Singing Bowl","floor":27},{"not_picked":["MasterReality","CutThroughFate+1","EmptyFist+1"],"picked":"SKIP","floor":30},{"not_picked":["Omniscience","Brilliance+1"],"picked":"Vault","floor":33},{"not_picked":["PathToVictory+1","Crescendo+1","Wish"],"picked":"Singing Bowl","floor":35},{"not_picked":["Vengeance","EmptyFist+1","BattleHymn"],"picked":"Singing Bowl","floor":36},{"not_picked":["Crescendo","Vengeance","FollowUp+1"],"picked":"SKIP","floor":41},{"not_picked":["WheelKick+1","Worship+1","Swivel"],"picked":"SKIP","floor":42},{"not_picked":["Sanctity","Pray","Meditate"],"picked":"SKIP","floor":44},{"not_picked":["Collect+1","Adaptation","EmptyFist+1"],"picked":"SKIP","floor":54}],"player_experience":15199,"relics_obtained":[{"floor":6,"key":"Damaru"},{"floor":9,"key":"bronze:BronzeIdol"},{"floor":13,"key":"HowToJump"},{"floor":18,"key":"TuHaoJin"},{"floor":21,"key":"Singing Bowl"},{"floor":21,"key":"BelialBook"},{"floor":22,"key":"bronze:DecasWashers"},{"floor":24,"key":"Letter Opener"},{"floor":27,"key":"DeadEye"},{"floor":30,"key":"InkBottle"},{"floor":35,"key":"TheBean"},{"floor":42,"key":"Boot"},{"floor":43,"key":"Tiny House"},{"floor":54,"key":"Guardian:GemstoneGun"}],"event_choices":[{"damage_healed":0,"gold_gain":0,"player_choice":"Grow","damage_taken":0,"max_hp_gain":0,"max_hp_loss":0,"event_name":"Living Wall","floor":2,"gold_loss":0,"cards_upgraded":["BettingIsNotGood"]},{"damage_healed":0,"gold_gain":0,"player_choice":"Take Damage","damage_taken":23,"relics_obtained":["Golden Idol"],"max_hp_gain":0,"max_hp_loss":0,"event_name":"Golden Idol","floor":5,"gold_loss":0},{"damage_healed":0,"gold_gain":0,"cards_transformed":["Strike_P","Strike_P"],"player_choice":"Became Test Subject","damage_taken":0,"max_hp_gain":0,"max_hp_loss":0,"event_name":"Drug Dealer","floor":20,"gold_loss":0,"cards_obtained":["Crescendo","ThirdEye"]},{"damage_healed":0,"gold_gain":0,"player_choice":"Fight","damage_taken":0,"max_hp_gain":0,"max_hp_loss":0,"event_name":"HidenRoomEvent","floor":21,"gold_loss":0},{"damage_healed":0,"gold_gain":0,"player_choice":"Ignored","damage_taken":0,"max_hp_gain":0,"max_hp_loss":0,"event_name":"The Moai Head","floor":37,"gold_loss":0},{"cards_removed":["Eruption"],"damage_healed":0,"gold_gain":0,"player_choice":"Removed Attack","damage_taken":0,"max_hp_gain":0,"max_hp_loss":0,"event_name":"Falling","floor":47,"gold_loss":0},{"damage_healed":0,"gold_gain":0,"player_choice":"Memory 1","damage_taken":0,"max_hp_gain":0,"max_hp_loss":0,"event_name":"SensoryStone","floor":48,"gold_loss":0}],"is_beta":false,"boss_relics":[{"not_picked":["HolyWater","bronze:MakeshiftBattery"],"picked":"ChampionBelt"},{"not_picked":[]},{"not_picked":["Calling Bell","Fusion Hammer","Runic Dome"]}],"items_purged_floors":[8,29,31,38,45,53],"is_endless":false,"potions_floor_spawned":[3,6,14,18,21,30,35,41,54],"ascension_level":20}}