{"host":"or8fr2mp0k3eluj8","time":1613812610,"event":{"mods":["AchievementEnabler","BaseMod","Colored Map","DeckTracker","Minty Spire (QoL Compilation)","StSLib","SuperFastMode"],"gold_per_floor":[115,115,115,164,8,39,39,51,51,51,61,11,29,47,47,144,144,164,104,104],"floor_reached":19,"language":"KOR","playtime":629,"items_purged":["Normality"],"score":184,"play_id":"9387d279-77f3-49c3-b8ff-b22956ef0334","local_time":"20210220181650","is_ascension_mode":true,"campfire_choices":[{"data":"Zap","floor":7,"key":"SMITH"},{"data":"Dualcast","floor":10,"key":"SMITH"},{"floor":15,"key":"REST"}],"circlet_count":0,"master_deck":["Strike_B","Strike_B+1","Strike_B+1","Strike_B","Defend_B","Defend_B","Defend_B","Defend_B","Zap+1","Dualcast+1","Compile Driver","Coolheaded","Go for the Eyes","Undo","Streamline","Hologram","Creative AI","CurseOfTheBell","Genetic Algorithm+1"],"relics":["Cracked Core","Dead Branch","Ancient Tea Set","Membership Card","InkBottle","Calling Bell","Blood Vial","Toxic Egg 2","Unceasing Top"],"acts_visited":["Exordium","TheCity"],"potions_floor_usage":[18,19,19,19,19,19,19],"damage_taken":[{"damage":10,"enemies":"Small Slimes","floor":1,"turns":5},{"damage":16,"enemies":"Lagavulin","floor":6,"turns":7},{"damage":4,"enemies":"Jaw Worm","floor":8,"turns":3},{"damage":1,"enemies":"Cultist","floor":11,"turns":3},{"damage":0,"enemies":"Large Slime","floor":13,"turns":4},{"damage":18,"enemies":"Exordium Wildlife","floor":14,"turns":5},{"damage":18,"enemies":"The Guardian","floor":16,"turns":12},{"damage":54,"enemies":"3 Byrds","floor":18,"turns":6},{"damage":27,"enemies":"2 Thieves","floor":19,"turns":2}],"seed_played":"-5466487276846470255","potions_obtained":[{"floor":6,"key":"PotionOfCapacity"},{"floor":14,"key":"EssenceOfSteel"},{"floor":16,"key":"EntropicBrew"},{"floor":18,"key":"Weak Potion"}],"is_trial":false,"path_per_floor":["M","?","?","T","$","E","R","M","T","R","M","$","M","M","R","B",null,"M","M"],"character_chosen":"DEFECT","items_purchased":["Membership Card","Streamline"],"campfire_rested":1,"item_purchase_floors":[5,12],"current_hp_per_floor":[65,65,50,50,50,34,34,30,30,30,29,29,29,11,33,15,75,21,0,0],"gold":104,"neow_bonus":"ONE_RARE_RELIC","is_daily":false,"chose_seed":false,"campfire_upgraded":2,"win_rate":0.0,"timestamp":1613812610,"path_taken":["M","?","?","?","$","E","R","M","T","R","?","?","M","M","R","BOSS","M","M"],"items_purchased_type":["Relic","Card"],"build_version":"2020-12-22","purchased_purges":1,"victory":false,"max_hp_per_floor":[75,75,75,75,75,75,75,75,75,75,75,75,75,75,75,75,75,75,75,75],"card_choices":[{"not_picked":["Beam Cell","Capacitor"],"picked":"Compile Driver","floor":1},{"not_picked":["Steam","Barrage"],"picked":"Coolheaded","floor":6},{"not_picked":["Coolheaded","Multi-Cast"],"picked":"Go for the Eyes","floor":8},{"not_picked":["Stack","Redo"],"picked":"Undo","floor":11},{"not_picked":["Steam","Undo"],"picked":"Hologram","floor":13},{"not_picked":["Redo","Coolheaded","Barrage"],"picked":"SKIP","floor":14},{"not_picked":["Buffer","Seek"],"picked":"Creative AI","floor":16},{"not_picked":["Stack+1","Compile Driver"],"picked":"Genetic Algorithm+1","floor":18}],"player_experience":389570,"relics_obtained":[{"floor":4,"key":"Ancient Tea Set"},{"floor":6,"key":"InkBottle"},{"floor":17,"key":"Blood Vial"},{"floor":17,"key":"Toxic Egg 2"},{"floor":17,"key":"Unceasing Top"}],"event_choices":[{"damage_healed":0,"gold_gain":0,"player_choice":"Ignored","damage_taken":0,"max_hp_gain":0,"max_hp_loss":0,"event_name":"Liars Game","floor":2,"gold_loss":0},{"damage_healed":0,"gold_gain":0,"player_choice":"Entered Light","damage_taken":15,"max_hp_gain":0,"max_hp_loss":0,"event_name":"Shining Light","floor":3,"gold_loss":0,"cards_upgraded":["Strike_B","Strike_B"]}],"is_beta":false,"boss_relics":[{"not_picked":["Astrolabe","Empty Cage"],"picked":"Calling Bell"}],"items_purged_floors":[12],"is_endless":false,"potions_floor_spawned":[6,14,16,18],"killed_by":"2 Thieves","ascension_level":2}}