{"host":"nsc6ozq3atyrdr3m","time":1613819498,"event":{"mods":["BaseMod","Colored Map","Minty Spire (QoL Compilation)"],"gold_per_floor":[112,38,38,38,58,58,83,83,136,153,168,180,180,199,199,301,301,311,321,353,278,353,353,353],"floor_reached":23,"language":"FRA","playtime":483,"items_purged":["Zap"],"score":281,"play_id":"8513f091-7cdd-49c8-b618-82c453bc4cdc","local_time":"20210220121138","is_ascension_mode":true,"campfire_choices":[{"data":"Hologram","floor":6.0,"key":"SMITH"},{"data":"Gash","floor":8.0,"key":"SMITH"},{"data":"Genetic Algorithm","floor":15,"key":"SMITH"}],"circlet_count":0,"master_deck":["Dualcast","Gash+1","Gash+1","Hologram+1","Melter","Self Repair","Core Surge","FTL","Rebound","Rebound","Genetic Algorithm+1","Hyperbeam","Hologram"],"relics":["Cracked Core","NeowsBlessing","Prayer Wheel","Nunchaku","Pandora\u0027s Box","Red Mask"],"acts_visited":["Exordium","TheCity"],"potions_floor_usage":[16,16,19,20,20,20,23],"damage_taken":[{"damage":0.0,"enemies":"Cultist","floor":1.0,"turns":1.0},{"damage":0.0,"enemies":"2 Louse","floor":5.0,"turns":1.0},{"damage":0.0,"enemies":"Gremlin Nob","floor":7.0,"turns":1.0},{"damage":4.0,"enemies":"Jaw Worm","floor":10.0,"turns":3.0},{"damage":5,"enemies":"Red Slaver","floor":11,"turns":3},{"damage":11,"enemies":"Large Slime","floor":12,"turns":5},{"damage":8,"enemies":"3 Louse","floor":14,"turns":3},{"damage":42,"enemies":"Slime Boss","floor":16,"turns":8},{"damage":29,"enemies":"Shell Parasite","floor":18,"turns":3},{"damage":6,"enemies":"2 Thieves","floor":19,"turns":2},{"damage":7,"enemies":"Masked Bandits","floor":20,"turns":2},{"damage":27,"enemies":"Centurion and Healer","floor":23,"turns":2}],"seed_played":"6126710802128444056","potions_obtained":[{"floor":5.0,"key":"Explosive Potion"},{"floor":7.0,"key":"DistilledChaos"},{"floor":11,"key":"EntropicBrew"},{"floor":18,"key":"Energy Potion"},{"floor":19,"key":"ColorlessPotion"}],"is_trial":false,"path_per_floor":["M","$","$","?","M","R","E","R","T","M","M","M","?","M","R","B",null,"M","M","?","$","?","M"],"character_chosen":"DEFECT","items_purchased":["Gash","Hologram"],"campfire_rested":0,"item_purchase_floors":[2,2],"current_hp_per_floor":[68,68,68,53,53,53,53,53,53,56,58,54,54,53,53,18,61,39,40,33,33,26,0,0],"gold":353,"neow_bonus":"THREE_ENEMY_KILL","is_daily":false,"chose_seed":false,"campfire_upgraded":3,"win_rate":0.0,"timestamp":1613819498,"path_taken":["M","?","$","?","M","R","E","R","T","M","M","M","?","?","R","BOSS","M","M","?","$","?","M"],"items_purchased_type":["Card","Card"],"build_version":"2020-12-22","purchased_purges":1,"victory":false,"max_hp_per_floor":[75,75,75,75,75,75,75,75,75,75,75,75,75,75,75,75,75,75,75,75,75,75,75,75],"card_choices":[{"not_picked":["Beam Cell","Aggregate"],"picked":"Gash","floor":1.0},{"not_picked":["Sweeping Beam","Hello World"],"picked":"Melter","floor":5.0},{"not_picked":["Stack","Glacier"],"picked":"Self Repair","floor":7.0},{"not_picked":["Storm","Hello World"],"picked":"Core Surge","floor":10},{"not_picked":["Rebound","Auto Shields"],"picked":"FTL","floor":10},{"not_picked":["Coolheaded","Force Field","Barrage"],"picked":"SKIP","floor":11},{"not_picked":["Barrage","Conserve Battery","Cold Snap"],"picked":"SKIP","floor":11},{"not_picked":["Compile Driver","Streamline"],"picked":"Rebound","floor":12},{"not_picked":["Darkness","Fusion","Stack"],"picked":"SKIP","floor":12},{"not_picked":["Storm","Conserve Battery"],"picked":"Rebound","floor":14},{"not_picked":["Rebound","Coolheaded"],"picked":"Genetic Algorithm","floor":14},{"not_picked":["Fission","Multi-Cast"],"picked":"Hyperbeam","floor":16},{"not_picked":["Streamline","Cold Snap+1"],"picked":"Hologram","floor":18},{"not_picked":["Redo","Blizzard+1","Chaos"],"picked":"SKIP","floor":18},{"not_picked":["Blizzard+1","Lockon","Redo+1"],"picked":"SKIP","floor":19},{"not_picked":["Cold Snap","Streamline","Rebound"],"picked":"SKIP","floor":19}],"player_experience":433316,"relics_obtained":[{"floor":7.0,"key":"Prayer Wheel"},{"floor":9.0,"key":"Nunchaku"},{"floor":20,"key":"Red Mask"}],"event_choices":[{"damage_healed":0.0,"max_hp_gain":0.0,"max_hp_loss":0.0,"gold_gain":0.0,"event_name":"Shining Light","player_choice":"Entered Light","floor":4.0,"gold_loss":0.0,"damage_taken":15.0,"cards_upgraded":["Gash","Defend_B"]},{"cards_removed":["Strike_B"],"damage_healed":0,"gold_gain":0,"player_choice":"Offered Basic","damage_taken":0,"max_hp_gain":0,"max_hp_loss":0,"event_name":"Bonfire Elementals","floor":13,"gold_loss":0},{"damage_healed":0,"gold_gain":0,"player_choice":"Fought Bandits","damage_taken":0,"max_hp_gain":0,"max_hp_loss":0,"event_name":"Masked Bandits","floor":20,"gold_loss":0},{"damage_healed":0,"gold_gain":75,"player_choice":"Touch","damage_taken":7,"max_hp_gain":0,"max_hp_loss":0,"event_name":"FaceTrader","floor":22,"gold_loss":0}],"is_beta":false,"boss_relics":[{"not_picked":["Velvet Choker","Snecko Eye"],"picked":"Pandora\u0027s Box"}],"items_purged_floors":[21],"is_endless":false,"potions_floor_spawned":[5,7,11,12,18,19],"killed_by":"Centurion and Healer","ascension_level":6}}