{"host":"mithrandi","time":1613813409,"event":{"mods":["BaseMod","Colored Map","Highlight Path","Minty Spire (QoL Compilation)","SuperFastMode"],"gold_per_floor":[12,31,41,55,55,87,87,143,170,36,65,65,65,65,65,161,161,180,200,219,219,134,180,192,247,282,294,306,306],"floor_reached":28,"language":"ENG","playtime":955,"items_purged":["Defend_R"],"score":653,"play_id":"98df1c2d-a1fa-4478-8e0e-3d8039d8d17a","local_time":"20210220113009","is_ascension_mode":true,"campfire_choices":[{"data":"Evolve","floor":7.0,"key":"SMITH"},{"data":"True Grit","floor":13.0,"key":"SMITH"},{"data":"Wild Strike","floor":15.0,"key":"SMITH"}],"circlet_count":0,"master_deck":["AscendersBane","Defend_R","Defend_R","Defend_R","Bash+1","Shockwave","Wild Strike+1","Perfected Strike","Evolve+1","Wild Strike+1","Battle Trance","Pommel Strike","True Grit+1","Fire Breathing+1","Demon Form","Reckless Charge","Anger+1","Power Through","Bite","Bite","Bite","Bite","Bite"],"relics":["Burning Blood","MealTicket","Bag of Marbles","Vajra","Golden Idol","Mark of Pain","MutagenicStrength","MawBank","Omamori","Kunai","Dream Catcher"],"acts_visited":["Exordium","TheCity"],"potions_floor_usage":[],"damage_taken":[{"damage":0.0,"enemies":"2 Louse","floor":1.0,"turns":3.0},{"damage":0.0,"enemies":"Small Slimes","floor":2.0,"turns":2.0},{"damage":11.0,"enemies":"Jaw Worm","floor":3.0,"turns":4.0},{"damage":12.0,"enemies":"3 Louse","floor":4.0,"turns":4.0},{"damage":30.0,"enemies":"Lagavulin","floor":6.0,"turns":4.0},{"damage":6.0,"enemies":"Gremlin Nob","floor":8.0,"turns":3.0},{"damage":8.0,"enemies":"Gremlin Nob","floor":11.0,"turns":3.0},{"damage":0.0,"enemies":"Slime Boss","floor":16.0,"turns":5.0},{"damage":7.0,"enemies":"3 Byrds","floor":18.0,"turns":3.0},{"damage":11.0,"enemies":"2 Thieves","floor":19.0,"turns":3.0},{"damage":11.0,"enemies":"Sentry and Sphere","floor":20.0,"turns":3.0},{"damage":34.0,"enemies":"Book of Stabbing","floor":23.0,"turns":4.0},{"damage":20.0,"enemies":"Gremlin Leader","floor":25.0,"turns":5.0},{"damage":24,"enemies":"Book of Stabbing","floor":28,"turns":2}],"seed_played":"6155201319296613101","potions_obtained":[{"floor":1.0,"key":"FearPotion"},{"floor":4.0,"key":"Energy Potion"},{"floor":11.0,"key":"PowerPotion"},{"floor":16.0,"key":"Swift Potion"},{"floor":25.0,"key":"Strength Potion"}],"is_trial":false,"path_per_floor":["M","M","M","M","?","E","R","?","T","$","E","?","R","?","R","B",null,"M","M","M","?","?","E","?","E","T","?","E"],"character_chosen":"IRONCLAD","items_purchased":["True Grit"],"campfire_rested":0,"item_purchase_floors":[10],"current_hp_per_floor":[74,75,70,64,41,17,17,17,17,32,30,30,30,30,30,38,61,62,59,56,56,56,30,30,18,18,18,0,0],"gold":306,"neow_bonus":"TRANSFORM_TWO_CARDS","is_daily":false,"chose_seed":false,"campfire_upgraded":3,"win_rate":0.0,"timestamp":1613813409,"path_taken":["M","M","M","M","?","E","R","?","T","$","E","?","R","?","R","BOSS","M","M","M","?","?","E","?","E","T","?","E"],"items_purchased_type":["Card"],"build_version":"2020-12-18","purchased_purges":1,"victory":false,"max_hp_per_floor":[75,75,75,75,75,75,75,75,75,75,75,75,75,68,68,68,68,68,68,68,68,68,68,68,68,68,68,68,68],"card_choices":[{"not_picked":["Feel No Pain","Clothesline"],"picked":"Perfected Strike","floor":1.0},{"not_picked":["Cleave","Iron Wave"],"picked":"Evolve","floor":2.0},{"not_picked":["Headbutt","Iron Wave","Warcry"],"picked":"SKIP","floor":3.0},{"not_picked":["Clothesline","Dropkick"],"picked":"Wild Strike","floor":4.0},{"not_picked":["Rampage","Body Slam"],"picked":"Battle Trance","floor":6.0},{"not_picked":["Carnage","Second Wind"],"picked":"Pommel Strike","floor":8.0},{"not_picked":["Shrug It Off","Armaments"],"picked":"Fire Breathing","floor":11.0},{"not_picked":["Brutality","Barricade"],"picked":"Demon Form","floor":16.0},{"not_picked":["Thunderclap","Ghostly Armor+1"],"picked":"Reckless Charge","floor":18.0},{"not_picked":["Burning Pact","Thunderclap"],"picked":"Anger+1","floor":19.0},{"not_picked":["Warcry","Spot Weakness","Uppercut"],"picked":"SKIP","floor":20.0},{"not_picked":["Perfected Strike","Clash"],"picked":"Power Through","floor":23.0},{"not_picked":["Brutality","Combust","Iron Wave"],"picked":"SKIP","floor":25.0}],"player_experience":3016521,"relics_obtained":[{"floor":6.0,"key":"MealTicket"},{"floor":8.0,"key":"Bag of Marbles"},{"floor":9.0,"key":"Vajra"},{"floor":11.0,"key":"Blood Vial"},{"floor":23.0,"key":"Omamori"},{"floor":25.0,"key":"Kunai"},{"floor":26.0,"key":"Dream Catcher"}],"event_choices":[{"damage_healed":0.0,"max_hp_gain":0.0,"max_hp_loss":0.0,"gold_gain":0.0,"event_name":"Shining Light","player_choice":"Entered Light","floor":5.0,"gold_loss":0.0,"damage_taken":23.0,"cards_upgraded":["Wild Strike","Bash"]},{"damage_healed":0.0,"max_hp_gain":0.0,"max_hp_loss":0.0,"gold_gain":30.0,"event_name":"Dead Adventurer","player_choice":"Searched \u00272\u0027 times","floor":8.0,"gold_loss":0.0,"damage_taken":0.0},{"damage_healed":0.0,"max_hp_gain":0.0,"max_hp_loss":0.0,"gold_gain":0.0,"event_name":"Living Wall","player_choice":"Grow","floor":12.0,"gold_loss":0.0,"damage_taken":0.0,"cards_upgraded":["Fire Breathing"]},{"damage_healed":0.0,"max_hp_gain":0.0,"max_hp_loss":7.0,"gold_gain":0.0,"event_name":"Golden Idol","player_choice":"Lose Max HP","floor":14.0,"gold_loss":0.0,"damage_taken":0.0,"relics_obtained":["Golden Idol"]},{"damage_healed":0.0,"max_hp_gain":0.0,"max_hp_loss":0.0,"gold_gain":0.0,"event_name":"Drug Dealer","player_choice":"Inject Mutagens","floor":21.0,"gold_loss":0.0,"damage_taken":0.0,"relics_obtained":["MutagenicStrength"]},{"damage_healed":0.0,"max_hp_gain":0.0,"max_hp_loss":0.0,"gold_gain":0.0,"event_name":"Addict","player_choice":"Obtained Relic","floor":22.0,"gold_loss":85.0,"damage_taken":0.0,"relics_obtained":["MawBank"]},{"damage_healed":0.0,"max_hp_gain":0.0,"max_hp_loss":0.0,"gold_gain":0.0,"event_name":"Ghosts","player_choice":"Ignored","floor":24.0,"gold_loss":0.0,"damage_taken":0.0},{"damage_healed":0.0,"max_hp_gain":0.0,"max_hp_loss":0.0,"gold_gain":0.0,"event_name":"Vampires","player_choice":"Became a vampire (Vial)","floor":27.0,"relics_lost":["Blood Vial"],"gold_loss":0.0,"damage_taken":0.0,"cards_obtained":["Bite","Bite","Bite","Bite","Bite"]}],"is_beta":true,"boss_relics":[{"not_picked":["Astrolabe","Velvet Choker"],"picked":"Mark of Pain"}],"items_purged_floors":[10],"is_endless":false,"potions_floor_spawned":[1,4,11,16,25],"killed_by":"Book of Stabbing","ascension_level":20}}