{"host":"9tzam4717zt8ei1o","time":1613831003,"event":{"mods":["BaseMod","Colored Map","Keyboard Shortcuts","Minty Spire (QoL Compilation)","Quick Restart","StSLib","SuperFastMode"],"gold_per_floor":[116,116,14,27,27,27,59,73,96,113,113,129,139,139,139,216,216,232,232,248,248,173,173,185,201,201,212,212,231,281,18,18,95,95,111,131,147,22,22,52,52,82,82,82,102,102,27,40,40,40,40,40,40,69,69,69],"floor_reached":55,"language":"KOR","playtime":1561,"items_purged":["Strike_G","Poisoned Stab","Sucker Punch"],"score":1492,"play_id":"4a196f5f-700f-40e3-a535-6a9a5b2f6f6b","local_time":"20210220232323","is_ascension_mode":true,"campfire_choices":[{"data":"Prepared","floor":6.0,"key":"SMITH"},{"data":"Calculated Gamble","floor":11.0,"key":"SMITH"},{"data":"Acrobatics","floor":15.0,"key":"SMITH"},{"data":"Acrobatics","floor":23.0,"key":"SMITH"},{"floor":28.0,"key":"REST"},{"floor":32.0,"key":"REST"},{"floor":41.0,"key":"REST"},{"data":"Eviscerate","floor":46.0,"key":"SMITH"},{"floor":49.0,"key":"RECALL"},{"data":"Eviscerate","floor":52.0,"key":"SMITH"}],"circlet_count":0,"master_deck":["AscendersBane","Defend_G","Defend_G","Defend_G","Survivor","Neutralize","Quick Slash","Eviscerate+1","Prepared+1","Calculated Gamble+1","Acrobatics+1","After Image","Acrobatics+1","Eviscerate+1","Escape Plan","After Image","Acrobatics+1","Bandage Up","Escape Plan","Tools of the Trade","Flying Knee","Prepared","Eviscerate+1"],"relics":["Ring of the Snake","Ancient Tea Set","Potion Belt","SlaversCollar","Matryoshka","Omamori","SacredBark","Juzu Bracelet","Pear","PreservedInsect","Pantograph"],"acts_visited":["Exordium","TheCity","TheBeyond","TheEnding"],"potions_floor_usage":[55,55],"damage_taken":[{"damage":6.0,"enemies":"Jaw Worm","floor":1.0,"turns":5.0},{"damage":7.0,"enemies":"Small Slimes","floor":4.0,"turns":4.0},{"damage":32.0,"enemies":"Gremlin Nob","floor":7.0,"turns":4.0},{"damage":0.0,"enemies":"2 Louse","floor":8.0,"turns":2.0},{"damage":0.0,"enemies":"Looter","floor":10.0,"turns":3.0},{"damage":0.0,"enemies":"Lots of Slimes","floor":12.0,"turns":4.0},{"damage":6.0,"enemies":"Large Slime","floor":13.0,"turns":7.0},{"damage":14.0,"enemies":"Hexaghost","floor":16.0,"turns":9.0},{"damage":20.0,"enemies":"Chosen","floor":18.0,"turns":6.0},{"damage":6.0,"enemies":"Shell Parasite","floor":20.0,"turns":4.0},{"damage":9.0,"enemies":"Snake Plant","floor":24.0,"turns":3.0},{"damage":14.0,"enemies":"Snecko","floor":25.0,"turns":4.0},{"damage":0.0,"enemies":"Centurion and Healer","floor":27.0,"turns":3.0},{"damage":1.0,"enemies":"Snake Plant","floor":29.0,"turns":3.0},{"damage":0.0,"enemies":"Champ","floor":33.0,"turns":4.0},{"damage":7.0,"enemies":"Orb Walker","floor":35.0,"turns":4.0},{"damage":16.0,"enemies":"3 Darklings","floor":36.0,"turns":5.0},{"damage":27.0,"enemies":"Transient","floor":37.0,"turns":5.0},{"damage":5.0,"enemies":"Reptomancer","floor":40.0,"turns":4.0},{"damage":0.0,"enemies":"Giant Head","floor":42.0,"turns":4.0},{"damage":13.0,"enemies":"Jaw Worm Horde","floor":45.0,"turns":3.0},{"damage":0.0,"enemies":"Spire Growth","floor":48.0,"turns":3.0},{"damage":0.0,"enemies":"Awakened One","floor":50.0,"turns":9.0},{"damage":0.0,"enemies":"Shield and Spear","floor":54.0,"turns":3.0},{"damage":73,"enemies":"The Heart","floor":55,"turns":3}],"seed_played":"8624611832262684398","potions_obtained":[{"floor":10.0,"key":"Fire Potion"},{"floor":12.0,"key":"LiquidMemories"},{"floor":13.0,"key":"Swift Potion"},{"floor":25.0,"key":"Block Potion"},{"floor":29.0,"key":"Strength Potion"},{"floor":36.0,"key":"Weak Potion"},{"floor":45.0,"key":"Energy Potion"},{"floor":48.0,"key":"Weak Potion"}],"is_trial":false,"path_per_floor":["M","?","$","M","?","R","E","M","T","M","R","M","M","?","R","B",null,"M","?","M","?","$","R","M","M","T","M","R","M","?","$","R","B",null,"M","M","M","$","?","E","R","E","T","?","M","R","?","M","R","B",null,"R","$","E","B"],"character_chosen":"THE_SILENT","items_purchased":["Eviscerate","Prepared","Omamori"],"campfire_rested":3,"item_purchase_floors":[3,3,31],"current_hp_per_floor":[53,53,53,46,39,39,7,7,7,7,7,7,1,17,17,3,50,30,30,24,24,24,24,15,1,1,1,19,18,12,12,30,30,55,48,32,5,5,5,4,22,36,36,36,27,27,27,31,31,35,64,64,64,68,0,0],"gold":69,"neow_bonus":"THREE_CARDS","is_daily":false,"chose_seed":false,"campfire_upgraded":6,"win_rate":0.0,"timestamp":1613831003,"path_taken":["M","?","$","M","?","R","E","M","T","M","R","M","M","?","R","BOSS","M","?","M","?","$","R","M","M","T","M","R","M","?","$","R","BOSS","M","M","?","$","?","E","R","E","T","?","M","R","?","M","R","BOSS","R","$","E","BOSS"],"items_purchased_type":["Card","Card","Relic"],"build_version":"2020-12-22","purchased_purges":3,"victory":false,"max_hp_per_floor":[66,66,66,66,66,66,66,66,66,66,66,66,66,66,66,66,66,66,66,66,63,63,63,63,63,63,63,63,63,63,63,63,63,63,63,63,63,63,63,63,63,73,73,73,73,73,73,73,73,73,73,73,73,73,73,73],"card_choices":[{"not_picked":["Sucker Punch","Caltrops"],"picked":"Quick Slash","floor":0.0},{"not_picked":["Well Laid Plans","Quick Slash"],"picked":"Poisoned Stab","floor":1.0},{"not_picked":["Skewer","Dagger Spray","Poisoned Stab"],"picked":"SKIP","floor":4.0},{"not_picked":["Dodge and Roll","Distraction","Concentrate"],"picked":"SKIP","floor":7.0},{"not_picked":["Choke","Catalyst","Finisher"],"picked":"SKIP","floor":8.0},{"not_picked":["All Out Attack","Grand Finale"],"picked":"Calculated Gamble","floor":10.0},{"not_picked":["Catalyst","Setup","Predator"],"picked":"SKIP","floor":12.0},{"not_picked":["Sucker Punch","Bane"],"picked":"Acrobatics","floor":13.0},{"not_picked":["Corpse Explosion","Storm of Steel"],"picked":"After Image","floor":16.0},{"not_picked":["Quick Slash","Underhanded Strike"],"picked":"Acrobatics","floor":18.0},{"not_picked":["Dodge and Roll","Noxious Fumes","Catalyst+1"],"picked":"SKIP","floor":20.0},{"not_picked":["Deadly Poison","Bane","Underhanded Strike"],"picked":"SKIP","floor":24.0},{"not_picked":["Predator","Flechettes"],"picked":"Escape Plan","floor":25.0},{"not_picked":["Underhanded Strike","Noxious Fumes","Blade Dance"],"picked":"SKIP","floor":27.0},{"not_picked":["Flying Knee","Footwork","Poisoned Stab"],"picked":"SKIP","floor":29.0},{"not_picked":["Tools of the Trade","Doppelganger"],"picked":"After Image","floor":33.0},{"not_picked":["Deflect","Terror"],"picked":"Acrobatics+1","floor":35.0},{"not_picked":["Cloak And Dagger","PiercingWail","Bane"],"picked":"SKIP","floor":36.0},{"not_picked":["Distraction","Crippling Poison+1","Backflip"],"picked":"SKIP","floor":37.0},{"not_picked":["Panacea","Transmutation"],"picked":"Bandage Up","floor":39.0},{"not_picked":["All Out Attack","Distraction"],"picked":"Escape Plan","floor":40.0},{"not_picked":["Backflip+1","Dagger Throw+1"],"picked":"Tools of the Trade","floor":42.0},{"not_picked":["Deadly Poison","Infinite Blades","PiercingWail+1"],"picked":"SKIP","floor":45.0},{"not_picked":["Endless Agony","Dagger Throw+1","PiercingWail"],"picked":"SKIP","floor":48.0},{"not_picked":["Bane+1","Predator+1"],"picked":"Eviscerate+1","floor":54.0}],"player_experience":125276,"relics_obtained":[{"floor":7.0,"key":"Ancient Tea Set"},{"floor":9.0,"key":"Potion Belt"},{"floor":26.0,"key":"Matryoshka"},{"floor":40.0,"key":"Juzu Bracelet"},{"floor":42.0,"key":"Pear"},{"floor":43.0,"key":"PreservedInsect"},{"floor":54.0,"key":"Pantograph"}],"event_choices":[{"cards_removed":["Strike_G"],"damage_healed":0.0,"max_hp_gain":0.0,"max_hp_loss":0.0,"gold_gain":0.0,"event_name":"Living Wall","player_choice":"Forget","floor":2.0,"gold_loss":0.0,"damage_taken":0.0},{"cards_removed":["Strike_G"],"damage_healed":0.0,"max_hp_gain":0.0,"max_hp_loss":0.0,"gold_gain":0.0,"event_name":"Golden Wing","player_choice":"Card Removal","floor":5.0,"gold_loss":0.0,"damage_taken":7.0},{"damage_healed":16.0,"max_hp_gain":0.0,"max_hp_loss":0.0,"gold_gain":0.0,"event_name":"Mushrooms","player_choice":"Healed and dodged fight","floor":14.0,"gold_loss":0.0,"damage_taken":0.0,"cards_obtained":["Parasite"]},{"damage_healed":0.0,"max_hp_gain":0.0,"max_hp_loss":0.0,"gold_gain":0.0,"cards_transformed":["Strike_G","Strike_G"],"event_name":"Drug Dealer","player_choice":"Became Test Subject","floor":19.0,"gold_loss":0.0,"damage_taken":0.0,"cards_obtained":["Sucker Punch","Eviscerate"]},{"cards_removed":["Parasite"],"damage_healed":0.0,"max_hp_gain":0.0,"max_hp_loss":0.0,"gold_gain":0.0,"event_name":"Back to Basics","player_choice":"Elegance","floor":21.0,"gold_loss":0.0,"damage_taken":0.0},{"damage_healed":0.0,"max_hp_gain":0.0,"max_hp_loss":0.0,"gold_gain":50.0,"event_name":"FaceTrader","player_choice":"Touch","floor":30.0,"gold_loss":0.0,"damage_taken":6.0},{"damage_healed":0.0,"max_hp_gain":0.0,"max_hp_loss":0.0,"gold_gain":0.0,"event_name":"SensoryStone","player_choice":"Memory 1","floor":39.0,"gold_loss":0.0,"damage_taken":0.0},{"damage_healed":0.0,"max_hp_gain":0.0,"max_hp_loss":0.0,"gold_gain":0.0,"event_name":"SecretPortal","player_choice":"Ignored","floor":44.0,"gold_loss":0.0,"damage_taken":0.0},{"damage_healed":0.0,"max_hp_gain":0.0,"max_hp_loss":0.0,"gold_gain":0.0,"cards_transformed":["Defend_G","Defend_G"],"event_name":"Designer","player_choice":"Transformed Cards","floor":47.0,"gold_loss":75.0,"damage_taken":0.0,"cards_obtained":["Flying Knee","Prepared"]}],"is_beta":false,"boss_relics":[{"not_picked":["Calling Bell","Ectoplasm"],"picked":"SlaversCollar"},{"not_picked":["Pandora\u0027s Box","Snecko Eye"],"picked":"SacredBark"}],"items_purged_floors":[22,31,38],"is_endless":false,"potions_floor_spawned":[10,12,13,25,29,36,45,48],"killed_by":"The Heart","ascension_level":16}}