{"host":"bf5upntvbdompq33","time":1613804556,"event":{"mods":["BaseMod","Bestiary","Colored Map","Colored Powertips","Curses Come First","Highlight Path","Minty Spire (QoL Compilation)","StSLib","ojb\u0027s Info Mod"],"gold_per_floor":[116,9,184,184,184,212,212,247,296,296,314,348,364,378,378,505,505,505],"floor_reached":17,"language":"ENG","playtime":1439,"items_purged":[],"score":256,"play_id":"d99b67e2-8c87-4a68-903c-f73f372a8bb0","local_time":"20210220000236","is_ascension_mode":true,"campfire_choices":[{"data":"Wallop","floor":7,"key":"SMITH"},{"data":"Eruption","floor":10,"key":"SMITH"},{"data":"TalkToTheHand","floor":15,"key":"SMITH"}],"circlet_count":0,"master_deck":["Strike_P+1","Strike_P+1","Defend_P+1","Defend_P","Eruption+1","Vigilance+1","Sanctity","TalkToTheHand+1","Protect","Doubt","Wish","Wallop+1","DeceiveReality","BowlingBash","ClearTheMind","MentalFortress","CarveReality","DeusExMachina","Protect+1","Alpha+1","Vengeance+1"],"relics":["PureWater","NeowsBlessing","Oddly Smooth Stone","Potion Belt","Lantern","War Paint","Astrolabe"],"acts_visited":["Exordium","TheCity"],"potions_floor_usage":[16],"damage_taken":[{"damage":0,"enemies":"Jaw Worm","floor":1,"turns":1},{"damage":0,"enemies":"3 Sentries","floor":6,"turns":2},{"damage":0,"enemies":"Gremlin Nob","floor":8,"turns":1},{"damage":0,"enemies":"Small Slimes","floor":11,"turns":3},{"damage":27,"enemies":"Lagavulin","floor":12,"turns":5},{"damage":0,"enemies":"2 Louse","floor":13,"turns":2},{"damage":0,"enemies":"2 Fungi Beasts","floor":14,"turns":3},{"damage":13,"enemies":"Slime Boss","floor":16,"turns":11}],"seed_played":"-5238177408759664825","potions_obtained":[{"floor":6,"key":"SkillPotion"},{"floor":12,"key":"BlessingOfTheForge"},{"floor":13,"key":"Explosive Potion"},{"floor":14,"key":"PowerPotion"},{"floor":16,"key":"Regen Potion"}],"is_trial":false,"path_per_floor":["M","$","?","?","?","E","R","E","T","R","M","E","M","M","R","B",null],"character_chosen":"WATCHER","items_purchased":["TalkToTheHand","Protect"],"campfire_rested":0,"item_purchase_floors":[2,2],"current_hp_per_floor":[72,72,72,72,58,58,58,58,58,58,58,31,31,31,31,18,72,72],"gold":505,"neow_bonus":"THREE_ENEMY_KILL","is_daily":false,"chose_seed":false,"campfire_upgraded":3,"win_rate":0.0,"timestamp":1613804556,"path_taken":["M","$","?","?","?","E","R","E","T","R","M","E","M","M","R","BOSS"],"items_purchased_type":["Card","Card"],"build_version":"2020-12-22","purchased_purges":0,"victory":false,"max_hp_per_floor":[72,72,72,72,72,72,72,72,72,72,72,72,72,72,72,72,72,72],"card_choices":[{"not_picked":["SashWhip","EmptyMind"],"picked":"Sanctity","floor":1},{"not_picked":["Vengeance","Perseverance"],"picked":"Wallop","floor":6},{"not_picked":["SashWhip","Devotion"],"picked":"DeceiveReality","floor":8},{"not_picked":["Worship","Protect"],"picked":"BowlingBash","floor":11},{"not_picked":["Evaluate","Crescendo"],"picked":"ClearTheMind","floor":12},{"not_picked":["Prostrate","JustLucky"],"picked":"MentalFortress","floor":13},{"not_picked":["Tantrum","ReachHeaven"],"picked":"CarveReality","floor":14},{"not_picked":["Brilliance","ConjureBlade"],"picked":"DeusExMachina","floor":16}],"player_experience":1654897,"relics_obtained":[{"floor":6,"key":"Oddly Smooth Stone"},{"floor":8,"key":"Potion Belt"},{"floor":9,"key":"Lantern"},{"floor":12,"key":"War Paint"}],"event_choices":[{"damage_healed":0,"gold_gain":175,"player_choice":"AGREE","damage_taken":0,"max_hp_gain":0,"max_hp_loss":0,"event_name":"Liars Game","floor":3,"gold_loss":0,"cards_obtained":["Doubt"]},{"damage_healed":0,"gold_gain":0,"cards_transformed":["Strike_P"],"player_choice":"Change","damage_taken":0,"max_hp_gain":0,"max_hp_loss":0,"event_name":"Living Wall","floor":4,"gold_loss":0,"cards_obtained":["Wish"]},{"damage_healed":0,"gold_gain":0,"player_choice":"Entered Light","damage_taken":14,"max_hp_gain":0,"max_hp_loss":0,"event_name":"Shining Light","floor":5,"gold_loss":0,"cards_upgraded":["Strike_P","Strike_P"]}],"is_beta":false,"boss_relics":[{"not_picked":["Cursed Key","Velvet Choker"],"picked":"Astrolabe"}],"items_purged_floors":[],"is_endless":false,"potions_floor_spawned":[6,12,13,14,16],"ascension_level":3}}