{"host":"uv66p6go6cz1pwn8","time":1613834355,"event":{"mods":["BaseMod","Colored Map","Highlight Path","Minty Spire (QoL Compilation)","Permanent Neow","Rare Cards Sparkle","StSLib","UnlockEverythingMod"],"gold_per_floor":[111,42,53,53,69,69,95,95,95,109,128,53,53,79,79,184,184,197,197,197,209,225,260,185,185,210,210,222,241,257,275,275,378,378,397,397,297,310,310,338,338,365,365,365,382,396,271,271,271,271],"floor_reached":51,"language":"ENG","playtime":2551,"items_purged":["Strike_R","Defend_R","Defend_R"],"score":737,"play_id":"00fdb784-bc38-4a4f-97cd-cbbb79acfa35","local_time":"20210220151915","is_ascension_mode":false,"campfire_choices":[{"data":"Armaments","floor":6.0,"key":"SMITH"},{"data":"True Grit","floor":8.0,"key":"SMITH"},{"data":"Battle Trance","floor":13.0,"key":"SMITH"},{"data":"Clothesline","floor":15.0,"key":"SMITH"},{"data":"True Grit","floor":25,"key":"SMITH"},{"data":"Iron Wave","floor":27,"key":"SMITH"},{"data":"Fire Breathing","floor":32,"key":"SMITH"},{"data":"Body Slam","floor":41,"key":"SMITH"},{"floor":44,"key":"DIG"},{"floor":49,"key":"DIG"}],"circlet_count":0,"master_deck":["Defend_R","Bash","Power Through+1","Body Slam+1","Juggernaut+1","True Grit+1","Disarm","Armaments+1","Cleave","Battle Trance+1","Evolve","Clothesline+1","Impervious","Iron Wave+1","Body Slam+1","True Grit+1","Injury","Shrug It Off","Fire Breathing+1","Intimidate+1","Fire Breathing+1","Shrug It Off+1","Pain","Power Through","Shockwave","Fire Breathing+1"],"relics":["Astrolabe","Blue Candle","Letter Opener","Strawberry","MealTicket","Cursed Key","Meat on the Bone","Bag of Marbles","Empty Cage","Girya","Incense Burner","Shovel","Thread and Needle","Vajra"],"acts_visited":["Exordium","TheCity","TheBeyond"],"potions_floor_usage":[29,30,30,30,35,38,50],"damage_taken":[{"damage":7.0,"enemies":"Small Slimes","floor":1.0,"turns":3.0},{"damage":1.0,"enemies":"Cultist","floor":3.0,"turns":3.0},{"damage":0.0,"enemies":"Jaw Worm","floor":5.0,"turns":4.0},{"damage":28.0,"enemies":"Gremlin Nob","floor":7.0,"turns":4.0},{"damage":1.0,"enemies":"3 Louse","floor":10.0,"turns":5.0},{"damage":2.0,"enemies":"Exordium Thugs","floor":11.0,"turns":4.0},{"damage":13.0,"enemies":"3 Sentries","floor":14.0,"turns":6.0},{"damage":15.0,"enemies":"The Guardian","floor":16.0,"turns":11.0},{"damage":0.0,"enemies":"3 Byrds","floor":18.0,"turns":4.0},{"damage":7.0,"enemies":"Shell Parasite","floor":21.0,"turns":5.0},{"damage":0,"enemies":"Centurion and Healer","floor":22,"turns":5},{"damage":19,"enemies":"Gremlin Leader","floor":23,"turns":6},{"damage":7,"enemies":"Snecko","floor":28,"turns":5},{"damage":0,"enemies":"3 Cultists","floor":29,"turns":5},{"damage":0,"enemies":"Shelled Parasite and Fungi","floor":30,"turns":3},{"damage":19,"enemies":"Snecko","floor":31,"turns":6},{"damage":9,"enemies":"Champ","floor":33,"turns":12},{"damage":35,"enemies":"3 Darklings","floor":35,"turns":4},{"damage":0,"enemies":"3 Shapes","floor":38,"turns":3},{"damage":26,"enemies":"Reptomancer","floor":40,"turns":7},{"damage":2,"enemies":"Nemesis","floor":42,"turns":7},{"damage":10,"enemies":"Spire Growth","floor":45,"turns":5},{"damage":3,"enemies":"Sphere and 2 Shapes","floor":46,"turns":5},{"damage":6,"enemies":"Time Eater","floor":50,"turns":10}],"seed_played":"8296240750186395772","potions_obtained":[{"floor":5.0,"key":"Explosive Potion"},{"floor":10.0,"key":"Block Potion"},{"floor":22,"key":"EssenceOfSteel"},{"floor":23,"key":"ColorlessPotion"},{"floor":28,"key":"EntropicBrew"},{"floor":30,"key":"CultistPotion"},{"floor":33,"key":"Dexterity Potion"},{"floor":38,"key":"AttackPotion"},{"floor":42,"key":"Ancient Potion"},{"floor":46,"key":"FairyPotion"}],"is_trial":false,"path_per_floor":["M","?","M","$","M","R","E","R","T","M","M","$","R","E","R","B",null,"M","?","?","M","M","E","$","R","T","R","M","M","M","M","R","B",null,"M","?","$","M","?","E","R","E","T","R","M","M","$","?","R","B",null],"character_chosen":"IRONCLAD","items_purchased":["Evolve"],"campfire_rested":0,"item_purchase_floors":[12],"current_hp_per_floor":[73,73,72,72,72,72,44,44,51,50,48,48,48,35,35,20,87,87,70,70,63,63,44,59,59,59,59,52,52,52,45,45,48,92,57,57,72,72,72,58,58,56,56,56,58,55,70,70,70,64],"gold":271,"neow_bonus":"BOSS_RELIC","is_daily":false,"chose_seed":false,"campfire_upgraded":8,"win_rate":0.0,"timestamp":1613834355,"path_taken":["M","?","M","?","?","R","E","R","T","M","M","$","R","E","R","BOSS","M","?","?","?","M","E","$","R","T","R","M","M","M","M","R","BOSS","M","?","$","M","?","E","R","E","T","R","M","M","$","?","R","BOSS"],"items_purchased_type":["Card"],"build_version":"2020-12-22","purchased_purges":3,"victory":true,"max_hp_per_floor":[80,80,80,80,80,80,80,80,87,87,87,87,87,87,87,87,87,87,92,92,92,92,92,92,92,92,92,92,92,92,92,92,92,92,92,92,92,92,92,92,92,92,92,92,92,92,92,92,92,92],"card_choices":[{"not_picked":["Body Slam","Thunderclap"],"picked":"True Grit","floor":1.0},{"not_picked":["Heavy Blade","Iron Wave"],"picked":"Disarm","floor":3.0},{"not_picked":["Hemokinesis","Heavy Blade"],"picked":"Armaments","floor":5.0},{"not_picked":["Brutality","Twin Strike","Wild Strike"],"picked":"SKIP","floor":7.0},{"not_picked":["Sword Boomerang","Sever Soul"],"picked":"Cleave","floor":10.0},{"not_picked":["Clash","Feel No Pain"],"picked":"Battle Trance","floor":11.0},{"not_picked":["Twin Strike","Searing Blow"],"picked":"Clothesline","floor":14.0},{"not_picked":["Barricade","Corruption"],"picked":"Impervious","floor":16.0},{"not_picked":["Infernal Blade+1","Thunderclap"],"picked":"Iron Wave","floor":18.0},{"not_picked":["Flex","Dark Embrace+1"],"picked":"Body Slam","floor":21.0},{"not_picked":["Sword Boomerang","Cleave","Clothesline"],"picked":"SKIP","floor":22},{"not_picked":["Infernal Blade+1","Immolate"],"picked":"True Grit","floor":23},{"not_picked":["Havoc","Heavy Blade","Pommel Strike"],"picked":"SKIP","floor":28},{"not_picked":["Pommel Strike","Heavy Blade"],"picked":"Shrug It Off","floor":29},{"not_picked":["Uppercut","Cleave"],"picked":"Fire Breathing","floor":30},{"not_picked":["Evolve","Thunderclap+1","Armaments"],"picked":"SKIP","floor":31},{"not_picked":["Double Tap","Reaper"],"picked":"Brutality","floor":33},{"not_picked":["Cleave","Wild Strike","Perfected Strike"],"picked":"SKIP","floor":35},{"not_picked":["Wild Strike+1","Sword Boomerang+1"],"picked":"Intimidate+1","floor":38},{"not_picked":["Twin Strike+1","Flex"],"picked":"Fire Breathing+1","floor":40},{"not_picked":["Sentinel","Uppercut"],"picked":"Shrug It Off+1","floor":42},{"not_picked":["Pummel","Perfected Strike"],"picked":"Power Through","floor":45},{"not_picked":["Rampage+1","Seeing Red"],"picked":"Shockwave","floor":46}],"player_experience":121548,"relics_obtained":[{"floor":7.0,"key":"Letter Opener"},{"floor":9.0,"key":"Strawberry"},{"floor":14.0,"key":"MealTicket"},{"floor":23,"key":"Meat on the Bone"},{"floor":26,"key":"Bag of Marbles"},{"floor":40,"key":"Girya"},{"floor":42,"key":"Incense Burner"},{"floor":43,"key":"Shovel"},{"floor":44,"key":"Thread and Needle"},{"floor":49,"key":"Vajra"}],"event_choices":[{"damage_healed":0.0,"max_hp_gain":0.0,"max_hp_loss":0.0,"gold_gain":0.0,"event_name":"WeMeetAgain","player_choice":"Paid Gold","floor":2.0,"gold_loss":69.0,"damage_taken":0.0,"relics_obtained":["Blue Candle"]},{"damage_healed":0.0,"max_hp_gain":5.0,"max_hp_loss":0.0,"gold_gain":0.0,"event_name":"Forgotten Altar","player_choice":"Shed Blood","floor":19.0,"gold_loss":0.0,"damage_taken":22.0},{"damage_healed":0.0,"max_hp_gain":0.0,"max_hp_loss":0.0,"gold_gain":0.0,"event_name":"NoteForYourself","player_choice":"Ignored","floor":20.0,"gold_loss":0.0,"damage_taken":0.0},{"damage_healed":0,"gold_gain":0,"player_choice":"Ignored","damage_taken":0,"max_hp_gain":0,"max_hp_loss":0,"event_name":"Tomb of Lord Red Mask","floor":36,"gold_loss":0},{"cards_removed":["Brutality"],"damage_healed":0,"gold_gain":0,"player_choice":"Removed Power","damage_taken":0,"max_hp_gain":0,"max_hp_loss":0,"event_name":"Falling","floor":39,"gold_loss":0},{"damage_healed":0,"gold_gain":0,"player_choice":"Copied","damage_taken":0,"max_hp_gain":0,"max_hp_loss":0,"event_name":"Duplicator","floor":48,"gold_loss":0,"cards_obtained":["Fire Breathing"]}],"is_beta":false,"boss_relics":[{"not_picked":["Runic Dome","Ectoplasm"],"picked":"Cursed Key"},{"not_picked":["Fusion Hammer","Velvet Choker"],"picked":"Empty Cage"}],"items_purged_floors":[24,37,47],"is_endless":false,"potions_floor_spawned":[5,10,22,23,28,30,33,38,42,46],"ascension_level":0}}