{"host":"d744ndivyohnro60","time":1613787426,"event":{"mods":["BaseMod","Bestiary","Colored Powertips","Minty Spire (QoL Compilation)","Relic Stats"],"gold_per_floor":[112,37,37,37,37,37,64,64,91,111,139,158,122,138,138,233,283,298,130,130,130,149,149,184,184,184,59,59,71,71,90,90,90,90],"floor_reached":33,"language":"ENG","playtime":1200,"items_purged":["Strike_B","Defend_B","Echo Form"],"score":484,"play_id":"ed88bc93-061c-453b-b0a0-509775891e4b","local_time":"20210219211706","is_ascension_mode":true,"campfire_choices":[{"data":"Lockon","floor":6,"key":"SMITH"},{"data":"Echo Form","floor":15,"key":"SMITH"},{"floor":23,"key":"REST"},{"floor":25,"key":"REST"},{"data":"Blizzard","floor":28,"key":"SMITH"},{"data":"Turbo","floor":32,"key":"SMITH"}],"circlet_count":0,"master_deck":["Strike_B+1","Zap","Dualcast+1","Meteor Strike+1","Darkness+1","Reinforced Body+1","Lockon+1","Coolheaded+1","Ball Lightning","Echo Form+1","Compile Driver","Reinforced Body","Doom and Gloom+1","Core Surge","Blizzard+1","Streamline","Cold Snap","Turbo+1","Reinforced Body","Doom and Gloom+1","Sweeping Beam+1","Tempest+1","Consume+1"],"relics":["Astrolabe","Thread and Needle","Art of War","Tiny House","Nloth\u0027s Gift","MealTicket","Toxic Egg 2"],"acts_visited":["Exordium","TheCity"],"potions_floor_usage":[16,18,22,24,29,33],"damage_taken":[{"damage":0,"enemies":"Jaw Worm","floor":1,"turns":4},{"damage":4,"enemies":"Lagavulin","floor":7,"turns":5},{"damage":0,"enemies":"Small Slimes","floor":10,"turns":3},{"damage":0,"enemies":"Gremlin Nob","floor":11,"turns":2},{"damage":0,"enemies":"2 Louse","floor":12,"turns":3},{"damage":8,"enemies":"Exordium Thugs","floor":14,"turns":4},{"damage":0,"enemies":"Slime Boss","floor":16,"turns":7},{"damage":4,"enemies":"Spheric Guardian","floor":18,"turns":4},{"damage":15,"enemies":"Shell Parasite","floor":22,"turns":5},{"damage":42,"enemies":"Slavers","floor":24,"turns":4},{"damage":1,"enemies":"3 Cultists","floor":29,"turns":3},{"damage":14,"enemies":"Snecko","floor":31,"turns":3},{"damage":104,"enemies":"Champ","floor":33,"turns":12}],"seed_played":"-6979774316795254995","potions_obtained":[{"floor":7,"key":"SteroidPotion"},{"floor":12,"key":"FocusPotion"},{"floor":14,"key":"SpeedPotion"},{"floor":17,"key":"FairyPotion"},{"floor":18,"key":"SteroidPotion"},{"floor":24,"key":"SteroidPotion"},{"floor":31,"key":"Weak Potion"}],"is_trial":false,"path_per_floor":["M","$","?","?","?","R","E","$","T","M","E","M","$","M","R","B",null,"M","$","?","?","M","R","E","R","T","$","R","M","?","M","R","B"],"character_chosen":"DEFECT","items_purchased":["Reinforced Body","Cold Snap","Turbo"],"campfire_rested":2,"item_purchase_floors":[13,19,19],"current_hp_per_floor":[68,68,53,75,75,75,71,71,71,71,71,71,71,63,63,63,77,73,73,73,73,58,80,38,62,62,77,77,76,76,62,62,0,0],"gold":90,"neow_bonus":"BOSS_RELIC","is_daily":false,"chose_seed":false,"campfire_upgraded":4,"win_rate":0.0,"timestamp":1613787426,"path_taken":["M","$","?","?","?","R","E","$","T","M","E","M","?","M","R","BOSS","M","$","?","?","?","R","E","R","T","$","R","M","?","M","R","BOSS"],"items_purchased_type":["Card","Card","Card"],"build_version":"2020-12-22","purchased_purges":3,"victory":false,"max_hp_per_floor":[75,75,75,75,75,75,75,75,75,75,75,75,75,75,75,75,80,80,80,80,80,80,80,80,80,80,80,80,80,80,80,80,80,80],"relic_stats":{"counters":[13,59],"Astrolabe":["Meteor Strike","Darkness","Reinforced Body"],"MealTicket":15,"Art of War":[6],"Nloth\u0027s Gift":1,"obtain_stats":[{"Tiny House":17,"Astrolabe":0,"Thread and Needle":7,"MealTicket":24,"Art of War":11,"Nloth\u0027s Gift":21,"War Paint":9,"Toxic Egg 2":26,"Cracked Core":0},{"Tiny House":7,"Astrolabe":0,"Thread and Needle":2,"MealTicket":10,"Art of War":4,"Nloth\u0027s Gift":8,"War Paint":2,"Toxic Egg 2":10,"Cracked Core":0},{"Tiny House":28,"Astrolabe":0,"Thread and Needle":9,"MealTicket":41,"Art of War":14,"Nloth\u0027s Gift":32,"War Paint":9,"Toxic Egg 2":41,"Cracked Core":0}]},"card_choices":[{"not_picked":["Redo","Static Discharge"],"picked":"Lockon","floor":1},{"not_picked":["Gash","Steam"],"picked":"Coolheaded","floor":7},{"not_picked":["Hologram","Barrage"],"picked":"Ball Lightning","floor":10},{"not_picked":["Reinforced Body","Darkness"],"picked":"Echo Form","floor":11},{"not_picked":["Recycle","Blizzard"],"picked":"Compile Driver","floor":12},{"not_picked":["Capacitor","Barrage"],"picked":"Doom and Gloom","floor":14},{"not_picked":["Buffer","Hyperbeam"],"picked":"Core Surge","floor":16},{"not_picked":["Compile Driver","Conserve Battery"],"picked":"Blizzard","floor":17},{"not_picked":["Redo","Recycle+1"],"picked":"Streamline","floor":18},{"not_picked":["Amplify","Cold Snap"],"picked":"Doom and Gloom+1","floor":22},{"not_picked":["Reprogram+1","Blizzard"],"picked":"Sweeping Beam+1","floor":24},{"not_picked":["Turbo+1","Hello World"],"picked":"Tempest+1","floor":29},{"not_picked":["Compile Driver","Beam Cell"],"picked":"Consume+1","floor":31}],"player_experience":260104,"relics_obtained":[{"floor":7,"key":"Thread and Needle"},{"floor":9,"key":"War Paint"},{"floor":11,"key":"Art of War"},{"floor":24,"key":"MealTicket"},{"floor":26,"key":"Toxic Egg 2"}],"event_choices":[{"damage_healed":0,"gold_gain":0,"player_choice":"Entered Light","damage_taken":15,"max_hp_gain":0,"max_hp_loss":0,"event_name":"Shining Light","floor":3,"gold_loss":0,"cards_upgraded":["Strike_B","Defend_B"]},{"damage_healed":25,"gold_gain":0,"player_choice":"Banana","damage_taken":0,"max_hp_gain":0,"max_hp_loss":0,"event_name":"Big Fish","floor":4,"gold_loss":0},{"damage_healed":0,"gold_gain":0,"player_choice":"Leave","damage_taken":0,"max_hp_gain":0,"max_hp_loss":0,"event_name":"The Cleric","floor":5,"gold_loss":0},{"damage_healed":0,"gold_gain":0,"cards_transformed":["Defend_B","Defend_B"],"player_choice":"Became Test Subject","damage_taken":0,"max_hp_gain":0,"max_hp_loss":0,"event_name":"Drug Dealer","floor":20,"gold_loss":0,"cards_obtained":["Echo Form","Reinforced Body"]},{"damage_healed":0,"gold_gain":0,"player_choice":"Traded Relic","damage_taken":0,"relics_obtained":["Nloth\u0027s Gift"],"max_hp_gain":0,"max_hp_loss":0,"event_name":"N\u0027loth","floor":21,"relics_lost":["War Paint"],"gold_loss":0},{"damage_healed":0,"gold_gain":0,"player_choice":"Ignored","damage_taken":0,"max_hp_gain":0,"max_hp_loss":0,"event_name":"Ghosts","floor":30,"gold_loss":0}],"is_beta":false,"boss_relics":[{"not_picked":["Runic Dome","Fusion Hammer"],"picked":"Tiny House"}],"items_purged_floors":[2,19,27],"is_endless":false,"potions_floor_spawned":[7,12,14,18,24,31],"killed_by":"Champ","ascension_level":8}}