{"host":"37dk0reb6x0du8wx","time":1613798729,"event":{"mods":["BaseMod","Colored Map","DeckTracker","Minty Spire (QoL Compilation)","Quick Restart","StSLib"],"gold_per_floor":[114,114,13,13,13,28,28,44,67,67,80,80,92,106,106,106,106],"floor_reached":16,"language":"KOR","playtime":599,"items_purged":["Strike_G"],"score":92,"play_id":"35dd1f0c-2a0a-43d4-9d23-e25d1c634f47","local_time":"20210220142529","is_ascension_mode":false,"campfire_choices":[{"floor":7,"key":"REST"},{"data":"Neutralize","floor":10,"key":"SMITH"},{"data":"Catalyst","floor":15,"key":"SMITH"}],"circlet_count":0,"master_deck":["Strike_G","Strike_G","Strike_G","Defend_G+1","Defend_G","Defend_G+1","Defend_G","Defend_G","Survivor+1","Neutralize+1","PiercingWail+1","Catalyst+1"],"relics":["Velvet Choker","War Paint","Lantern"],"acts_visited":["Exordium"],"potions_floor_usage":[11,16],"damage_taken":[{"damage":2,"enemies":"Jaw Worm","floor":1,"turns":5},{"damage":0,"enemies":"Small Slimes","floor":6,"turns":4},{"damage":0,"enemies":"Cultist","floor":8,"turns":6},{"damage":0,"enemies":"Lots of Slimes","floor":11,"turns":8},{"damage":0,"enemies":"Red Slaver","floor":13,"turns":5},{"damage":0,"enemies":"Blue Slaver","floor":14,"turns":5},{"damage":47,"enemies":"Hexaghost","floor":16,"turns":18}],"seed_played":"-5726232353420945265","potions_obtained":[{"floor":1,"key":"SkillPotion"},{"floor":8,"key":"Block Potion"}],"is_trial":false,"path_per_floor":["M","?","$","?","$","M","R","M","T","R","M","?","M","M","R","B"],"character_chosen":"THE_SILENT","items_purchased":["PiercingWail"],"campfire_rested":1,"item_purchase_floors":[3],"current_hp_per_floor":[68,61,61,47,47,47,68,68,68,68,68,68,68,68,68,21,21],"gold":106,"neow_bonus":"BOSS_RELIC","is_daily":false,"chose_seed":false,"campfire_upgraded":2,"win_rate":0.0,"timestamp":1613798729,"path_taken":["M","?","$","?","?","M","R","M","T","R","M","?","?","M","R","BOSS"],"items_purchased_type":["Card"],"build_version":"2020-12-22","purchased_purges":1,"victory":false,"max_hp_per_floor":[70,70,70,70,70,70,70,70,70,70,70,70,70,70,70,70,70],"card_choices":[{"not_picked":["Choke","Dodge and Roll","Heel Hook"],"picked":"SKIP","floor":1},{"not_picked":["Acrobatics","Flying Knee","Cloak And Dagger"],"picked":"SKIP","floor":6},{"not_picked":["Backstab","Flying Knee","Prepared"],"picked":"SKIP","floor":8},{"not_picked":["Setup","Slice","Sucker Punch"],"picked":"SKIP","floor":11},{"not_picked":["Eviscerate","Predator","Outmaneuver"],"picked":"SKIP","floor":13},{"not_picked":["Masterful Stab","Noxious Fumes"],"picked":"Catalyst","floor":14}],"player_experience":221744,"relics_obtained":[{"floor":9,"key":"Lantern"}],"event_choices":[{"damage_healed":0,"gold_gain":0,"player_choice":"Success","damage_taken":7,"relics_obtained":["War Paint"],"max_hp_gain":0,"max_hp_loss":0,"event_name":"Scrap Ooze","floor":2,"gold_loss":0},{"damage_healed":0,"gold_gain":0,"player_choice":"Entered Light","damage_taken":14,"max_hp_gain":0,"max_hp_loss":0,"event_name":"Shining Light","floor":4,"gold_loss":0,"cards_upgraded":["Defend_G","PiercingWail"]},{"cards_removed":["Strike_G"],"damage_healed":0,"gold_gain":0,"player_choice":"Purged","damage_taken":0,"max_hp_gain":0,"max_hp_loss":0,"event_name":"Purifier","floor":12,"gold_loss":0}],"is_beta":false,"boss_relics":[],"items_purged_floors":[3],"is_endless":false,"potions_floor_spawned":[1,8],"killed_by":"Hexaghost","ascension_level":0}}