{"host":"tjq6rykv202u6iqx","time":1613802573,"event":{"mods":["AchievementEnabler","BaseMod","Minty Spire (QoL Compilation)","Rare Cards Sparkle","Relic Stats"],"gold_per_floor":[114,128,203,3,20,20,45,45,45,77,77,102,135,158,158,257,257,271,271,289,305,344,382,382,423,449,496,6,6,6,26,26,124,124,149,180,26,359,372,399,399,426,450,306,320,22,32,48,48,48,48,48,9,42,42,42],"floor_reached":55,"language":"ENG","playtime":6374,"items_purged":["Strike_G","Defend_G"],"score":1424,"play_id":"92e7df85-e8eb-48fc-b222-616509faf839","local_time":"20210220002933","is_ascension_mode":true,"campfire_choices":[{"data":"Dash","floor":6.0,"key":"SMITH"},{"data":"Caltrops","floor":8.0,"key":"SMITH"},{"floor":15.0,"key":"REST"},{"floor":24.0,"key":"REST"},{"data":"Neutralize","floor":29.0,"key":"SMITH"},{"data":"Panache","floor":32.0,"key":"SMITH"},{"data":"Envenom","floor":41.0,"key":"SMITH"},{"floor":49,"key":"RECALL"},{"data":"Malaise","floor":52,"key":"SMITH"}],"circlet_count":0,"master_deck":["AscendersBane","Strike_G","Strike_G","Defend_G","Defend_G","Survivor","Neutralize+1","Slice","Blade Dance","Dash+1","Caltrops+1","Dagger Throw","After Image","Skewer","Dagger Throw","Adrenaline","Skewer+1","Caltrops+1","Night Terror+1","RitualDagger","Dodge and Roll+1","Dagger Spray","Burst","Panache+1","Flying Knee+1","Envenom+1","Prepared+1","PiercingWail+1","Backflip","Tactician+1","Acrobatics","Malaise+1","Adrenaline","Infinite Blades","Footwork+1","Infinite Blades","After Image"],"relics":["Ring of the Snake","Ornamental Fan","Bag of Preparation","Sundial","Nunchaku","Astrolabe","Red Mask","Pantograph","StrikeDummy","Toy Ornithopter","Pen Nib","ClockworkSouvenir","Happy Flower","Sozu","Tough Bandages","Kunai","Oddly Smooth Stone","Centennial Puzzle","Strawberry","StoneCalendar"],"acts_visited":["Exordium","TheCity","TheBeyond","TheEnding"],"potions_floor_usage":[55],"damage_taken":[{"damage":8.0,"enemies":"2 Louse","floor":1.0,"turns":4.0},{"damage":1.0,"enemies":"Jaw Worm","floor":2.0,"turns":3.0},{"damage":0.0,"enemies":"Cultist","floor":5.0,"turns":3.0},{"damage":19.0,"enemies":"3 Sentries","floor":7.0,"turns":9.0},{"damage":8.0,"enemies":"Gremlin Nob","floor":10.0,"turns":4.0},{"damage":1.0,"enemies":"Large Slime","floor":12.0,"turns":5.0},{"damage":5.0,"enemies":"3 Sentries","floor":13.0,"turns":6.0},{"damage":1.0,"enemies":"Blue Slaver","floor":14.0,"turns":3.0},{"damage":0.0,"enemies":"Hexaghost","floor":16.0,"turns":9.0},{"damage":0.0,"enemies":"Shell Parasite","floor":18.0,"turns":4.0},{"damage":1.0,"enemies":"Spheric Guardian","floor":20.0,"turns":3.0},{"damage":12.0,"enemies":"3 Cultists","floor":21.0,"turns":5.0},{"damage":0.0,"enemies":"Masked Bandits","floor":22.0,"turns":4.0},{"damage":28.0,"enemies":"Gremlin Leader","floor":23.0,"turns":8.0},{"damage":5.0,"enemies":"Book of Stabbing","floor":25.0,"turns":5.0},{"damage":0.0,"enemies":"Snake Plant","floor":31.0,"turns":2.0},{"damage":1.0,"enemies":"Champ","floor":33.0,"turns":16.0},{"damage":27.0,"enemies":"3 Darklings","floor":35.0,"turns":6.0},{"damage":0.0,"enemies":"Mind Bloom Boss Battle","floor":36.0,"turns":4.0},{"damage":3.0,"enemies":"Orb Walker","floor":39.0,"turns":3.0},{"damage":35.0,"enemies":"Giant Head","floor":40.0,"turns":9.0},{"damage":14,"enemies":"Nemesis","floor":42,"turns":7},{"damage":0,"enemies":"Maw","floor":45,"turns":6},{"damage":0,"enemies":"Sphere and 2 Shapes","floor":47,"turns":3},{"damage":7,"enemies":"Writhing Mass","floor":48,"turns":4},{"damage":13,"enemies":"Donu and Deca","floor":50,"turns":9},{"damage":0,"enemies":"Shield and Spear","floor":54,"turns":4},{"damage":78,"enemies":"The Heart","floor":55,"turns":8}],"seed_played":"-8009079990560454842","potions_obtained":[{"floor":2.0,"key":"CultistPotion"},{"floor":10.0,"key":"ColorlessPotion"},{"floor":16.0,"key":"AttackPotion"},{"floor":23.0,"key":"CunningPotion"},{"floor":33.0,"key":"Strength Potion"}],"is_trial":false,"path_per_floor":["M","M","?","$","M","R","E","R","T","E","?","M","E","M","R","B",null,"M","?","M","M","?","E","R","E","T","T","$","R","$","M","R","B",null,"M","?","$","?","M","E","R","E","T","$","M","$","M","M","R","B",null,"R","$","E","B"],"character_chosen":"THE_SILENT","items_purchased":["Dash","Weak Potion","ClockworkSouvenir","Happy Flower","Panache","Backflip","Centennial Puzzle","Adrenaline","Strawberry","Infinite Blades","Infinite Blades"],"campfire_rested":2,"item_purchase_floors":[4,4,28,28,28,37,44,46,46,46,53],"current_hp_per_floor":[51,50,39,39,39,39,20,20,20,12,12,11,6,5,23,23,52,52,46,45,33,33,5,23,18,18,18,18,18,18,18,18,42,56,29,54,54,54,51,16,16,2,2,2,2,9,9,2,2,14,55,55,55,55,0,0],"gold":42,"neow_bonus":"REMOVE_CARD","is_daily":false,"chose_seed":false,"campfire_upgraded":6,"win_rate":0.0,"timestamp":1613802573,"path_taken":["M","M","?","$","M","R","E","R","T","E","?","?","E","M","R","BOSS","M","?","M","M","?","E","R","E","T","?","$","R","?","M","R","BOSS","M","?","$","?","M","E","R","E","T","?","?","$","M","M","R","BOSS","R","$","E","BOSS"],"items_purchased_type":["Card","Potion","Relic","Relic","Card","Card","Relic","Card","Relic","Card","Card"],"build_version":"2020-12-22","purchased_purges":2,"victory":false,"max_hp_per_floor":[66,66,66,66,66,66,66,66,66,66,61,61,61,61,61,61,61,61,61,61,61,61,61,61,61,61,61,61,61,61,61,61,61,61,61,61,61,61,61,61,61,61,61,61,61,68,68,68,68,68,68,68,68,68,68,68],"relic_stats":{"Happy Flower":[27],"counters":[28,156],"Astrolabe":["Skewer","Caltrops","Night Terror"],"StoneCalendar":[52],"Pen Nib":[27],"Bag of Preparation":[48],"Sozu":4,"Nunchaku":[42],"Tough Bandages":[210],"Centennial Puzzle":[8],"Ornamental Fan":[444],"Sundial":[20],"Pantograph":88,"Kunai":[35],"obtain_stats":[{"Happy Flower":28,"Golden Idol":11,"Astrolabe":17,"Oddly Smooth Stone":42,"StoneCalendar":54,"Pen Nib":27,"Bag of Preparation":9,"ClockworkSouvenir":28,"Sozu":34,"Nunchaku":13,"Tough Bandages":36,"Centennial Puzzle":44,"Ornamental Fan":7,"Sundial":10,"Pantograph":23,"Strawberry":46,"Red Mask":22,"Kunai":40,"StrikeDummy":25,"Toy Ornithopter":26,"Ring of the Snake":0},{"Happy Flower":15,"Golden Idol":5,"Astrolabe":9,"Oddly Smooth Stone":22,"StoneCalendar":27,"Pen Nib":15,"Bag of Preparation":4,"ClockworkSouvenir":15,"Sozu":17,"Nunchaku":7,"Tough Bandages":19,"Centennial Puzzle":22,"Ornamental Fan":4,"Sundial":5,"Pantograph":14,"Strawberry":23,"Red Mask":13,"Kunai":21,"StrikeDummy":15,"Toy Ornithopter":15,"Ring of the Snake":0},{"Happy Flower":75,"Golden Idol":23,"Astrolabe":46,"Oddly Smooth Stone":122,"StoneCalendar":148,"Pen Nib":75,"Bag of Preparation":19,"ClockworkSouvenir":75,"Sozu":93,"Nunchaku":34,"Tough Bandages":103,"Centennial Puzzle":122,"Ornamental Fan":19,"Sundial":23,"Pantograph":70,"Strawberry":128,"Red Mask":62,"Kunai":115,"StrikeDummy":75,"Toy Ornithopter":75,"Ring of the Snake":0}],"Toy Ornithopter":5,"Ring of the Snake":[56]},"card_choices":[{"not_picked":["Deadly Poison","Catalyst"],"picked":"Slice","floor":1.0},{"not_picked":["Finisher","Cloak And Dagger"],"picked":"Blade Dance","floor":2.0},{"not_picked":["Underhanded Strike","Slice"],"picked":"Caltrops","floor":5.0},{"not_picked":["Bane","Escape Plan"],"picked":"Dagger Throw","floor":7.0},{"not_picked":["Sucker Punch","Footwork"],"picked":"After Image","floor":10.0},{"not_picked":["Eviscerate","Acrobatics"],"picked":"Skewer","floor":12.0},{"not_picked":["Setup","Acrobatics","Underhanded Strike"],"picked":"SKIP","floor":13.0},{"not_picked":["Deflect","Dash"],"picked":"Dagger Throw","floor":14.0},{"not_picked":["Bullet Time","Tools of the Trade"],"picked":"Adrenaline","floor":16.0},{"not_picked":["Predator","Caltrops","Heel Hook"],"picked":"SKIP","floor":18.0},{"not_picked":["Poisoned Stab","Distraction+1"],"picked":"Dodge and Roll+1","floor":20.0},{"not_picked":["Expertise","Sucker Punch"],"picked":"Dagger Spray","floor":21.0},{"not_picked":["Slice","Quick Slash"],"picked":"Burst","floor":23.0},{"not_picked":["Quick Slash","Acrobatics","Bouncing Flask"],"picked":"SKIP","floor":25.0},{"not_picked":["Well Laid Plans","Quick Slash"],"picked":"Flying Knee+1","floor":31.0},{"not_picked":["Burst","Night Terror"],"picked":"Envenom","floor":33.0},{"not_picked":["Bouncing Flask","Riddle With Holes+1"],"picked":"Prepared+1","floor":35.0},{"not_picked":["Eviscerate+1","Poisoned Stab"],"picked":"PiercingWail+1","floor":36.0},{"not_picked":["PiercingWail","Sucker Punch","Flying Knee"],"picked":"SKIP","floor":39.0},{"not_picked":["Poisoned Stab","Endless Agony"],"picked":"Tactician+1","floor":40.0},{"not_picked":["Bouncing Flask","Bane"],"picked":"Acrobatics","floor":42},{"not_picked":["Deflect+1","Slice+1"],"picked":"Malaise","floor":45},{"not_picked":["Quick Slash","Underhanded Strike","Outmaneuver"],"picked":"SKIP","floor":47},{"not_picked":["Acrobatics+1","Dagger Spray"],"picked":"Footwork+1","floor":48},{"not_picked":["Catalyst","Underhanded Strike+1"],"picked":"After Image","floor":54}],"player_experience":980978,"relics_obtained":[{"floor":7.0,"key":"Ornamental Fan"},{"floor":9.0,"key":"Bag of Preparation"},{"floor":10.0,"key":"Sundial"},{"floor":13.0,"key":"Nunchaku"},{"floor":22.0,"key":"Red Mask"},{"floor":23.0,"key":"Pantograph"},{"floor":25.0,"key":"StrikeDummy"},{"floor":26.0,"key":"Toy Ornithopter"},{"floor":27.0,"key":"Pen Nib"},{"floor":36.0,"key":"Tough Bandages"},{"floor":40.0,"key":"Kunai"},{"floor":42,"key":"Oddly Smooth Stone"},{"floor":54,"key":"StoneCalendar"}],"event_choices":[{"damage_healed":0.0,"max_hp_gain":0.0,"max_hp_loss":0.0,"gold_gain":75.0,"event_name":"World of Goop","player_choice":"Gather Gold","floor":3.0,"gold_loss":0.0,"damage_taken":11.0},{"damage_healed":0.0,"max_hp_gain":0.0,"max_hp_loss":5.0,"gold_gain":0.0,"event_name":"Golden Idol","player_choice":"Lose Max HP","floor":11.0,"gold_loss":0.0,"damage_taken":0.0,"relics_obtained":["Golden Idol"]},{"damage_healed":0.0,"max_hp_gain":0.0,"max_hp_loss":0.0,"gold_gain":0.0,"event_name":"Nest","player_choice":"Joined the Cult","floor":19.0,"gold_loss":0.0,"damage_taken":6.0,"cards_obtained":["RitualDagger"]},{"damage_healed":0.0,"max_hp_gain":0.0,"max_hp_loss":0.0,"gold_gain":0.0,"event_name":"Masked Bandits","player_choice":"Fought Bandits","floor":22.0,"gold_loss":0.0,"damage_taken":0.0},{"damage_healed":0.0,"max_hp_gain":0.0,"max_hp_loss":0.0,"gold_gain":0.0,"event_name":"MindBloom","player_choice":"Fight","floor":36.0,"gold_loss":0.0,"damage_taken":0.0},{"damage_healed":0.0,"max_hp_gain":0.0,"max_hp_loss":0.0,"gold_gain":333.0,"event_name":"The Moai Head","player_choice":"Gave Idol","floor":38.0,"relics_lost":["Golden Idol"],"gold_loss":0.0,"damage_taken":0.0}],"is_beta":false,"boss_relics":[{"not_picked":["Pandora\u0027s Box","Ectoplasm"],"picked":"Astrolabe"},{"not_picked":["Tiny House","Velvet Choker"],"picked":"Sozu"}],"items_purged_floors":[4,37],"is_endless":false,"potions_floor_spawned":[2,10,12,16,18,23,33,35,36,40,48],"killed_by":"The Heart","ascension_level":14}}