{"host":"x5w9zppki4gdwvc7","time":1613788779,"event":{"mods":["AchievementEnabler","BaseMod","Colored Powertips","DeckTracker","Minty Spire (QoL Compilation)","SuperFastMode"],"gold_per_floor":[111,123,17,17,33,60,80,98,145,161,161,193,208,208,208,311,311,331,331,366,1,12,38,50,161,173,185,211,236,50,68,68,173,173,186,202,202,25,40,40,81,81,108,168,197,211,227,255,255,255,255],"floor_reached":50,"language":"ENG","playtime":4077,"items_purged":["Cold Snap","Barrage","Zap"],"score":563,"play_id":"aa8b649c-595a-476f-a312-d2128eb8497b","local_time":"20210220033939","is_ascension_mode":false,"campfire_choices":[{"data":"Fusion","floor":11.0,"key":"SMITH"},{"floor":15.0,"key":"REST"},{"floor":24.0,"key":"REST"},{"data":"Reprogram","floor":27.0,"key":"SMITH"},{"data":"Meteor Strike","floor":32.0,"key":"SMITH"},{"data":"Hyperbeam","floor":40.0,"key":"SMITH"},{"floor":42.0,"key":"RECALL"},{"floor":49.0,"key":"REST"}],"circlet_count":0,"master_deck":["Strike_B","Defend_B","Defend_B","Defend_B","Defend_B","Dualcast","Fusion+1","Reprogram+1","Sunder","Hologram","Self Repair","Hologram","Turbo","Hyperbeam+1","Leap","Self Repair","Meteor Strike+1","Leap","Reinforced Body","Redo+1","Seek","Reinforced Body","Dark Shackles","Loop","Streamline+1","FTL","Stack"],"relics":["Cracked Core","Gambling Chip","Orichalcum","HornCleat","Philosopher\u0027s Stone","Red Mask","Bronze Scales","MawBank","Potion Belt","Black Star","Cables","CeramicFish","InkBottle","Kunai"],"acts_visited":["Exordium","TheCity","TheBeyond"],"potions_floor_usage":[],"damage_taken":[{"damage":1.0,"enemies":"Cultist","floor":1.0,"turns":4.0},{"damage":1.0,"enemies":"Jaw Worm","floor":2.0,"turns":3.0},{"damage":0.0,"enemies":"2 Louse","floor":5.0,"turns":3.0},{"damage":36.0,"enemies":"Lagavulin","floor":6.0,"turns":7.0},{"damage":8.0,"enemies":"Blue Slaver","floor":7.0,"turns":6.0},{"damage":6.0,"enemies":"Looter","floor":8.0,"turns":5.0},{"damage":28.0,"enemies":"Exordium Thugs","floor":10.0,"turns":7.0},{"damage":14.0,"enemies":"Gremlin Nob","floor":12.0,"turns":4.0},{"damage":2.0,"enemies":"Red Slaver","floor":13.0,"turns":5.0},{"damage":34.0,"enemies":"Slime Boss","floor":16.0,"turns":11.0},{"damage":17.0,"enemies":"Shell Parasite","floor":18.0,"turns":7.0},{"damage":35.0,"enemies":"Masked Bandits","floor":20.0,"turns":4.0},{"damage":34.0,"enemies":"Spheric Guardian","floor":22.0,"turns":7.0},{"damage":42.0,"enemies":"Slavers","floor":23.0,"turns":5.0},{"damage":4.0,"enemies":"3 Cultists","floor":28.0,"turns":4.0},{"damage":12.0,"enemies":"Cultist and Chosen","floor":29.0,"turns":6.0},{"damage":0.0,"enemies":"Snake Plant","floor":31.0,"turns":3.0},{"damage":77.0,"enemies":"Automaton","floor":33.0,"turns":14.0},{"damage":17.0,"enemies":"3 Darklings","floor":35.0,"turns":7.0},{"damage":4.0,"enemies":"3 Shapes","floor":36.0,"turns":6.0},{"damage":13.0,"enemies":"Jaw Worm Horde","floor":39.0,"turns":5.0},{"damage":19.0,"enemies":"Nemesis","floor":41.0,"turns":11.0},{"damage":41.0,"enemies":"Giant Head","floor":44.0,"turns":10.0},{"damage":29.0,"enemies":"Spire Growth","floor":45.0,"turns":6.0},{"damage":12.0,"enemies":"Writhing Mass","floor":46.0,"turns":7.0},{"damage":0.0,"enemies":"4 Shapes","floor":47.0,"turns":2.0},{"damage":1.0,"enemies":"Maw","floor":48.0,"turns":9.0},{"damage":52,"enemies":"Time Eater","floor":50,"turns":8}],"seed_played":"-7469981840518533019","potions_obtained":[{"floor":2.0,"key":"SkillPotion"},{"floor":5.0,"key":"Strength Potion"},{"floor":8.0,"key":"CultistPotion"},{"floor":13.0,"key":"CultistPotion"},{"floor":18.0,"key":"FairyPotion"},{"floor":23.0,"key":"Explosive Potion"},{"floor":35.0,"key":"AttackPotion"},{"floor":39.0,"key":"ColorlessPotion"},{"floor":45.0,"key":"Fire Potion"},{"floor":46.0,"key":"Weak Potion"}],"is_trial":false,"path_per_floor":["M","M","$","$","M","E","M","M","T","M","R","E","M","?","R","B",null,"M","?","?","$","M","E","R","?","T","R","M","M","$","M","R","B",null,"M","M","?","$","M","R","E","R","T","E","M","M","M","M","R","B"],"character_chosen":"DEFECT","items_purchased":["Reprogram","Sunder","Bronze Scales","Meteor Strike","FairyPotion","AttackPotion"],"campfire_rested":3,"item_purchase_floors":[3,3,21,21,30,38],"current_hp_per_floor":[74,73,73,73,73,37,36,37,37,16,16,9,14,14,36,9,75,65,65,37,37,17,9,31,31,31,31,41,43,43,50,50,36,75,72,75,75,75,75,75,70,70,70,43,21,16,16,29,51,0,0],"gold":255,"neow_bonus":"REMOVE_CARD","is_daily":false,"chose_seed":false,"campfire_upgraded":4,"win_rate":0.0,"timestamp":1613788779,"path_taken":["M","M","?","$","M","E","M","M","T","M","R","E","?","?","R","BOSS","M","?","?","$","M","E","R","?","T","R","M","M","$","M","R","BOSS","M","M","?","$","M","R","E","R","T","E","M","M","M","M","R","BOSS"],"items_purchased_type":["Card","Card","Relic","Card","Potion","Potion"],"build_version":"2020-12-22","purchased_purges":3,"victory":false,"max_hp_per_floor":[75,75,75,75,75,75,75,75,75,75,75,75,75,75,75,75,75,75,75,75,75,75,75,75,75,75,75,75,75,75,75,75,75,75,75,75,75,75,75,75,75,75,75,75,75,75,75,75,75,75,75],"card_choices":[{"not_picked":["Go for the Eyes","Lockon"],"picked":"Fusion","floor":1.0},{"not_picked":["Storm","Turbo","Ball Lightning"],"picked":"SKIP","floor":2.0},{"not_picked":["Go for the Eyes","Redo"],"picked":"Hologram","floor":5.0},{"not_picked":["Rebound","Cold Snap"],"picked":"Self Repair","floor":6.0},{"not_picked":["Capacitor","Compile Driver"],"picked":"Hologram","floor":7.0},{"not_picked":["Tempest","Force Field","Barrage"],"picked":"SKIP","floor":8.0},{"not_picked":["Steam","Blizzard"],"picked":"Barrage","floor":10.0},{"not_picked":["Compile Driver","Auto Shields","Creative AI"],"picked":"SKIP","floor":12.0},{"not_picked":["Ball Lightning","Rebound"],"picked":"Turbo","floor":13.0},{"not_picked":["Reboot","Buffer"],"picked":"Hyperbeam","floor":16.0},{"not_picked":["Turbo","Defragment","Glacier"],"picked":"SKIP","floor":18.0},{"not_picked":["Streamline+1","Genetic Algorithm"],"picked":"Self Repair","floor":20.0},{"not_picked":["Static Discharge+1","Beam Cell","Rebound+1"],"picked":"SKIP","floor":22.0},{"not_picked":["Double Energy","Creative AI"],"picked":"Leap","floor":23.0},{"not_picked":["Compile Driver+1","Turbo+1","Rebound"],"picked":"SKIP","floor":28.0},{"not_picked":["Coolheaded+1","Darkness"],"picked":"Reinforced Body","floor":29.0},{"not_picked":["Sweeping Beam+1","Leap"],"picked":"Redo+1","floor":31.0},{"not_picked":["Meteor Strike","Buffer"],"picked":"Seek","floor":33.0},{"not_picked":["Cold Snap","Conserve Battery+1","Darkness+1"],"picked":"SKIP","floor":35.0},{"not_picked":["Rebound+1","Turbo+1"],"picked":"Reinforced Body","floor":36.0},{"not_picked":["Madness","Mind Blast"],"picked":"Dark Shackles","floor":37.0},{"not_picked":["Force Field+1","Steam","Storm"],"picked":"SKIP","floor":39.0},{"not_picked":["Scrape","Rip and Tear"],"picked":"Loop","floor":41.0},{"not_picked":["Chill+1","Loop+1"],"picked":"Streamline+1","floor":44.0},{"not_picked":["Ball Lightning+1","Barrage"],"picked":"FTL","floor":45.0},{"not_picked":["Beam Cell+1","Auto Shields+1","Static Discharge"],"picked":"SKIP","floor":46.0},{"not_picked":["Steam","Beam Cell+1","Turbo+1"],"picked":"SKIP","floor":47.0},{"not_picked":["Sweeping Beam+1","Redo"],"picked":"Stack","floor":48.0}],"player_experience":689304,"relics_obtained":[{"floor":6.0,"key":"Gambling Chip"},{"floor":9.0,"key":"Orichalcum"},{"floor":12.0,"key":"HornCleat"},{"floor":20.0,"key":"Red Mask"},{"floor":23.0,"key":"MawBank"},{"floor":26.0,"key":"Potion Belt"},{"floor":41.0,"key":"Cables"},{"floor":41.0,"key":"CeramicFish"},{"floor":44.0,"key":"InkBottle"},{"floor":44.0,"key":"Kunai"}],"event_choices":[{"damage_healed":0.0,"max_hp_gain":0.0,"max_hp_loss":0.0,"gold_gain":0.0,"event_name":"Shining Light","player_choice":"Ignored","floor":14.0,"gold_loss":0.0,"damage_taken":0.0},{"damage_healed":0.0,"max_hp_gain":0.0,"max_hp_loss":0.0,"gold_gain":0.0,"cards_transformed":["Strike_B","Strike_B"],"event_name":"Drug Dealer","player_choice":"Became Test Subject","floor":19.0,"gold_loss":0.0,"damage_taken":0.0,"cards_obtained":["Leap","Cold Snap"]},{"damage_healed":0.0,"max_hp_gain":0.0,"max_hp_loss":0.0,"gold_gain":0.0,"event_name":"Masked Bandits","player_choice":"Fought Bandits","floor":20.0,"gold_loss":0.0,"damage_taken":0.0},{"damage_healed":0.0,"max_hp_gain":0.0,"max_hp_loss":0.0,"gold_gain":99.0,"event_name":"Nest","player_choice":"Stole From Cult","floor":25.0,"gold_loss":0.0,"damage_taken":0.0},{"damage_healed":0.0,"max_hp_gain":0.0,"max_hp_loss":0.0,"gold_gain":0.0,"event_name":"SensoryStone","player_choice":"Memory 1","floor":37.0,"gold_loss":0.0,"damage_taken":0.0}],"is_beta":false,"boss_relics":[{"not_picked":["SlaversCollar","Empty Cage"],"picked":"Philosopher\u0027s Stone"},{"not_picked":["Fusion Hammer","Astrolabe"],"picked":"Black Star"}],"items_purged_floors":[21,30,38],"is_endless":false,"potions_floor_spawned":[2,5,8,13,18,23,35,39,45,46],"killed_by":"Time Eater","ascension_level":0}}