{"host":"xt3o4iokwksypl90","time":1613853374,"event":{"mods":["AchievementEnabler","BaseMod","Googly Eyes","Highlight Path","Minty Spire (QoL Compilation)","Permanent Neow"],"gold_per_floor":[368,543,316,334,284,315,315,350,350,350,350,51,68,85,85,180,180,198,216,67,77,89,89,89],"floor_reached":23,"language":"ENG","playtime":1912,"items_purged":["Doubt","Strike_G"],"score":271,"play_id":"2374e7e4-37bf-4184-a52f-ccf11ba12d0a","local_time":"20210220213614","is_ascension_mode":true,"campfire_choices":[{"floor":7.0,"key":"REST"},{"floor":10.0,"key":"REST"},{"data":"Footwork","floor":15.0,"key":"SMITH"}],"circlet_count":0,"master_deck":["Survivor","Neutralize","Dodge and Roll","All Out Attack","Slice","Dagger Throw","Dagger Spray","Backflip","Sucker Punch","Deflect","Footwork+1","Slice","Cloak And Dagger","Envenom","After Image","Escape Plan","Envenom","Masterful Stab","Night Terror","Die Die Die","Setup","Masterful Stab","Quick Slash+1","PiercingWail+1","Doppelganger","Dodge and Roll+1"],"relics":["Ring of the Snake","Orrery","Sundial","Toy Ornithopter","Dream Catcher","NlothsMask","Oddly Smooth Stone","Pandora\u0027s Box","OrangePellets"],"acts_visited":["Exordium","TheCity"],"potions_floor_usage":[23],"damage_taken":[{"damage":1.0,"enemies":"Small Slimes","floor":1.0,"turns":4.0},{"damage":0.0,"enemies":"2 Louse","floor":4.0,"turns":2.0},{"damage":21.0,"enemies":"Gremlin Nob","floor":6.0,"turns":4.0},{"damage":31.0,"enemies":"Lagavulin","floor":8.0,"turns":8.0},{"damage":0.0,"enemies":"Cultist","floor":13.0,"turns":4.0},{"damage":4.0,"enemies":"3 Louse","floor":14.0,"turns":2.0},{"damage":10.0,"enemies":"The Guardian","floor":16.0,"turns":18.0},{"damage":7.0,"enemies":"Chosen","floor":18.0,"turns":6.0},{"damage":8.0,"enemies":"Shell Parasite","floor":19.0,"turns":6.0},{"damage":9.0,"enemies":"Sentry and Sphere","floor":21.0,"turns":7.0},{"damage":25.0,"enemies":"Snake Plant","floor":22.0,"turns":7.0},{"damage":20,"enemies":"Slavers","floor":23,"turns":4}],"seed_played":"3358695520595244171","potions_obtained":[{"floor":1.0,"key":"SpeedPotion"},{"floor":4.0,"key":"Poison Potion"},{"floor":8.0,"key":"FearPotion"},{"floor":16.0,"key":"Explosive Potion"},{"floor":22.0,"key":"Fire Potion"}],"is_trial":false,"path_per_floor":["M","?","$","M","?","E","R","E","T","R","?","$","M","M","R","B",null,"M","M","$","M","M","E"],"character_chosen":"THE_SILENT","items_purchased":["Orrery","Oddly Smooth Stone","AttackPotion","OrangePellets"],"campfire_rested":2,"item_purchase_floors":[3,12,12,20],"current_hp_per_floor":[44,44,44,44,44,23,44,13,13,34,34,34,34,30,30,25,59,52,44,44,45,25,10,10],"gold":89,"neow_bonus":"TWO_FIFTY_GOLD","is_daily":false,"chose_seed":false,"campfire_upgraded":1,"win_rate":0.0,"timestamp":1613853374,"path_taken":["M","?","$","M","?","E","R","E","T","R","?","$","M","M","R","BOSS","M","M","$","M","M","E"],"items_purchased_type":["Relic","Relic","Potion","Relic"],"build_version":"2020-12-22","purchased_purges":2,"victory":false,"max_hp_per_floor":[70,70,70,70,70,70,70,70,70,70,70,70,70,70,70,70,70,70,70,70,70,70,70,70],"card_choices":[{"not_picked":["Distraction","Infinite Blades"],"picked":"Dodge and Roll","floor":1.0},{"not_picked":["Dodge and Roll","Underhanded Strike"],"picked":"All Out Attack","floor":3.0},{"not_picked":["Dodge and Roll","Infinite Blades"],"picked":"Slice","floor":3.0},{"not_picked":["Sucker Punch","Leg Sweep"],"picked":"Dagger Throw","floor":3.0},{"not_picked":["Setup","Underhanded Strike"],"picked":"Dagger Spray","floor":3.0},{"not_picked":["Calculated Gamble","Caltrops"],"picked":"Backflip","floor":3.0},{"not_picked":["Leg Sweep","Prepared"],"picked":"Sucker Punch","floor":4.0},{"not_picked":["Outmaneuver","Blade Dance"],"picked":"Deflect","floor":6.0},{"not_picked":["Glass Knife","Underhanded Strike"],"picked":"Footwork","floor":8.0},{"not_picked":["Dagger Throw","Flying Knee"],"picked":"Slice","floor":10.0},{"not_picked":["Underhanded Strike","Flying Knee"],"picked":"Cloak And Dagger","floor":13.0},{"not_picked":["Cloak And Dagger","Catalyst","Poisoned Stab"],"picked":"SKIP","floor":14.0},{"not_picked":["After Image","Bullet Time"],"picked":"Envenom","floor":16.0},{"not_picked":["Heel Hook","Dagger Spray"],"picked":"Quick Slash+1","floor":18.0},{"not_picked":["Masterful Stab","Bane"],"picked":"PiercingWail+1","floor":19.0},{"not_picked":["Poisoned Stab","Deflect+1"],"picked":"Doppelganger","floor":21.0},{"not_picked":["Finisher+1","All Out Attack"],"picked":"Dodge and Roll+1","floor":22.0}],"player_experience":356528,"relics_obtained":[{"floor":6.0,"key":"Sundial"},{"floor":8.0,"key":"Toy Ornithopter"},{"floor":9.0,"key":"Dream Catcher"}],"event_choices":[{"damage_healed":0.0,"max_hp_gain":0.0,"max_hp_loss":0.0,"gold_gain":175.0,"event_name":"Liars Game","player_choice":"AGREE","floor":2.0,"gold_loss":0.0,"damage_taken":0.0,"cards_obtained":["Doubt"]},{"cards_removed":["Strike_G"],"damage_healed":0.0,"max_hp_gain":0.0,"max_hp_loss":0.0,"gold_gain":0.0,"event_name":"The Cleric","player_choice":"Card Removal","floor":5.0,"gold_loss":50.0,"damage_taken":0.0},{"damage_healed":0.0,"max_hp_gain":0.0,"max_hp_loss":0.0,"gold_gain":0.0,"event_name":"FaceTrader","player_choice":"Trade","floor":11.0,"gold_loss":0.0,"damage_taken":0.0,"relics_obtained":["NlothsMask"]}],"is_beta":false,"boss_relics":[{"not_picked":["Runic Pyramid","WristBlade"],"picked":"Pandora\u0027s Box"}],"items_purged_floors":[3,12],"is_endless":false,"potions_floor_spawned":[1,4,8,13,16,18,22],"killed_by":"Slavers","ascension_level":7}}