{"host":"f5gffvlv6a66yqkd","time":1613823058,"event":{"mods":["2.2 Compatiblity","BaseMod","Colored Map","Custom Start","DeckTracker","Keyboard Shortcuts","Minty Spire (QoL Compilation)","Permanent Neow","Quick Restart","Relic Stats","StSLib","SuperFastMode"],"gold_per_floor":[118,128,141,157,176,176,194,194,241,241,256,256,256,256,256,335,335,345,345,357,372,388,388,398,398,398],"floor_reached":25,"language":"KOR","playtime":625,"items_purged":[],"score":398,"play_id":"02d2e402-992e-4096-9ee3-2990e4a0fec6","local_time":"20210220211058","is_ascension_mode":true,"campfire_choices":[{"data":"Zap","floor":6.0,"key":"SMITH"},{"data":"Dualcast","floor":8.0,"key":"SMITH"},{"data":"Rip and Tear","floor":10.0,"key":"SMITH"},{"data":"Skim","floor":13.0,"key":"SMITH"},{"data":"Ball Lightning","floor":15.0,"key":"SMITH"},{"data":"Turbo","floor":23,"key":"SMITH"}],"circlet_count":0,"master_deck":["AscendersBane","Strike_B","Strike_B","Strike_B","Defend_B","Defend_B","Defend_B","Defend_B","Zap+1","Dualcast+1","Rip and Tear+1","Genetic Algorithm","Gash","Skim+1","Ball Lightning+1","Glacier","Echo Form","CurseOfTheBell","Turbo+1","Recycle","Lockon","Self Repair"],"relics":["Cracked Core","Orichalcum","Anchor","Matryoshka","Calling Bell","Nunchaku","Mercury Hourglass","Torii"],"acts_visited":["Exordium","TheCity"],"potions_floor_usage":[16,16],"damage_taken":[{"damage":0.0,"enemies":"Cultist","floor":1.0,"turns":3.0},{"damage":4.0,"enemies":"2 Louse","floor":2.0,"turns":2.0},{"damage":3.0,"enemies":"Jaw Worm","floor":3.0,"turns":4.0},{"damage":14.0,"enemies":"Gremlin Gang","floor":4.0,"turns":4.0},{"damage":5.0,"enemies":"Exordium Thugs","floor":5.0,"turns":3.0},{"damage":6.0,"enemies":"Blue Slaver","floor":7.0,"turns":4.0},{"damage":0.0,"enemies":"Looter","floor":11.0,"turns":3.0},{"damage":27,"enemies":"Slime Boss","floor":16,"turns":12},{"damage":7,"enemies":"Chosen","floor":18,"turns":4},{"damage":1,"enemies":"2 Thieves","floor":20,"turns":4},{"damage":12,"enemies":"Sentry and Sphere","floor":21,"turns":5},{"damage":2,"enemies":"Centurion and Healer","floor":22,"turns":10},{"damage":17,"enemies":"Snake Plant","floor":24,"turns":4},{"damage":20,"enemies":"Shelled Parasite and Fungi","floor":25,"turns":3}],"seed_played":"5194472179708804865","potions_obtained":[{"floor":1.0,"key":"PowerPotion"},{"floor":4.0,"key":"LiquidMemories"},{"floor":5.0,"key":"FearPotion"},{"floor":21,"key":"LiquidBronze"}],"is_trial":false,"path_per_floor":["M","M","M","M","M","R","M","R","T","R","M","T","R","?","R","B",null,"M","?","M","M","M","R","M","M"],"character_chosen":"DEFECT","items_purchased":[],"campfire_rested":0,"item_purchase_floors":[],"current_hp_per_floor":[64,60,57,43,38,38,32,32,32,32,32,32,32,32,32,5,55,48,48,47,35,33,33,16,0,0],"gold":398,"neow_bonus":"RANDOM_COMMON_RELIC","is_daily":false,"chose_seed":false,"campfire_upgraded":6,"win_rate":0.0,"timestamp":1613823058,"path_taken":["M","M","M","M","?","R","M","R","T","R","M","?","R","?","R","BOSS","M","?","M","M","M","R","?","M"],"items_purchased_type":[],"build_version":"2020-12-22","purchased_purges":0,"victory":false,"max_hp_per_floor":[71,71,71,71,71,71,71,71,71,71,71,71,71,71,71,71,71,71,71,71,71,71,71,71,71,71],"relic_stats":{"Nunchaku":[5],"Torii":4,"counters":[14,65],"Orichalcum":[96],"obtain_stats":[{"Calling Bell":17,"Anchor":9,"Nunchaku":17,"Matryoshka":12,"Torii":17,"Orichalcum":0,"Cracked Core":0,"Mercury Hourglass":17},{"Calling Bell":8,"Anchor":6,"Nunchaku":8,"Matryoshka":7,"Torii":8,"Orichalcum":0,"Cracked Core":0,"Mercury Hourglass":8},{"Calling Bell":35,"Anchor":20,"Nunchaku":35,"Matryoshka":23,"Torii":35,"Orichalcum":0,"Cracked Core":0,"Mercury Hourglass":35}],"Mercury Hourglass":[99]},"card_choices":[{"not_picked":["Turbo","Conserve Battery"],"picked":"Rip and Tear","floor":1.0},{"not_picked":["Streamline","Go for the Eyes"],"picked":"Genetic Algorithm","floor":2.0},{"not_picked":["Darkness","Conserve Battery"],"picked":"Gash","floor":3.0},{"not_picked":["Stack","Sweeping Beam"],"picked":"Skim","floor":4.0},{"not_picked":["Streamline","Cold Snap"],"picked":"Ball Lightning","floor":5.0},{"not_picked":["Sweeping Beam","Ball Lightning"],"picked":"Glacier","floor":7.0},{"not_picked":["Ball Lightning","Cold Snap","Static Discharge"],"picked":"SKIP","floor":11.0},{"not_picked":["Creative AI","Machine Learning"],"picked":"Echo Form","floor":16},{"not_picked":["Stack","Go for the Eyes+1"],"picked":"Turbo","floor":18},{"not_picked":["Rip and Tear","Streamline","Barrage"],"picked":"SKIP","floor":20},{"not_picked":["Cold Snap","Tempest"],"picked":"Recycle","floor":21},{"not_picked":["Rebound","Auto Shields"],"picked":"Lockon","floor":22},{"not_picked":["Turbo","Sweeping Beam"],"picked":"Self Repair","floor":24}],"player_experience":1533848,"relics_obtained":[{"floor":9.0,"key":"Anchor"},{"floor":12.0,"key":"Matryoshka"},{"floor":17,"key":"Nunchaku"},{"floor":17,"key":"Mercury Hourglass"},{"floor":17,"key":"Torii"}],"event_choices":[{"damage_healed":0.0,"max_hp_gain":0.0,"max_hp_loss":0.0,"gold_gain":0.0,"event_name":"Scrap Ooze","player_choice":"Fled","floor":14.0,"gold_loss":0.0,"damage_taken":0.0},{"cards_removed":["Strike_B"],"damage_healed":0,"gold_gain":0,"player_choice":"Purged","damage_taken":0,"max_hp_gain":0,"max_hp_loss":0,"event_name":"Purifier","floor":19,"gold_loss":0}],"is_beta":false,"boss_relics":[{"not_picked":["Fusion Hammer","Ectoplasm"],"picked":"Calling Bell"}],"items_purged_floors":[],"is_endless":false,"potions_floor_spawned":[1,4,5,21],"killed_by":"Shelled Parasite and Fungi","ascension_level":20}}