{"host":"w3q5ijqu8eoknil3","time":1613787859,"event":{"mods":["AchievementEnabler","BaseMod","Block Reminder","Colored Map","Colored Powertips","Curses Come First","Dark Map","Minty Spire (QoL Compilation)","Quick Restart","Relic Stats","StSLib","ojb\u0027s Better Paths Mod","ojb\u0027s Info Mod","slay the spire mod where everything is the same but ironclad has a cowboy hat"],"gold_per_floor":[116,116,140,161,185,185,216,216,216,216,234,234,249,289,289,388,388,403,166,166,216,230,269,71,84,131,131,164,179,215,233,233,233,233],"floor_reached":33,"language":"ENG","playtime":1323,"items_purged":["Strike_G"],"score":716,"play_id":"97f76e70-79f1-485a-94d6-0f43a0b5e267","local_time":"20210220022419","is_ascension_mode":true,"campfire_choices":[{"data":"Blade Dance","floor":6,"key":"SMITH"},{"floor":8,"key":"REST"},{"floor":12,"key":"REST"},{"data":"Venomology","floor":15,"key":"SMITH"},{"data":"Blade Dance","floor":27,"key":"SMITH"},{"data":"Burst","floor":32,"key":"SMITH"}],"circlet_count":0,"master_deck":["AscendersBane","Strike_G","Defend_G","Defend_G","Defend_G","Defend_G","Defend_G","Survivor","Neutralize","Venomology+1","Noxious Fumes","Acrobatics","Blade Dance+1","Terror","Masterful Stab","Quick Slash","Poisoned Stab","Dash","After Image","Choke+1","Noxious Fumes+1","Acrobatics+1","Crippling Poison","Footwork","Leg Sweep","Quick Slash+1","Deflect+1","Blade Dance+1","Blade Dance","Caltrops+1","Backstab","Burst+1","Underhanded Strike"],"relics":["Ring of the Snake","Golden Idol","Mercury Hourglass","Ornamental Fan","CultistMask","MealTicket","Astrolabe","Dead Branch","Toolbox","Nunchaku","Frozen Egg 2","Bottled Tornado"],"acts_visited":["TheCity"],"potions_floor_usage":[3,4,5,5,7,7,13,14,16,16,18,23,23,23,25,28,28,30,30,33,33],"damage_taken":[{"damage":1,"enemies":"2 Louse","floor":1,"turns":7},{"damage":2,"enemies":"Jaw Worm","floor":3,"turns":4},{"damage":4,"enemies":"Cultist","floor":4,"turns":5},{"damage":11,"enemies":"Red Slaver","floor":5,"turns":5},{"damage":39,"enemies":"Gremlin Nob","floor":7,"turns":4},{"damage":7,"enemies":"3 Louse","floor":11,"turns":3},{"damage":0,"enemies":"Exordium Wildlife","floor":13,"turns":3},{"damage":40,"enemies":"Lagavulin","floor":14,"turns":6},{"damage":0,"enemies":"Slime Boss","floor":16,"turns":4},{"damage":22,"enemies":"2 Thieves","floor":18,"turns":5},{"damage":0,"enemies":"Chosen","floor":22,"turns":5},{"damage":19,"enemies":"Book of Stabbing","floor":23,"turns":4},{"damage":0,"enemies":"Snake Plant","floor":25,"turns":4},{"damage":5,"enemies":"Gremlin Leader","floor":28,"turns":4},{"damage":1,"enemies":"Sentry and Sphere","floor":29,"turns":4},{"damage":1,"enemies":"Slavers","floor":30,"turns":4},{"damage":8,"enemies":"Chosen and Byrds","floor":31,"turns":5},{"damage":34,"enemies":"Automaton","floor":33,"turns":6}],"seed_played":"-392423534940420416","potions_obtained":[{"floor":3,"key":"GhostInAJar"},{"floor":5,"key":"BlessingOfTheForge"},{"floor":14,"key":"SteroidPotion"},{"floor":18,"key":"Energy Potion"},{"floor":23,"key":"BlessingOfTheForge"},{"floor":28,"key":"Fire Potion"}],"is_trial":false,"path_per_floor":["M","?","M","M","M","R","E","R","T","?","M","R","M","E","R","B",null,"M","$","?","?","M","E","$","M","T","R","E","M","E","M","R","B"],"character_chosen":"THE_SILENT","items_purchased":["Footwork","Leg Sweep","Toolbox","Blade Dance"],"campfire_rested":2,"item_purchase_floors":[19,19,24,24],"current_hp_per_floor":[58,58,56,52,41,41,2,20,20,20,13,31,31,18,18,18,50,28,43,43,43,43,24,39,39,39,39,34,33,32,24,24,0,0],"gold":233,"neow_bonus":"ONE_RANDOM_RARE_CARD","is_daily":false,"chose_seed":false,"campfire_upgraded":4,"win_rate":0.0,"timestamp":1613787859,"path_taken":["M","?","M","M","M","R","E","R","T","?","M","R","?","E","R","BOSS","M","$","?","?","M","E","?","?","T","R","E","M","E","M","R","BOSS"],"items_purchased_type":["Card","Card","Relic","Card"],"build_version":"2020-12-22","purchased_purges":1,"victory":false,"max_hp_per_floor":[66,60,60,60,60,60,60,60,60,60,60,60,60,60,60,60,60,60,60,60,60,60,60,60,60,60,60,60,60,60,60,60,60,60],"relic_stats":{"Nunchaku":[8],"counters":[18,81],"Golden Idol":93,"Ornamental Fan":[176],"Astrolabe":["Choke","Noxious Fumes","Acrobatics"],"Dead Branch":[92],"MealTicket":30,"obtain_stats":[{"Nunchaku":26,"Golden Idol":2,"Ornamental Fan":9,"Astrolabe":17,"Dead Branch":23,"Toolbox":24,"MealTicket":14,"CultistMask":10,"Frozen Egg 2":28,"Bottled Tornado":30,"Ring of the Snake":0,"Mercury Hourglass":7},{"Nunchaku":13,"Golden Idol":1,"Ornamental Fan":5,"Astrolabe":9,"Dead Branch":12,"Toolbox":12,"MealTicket":8,"CultistMask":5,"Frozen Egg 2":14,"Bottled Tornado":16,"Ring of the Snake":0,"Mercury Hourglass":5},{"Nunchaku":59,"Golden Idol":7,"Ornamental Fan":25,"Astrolabe":41,"Dead Branch":55,"Toolbox":55,"MealTicket":37,"CultistMask":25,"Frozen Egg 2":63,"Bottled Tornado":71,"Ring of the Snake":0,"Mercury Hourglass":25}],"Ring of the Snake":[36],"Mercury Hourglass":[228]},"card_choices":[{"not_picked":["Backflip","Reflex"],"picked":"Noxious Fumes","floor":1},{"not_picked":["Dodge and Roll","Expertise"],"picked":"Acrobatics","floor":3},{"not_picked":["Prepared","Dodge and Roll"],"picked":"Blade Dance","floor":4},{"not_picked":["Caltrops","Backflip"],"picked":"Terror","floor":5},{"not_picked":["Concentrate","Bane"],"picked":"Masterful Stab","floor":7},{"not_picked":["Calculated Gamble","Slice"],"picked":"Quick Slash","floor":11},{"not_picked":["Outmaneuver","Calculated Gamble"],"picked":"Poisoned Stab","floor":13},{"not_picked":["Caltrops","Reflex"],"picked":"Dash","floor":14},{"not_picked":["Malaise","Burst"],"picked":"After Image","floor":16},{"not_picked":["Prepared","Terror+1"],"picked":"Crippling Poison","floor":18},{"not_picked":["Slice","Underhanded Strike"],"picked":"Quick Slash+1","floor":22},{"not_picked":["Dagger Throw","Cloak And Dagger"],"picked":"Deflect+1","floor":23},{"not_picked":["Dagger Throw","Eviscerate"],"picked":"Blade Dance","floor":25},{"not_picked":["Dodge and Roll","Dagger Spray"],"picked":"Caltrops+1","floor":28},{"not_picked":["Deadly Poison+1","Acrobatics"],"picked":"Backstab","floor":29},{"not_picked":["PiercingWail","Predator"],"picked":"Burst","floor":30},{"not_picked":["Sucker Punch","Slice"],"picked":"Underhanded Strike","floor":31}],"player_experience":1054523,"relics_obtained":[{"floor":7,"key":"Mercury Hourglass"},{"floor":9,"key":"Ornamental Fan"},{"floor":14,"key":"MealTicket"},{"floor":23,"key":"Dead Branch"},{"floor":26,"key":"Nunchaku"},{"floor":28,"key":"Frozen Egg 2"},{"floor":30,"key":"Bottled Tornado"}],"event_choices":[{"damage_healed":0,"gold_gain":0,"player_choice":"Lose Max HP","damage_taken":0,"relics_obtained":["Golden Idol"],"max_hp_gain":0,"max_hp_loss":6,"event_name":"Golden Idol","floor":2,"gold_loss":0},{"damage_healed":0,"gold_gain":0,"player_choice":"Trade","damage_taken":0,"relics_obtained":["CultistMask"],"max_hp_gain":0,"max_hp_loss":0,"event_name":"FaceTrader","floor":10,"gold_loss":0},{"damage_healed":0,"gold_gain":0,"player_choice":"Ignored","damage_taken":0,"max_hp_gain":0,"max_hp_loss":0,"event_name":"Ghosts","floor":20,"gold_loss":0},{"damage_healed":0,"gold_gain":50,"player_choice":"Stole From Cult","damage_taken":0,"max_hp_gain":0,"max_hp_loss":0,"event_name":"Nest","floor":21,"gold_loss":0}],"is_beta":false,"boss_relics":[{"not_picked":["Empty Cage","HoveringKite"],"picked":"Astrolabe"}],"items_purged_floors":[19],"is_endless":false,"potions_floor_spawned":[3,5,14,18,23,28],"killed_by":"Automaton","ascension_level":19}}