{"host":"Kdaddybrian","time":1613848014,"event":{"mods":["AchievementEnabler","BaseMod","Bestiary","Colored Map","Colored Powertips","Minty Spire (QoL Compilation)","Potion Indicator Mod","Quick Restart","Rare Cards Sparkle","Relic Stats","StSLib","Uncapped"],"gold_per_floor":[113,123,87,98,117,144,157,157,457,422,347,347,379,399,399,471,471,482,81,99,99,99,99,134,49,49,49,49,49,49,82,82,82,82],"floor_reached":33,"language":"ENG","playtime":1110,"items_purged":["Strike_P","Strike_P"],"score":525,"play_id":"15b32ec5-eebb-49ef-b767-0f69212b41cf","local_time":"20210220140654","is_ascension_mode":true,"campfire_choices":[{"floor":8.0,"key":"REST"},{"data":"Eruption","floor":12.0,"key":"SMITH"},{"data":"BattleHymn","floor":15.0,"key":"SMITH"},{"data":"Fasting2","floor":23,"key":"SMITH"},{"floor":27,"key":"REST"},{"floor":29,"key":"REST"},{"floor":32,"key":"REST"}],"circlet_count":0,"master_deck":["AscendersBane","Strike_P","Strike_P","Defend_P","Defend_P","Defend_P","Defend_P","Eruption+1","Vigilance","FollowUp","BowlingBash","CarveReality","CrushJoints","Consecrate","Tantrum","Conclude","DevaForm","BattleHymn+1","Fasting2+1","Bandage Up","Meditate","ThirdEye","EmptyBody","DeceiveReality+1"],"relics":["PureWater","MealTicket","StrikeDummy","Old Coin","Shuriken","Snecko Eye","WingedGreaves","Bird Faced Urn","CaptainsWheel","Orichalcum"],"acts_visited":["Exordium","TheCity"],"potions_floor_usage":[22,31],"damage_taken":[{"damage":4.0,"enemies":"Small Slimes","floor":1.0,"turns":7.0},{"damage":0.0,"enemies":"Jaw Worm","floor":2.0,"turns":2.0},{"damage":1.0,"enemies":"Cultist","floor":4.0,"turns":3.0},{"damage":13.0,"enemies":"Blue Slaver","floor":5.0,"turns":3.0},{"damage":42.0,"enemies":"Lagavulin","floor":6.0,"turns":8.0},{"damage":0.0,"enemies":"3 Louse","floor":7.0,"turns":3.0},{"damage":0.0,"enemies":"3 Sentries","floor":13.0,"turns":3.0},{"damage":0.0,"enemies":"Exordium Wildlife","floor":14.0,"turns":3.0},{"damage":54.0,"enemies":"The Guardian","floor":16.0,"turns":6.0},{"damage":31,"enemies":"3 Byrds","floor":18,"turns":3},{"damage":7,"enemies":"Chosen","floor":20,"turns":4},{"damage":0,"enemies":"Shelled Parasite and Fungi","floor":22,"turns":1},{"damage":57,"enemies":"Slavers","floor":24,"turns":5},{"damage":75,"enemies":"Gremlin Leader","floor":31,"turns":5},{"damage":100,"enemies":"Collector","floor":33,"turns":7}],"seed_played":"4453661486254215873","potions_obtained":[{"floor":2.0,"key":"Swift Potion"},{"floor":4.0,"key":"Ancient Potion"},{"floor":5.0,"key":"Weak Potion"},{"floor":7.0,"key":"BlessingOfTheForge"},{"floor":24,"key":"PowerPotion"}],"is_trial":false,"path_per_floor":["M","M","$","M","M","E","M","R","T","?","$","R","E","M","R","B",null,"M","$","M","?","M","R","E","?","T","R","T","R","$","E","R","B"],"character_chosen":"WATCHER","items_purchased":["CarveReality","Fasting2","Bandage Up","SmokeBomb","Meditate"],"campfire_rested":4,"item_purchase_floors":[3,19,19,19,19],"current_hp_per_floor":[61,61,72,71,58,16,16,37,37,55,70,70,70,70,70,16,58,27,42,39,82,82,82,25,25,25,49,49,73,82,13,37,0,0],"gold":82,"neow_bonus":"RANDOM_COMMON_RELIC","is_daily":false,"chose_seed":false,"campfire_upgraded":3,"win_rate":0.0,"timestamp":1613848014,"path_taken":["M","M","$","M","M","E","M","R","T","?","$","R","E","M","R","BOSS","M","$","M","?","?","R","E","?","T","R","?","R","?","E","R","BOSS"],"items_purchased_type":["Card","Card","Card","Potion","Card"],"build_version":"2020-12-18","purchased_purges":2,"victory":false,"max_hp_per_floor":[72,72,72,72,72,72,72,72,72,72,72,72,72,72,72,72,72,72,72,72,82,82,82,82,82,82,82,82,82,82,82,82,82,82],"relic_stats":{"counters":[15,63],"Shuriken":[16],"Bird Faced Urn":[8],"Snecko Eye":[40,42,43,34],"MealTicket":50,"Orichalcum":[18],"obtain_stats":[{"CaptainsWheel":28,"Shuriken":13,"Bird Faced Urn":25,"Snecko Eye":17,"MealTicket":0,"WingedGreaves":24,"PureWater":0,"Orichalcum":31,"StrikeDummy":6,"Old Coin":9},{"CaptainsWheel":13,"Shuriken":7,"Bird Faced Urn":13,"Snecko Eye":9,"MealTicket":0,"WingedGreaves":13,"PureWater":0,"Orichalcum":14,"StrikeDummy":5,"Old Coin":6},{"CaptainsWheel":51,"Shuriken":29,"Bird Faced Urn":51,"Snecko Eye":38,"MealTicket":0,"WingedGreaves":51,"PureWater":0,"Orichalcum":56,"StrikeDummy":23,"Old Coin":26}]},"card_choices":[{"not_picked":["FlurryOfBlows","Wireheading"],"picked":"FollowUp","floor":1.0},{"not_picked":["LikeWater","Prostrate"],"picked":"BowlingBash","floor":2.0},{"not_picked":["JustLucky","FlyingSleeves"],"picked":"CrushJoints","floor":4.0},{"not_picked":["FlyingSleeves","SashWhip"],"picked":"Consecrate","floor":5.0},{"not_picked":["Protect","CrushJoints"],"picked":"Tantrum","floor":6.0},{"not_picked":["SignatureMove","JustLucky"],"picked":"Conclude","floor":7.0},{"not_picked":["ThirdEye","Study"],"picked":"DevaForm","floor":13.0},{"not_picked":["Protect","WindmillStrike"],"picked":"BattleHymn","floor":14.0},{"not_picked":["SpiritShield","MasterReality"],"picked":"DeusExMachina","floor":16.0},{"not_picked":["Weave","Conclude","Vengeance"],"picked":"SKIP","floor":18},{"not_picked":["Crescendo","FollowUp"],"picked":"ThirdEye","floor":20},{"not_picked":["Wireheading","LikeWater"],"picked":"EmptyBody","floor":24},{"not_picked":["BattleHymn","Conclude"],"picked":"DeceiveReality+1","floor":31}],"player_experience":3058772,"relics_obtained":[{"floor":6.0,"key":"StrikeDummy"},{"floor":9.0,"key":"Old Coin"},{"floor":13.0,"key":"Shuriken"},{"floor":24,"key":"WingedGreaves"},{"floor":28,"key":"CaptainsWheel"},{"floor":31,"key":"Orichalcum"}],"event_choices":[{"damage_healed":18.0,"max_hp_gain":0.0,"max_hp_loss":0.0,"gold_gain":0.0,"event_name":"The Cleric","player_choice":"Healed","floor":10.0,"gold_loss":35.0,"damage_taken":0.0},{"cards_removed":["DeusExMachina"],"damage_healed":33,"gold_gain":0,"player_choice":"Offered Rare","damage_taken":0,"max_hp_gain":10,"max_hp_loss":0,"event_name":"Bonfire Elementals","floor":21,"gold_loss":0},{"damage_healed":0,"gold_gain":0,"player_choice":"Obtained Relic","damage_taken":0,"relics_obtained":["Bird Faced Urn"],"max_hp_gain":0,"max_hp_loss":0,"event_name":"Addict","floor":25,"gold_loss":85}],"is_beta":true,"boss_relics":[{"not_picked":["VioletLotus","HolyWater"],"picked":"Snecko Eye"}],"items_purged_floors":[11,19],"is_endless":false,"potions_floor_spawned":[2,4,5,7,14,20,22,24],"killed_by":"Collector","ascension_level":13}}