{"host":"y76clbnovzmw9ubx","time":1613840093,"event":{"mods":["AchievementEnabler","BaseMod","Minty Spire (QoL Compilation)","Permanent Neow","Relic Stats"],"gold_per_floor":[114,129,139,152,172,201,201,235,235,235,247,247,279,294,294,294,294],"floor_reached":16,"language":"ENG","playtime":711,"items_purged":[],"score":248,"play_id":"3301e74c-947d-49fe-ad21-728cd235a11f","local_time":"20210220115453","is_ascension_mode":true,"campfire_choices":[{"floor":7,"key":"REST"},{"data":"Noxious Fumes","floor":10,"key":"SMITH"},{"floor":15,"key":"REST"}],"circlet_count":0,"master_deck":["AscendersBane","Strike_G","Strike_G","Strike_G","Strike_G","Strike_G","Defend_G","Defend_G","Defend_G","Defend_G","Defend_G","Survivor","Neutralize","Dash","Dagger Spray","Noxious Fumes+1","Bullet Time","Poisoned Stab","Deadly Poison","Dodge and Roll","Backflip"],"relics":["Ring of the Snake","The Courier","Letter Opener","Bag of Marbles","Dream Catcher"],"acts_visited":["Exordium"],"potions_floor_usage":[6,8,8,8,8],"damage_taken":[{"damage":7,"enemies":"Small Slimes","floor":1,"turns":4},{"damage":0,"enemies":"Cultist","floor":2,"turns":4},{"damage":5,"enemies":"2 Louse","floor":3,"turns":3},{"damage":0,"enemies":"2 Fungi Beasts","floor":4,"turns":4},{"damage":0,"enemies":"Blue Slaver","floor":5,"turns":6},{"damage":24,"enemies":"Lagavulin","floor":6,"turns":8},{"damage":6,"enemies":"Gremlin Nob","floor":8,"turns":4},{"damage":3,"enemies":"Large Slime","floor":11,"turns":8},{"damage":4,"enemies":"3 Sentries","floor":13,"turns":5},{"damage":10,"enemies":"3 Louse","floor":14,"turns":2},{"damage":29,"enemies":"The Guardian","floor":16,"turns":5}],"seed_played":"6284431317747125708","potions_obtained":[{"floor":0.0,"key":"FearPotion"},{"floor":0.0,"key":"Energy Potion"},{"floor":6,"key":"EntropicBrew"},{"floor":14,"key":"Ancient Potion"}],"is_trial":false,"path_per_floor":["M","M","M","M","M","E","R","E","T","R","M","?","E","M","R","B"],"character_chosen":"THE_SILENT","items_purchased":[],"campfire_rested":2,"item_purchase_floors":[],"current_hp_per_floor":[52,52,47,47,47,23,42,36,36,36,33,24,20,10,29,0,0],"gold":294,"neow_bonus":"THREE_SMALL_POTIONS","is_daily":false,"chose_seed":false,"campfire_upgraded":1,"win_rate":0.0,"timestamp":1613840093,"path_taken":["M","M","M","M","M","E","R","E","T","R","M","?","E","?","R","BOSS"],"items_purchased_type":[],"build_version":"2020-12-22","purchased_purges":0,"victory":false,"max_hp_per_floor":[66,66,66,66,66,66,66,66,66,66,66,66,66,66,66,66,66],"relic_stats":{"Dream Catcher":1,"counters":[11,53],"Letter Opener":[20],"obtain_stats":[{"Dream Catcher":13,"The Courier":6,"Bag of Marbles":9,"Letter Opener":8,"Ring of the Snake":0},{"Dream Catcher":9,"The Courier":6,"Bag of Marbles":7,"Letter Opener":7,"Ring of the Snake":0},{"Dream Catcher":46,"The Courier":29,"Bag of Marbles":33,"Letter Opener":33,"Ring of the Snake":0}],"Ring of the Snake":[22]},"card_choices":[{"not_picked":["Blur","Bane"],"picked":"Dash","floor":1},{"not_picked":["Finisher","Blade Dance"],"picked":"Dagger Spray","floor":2},{"not_picked":["Flechettes","Calculated Gamble","Bane"],"picked":"SKIP","floor":3},{"not_picked":["Bouncing Flask","Deadly Poison"],"picked":"Noxious Fumes","floor":4},{"not_picked":["Dagger Throw","Sucker Punch"],"picked":"Bullet Time","floor":5},{"not_picked":["Acrobatics","Dagger Spray","Blade Dance"],"picked":"SKIP","floor":6},{"not_picked":["Masterful Stab","Terror"],"picked":"Poisoned Stab","floor":8},{"not_picked":["Acrobatics","Backflip"],"picked":"Deadly Poison","floor":11},{"not_picked":["Sucker Punch","Finisher"],"picked":"Dodge and Roll","floor":13},{"not_picked":["Outmaneuver","Predator"],"picked":"Backflip","floor":14}],"player_experience":3267726,"relics_obtained":[{"floor":6,"key":"The Courier"},{"floor":8,"key":"Letter Opener"},{"floor":9,"key":"Bag of Marbles"},{"floor":13,"key":"Dream Catcher"}],"event_choices":[{"damage_healed":0,"gold_gain":0,"player_choice":"Damaged","damage_taken":9,"max_hp_gain":0,"max_hp_loss":0,"event_name":"Wheel of Change","floor":12,"gold_loss":0}],"is_beta":false,"boss_relics":[],"items_purged_floors":[],"is_endless":false,"potions_floor_spawned":[1,2,5,6,14],"killed_by":"The Guardian","ascension_level":20}}