{"host":"ryfs09562e7ibkuk","time":1613781707,"event":{"mods":["BaseMod","Colored Powertips","Marisa£®ÏF”Í°°ƒß¿Ì…≥£©","Minty Spire (QoL Compilation)","Quick Restart","StSLib","The Bug Knight","Youmu£®ªÍ∆«—˝√Œ£©"],"gold_per_floor":[118,118,130,149,169,204,204,204,204,204,6,67,67,84,84,186,186,200,200,219,230,230,230,330,350,402,158,172,184,199,217,217,319,319,331,331,331,331,331],"floor_reached":38,"language":"ZHS","playtime":2658,"items_purged":["HollowMod:NailStrikeStart","HollowMod:InfectedAttack"],"score":378,"play_id":"5d669f88-ba0c-4769-82f2-d815ae164a43","local_time":"20210220084147","is_ascension_mode":false,"campfire_choices":[{"data":"HollowMod:DoubleDash","floor":10,"key":"SMITH"},{"data":"HollowMod:SlysStrikes","floor":13,"key":"SMITH"},{"data":"HollowMod:SiblingsSouls","floor":15,"key":"SMITH"},{"floor":23,"key":"REST"},{"data":"HollowMod:MawleksShell","floor":32,"key":"SMITH"}],"circlet_count":0,"master_deck":["HollowMod:QuickDashStart","HollowMod:FocusHealStart","HollowMod:PogoStrike","HollowMod:DoubleDash+1","HollowMod:NewGlowingWomb","HollowMod:SlysStrikes+1","HollowMod:SiblingsSouls+1","HollowMod:PerfectDash","HollowMod:ZotesMagnificence","HollowMod:DoubleDash+1","HollowMod:InfectedAttack","HollowMod:InfectedAttack","HollowMod:InfectedAttack","HollowMod:CloakDash","HollowMod:MothsMistake","HollowMod:MothsMistake","HollowMod:NewGlowingWomb+1","HollowMod:MawleksShell+1","HollowMod:NewInfectedGuardian","HollowMod:SoulSplash+1"],"relics":["HollowMod:VesselMask","NeowsBlessing","Oddly Smooth Stone","Pantograph","Empty Cage","Blood Vial","Lantern","SlaversCollar"],"acts_visited":["Exordium","TheCity","TheBeyond"],"potions_floor_usage":[6,21,33,33,38],"damage_taken":[{"damage":0,"enemies":"2 Louse","floor":1,"turns":1},{"damage":0,"enemies":"Jaw Worm","floor":3,"turns":1},{"damage":0,"enemies":"Small Slimes","floor":4,"turns":1},{"damage":2,"enemies":"Exordium Wildlife","floor":5,"turns":3},{"damage":33,"enemies":"3 Sentries","floor":6,"turns":10},{"damage":14,"enemies":"3 Sentries","floor":12,"turns":11},{"damage":0,"enemies":"Looter","floor":14,"turns":4},{"damage":58,"enemies":"Slime Boss","floor":16,"turns":11},{"damage":10,"enemies":"Shell Parasite","floor":18,"turns":7},{"damage":21,"enemies":"Spheric Guardian","floor":20,"turns":5},{"damage":27,"enemies":"Centurion and Healer","floor":21,"turns":6},{"damage":13,"enemies":"Snake Plant","floor":25,"turns":6},{"damage":8,"enemies":"Cultist and Chosen","floor":28,"turns":8},{"damage":4,"enemies":"Shelled Parasite and Fungi","floor":29,"turns":7},{"damage":6,"enemies":"Sentry and Sphere","floor":30,"turns":7},{"damage":19,"enemies":"Snake Plant","floor":31,"turns":5},{"damage":28,"enemies":"Automaton","floor":33,"turns":14},{"damage":52,"enemies":"3 Darklings","floor":35,"turns":9},{"damage":39,"enemies":"Orin","floor":38,"turns":4}],"seed_played":"3062467156334478945","potions_obtained":[{"floor":4,"key":"DuplicationPotion"},{"floor":12,"key":"Strength Potion"},{"floor":14,"key":"ColorlessPotion"},{"floor":20,"key":"Dexterity Potion"},{"floor":21,"key":"Swift Potion"},{"floor":25,"key":"Fire Potion"},{"floor":35,"key":"Fire Potion"}],"is_trial":false,"path_per_floor":["M","?","M","M","M","E","?","?","T","R","$","?","R","M","R","B",null,"M","?","M","M","?","R","?","M","T","$","M","M","M","M","R","B",null,"M","?","?","?"],"character_chosen":"THE_BUGKNIGHT","items_purchased":["HollowMod:SlysStrikes","HollowMod:SiblingsSouls","Lantern"],"campfire_rested":1,"item_purchase_floors":[11,11,27],"current_hp_per_floor":[75,75,75,75,75,52,52,45,45,45,45,43,43,53,53,29,75,71,71,50,23,9,33,33,20,20,20,24,28,24,13,13,18,80,34,34,34,0,0],"gold":331,"neow_bonus":"THREE_ENEMY_KILL","is_daily":false,"chose_seed":false,"campfire_upgraded":4,"win_rate":0.0,"timestamp":1613781707,"path_taken":["M","?","M","M","M","E","?","?","T","R","$","?","R","M","R","BOSS","M","?","M","M","?","R","?","?","T","$","M","M","M","M","R","BOSS","M","?","?","?"],"items_purchased_type":["Card","Card","Relic"],"build_version":"2020-12-22","purchased_purges":2,"victory":false,"max_hp_per_floor":[75,75,75,75,75,75,75,75,75,75,75,75,75,75,75,75,75,75,75,75,75,80,80,80,80,80,80,80,80,80,80,80,80,80,80,80,76,76,76],"card_choices":[{"not_picked":["HollowMod:NewLittleFool","HollowMod:DesolateDive","HollowMod:SharpenedShadows"],"picked":"SKIP","floor":1},{"not_picked":["HollowMod:CornifersMapStart","HollowMod:CrystalDash","HollowMod:SoulVessel"],"picked":"SKIP","floor":3},{"not_picked":["HollowMod:FallenFury","HollowMod:ShadowDash"],"picked":"HollowMod:DoubleDash","floor":4},{"not_picked":["HollowMod:GoodIntentions","HollowMod:BaldurShell","HollowMod:VengefulSpirit"],"picked":"SKIP","floor":5},{"not_picked":["HollowMod:ShadowDash","HollowMod:HornetsHelp"],"picked":"HollowMod:NewGlowingWomb","floor":6},{"not_picked":["HollowMod:HowlingWraiths","HollowMod:BaldurShell"],"picked":"HollowMod:PerfectDash","floor":14},{"not_picked":["HollowMod:theNailsmith","HollowMod:ElderbugsWisdom"],"picked":"HollowMod:ZotesMagnificence","floor":16},{"not_picked":["HollowMod:HeavyBlow","HollowMod:PerfectDash+1"],"picked":"HollowMod:DoubleDash+1","floor":18},{"not_picked":["HollowMod:GreatSlash","HollowMod:WraithStrike"],"picked":"HollowMod:CloakDash","floor":20},{"not_picked":["HollowMod:SoulStrike+1","HollowMod:DreamGate+1"],"picked":"HollowMod:MothsMistake","floor":21},{"not_picked":["HollowMod:LifebloodCocoon","HollowMod:TaintedHusks"],"picked":"HollowMod:MothsMistake","floor":25},{"not_picked":["HollowMod:WraithStrike","HollowMod:AbyssShriek+1","HollowMod:InfectedAttack+1"],"picked":"SKIP","floor":28},{"not_picked":["HollowMod:GrimmsGift","HollowMod:InfectedCysts"],"picked":"HollowMod:NewGlowingWomb+1","floor":29},{"not_picked":["HollowMod:ShadowDash+1","HollowMod:Weaversong","HollowMod:CornifersMapStart"],"picked":"SKIP","floor":30},{"not_picked":["HollowMod:DashSlash+1","HollowMod:InfectedCysts"],"picked":"HollowMod:MawleksShell","floor":31},{"not_picked":["HollowMod:Weaversong","HollowMod:SoulMaster"],"picked":"HollowMod:NewInfectedGuardian","floor":33},{"not_picked":["HollowMod:HowlingWraiths+1","HollowMod:DreamGate"],"picked":"HollowMod:SoulSplash+1","floor":35}],"player_experience":173193,"relics_obtained":[{"floor":6,"key":"Oddly Smooth Stone"},{"floor":12,"key":"Pantograph"},{"floor":26,"key":"Blood Vial"}],"event_choices":[{"cards_removed":["HollowMod:QuickDashStart"],"damage_healed":0,"gold_gain":0,"player_choice":"Card Removal","damage_taken":7,"max_hp_gain":0,"max_hp_loss":0,"event_name":"Golden Wing","floor":8,"gold_loss":0},{"damage_healed":0,"gold_gain":0,"player_choice":"Searched \u00272\u0027 times","damage_taken":0,"max_hp_gain":0,"max_hp_loss":0,"event_name":"Dead Adventurer","floor":12,"gold_loss":0},{"damage_healed":0,"gold_gain":0,"player_choice":"Shed Blood","damage_taken":19,"max_hp_gain":5,"max_hp_loss":0,"event_name":"Forgotten Altar","floor":22,"gold_loss":0},{"damage_healed":0,"gold_gain":100,"player_choice":"Pray","damage_taken":0,"max_hp_gain":0,"max_hp_loss":0,"event_name":"Golden Shrine","floor":24,"gold_loss":0},{"damage_healed":0,"gold_gain":0,"player_choice":"Memory 1","damage_taken":0,"max_hp_gain":0,"max_hp_loss":0,"event_name":"SensoryStone","floor":36,"gold_loss":0},{"damage_healed":0,"gold_gain":0,"player_choice":"Max HP","damage_taken":0,"max_hp_gain":0,"max_hp_loss":4,"event_name":"Winding Halls","floor":37,"gold_loss":0},{"damage_healed":0,"gold_gain":0,"player_choice":"Fight","damage_taken":0,"max_hp_gain":0,"max_hp_loss":0,"event_name":"OrinTheCat","floor":38,"gold_loss":0}],"is_beta":false,"boss_relics":[{"not_picked":["Velvet Choker","Ectoplasm"],"picked":"Empty Cage"},{"not_picked":["Tiny House","Black Star"],"picked":"SlaversCollar"}],"items_purged_floors":[11,27],"is_endless":false,"potions_floor_spawned":[4,12,14,20,21,25,30,31,35],"killed_by":"Orin","ascension_level":0}}