{"host":"gzsdmyo07u314vug","time":1613789590,"event":{"mods":["2.2 Compatiblity","Astrologer","BaseMod","Colored Powertips","GifTheSpireLib","Gremlin Mod","Hermit","Jorbs\u0027s Wanderer Trilogy","Minty Spire (QoL Compilation)","Quick Restart","Rare Cards Sparkle","Relic Stats","Replay The Spire","Robot Space Explorer","Shop Mod","StSLib","The Bladedancer","The Bug Knight","The Construct","The Cursed","The Elementalist","The Hierophant","The IronCluck","The Marked","The Necromancer","The Runesmith","The Servant 0.9.4","Unceasing Turn Reminder","everything is the same but u backflip on backflip","slay the spire mod where everything is the same but ironclad has a cowboy hat"],"gold_per_floor":[115,115,133,150,150,150,161,86,113,13,13,31,48,68,68,165,165,177,227,227,240,258,290,165,175,202,202,216,66,18,28,28,130,130,145,145,53,65,65,65,65,93,93,111,111,38,77,77,77,77,77],"floor_reached":50,"language":"ENG","playtime":3562,"items_purged":["Pain","hermit:Strike_Hermit","hermit:Strike_Hermit","hermit:Strike_Hermit+1"],"score":1023,"play_id":"1cd41b49-d79d-4d80-ad49-bcdd7aa721c8","local_time":"20210219235310","is_ascension_mode":true,"campfire_choices":[{"data":"hermit:Quickdraw","floor":6.0,"key":"SMITH"},{"data":"hermit:BigShot","floor":11.0,"key":"SMITH"},{"data":"hermit:Dive","floor":15.0,"key":"SMITH"},{"floor":32.0,"key":"REST"},{"floor":40.0,"key":"REST"},{"floor":45.0,"key":"REST"},{"floor":49,"key":"REST"}],"circlet_count":0,"master_deck":["hermit:Defend_Hermit","hermit:Defend_Hermit","hermit:Defend_Hermit","hermit:Defend_Hermit","hermit:Snapshot+1","hermit:Covet","hermit:Quickdraw+1","hermit:TakeAim+1","hermit:BigShot+1","hermit:Ricochet","hermit:Dive+1","hermit:Enervate","hermit:Headshot","hermit:Vantage","hermit:Vantage+1","Survey Options","hermit:BigShot+1","hermit:Scavenge","hermit:Dive+1"],"relics":["hermit:ClaspedLocket","NeowsBlessing","WarpedTongs","Whetstone","Fusion Hammer","Toy Ornithopter","Omamori","MutagenicStrength","Divine Protection","TungstenRod","Vajra"],"acts_visited":["Exordium","TheCity","TheBeyond"],"potions_floor_usage":[47,50,50],"damage_taken":[{"damage":0.0,"enemies":"Small Slimes","floor":1.0,"turns":1.0},{"damage":0.0,"enemies":"Cultist","floor":3.0,"turns":1.0},{"damage":0.0,"enemies":"2 Louse","floor":4.0,"turns":1.0},{"damage":10.0,"enemies":"Red Slaver","floor":7.0,"turns":4.0},{"damage":0.0,"enemies":"2 Fungi Beasts","floor":12.0,"turns":2.0},{"damage":5.0,"enemies":"Lots of Slimes","floor":13.0,"turns":4.0},{"damage":11.0,"enemies":"Exordium Wildlife","floor":14.0,"turns":4.0},{"damage":10.0,"enemies":"Slime Boss","floor":16.0,"turns":9.0},{"damage":0.0,"enemies":"Shell Parasite","floor":18.0,"turns":4.0},{"damage":11.0,"enemies":"3 Byrds","floor":21.0,"turns":6.0},{"damage":26.0,"enemies":"Centurion and Healer","floor":22.0,"turns":6.0},{"damage":12.0,"enemies":"Slavers","floor":23.0,"turns":5.0},{"damage":14.0,"enemies":"Sentry and Sphere","floor":25.0,"turns":4.0},{"damage":0.0,"enemies":"Shelled Parasite and Fungi","floor":28.0,"turns":4.0},{"damage":0.0,"enemies":"Cultist and Chosen","floor":31.0,"turns":5.0},{"damage":4.0,"enemies":"Pondfish","floor":33.0,"turns":10.0},{"damage":0.0,"enemies":"Orb Walker","floor":35.0,"turns":3.0},{"damage":0.0,"enemies":"3 Shapes","floor":38.0,"turns":5.0},{"damage":51.0,"enemies":"Reptomancer","floor":42.0,"turns":8.0},{"damage":0.0,"enemies":"Maw","floor":44.0,"turns":8.0},{"damage":34,"enemies":"Giant Head","floor":47,"turns":9},{"damage":60,"enemies":"Replay:Hell Engine","floor":50,"turns":12}],"seed_played":"2296909070360877380","potions_obtained":[{"floor":4.0,"key":"Weak Potion"},{"floor":7.0,"key":"Elixir"},{"floor":14.0,"key":"Ancient Potion"},{"floor":16.0,"key":"Energy Potion"},{"floor":18.0,"key":"SteroidPotion"},{"floor":23.0,"key":"Dexterity Potion"},{"floor":25.0,"key":"ColorlessPotion"},{"floor":44.0,"key":"Languid Potion"},{"floor":47,"key":"Venom Potion"}],"is_trial":false,"path_per_floor":["M","?","M","M","?","R","M","$","T","$","R","M","M","M","R","B",null,"M","?","?","M","M","E","$","M","T","?","M","$","$","M","R","B",null,"M","?","$","M","?","R","?","E","T","M","R","$","E","$","R","B"],"character_chosen":"HERMIT","items_purchased":["Fire Potion","Survey Options","DuplicationPotion"],"campfire_rested":4,"item_purchase_floors":[30,37,46],"current_hp_per_floor":[68,68,68,68,68,68,58,58,58,58,58,58,53,42,42,32,64,64,64,64,53,27,15,15,1,1,1,6,6,6,11,33,39,66,66,66,66,66,66,75,75,24,24,24,46,46,17,17,39,0,0],"gold":77,"neow_bonus":"THREE_ENEMY_KILL","is_daily":false,"chose_seed":false,"campfire_upgraded":3,"win_rate":0.0,"timestamp":1613789590,"path_taken":["M","?","M","?","?","R","M","$","T","$","R","M","M","M","R","BOSS","M","?","?","?","M","E","$","M","T","?","M","?","$","?","R","BOSS","M","?","$","?","?","R","?","E","T","M","R","$","E","$","R","BOSS"],"items_purchased_type":["Potion","Card","Potion"],"build_version":"2020-12-22","purchased_purges":4,"victory":false,"max_hp_per_floor":[75,75,75,75,75,75,75,75,75,75,75,75,75,75,75,75,75,75,75,75,75,75,75,75,75,75,75,75,75,75,75,75,75,75,75,75,75,75,75,75,75,75,75,75,75,75,75,75,75,75,75],"relic_stats":{"counters":[22,115],"Whetstone":["hermit:Snapshot","hermit:Strike_Hermit"],"obtain_stats":[{"Divine Protection":42,"hermit:ClaspedLocket":34,"NeowsBlessing":0,"MutagenicStrength":27,"Vajra":47,"Fusion Hammer":17,"Omamori":26,"Whetstone":9,"hermit:Momento":0,"Toy Ornithopter":23,"TungstenRod":43,"WarpedTongs":5},{"Divine Protection":19,"hermit:ClaspedLocket":16,"NeowsBlessing":0,"MutagenicStrength":13,"Vajra":21,"Fusion Hammer":8,"Omamori":13,"Whetstone":4,"hermit:Momento":0,"Toy Ornithopter":12,"TungstenRod":19,"WarpedTongs":3},{"Divine Protection":86,"hermit:ClaspedLocket":70,"NeowsBlessing":0,"MutagenicStrength":51,"Vajra":103,"Fusion Hammer":26,"Omamori":51,"Whetstone":7,"hermit:Momento":0,"Toy Ornithopter":47,"TungstenRod":86,"WarpedTongs":3}],"Toy Ornithopter":35,"TungstenRod":11,"WarpedTongs":[99]},"card_choices":[{"not_picked":["hermit:Snipe","hermit:Cheat","hermit:Spite"],"picked":"SKIP","floor":1.0},{"not_picked":["hermit:Ricochet","hermit:Enervate","hermit:Desperado"],"picked":"SKIP","floor":3.0},{"not_picked":["hermit:SprayPray","hermit:Quickdraw"],"picked":"hermit:TakeAim","floor":4.0},{"not_picked":["hermit:FullyLoaded","hermit:SprayPray"],"picked":"hermit:BigShot","floor":7.0},{"not_picked":["hermit:FullyLoaded","hermit:ShadowCloak","hermit:DeadMansHand"],"picked":"SKIP","floor":12.0},{"not_picked":["hermit:LuckOfTheDraw","hermit:WideOpen"],"picked":"hermit:Ricochet","floor":13.0},{"not_picked":["hermit:LowProfile","hermit:NoHoldsBarred"],"picked":"hermit:Dive","floor":14.0},{"not_picked":["hermit:FullyLoaded","hermit:NoHoldsBarred"],"picked":"hermit:Enervate","floor":18.0},{"not_picked":["hermit:Ricochet","hermit:CalledShot"],"picked":"hermit:Headshot","floor":21.0},{"not_picked":["hermit:Quickdraw","hermit:Desperado","hermit:WideOpen+1"],"picked":"SKIP","floor":22.0},{"not_picked":["hermit:Enervate","hermit:Headshot","hermit:HoleUp+1"],"picked":"SKIP","floor":23.0},{"not_picked":["hermit:CursedWeapon+1","hermit:LowProfile"],"picked":"hermit:Vantage","floor":25.0},{"not_picked":["hermit:Spite","hermit:Dissolve"],"picked":"hermit:Vantage+1","floor":28.0},{"not_picked":["hermit:Misfire","hermit:Coalescence+1","hermit:ItchyTrigger+1"],"picked":"SKIP","floor":31.0},{"not_picked":["hermit:WideOpen+1","hermit:Roulette+1","hermit:LowProfile+1"],"picked":"SKIP","floor":35.0},{"not_picked":["hermit:Spite","hermit:Gestalt+1"],"picked":"hermit:BigShot+1","floor":38.0},{"not_picked":["hermit:Ricochet","hermit:HoleUp+1"],"picked":"hermit:Scavenge","floor":42.0},{"not_picked":["hermit:FullyLoaded+1","hermit:Vantage"],"picked":"hermit:Dive+1","floor":44.0},{"not_picked":["hermit:Manifest+1","hermit:TrackingShot+1","hermit:Snipe"],"picked":"SKIP","floor":47}],"player_experience":930421,"relics_obtained":[{"floor":9.0,"key":"Whetstone"},{"floor":23.0,"key":"Toy Ornithopter"},{"floor":26.0,"key":"Omamori"},{"floor":42.0,"key":"Divine Protection"},{"floor":43.0,"key":"TungstenRod"},{"floor":47,"key":"Vajra"}],"event_choices":[{"damage_healed":0.0,"max_hp_gain":0.0,"max_hp_loss":0.0,"gold_gain":0.0,"event_name":"Match and Keep!","player_choice":"1 cards matched","floor":2.0,"gold_loss":0.0,"damage_taken":0.0,"cards_obtained":["hermit:Quickdraw"]},{"damage_healed":0.0,"max_hp_gain":0.0,"max_hp_loss":0.0,"gold_gain":0.0,"event_name":"Accursed Blacksmith","player_choice":"Rummage","floor":5.0,"gold_loss":0.0,"damage_taken":0.0,"relics_obtained":["WarpedTongs"],"cards_obtained":["Pain"]},{"cards_removed":["hermit:Strike_Hermit"],"damage_healed":0.0,"max_hp_gain":0.0,"max_hp_loss":0.0,"gold_gain":0.0,"event_name":"Purifier","player_choice":"Purged","floor":20.0,"gold_loss":0.0,"damage_taken":0.0},{"damage_healed":0.0,"max_hp_gain":0.0,"max_hp_loss":0.0,"gold_gain":0.0,"event_name":"Drug Dealer","player_choice":"Inject Mutagens","floor":27.0,"gold_loss":0.0,"damage_taken":0.0,"relics_obtained":["MutagenicStrength"]},{"damage_healed":0.0,"max_hp_gain":0.0,"max_hp_loss":0.0,"gold_gain":0.0,"event_name":"Upgrade Shrine","player_choice":"Upgraded","floor":36.0,"gold_loss":0.0,"damage_taken":0.0,"cards_upgraded":["hermit:TakeAim"]},{"damage_healed":0.0,"max_hp_gain":0.0,"max_hp_loss":0.0,"gold_gain":0.0,"event_name":"Mysterious Sphere","player_choice":"Ignored","floor":39.0,"gold_loss":0.0,"damage_taken":0.0},{"damage_healed":0.0,"max_hp_gain":0.0,"max_hp_loss":0.0,"gold_gain":0.0,"event_name":"Match and Keep!","player_choice":"0 cards matched","floor":41.0,"gold_loss":0.0,"damage_taken":0.0,"cards_obtained":[]}],"is_beta":false,"boss_relics":[{"not_picked":["Astrolabe","Honey Jar"],"picked":"Fusion Hammer"},{"not_picked":["Runic Dome","SlaversCollar"],"picked":"hermit:ClaspedLocket"}],"items_purged_floors":[8,10,24,29],"is_endless":false,"potions_floor_spawned":[4,7,14,16,18,23,25,44,47],"killed_by":"Replay:Hell Engine","ascension_level":6}}