{"host":"1ftto2vaskemldx8","time":1613851011,"event":{"mods":["BaseMod","Downfall","Minty Spire (QoL Compilation)","Replay The Spire","StSLib","Together in Spire","[功能]功能增强和修复MOD"],"gold_per_floor":[199,209,228,228,228,228,241,241,241,241,241,46,66,0,17,2,14,114,114,114,8,8,8,8,8,22,242,242,242,275,275,288,304,395,235,255,354,354,354,374,391,411,218,238,238,238,238,255,166,166,88,120,138,138],"floor_reached":55,"language":"ZHS","playtime":3698,"items_purged":["Guardian:Strike_Guardian","Guardian:Defend_Guardian","Guardian:Defend_Guardian","downfall:Malfunctioning","Pain","downfall:Bewildered","Overencumbered","Injury","Guardian:Strike_Guardian","Guardian:Strike_Guardian+1","Guardian:Defend_Guardian+1","Guardian:Defend_Guardian"],"score":832,"play_id":"e8657eca-e283-4e21-bc1a-cf9acc68a50e","local_time":"20210221035651","is_ascension_mode":false,"campfire_choices":[{"data":"Guardian:CurlUp","floor":1,"key":"SMITH"},{"data":"Guardian:VentSteam","floor":11,"key":"SMITH"},{"data":"Guardian:BaubleBeam","floor":20,"key":"SMITH"},{"data":"Guardian:DonusPower","floor":20,"key":"SMITH"},{"data":"Guardian:BaubleBeam","floor":29,"key":"SMITH"},{"data":"Guardian:Clone","floor":29,"key":"SMITH"},{"data":"Guardian:FloatingOrbs","floor":31,"key":"SMITH"},{"data":"Guardian:Suspension","floor":31,"key":"SMITH"},{"floor":39,"key":"DIG"},{"data":"Guardian:PiercingHide","floor":47,"key":"SMITH"},{"data":"Guardian:RollAttack","floor":47,"key":"SMITH"},{"data":"Guardian:ShieldCharger","floor":50,"key":"SMITH"},{"data":"Guardian:CrystalBeam","floor":50,"key":"SMITH"}],"circlet_count":0,"master_deck":["Guardian:CurlUp+1","Guardian:TwinSlam+1","Guardian:VentSteam+1","Guardian:Incinerate","Guardian:FloatingOrbs+1","Guardian:RollAttack+1","Guardian:ShieldCharger+1","Guardian:DonusPower+1","Guardian:Clone+1","Guardian:PiercingHide+1","Guardian:BaubleBeam+1","Guardian:Suspension+1","Guardian:TimeCapacitor+1","expansioncontent:QuickStudy+1","Guardian:RevengeProtocol+1","Guardian:ShieldCharger","Guardian:BaubleBeam+1","Panache+1","Guardian:Preprogram+1","Guardian:DecasProtection+1","Guardian:CrystalBeam+1","Guardian:TemporalShield+1","Apotheosis+1","Guardian:ExploitGems+1","AbeCurse","Guardian:PrismaticBarrier+1","Guardian:AncientConstruct+1","expansioncontent:StudyTheSpire+1","Guardian:SphericShield+1","Guardian:TimeBomb+1","ReplayTheSpireMod:Uncanny Aura+1","Guardian:Gem_Crimson","Guardian:PolyBeam+1"],"relics":["Guardian:ModeShifter","HornCleat","WarpedTongs","Incense Burner","White Beast Statue","Kunai","Replay:Ancient Bell","Vajra","Frozen Egg 2","Replay:Arrowhead","BargainBundle","Pet Ghost","Toxic Egg 2","Bottled Tornado","Toy Ornithopter","Replay:Towering Pillar of Hats","Gambling Chip","Abe\u0027s Treasure","Gremlin Horn","ReplayTheSpireMod:Shallot","Thread and Needle","Lee\u0027s Waffle","Replay:Bottled Flurry","Bag of Marbles","PreservedInsect","Medical Kit","Strawberry","Blood Vial","Pen Nib"],"acts_visited":["Exordium","TheCity","TheBeyond"],"potions_floor_usage":[14,16,17,18,18,26,30,30,32,36,37,37,37,40,40,42,42,44,44,48,53,54,54,54],"damage_taken":[{"damage":1,"enemies":"Cultist","floor":2,"turns":3},{"damage":0,"enemies":"Small Slimes","floor":3,"turns":3},{"damage":6,"enemies":"2 Louse","floor":7,"turns":3},{"damage":3,"enemies":"downfall:FleeingMerchant","floor":12,"turns":4},{"damage":0,"enemies":"2 Fungi Beasts","floor":13,"turns":2},{"damage":0,"enemies":"downfall:FleeingMerchant","floor":14,"turns":4},{"damage":0,"enemies":"3 Louse","floor":15,"turns":2},{"damage":6,"enemies":"downfall:FleeingMerchant","floor":16,"turns":4},{"damage":13,"enemies":"Red Slaver","floor":17,"turns":2},{"damage":0,"enemies":"WA_ARCHETYPE_RETAIN","floor":18,"turns":4},{"damage":1,"enemies":"downfall:FleeingMerchant","floor":21,"turns":4},{"damage":20,"enemies":"Spheric Guardian","floor":26,"turns":4},{"damage":0,"enemies":"downfall:FleeingMerchant","floor":27,"turns":1},{"damage":7,"enemies":"Book of Stabbing","floor":30,"turns":3},{"damage":0,"enemies":"downfall:LooterAlt2","floor":32,"turns":2},{"damage":10,"enemies":"Cultist and Chosen","floor":33,"turns":4},{"damage":0,"enemies":"Snake Plant","floor":36,"turns":3},{"damage":1,"enemies":"SI_MIRROR_ARCHETYPE","floor":37,"turns":4},{"damage":6,"enemies":"3 Shapes","floor":40,"turns":2},{"damage":0,"enemies":"3 Darklings","floor":41,"turns":1},{"damage":0,"enemies":"Maw","floor":42,"turns":5},{"damage":0,"enemies":"Sphere and 2 Shapes","floor":44,"turns":5},{"damage":0,"enemies":"4 Shapes","floor":48,"turns":1},{"damage":0,"enemies":"Reptomancer","floor":52,"turns":2},{"damage":0,"enemies":"Maw","floor":53,"turns":4},{"damage":10,"enemies":"DF_ARCHETYPE_ORBS","floor":54,"turns":4}],"seed_played":"-1193731979074102605","potions_obtained":[{"floor":3,"key":"Strength Potion"},{"floor":7,"key":"FearPotion"},{"floor":7,"key":"PowerPotion"},{"floor":13,"key":"Adrenaline Potion"},{"floor":14,"key":"champ:CounterPotion"},{"floor":16,"key":"SpeedPotion"},{"floor":17,"key":"Toxic Potion"},{"floor":18,"key":"SmokeBomb"},{"floor":18,"key":"DistilledChaos"},{"floor":26,"key":"Guardian:BlockOnCardUsePotion"},{"floor":26,"key":"Fire Potion"},{"floor":30,"key":"FairyPotion"},{"floor":30,"key":"Slimebound:ThreeZeroPotion"},{"floor":32,"key":"champ:CounterPotion"},{"floor":33,"key":"Regen Potion"},{"floor":36,"key":"Strength Potion"},{"floor":36,"key":"Fire Potion"},{"floor":37,"key":"champ:CounterPotion"},{"floor":37,"key":"Fire Potion"},{"floor":40,"key":"LiquidBronze"},{"floor":40,"key":"LifebloodPotion"},{"floor":40,"key":"Fire Potion"},{"floor":41,"key":"AttackPotion"},{"floor":42,"key":"Languid Potion"},{"floor":42,"key":"Toxic Potion"},{"floor":44,"key":"Energy Potion"},{"floor":44,"key":"Explosive Potion"},{"floor":48,"key":"BlessingOfTheForge"},{"floor":52,"key":"Strength Potion"},{"floor":52,"key":"ColorlessPotion"},{"floor":53,"key":"Adrenaline Potion"}],"is_trial":false,"path_per_floor":["R","M","M","PTL","PTL","?","M","?","T","?","R","$","M","$","M","$","M","B",null,"R","$","?","PTL","PTL","?","M","$","T","R","E","R","M","M","?","$","M","B",null,"R","M","M","M","$","M","T","?","R","M","$","R","$","E","M","B",null],"character_chosen":"GUARDIAN","items_purchased":["Guardian:Gem_Fragmented","Guardian:FloatingOrbs","Guardian:ChargeCore","Incense Burner","White Beast Statue","Guardian:RollAttack","Kunai","Guardian:TimeCapacitor+1","Guardian:Gem_Yellow","Guardian:Gem_Purple","expansioncontent:QuickStudy+1","BargainBundle","Guardian:Gem_Blue","Pet Ghost","Toxic Egg 2","Panache+1","Replay:Towering Pillar of Hats","Gambling Chip","Apotheosis+1","expansioncontent:StudyTheSpire+1","ReplayTheSpireMod:Shallot","Thread and Needle","Lee\u0027s Waffle","Guardian:SphericShield+1","Bag of Marbles","PreservedInsect","Medical Kit","Strawberry","Blood Vial","ReplayTheSpireMod:Uncanny Aura+1"],"campfire_rested":0,"item_purchase_floors":[12,12,12,12,12,12,14,21,21,21,21,27,27,27,27,27,35,35,35,43,43,43,43,43,49,49,49,51,51,51],"current_hp_per_floor":[80,79,79,79,79,79,73,73,73,73,73,70,70,70,70,64,51,51,80,80,79,79,79,79,64,44,44,44,44,37,37,42,32,25,25,49,63,85,85,79,79,85,92,92,92,92,92,92,92,92,99,99,99,89],"gold":138,"neow_bonus":"HUNDRED_GOLD","is_daily":false,"chose_seed":false,"campfire_upgraded":12,"win_rate":0.0,"timestamp":1613851011,"path_taken":["R","M","M","PTL","PTL","?","M","?","T","?","R","$","M","$","?","?","M","BOSS","R","$","?","PTL","PTL","?","M","$","T","R","E","R","M","M","?","$","M","BOSS","R","M","M","M","$","M","T","?","R","M","$","R","$","E","M","BOSS"],"items_purchased_type":["Card","Card","Card","Relic","Relic","Card","Relic","Card","Card","Card","Card","Relic","Card","Relic","Relic","Card","Relic","Relic","Card","Card","Relic","Relic","Relic","Card","Relic","Relic","Relic","Relic","Relic","Card"],"build_version":"2020-12-22","purchased_purges":12,"victory":true,"max_hp_per_floor":[80,80,80,80,80,80,80,80,80,80,80,80,80,80,80,80,80,80,80,80,80,80,80,80,85,85,85,85,85,85,85,85,85,85,85,85,85,85,85,85,85,85,92,92,92,92,92,92,92,92,99,99,99,99],"card_choices":[{"not_picked":["Guardian:ChargeCore","Guardian:Recover"],"picked":"Guardian:Gem_Crimson","floor":2},{"not_picked":["Guardian:Gem_Green","Guardian:TemporalStrike"],"picked":"Guardian:VentSteam","floor":3},{"not_picked":["Guardian:TemporalShield","Guardian:Gem_Crimson"],"picked":"Guardian:Gem_Green","floor":7},{"not_picked":["Guardian:HyperBeam_Guardian","Guardian:Preprogram"],"picked":"Guardian:Incinerate","floor":12},{"not_picked":["Guardian:Gem_Crimson","Guardian:Preprogram"],"picked":"Guardian:ShieldCharger","floor":13},{"not_picked":["Guardian:PiercingHide","Guardian:Planning"],"picked":"Guardian:Gem_Synthetic","floor":14},{"not_picked":["Guardian:Clone","Guardian:TemporalStrike"],"picked":"Guardian:DonusPower","floor":15},{"not_picked":["Guardian:TimeCapacitor","Guardian:Gem_Red"],"picked":"Guardian:Clone","floor":16},{"not_picked":["Guardian:MultiBeam","Guardian:Planning"],"picked":"Guardian:PiercingHide","floor":17},{"not_picked":["Guardian:TimeSifter","Guardian:SphericShield"],"picked":"Guardian:BaubleBeam","floor":18},{"not_picked":["Voices","ReplayTheSpireMod:Faulty Equipment"],"picked":"downfall:Bewildered","floor":19},{"not_picked":["Shame","ReplayTheSpireMod:Faulty Equipment"],"picked":"Overencumbered","floor":19},{"not_picked":["Delirium","ReplayTheSpireMod:Doomed"],"picked":"Injury","floor":19},{"not_picked":["Guardian:ChargeCore","Guardian:RollAttack+1"],"picked":"Guardian:Suspension","floor":21},{"not_picked":["Guardian:CrystalBeam","Guardian:PiercingHide"],"picked":"Guardian:ShieldCharger","floor":26},{"not_picked":["Guardian:ShieldCharger","Guardian:MultiBeam"],"picked":"Guardian:BaubleBeam","floor":27},{"not_picked":["Guardian:PiercingHide+1","Guardian:Gem_Yellow"],"picked":"Guardian:Preprogram+1","floor":30},{"not_picked":["Guardian:Suspension+1","Guardian:DonusPower+1"],"picked":"Guardian:Gem_Green","floor":32},{"not_picked":["Guardian:BronzeArmor+1","Guardian:ShieldCharger+1"],"picked":"Guardian:DecasProtection+1","floor":33},{"not_picked":["Guardian:SentryBeam","Guardian:RollAttack"],"picked":"Guardian:Gem_White","floor":34},{"not_picked":["Guardian:BronzeArmor+1","Guardian:ShieldCharger+1"],"picked":"Guardian:CrystalBeam","floor":34},{"not_picked":["Guardian:CrystalBeam","Guardian:ChargeCore"],"picked":"Guardian:TemporalShield+1","floor":34},{"not_picked":["Guardian:MultiBeam","Guardian:TemporalShield+1"],"picked":"Guardian:Gem_Fragmented","floor":36},{"not_picked":["Guardian:TimeSifter+1","Guardian:StasisStrike"],"picked":"Guardian:ExploitGems+1","floor":37},{"not_picked":["Guardian:Clone+1","Guardian:DonusPower+1","Guardian:PrimingBeam"],"picked":"SKIP","floor":40},{"not_picked":["Guardian:Reroute+1","Guardian:Gem_Lightblue"],"picked":"Guardian:PrismaticBarrier+1","floor":41},{"not_picked":["Guardian:ShieldCharger+1","Guardian:Planning+1"],"picked":"Guardian:AncientConstruct+1","floor":42},{"not_picked":["Guardian:WalkerClaw+1","Guardian:Gem_White"],"picked":"Guardian:TimeBomb+1","floor":44},{"not_picked":["Guardian:Gem_Green","Guardian:Incinerate+1","Guardian:TemporalShield+1"],"picked":"SKIP","floor":48},{"not_picked":["Guardian:PrismaticBarrier+1","Guardian:TemporalShield+1"],"picked":"Guardian:Gem_Crimson","floor":52},{"not_picked":["Guardian:Suspension+1","Guardian:RevengeProtocol+1"],"picked":"Guardian:PolyBeam+1","floor":53}],"player_experience":186849,"relics_obtained":[{"floor":9,"key":"HornCleat"},{"floor":28,"key":"Bottled Tornado"},{"floor":30,"key":"Toy Ornithopter"},{"floor":39,"key":"Gremlin Horn"},{"floor":45,"key":"Replay:Bottled Flurry"},{"floor":52,"key":"Pen Nib"}],"event_choices":[{"damage_healed":0,"gold_gain":0,"player_choice":"Read","damage_taken":0,"max_hp_gain":0,"max_hp_loss":0,"event_name":"The Library","floor":22,"gold_loss":0,"cards_obtained":["Guardian:RevengeProtocol"]},{"cards_removed":["Guardian:ChargeCore"],"damage_healed":0,"gold_gain":0,"player_choice":"Removed Attack","damage_taken":0,"max_hp_gain":0,"max_hp_loss":0,"event_name":"Falling","floor":46,"gold_loss":0}],"is_beta":false,"boss_relics":[{"not_picked":["SacredBark","Ring of Chaos"],"picked":"Replay:Ancient Bell"},{"not_picked":["Guardian:PickAxe","Regal Pillow"],"picked":"Vajra"},{"not_picked":["Letter Opener","Snack Pack"],"picked":"Frozen Egg 2"},{"not_picked":["Pocketwatch","Calipers"],"picked":"Replay:Arrowhead"},{"not_picked":["Kintsugi","Replay:Drink Me"],"picked":"Abe\u0027s Treasure"}],"items_purged_floors":[12,12,12,12,12,21,21,21,27,27,27,27],"is_endless":false,"potions_floor_spawned":[3,7,7,13,13,13,14,15,15,16,17,17,17,18,18,21,26,26,26,27,30,30,30,30,32,32,33,36,36,37,37,40,40,40,41,41,41,42,42,44,44,44,48,52,52,53,53],"ascension_level":0}}