{"host":"Ringo","time":1613836056,"event":{"mods":["BaseMod","Colored Map","Conspire","Dota2Spire","Hubris","Minty Spire (QoL Compilation)","Replay The Spire","StSLib","The Construct","[IsaacMod]ÒÔÈö¼âËþ","¡¾ÒÅÎï¿¨ÅÆ¡¿REMEMod"],"gold_per_floor":[117,130,130,176,195,221,252,287,287,318,338,370,370,396,396,473,473,483,548,560,603,127,127,156,156,180,210,225,255,282,316,316,394,394,412,412,47,47,62,95,121,150,228,259,291,318,350,378,378,393,412,2,2,20,50,50,85,159,280,308,353,395,433,433,473,139,139,161,161,195,235,300,372,461,461,521,575,613,613,703,723],"floor_reached":52,"language":"ZHS","playtime":1856,"items_purged":[],"score":5596,"play_id":"898a475f-db7e-4383-81f8-ddd113c89241","local_time":"20210220234736","daily_mods":["SealedDeck","Vintage","Colorless Cards","Heirloom","Time Dilation","Flight","DeadlyEvents","Elite Swarm","Lethality","Binary"],"is_ascension_mode":true,"campfire_choices":[{"data":"ReplayTheSpireMod:LeadingStrike","floor":13.0,"key":"SMITH"},{"data":"ReplayTheSpireMod:LeadingStrike+1","floor":15.0,"key":"SMITH"},{"data":"Armaments","floor":23.0,"key":"SMITH"},{"data":"hubris:DuctTapeCard","floor":25.0,"key":"SMITH"},{"data":"Shrug It Off","floor":32.0,"key":"SMITH"},{"data":"Replay:Undeath\u0027s Touch","floor":49.0,"key":"SMITH"},{"data":"hubris:DuctTapeCard+2","floor":41.0,"key":"SMITH"},{"data":"Heavy Blade","floor":49.0,"key":"SMITH"},{"data":"Heavy Blade+1","floor":45,"key":"SMITH"},{"data":"Heavy Blade+2","floor":49,"key":"SMITH"}],"circlet_count":0,"master_deck":["AscendersBane","ReplayTheSpireMod:Corrosion Curse+1","Clothesline","ReplayTheSpireMod:LeadingStrike+2","Heavy Blade+3","Spot Weakness","Sword Boomerang","Shrug It Off+1","Armaments+1","Machine Learning+1","Thunderclap","Replay:Undeath\u0027s Touch+1","Good Instincts+1","Inflame+1","Cleave","hubris:DuctTapeCard"],"relics":["Burning Blood","Busted Crown","HushsDoor","replay:Trail_Library","GuppysHead","Meat on the Bone","SatanicBible","Mummified Hand","Gremlin Food","Replay:Mystery Machine","Blue Doll","conspire:InfiniteJournal","Dota2Spire:UrnOfShadows","Centennial Puzzle","ReplayTheSpireMod:TigerMarble","Boot","Replay:Rubber Ducky","hubris:DuctTape","PreservedInsect","MealTicket","Akabeko","Dota2Spire:EchoSabre","Lantern","Dota2Spire:AghanimScepter","BookOfRevelations","Dota2Spire:AssaultCuirass","conspire:TopHat","MutagenicStrength","Replay:Ringing Soul","conspire:Boomerang","D6","hubris:EmptyBottle","hubris:TenFootPole","Golden Egg","Vajra","Singing Bowl","ReplayTheSpireMod:Shallot","Oddly Smooth Stone","Blood Vial","Ancient Tea Set","Garlic","conspire:GlowingRock","Chameleon Ring","Void","GuppysPaw","GuppysTail","DoctorsRemote","Guide Book","REME_HandOfSuture","hubris:Towel","Another Sword","ReplayFunnel","Replay:Bottled Steam","Strawberry","Dota2Spire:OrchidMalevolence","Bottled Lightning","Replay:Baseball","Bag of Marbles","hubris:DisguiseKit","conspire:BottledYoYo","Potion Belt","Dota2Spire:ArcaneBoots","Anchor","Strange Spoon","hubris:Icosahedron","Dota2Spire:DrumOfEndurance","hubris:FunFungus","hubris:SlimyHat","Iron Hammer","hubris:SphereOfDissonance","Replay:Bandana","BookofShadows","Calipers","Dota2Spire:Dagon","ReplayTheSpireMod:Ninjato","Dota2Spire:Butterfly","Bag of Preparation","Matryoshka","Dota2Spire:Vanguard","Toy Ornithopter","hubris:CrystalStatue","Pen Nib","Bottled Flame","Gremlin Horn","Happy Flower","Dota2Spire:ArmletOfMordiggian"],"acts_visited":["Exordium","TheCity","TheBeyond"],"potions_floor_usage":[50,51],"damage_taken":[{"damage":0.0,"enemies":"2 Louse","floor":1.0,"turns":2.0},{"damage":0.0,"enemies":"Small Slimes","floor":2.0,"turns":2.0},{"damage":0.0,"enemies":"Jaw Worm","floor":5.0,"turns":1.0},{"damage":0.0,"enemies":"3 Sentries","floor":6.0,"turns":1.0},{"damage":0.0,"enemies":"Lagavulin","floor":7.0,"turns":3.0},{"damage":0.0,"enemies":"3 Sentries","floor":8.0,"turns":2.0},{"damage":0.0,"enemies":"Gremlin Nob","floor":10.0,"turns":1.0},{"damage":0.0,"enemies":"Looter","floor":11.0,"turns":1.0},{"damage":0.0,"enemies":"3 Sentries","floor":12.0,"turns":2.0},{"damage":0.0,"enemies":"Lagavulin","floor":14.0,"turns":1.0},{"damage":0.0,"enemies":"Hexaghost","floor":16.0,"turns":2.0},{"damage":0.0,"enemies":"2 Thieves","floor":18.0,"turns":1.0},{"damage":0.0,"enemies":"Book of Stabbing","floor":21.0,"turns":1.0},{"damage":0.0,"enemies":"Gremlin Leader","floor":24.0,"turns":1.0},{"damage":0.0,"enemies":"Slavers","floor":27.0,"turns":1.0},{"damage":0.0,"enemies":"Shell Parasite","floor":28.0,"turns":1.0},{"damage":0.0,"enemies":"Gremlin Leader","floor":29.0,"turns":1.0},{"damage":0.0,"enemies":"Book of Stabbing","floor":30.0,"turns":1.0},{"damage":0.0,"enemies":"Gremlin Leader","floor":31.0,"turns":1.0},{"damage":0.0,"enemies":"Collector","floor":33.0,"turns":3.0},{"damage":0.0,"enemies":"3 Shapes","floor":35.0,"turns":2.0},{"damage":0.0,"enemies":"Orb Walker","floor":39.0,"turns":1.0},{"damage":0.0,"enemies":"R_Hoarder","floor":40.0,"turns":2.0},{"damage":0.0,"enemies":"Reptomancer","floor":41.0,"turns":1.0},{"damage":0.0,"enemies":"R_Hoarder","floor":42.0,"turns":3.0},{"damage":0.0,"enemies":"Reptomancer","floor":44.0,"turns":1.0},{"damage":0.0,"enemies":"Giant Head","floor":45.0,"turns":2.0},{"damage":0.0,"enemies":"R_Hoarder","floor":46.0,"turns":1.0},{"damage":0.0,"enemies":"Reptomancer","floor":47.0,"turns":1.0},{"damage":0.0,"enemies":"Giant Head","floor":48.0,"turns":2.0},{"damage":0.0,"enemies":"3 Shapes","floor":35.0,"turns":1.0},{"damage":0.0,"enemies":"Orb Walker","floor":36.0,"turns":1.0},{"damage":0.0,"enemies":"Writhing Mass","floor":39.0,"turns":1.0},{"damage":0.0,"enemies":"Giant Head","floor":40.0,"turns":2.0},{"damage":0.0,"enemies":"R_Hoarder","floor":42.0,"turns":1.0},{"damage":0.0,"enemies":"Nemesis","floor":44.0,"turns":1.0},{"damage":0.0,"enemies":"R_Hoarder","floor":45.0,"turns":1.0},{"damage":0.0,"enemies":"Reptomancer","floor":46.0,"turns":1.0},{"damage":0.0,"enemies":"R_Hoarder","floor":47.0,"turns":1.0},{"damage":0.0,"enemies":"4 Shapes","floor":48.0,"turns":1.0},{"damage":0.0,"enemies":"3 Shapes","floor":35.0,"turns":1.0},{"damage":0,"enemies":"Orb Walker","floor":38,"turns":1},{"damage":0,"enemies":"R_Hoarder","floor":40,"turns":1},{"damage":0,"enemies":"Nemesis","floor":41,"turns":1},{"damage":0,"enemies":"Giant Head","floor":42,"turns":1},{"damage":0,"enemies":"R_Hoarder","floor":44,"turns":1},{"damage":0,"enemies":"Reptomancer","floor":46,"turns":1},{"damage":0,"enemies":"R_Hoarder","floor":47,"turns":1},{"damage":0,"enemies":"Giant Head","floor":48,"turns":1},{"damage":0,"enemies":"Donu and Deca","floor":50,"turns":1},{"damage":0,"enemies":"hubris:GrandSnecko","floor":51,"turns":1}],"seed_played":"-1389711450945800511","potions_obtained":[{"floor":2.0,"key":"BloodPotion"},{"floor":4.0,"key":"DistilledChaos"},{"floor":8.0,"key":"EssenceOfSteel"},{"floor":11.0,"key":"Weak Potion"},{"floor":14.0,"key":"Adrenaline Potion"},{"floor":16.0,"key":"Fire Potion"},{"floor":18.0,"key":"Explosive Potion"},{"floor":28.0,"key":"Block Potion"},{"floor":29.0,"key":"Block Potion"},{"floor":41.0,"key":"Explosive Potion"},{"floor":42.0,"key":"construct:ShiftPotion"},{"floor":46.0,"key":"SkillPotion"},{"floor":48.0,"key":"conspire:TimeTravelPotion"},{"floor":35.0,"key":"conspire:TimeTravelPotion"},{"floor":40.0,"key":"Fire Potion"},{"floor":42.0,"key":"REME_GoldPotion"},{"floor":44.0,"key":"Elixir"},{"floor":48.0,"key":"SmokeBomb"},{"floor":35.0,"key":"Dexterity Potion"},{"floor":38,"key":"Dota2Spire:Clarity"},{"floor":46,"key":"PowerPotion"},{"floor":47,"key":"LifebloodPotion"}],"is_trial":true,"path_per_floor":["M","M","?","?","M","E","E","E","T","E","M","E","R","E","R","B",null,"M","?","?","E","$","R","E","R","T","E","M","E","E","E","R","B",null,"M","?","$","?","M","E","E","E","T","E","E","E","E","E","R","M","M","$","?","M","E","R","E","T","E","E","E","E","M","R","M","$","?","M","$","E","E","E","T","E","R","E","E","E","R","B","B",null],"character_chosen":"IRONCLAD","items_purchased":["D6","hubris:EmptyBottle","GuppysPaw","GuppysTail","Guide Book","REME_HandOfSuture","Good Instincts","Anchor","Inflame","Strange Spoon","Dota2Spire:Butterfly"],"campfire_rested":0,"item_purchase_floors":[22,22,34,34,37,37,37,37,37,37,36],"current_hp_per_floor":[74,75,75,75,75,75,75,72,72,72,72,72,72,72,72,72,72,72,57,57,63,72,72,72,72,72,72,72,74,74,74,77,77,57,57,60,60,60,60,60,60,67,67,67,67,67,67,69,69,69,69,72,72,72,70,70,72,72,74,76,78,80,80,83,83,83,83,83,83,85,87,89,89,91,91,93,95,97,97,97,97],"gold":723,"neow_bonus":"","is_daily":false,"chose_seed":false,"campfire_upgraded":10,"win_rate":0.0,"timestamp":1613836056,"path_taken":["M","M","?","?","?","E","E","E","T","E","M","E","R","E","R","BOSS","M","?","?","?","$","R","E","R","T","E","M","E","E","E","R","BOSS","M","?","$","?","?","E","E","E","T","E","E","E","E","E","R","M","M","$","?","M","E","R","E","T","E","?","E","E","?","R","M","$","?","?","?","E","E","E","T","E","R","E","E","?","R","BOSS","BOSS"],"items_purchased_type":["Relic","Relic","Relic","Relic","Relic","Relic","Card","Relic","Card","Relic","Relic"],"build_version":"2020-12-18","purchased_purges":0,"victory":true,"max_hp_per_floor":[75,75,75,75,75,75,75,72,72,72,72,72,72,72,72,72,72,72,72,72,72,72,72,72,72,72,72,72,74,74,74,77,77,57,57,60,60,60,60,60,60,67,67,67,67,67,67,69,69,69,69,72,72,72,70,70,72,72,74,76,78,80,80,83,83,83,83,83,83,85,87,89,89,91,91,93,95,97,97,97,97],"card_choices":[{"not_picked":[],"picked":"Bomb","floor":0.0},{"not_picked":["Phantasmal Killer"],"picked":"Singing Bowl","floor":48.0},{"not_picked":["Storm of Steel"],"picked":"Singing Bowl","floor":40.0},{"not_picked":["Envenom"],"picked":"Singing Bowl","floor":42.0},{"not_picked":["REME_GrazeFinale"],"picked":"Singing Bowl","floor":44.0},{"not_picked":["Replay:Bag of Tricks"],"picked":"Singing Bowl","floor":45.0},{"not_picked":["ReplayTheSpireMod:From All Sides"],"picked":"Singing Bowl","floor":46.0},{"not_picked":["ReplayTheSpireMod:From All Sides"],"picked":"Singing Bowl","floor":47.0},{"not_picked":["After Image"],"picked":"Singing Bowl","floor":40},{"not_picked":["Die Die Die"],"picked":"Singing Bowl","floor":41},{"not_picked":["Phantasmal Killer"],"picked":"Singing Bowl","floor":42},{"not_picked":["Doppelganger"],"picked":"Singing Bowl","floor":44},{"not_picked":["Poison Darts"],"picked":"Singing Bowl","floor":46},{"not_picked":["Corpse Explosion"],"picked":"Singing Bowl","floor":47},{"not_picked":["Bullet Time"],"picked":"Singing Bowl","floor":48}],"player_experience":730080,"relics_obtained":[{"floor":1.0,"key":"Meat on the Bone"},{"floor":1.0,"key":"SatanicBible"},{"floor":2.0,"key":"Mummified Hand"},{"floor":2.0,"key":"Gremlin Food"},{"floor":4.0,"key":"Replay:Mystery Machine"},{"floor":5.0,"key":"Blue Doll"},{"floor":6.0,"key":"conspire:InfiniteJournal"},{"floor":6.0,"key":"Dota2Spire:UrnOfShadows"},{"floor":7.0,"key":"Centennial Puzzle"},{"floor":7.0,"key":"ReplayTheSpireMod:TigerMarble"},{"floor":8.0,"key":"Boot"},{"floor":8.0,"key":"Replay:Rubber Ducky"},{"floor":9.0,"key":"hubris:DuctTape"},{"floor":10.0,"key":"PreservedInsect"},{"floor":10.0,"key":"MealTicket"},{"floor":11.0,"key":"Akabeko"},{"floor":11.0,"key":"Dota2Spire:EchoSabre"},{"floor":12.0,"key":"Lantern"},{"floor":12.0,"key":"Dota2Spire:AghanimScepter"},{"floor":14.0,"key":"BookOfRevelations"},{"floor":14.0,"key":"Dota2Spire:AssaultCuirass"},{"floor":18.0,"key":"conspire:TopHat"},{"floor":18.0,"key":"MawBank"},{"floor":21.0,"key":"Replay:Ringing Soul"},{"floor":21.0,"key":"conspire:Boomerang"},{"floor":24.0,"key":"hubris:TenFootPole"},{"floor":24.0,"key":"Golden Egg"},{"floor":26.0,"key":"Vajra"},{"floor":27.0,"key":"Singing Bowl"},{"floor":27.0,"key":"ReplayTheSpireMod:Shallot"},{"floor":28.0,"key":"Oddly Smooth Stone"},{"floor":28.0,"key":"Blood Vial"},{"floor":29.0,"key":"Ancient Tea Set"},{"floor":29.0,"key":"Garlic"},{"floor":30.0,"key":"ForgetMeNow"},{"floor":30.0,"key":"conspire:GlowingRock"},{"floor":31.0,"key":"Chameleon Ring"},{"floor":31.0,"key":"Void"},{"floor":35.0,"key":"DoctorsRemote"},{"floor":39.0,"key":"Another Sword"},{"floor":40.0,"key":"ReplayFunnel"},{"floor":41.0,"key":"Replay:Bottled Steam"},{"floor":42.0,"key":"Strawberry"},{"floor":43.0,"key":"Dota2Spire:OrchidMalevolence"},{"floor":44.0,"key":"Bottled Lightning"},{"floor":45.0,"key":"Replay:Baseball"},{"floor":46.0,"key":"Bag of Marbles"},{"floor":47.0,"key":"hubris:DisguiseKit"},{"floor":48.0,"key":"conspire:BottledYoYo"},{"floor":35.0,"key":"Potion Belt"},{"floor":36.0,"key":"Dota2Spire:ArcaneBoots"},{"floor":39.0,"key":"Dota2Spire:DrumOfEndurance"},{"floor":40.0,"key":"hubris:FunFungus"},{"floor":42.0,"key":"hubris:SlimyHat"},{"floor":43.0,"key":"Iron Hammer"},{"floor":44.0,"key":"hubris:SphereOfDissonance"},{"floor":45.0,"key":"Replay:Bandana"},{"floor":46.0,"key":"BookofShadows"},{"floor":47.0,"key":"Calipers"},{"floor":48.0,"key":"Dota2Spire:Dagon"},{"floor":35.0,"key":"ReplayTheSpireMod:Ninjato"},{"floor":38,"key":"Bag of Preparation"},{"floor":40,"key":"Matryoshka"},{"floor":41,"key":"Dota2Spire:Vanguard"},{"floor":42,"key":"Toy Ornithopter"},{"floor":43,"key":"hubris:CrystalStatue"},{"floor":43,"key":"Pen Nib"},{"floor":44,"key":"Bottled Flame"},{"floor":46,"key":"Gremlin Horn"},{"floor":47,"key":"Happy Flower"},{"floor":48,"key":"Dota2Spire:ArmletOfMordiggian"}],"event_choices":[{"damage_healed":0.0,"max_hp_gain":0.0,"max_hp_loss":0.0,"gold_gain":0.0,"event_name":"The Cleric","player_choice":"Leave","floor":3.0,"gold_loss":0.0,"damage_taken":0.0},{"damage_healed":0.0,"max_hp_gain":0.0,"max_hp_loss":0.0,"gold_gain":0.0,"event_name":"Drug Dealer","player_choice":"Inject Mutagens","floor":20.0,"gold_loss":0.0,"damage_taken":0.0,"relics_obtained":["MutagenicStrength"]},{"damage_healed":0.0,"max_hp_gain":0.0,"max_hp_loss":0.0,"gold_gain":0.0,"event_name":"Match and Keep!","player_choice":"1 cards matched","floor":36.0,"gold_loss":0.0,"damage_taken":0.0,"cards_obtained":["Replay:Undeath\u0027s Touch"]}],"is_beta":true,"boss_relics":[{"not_picked":["Kintsugi","Honey Jar","Replay:Bronze Core"]},{"not_picked":["hubris:HollowSoul","ChampionBelt"],"picked":"hubris:Backtick"},{"not_picked":[]}],"items_purged_floors":[],"is_endless":false,"potions_floor_spawned":[2,8,11,12,14,16,18,28,29,30,31,35,41,42,46,48,35,40,42,44,48,35,38,46,47],"ascension_level":20}}