{"host":"gkh5j5k5w4qf7k7n","time":1613822687,"event":{"mods":["100% Spire Juice","2.2 Compatiblity","AchievementEnabler","BaseMod","Colored Map","Colored Powertips","GifTheSpireLib","Hermit","Keyboard Shortcuts","Minty Spire (QoL Compilation)","Quick Restart","Replay The Spire","StSLib","SuperFastMode","The Clintock","The Problem Sleuth","TheBandit","¡¼?Úª?ø«¡½REMEMod"],"gold_per_floor":[111,61,76,76,88,88,118,131,180,60,60,60,60,60,60,156,136,152,166,166,9,9,9,23,23,101,101,121,121,138,156,156,252,252,264,264,289,137,137,137,165,184,184,253,253,253,190,241,241,279,279,279,39,77,91],"floor_reached":56,"language":"KOR","playtime":2291,"items_purged":["Moonworks:Defend"],"score":1251,"play_id":"30de3b05-877c-4932-8f15-d40d05ad0c6a","local_time":"20210220210447","is_ascension_mode":false,"campfire_choices":[{"data":"hermit:HighNoon","floor":6,"key":"SMITH"},{"data":"Moonworks:JonathanRush","floor":10,"key":"SMITH"},{"data":"Moonworks:LongDistanceShot","floor":12,"key":"SMITH"},{"data":"Moonworks:Ambush","floor":15,"key":"SMITH"},{"data":"Moonworks:WindyEnchantment","floor":23,"key":"SMITH"},{"data":"Moonworks:Bloodlust","floor":25,"key":"SMITH"},{"floor":27,"key":"RECALL"},{"data":"Moonworks:ShieldCounter","floor":29,"key":"SMITH"},{"data":"Moonworks:NicePresent","floor":32,"key":"SMITH"},{"data":"Moonworks:SubspaceTunnel","floor":40,"key":"SMITH"},{"data":"Moonworks:BigMagnum","floor":49,"key":"SMITH"},{"data":"Moonworks:NicePresent","floor":52,"key":"SMITH"}],"circlet_count":0,"master_deck":["Moonworks:Strike+1","Moonworks:Strike+1","Moonworks:Defend","Moonworks:Defend","Moonworks:Defend","Moonworks:Ambush+1","Moonworks:LongDistanceShot+1","hermit:HighNoon+1","Moonworks:JonathanRush+1","Moonworks:NicePresent","Moonworks:NicePresent","Moonworks:NicePresent+1","Moonworks:Bloodlust+1","Moonworks:ShieldCounter+1","Moonworks:NicePresent+1","Ghostly","Ghostly","Ghostly","Ghostly","Ghostly","Moonworks:WindyEnchantment+1","Moonworks:CloudOfSeagulls+1","Moonworks:NicePresent+1","Moonworks:GoAway","Moonworks:SubspaceTunnel+1","Moonworks:BigMagnum+1","REME_FirmDetermination+1","Mayhem+1","Moonworks:NicePresent+1","Moonworks:BigMagnum+1"],"relics":["Moonworks:BrokenBomb","Moonworks:Homemark","REME_ComplimentaryCards","NeowsBlessing","Frozen Egg 2","Whetstone","Matryoshka","Replay:Wanted Poster","Boot","SlaversCollar","ReplayTheSpireMod:TigerMarble","Replay:Bandana","Medical Kit","Ring of Hypnosis","Ring of Chaos","Replay:WaspNest","Onion Ring","Replay:Towering Pillar of Hats","Kunai","Replay:Bottled Steam"],"acts_visited":["Exordium","TheCity","TheBeyond","TheEnding"],"potions_floor_usage":[55,55,55],"damage_taken":[{"damage":0,"enemies":"2 Louse","floor":1,"turns":1},{"damage":0,"enemies":"Cultist","floor":3,"turns":1},{"damage":0,"enemies":"Jaw Worm","floor":5,"turns":2},{"damage":14,"enemies":"Lagavulin","floor":7,"turns":7},{"damage":4,"enemies":"Large Slime","floor":8,"turns":5},{"damage":32,"enemies":"Hexaghost","floor":16,"turns":7},{"damage":22,"enemies":"3 Byrds","floor":18,"turns":3},{"damage":15,"enemies":"2 Thieves","floor":19,"turns":3},{"damage":9,"enemies":"Shelled Parasite and Fungi","floor":24,"turns":4},{"damage":11,"enemies":"3 Cultists","floor":28,"turns":5},{"damage":15,"enemies":"Snake Plant","floor":30,"turns":3},{"damage":14,"enemies":"Centurion and Healer","floor":31,"turns":4},{"damage":38,"enemies":"Automaton","floor":33,"turns":6},{"damage":12,"enemies":"3 Shapes","floor":35,"turns":3},{"damage":3,"enemies":"Orb Walker","floor":41,"turns":3},{"damage":7,"enemies":"Spire Growth","floor":42,"turns":5},{"damage":17,"enemies":"Nemesis","floor":44,"turns":3},{"damage":3,"enemies":"Giant Head","floor":47,"turns":4},{"damage":10,"enemies":"Awakened One","floor":50,"turns":6},{"damage":14,"enemies":"Shield and Spear","floor":54,"turns":4},{"damage":20,"enemies":"The Heart","floor":55,"turns":6}],"seed_played":"-4617542103066913201","potions_obtained":[{"floor":8,"key":"Strength Potion"},{"floor":16,"key":"Weak Potion"},{"floor":28,"key":"AttackPotion"},{"floor":33,"key":"Toxic Potion"}],"is_trial":false,"path_per_floor":["M","?","M","?","M","R","E","M","T","R","T","R","?","$","R","B",null,"M","M","?","$","?","R","M","R","T","R","M","R","M","M","R","B",null,"M","?","T","$","?","R","M","M","T","E","$","T","E","?","R","B",null,"R","$","E","B",null],"character_chosen":"THE_STARBREAKER","items_purchased":["Moonworks:WindyEnchantment","Medical Kit"],"campfire_rested":0,"item_purchase_floors":[21,38],"current_hp_per_floor":[60,60,60,60,60,60,46,42,42,42,42,42,42,42,42,24,60,49,48,30,30,30,30,29,29,29,29,30,30,23,24,24,4,30,29,19,19,19,19,19,25,28,28,27,27,27,29,22,22,30,30,30,30,21,21],"gold":91,"neow_bonus":"THREE_ENEMY_KILL","is_daily":false,"chose_seed":false,"campfire_upgraded":11,"win_rate":0.0,"timestamp":1613822687,"path_taken":["M","?","M","?","?","R","E","?","T","R","?","R","?","?","R","BOSS","M","M","?","$","?","R","M","R","T","R","M","R","?","M","R","BOSS","M","?","?","$","?","R","M","?","T","E","$","?","E","?","R","BOSS","R","$","E","BOSS"],"items_purchased_type":["Card","Relic"],"build_version":"2020-12-22","purchased_purges":1,"victory":true,"max_hp_per_floor":[60,60,60,60,60,60,60,60,60,60,60,60,60,60,60,60,60,60,60,30,30,30,30,30,30,30,30,30,30,30,30,30,30,30,30,30,30,30,30,30,30,30,30,30,30,30,30,30,30,30,30,30,30,30,30],"card_choices":[{"not_picked":["Moonworks:CloudOfSeagulls","Moonworks:AngelHand"],"picked":"Moonworks:JonathanRush","floor":1},{"not_picked":["Moonworks:Blazing","Moonworks:DevilHand"],"picked":"Moonworks:NicePresent","floor":3},{"not_picked":["Moonworks:MixPhenomenon","Moonworks:SakisCookie"],"picked":"Moonworks:NicePresent","floor":5},{"not_picked":["Moonworks:DevilHand","Moonworks:Accelerator+1"],"picked":"Moonworks:NicePresent","floor":7},{"not_picked":["Moonworks:ImOnFire","Moonworks:NicePresent"],"picked":"Moonworks:Bloodlust","floor":8},{"not_picked":["Moonworks:AnotherUltimateWeapon+1","Moonworks:FinalBattle+1"],"picked":"Moonworks:ShieldCounter","floor":16},{"not_picked":["Moonworks:JonathanRush","Moonworks:CastOff+1"],"picked":"Moonworks:NicePresent+1","floor":18},{"not_picked":["Moonworks:SakisCookie","Moonworks:IndiscriminateFireSupport","Moonworks:BeyondHell+1"],"picked":"SKIP","floor":19},{"not_picked":["Moonworks:ImOnFire+1","Moonworks:ImmovableObject"],"picked":"Moonworks:CloudOfSeagulls+1","floor":24},{"not_picked":["Moonworks:CompletionReward","Moonworks:ImOnFire"],"picked":"Moonworks:NicePresent","floor":28},{"not_picked":["Moonworks:ImOnFire+1","Moonworks:UnpaidWork"],"picked":"Moonworks:GoAway","floor":30},{"not_picked":["Moonworks:IndiscriminateFireSupport","Moonworks:SakisCookie","Moonworks:FullSpeedAlicianrone+1"],"picked":"SKIP","floor":31},{"not_picked":["Moonworks:GoAway","Moonworks:Wanted"],"picked":"Moonworks:SubspaceTunnel","floor":33},{"not_picked":["Moonworks:ImOnFire+1","Moonworks:SakisCookie+1"],"picked":"Moonworks:BigMagnum+1","floor":35},{"not_picked":["Trip","Mind Blast"],"picked":"REME_FirmDetermination+1","floor":36},{"not_picked":["Good Instincts","Panacea"],"picked":"Mayhem+1","floor":36},{"not_picked":["Moonworks:RedAndBlue+1","Moonworks:DeployBits","Moonworks:JonathanRush"],"picked":"SKIP","floor":41},{"not_picked":["Moonworks:EvilSpyWorkPreparation","Moonworks:IndiscriminateFireSupport"],"picked":"Moonworks:NicePresent+1","floor":42},{"not_picked":["Moonworks:JonathanRush+1","Moonworks:CookingTime+1","Moonworks:EvilSpyWorkPreparation+1"],"picked":"SKIP","floor":44},{"not_picked":["Moonworks:Wanted","Moonworks:BeyondHell+1","Moonworks:TacticalRetreat+1"],"picked":"SKIP","floor":47},{"not_picked":["Moonworks:EvilSpyWorkPreparation+1","Moonworks:NicePresent"],"picked":"Moonworks:BigMagnum","floor":48},{"not_picked":["Moonworks:BindingChains+1","Moonworks:ExtendedPhotonRifle+1","Moonworks:JonathanRush"],"picked":"SKIP","floor":54}],"player_experience":821373,"relics_obtained":[{"floor":7,"key":"Frozen Egg 2"},{"floor":9,"key":"Whetstone"},{"floor":11,"key":"Matryoshka"},{"floor":26,"key":"Boot"},{"floor":37,"key":"ReplayTheSpireMod:TigerMarble"},{"floor":37,"key":"Replay:Bandana"},{"floor":39,"key":"Ring of Hypnosis"},{"floor":39,"key":"Ring of Chaos"},{"floor":43,"key":"Replay:WaspNest"},{"floor":46,"key":"Onion Ring"},{"floor":47,"key":"Replay:Towering Pillar of Hats"},{"floor":48,"key":"Kunai"},{"floor":54,"key":"Replay:Bottled Steam"}],"event_choices":[{"cards_removed":["Moonworks:Strike"],"damage_healed":0,"gold_gain":0,"player_choice":"Card Removal","damage_taken":0,"max_hp_gain":0,"max_hp_loss":0,"event_name":"The Cleric","floor":2,"gold_loss":50},{"damage_healed":0,"gold_gain":0,"player_choice":"Bought 0 Potions","damage_taken":0,"max_hp_gain":0,"max_hp_loss":0,"event_name":"The Woman in Blue","floor":4,"gold_loss":0},{"cards_removed":["Moonworks:Strike"],"damage_healed":0,"gold_gain":0,"player_choice":"Forget","damage_taken":0,"max_hp_gain":0,"max_hp_loss":0,"event_name":"Living Wall","floor":13,"gold_loss":0},{"damage_healed":0,"gold_gain":0,"player_choice":"Became a Ghost","damage_taken":0,"max_hp_gain":0,"max_hp_loss":30,"event_name":"Ghosts","floor":20,"gold_loss":0,"cards_obtained":["Ghostly","Ghostly","Ghostly","Ghostly","Ghostly"]},{"damage_healed":0,"gold_gain":0,"player_choice":"Ignored","damage_taken":0,"max_hp_gain":0,"max_hp_loss":0,"event_name":"NoteForYourself","floor":22,"gold_loss":0},{"damage_healed":0,"gold_gain":0,"player_choice":"Memory 3","damage_taken":10,"max_hp_gain":0,"max_hp_loss":0,"event_name":"SensoryStone","floor":36,"gold_loss":0}],"is_beta":false,"boss_relics":[{"not_picked":["Sozu","Philosopher\u0027s Stone"],"picked":"Replay:Wanted Poster"},{"not_picked":["REME_DemonsWealth","Honey Jar"],"picked":"SlaversCollar"}],"items_purged_floors":[21],"is_endless":false,"potions_floor_spawned":[8,16,28,33,35,42],"ascension_level":0}}