{"host":"wmojtwekh6s3tor5","time":1613796102,"event":{"mods":["BaseMod","Colored Map","Colored Powertips","DeckTracker","Highlight Path","Minty Spire (QoL Compilation)","Quick Restart","StSLib"],"gold_per_floor":[117,90,109,34,34,34,34,67,148,148,148,168,196,196,196,294,294,307,307,307,323,353,353,371,371,371,389,401,401,430,442,442,543,543,557,571,571,587,100,125,145,164,164,164,183,183,183,183,183,183,183],"floor_reached":50,"language":"ZHS","playtime":2784,"items_purged":["Vigilance","Writhe"],"score":748,"play_id":"b3c88f2f-0cc0-4680-944e-1893f6161d4d","local_time":"20210220124142","is_ascension_mode":true,"campfire_choices":[{"data":"Eruption","floor":6.0,"key":"SMITH"},{"data":"BowlingBash","floor":11.0,"key":"SMITH"},{"data":"FearNoEvil","floor":15.0,"key":"SMITH"},{"data":"EmptyFist","floor":23.0,"key":"SMITH"},{"data":"Prostrate","floor":25.0,"key":"SMITH"},{"data":"FollowUp","floor":29.0,"key":"SMITH"},{"floor":32.0,"key":"REST"},{"floor":49,"key":"REST"}],"circlet_count":0,"master_deck":["Defend_P+1","Defend_P+1","Defend_P+1","Eruption+1","BowlingBash+1","FollowUp+1","FearNoEvil+1","Devotion+1","EmptyFist+1","BowlingBash+1","Pray+1","JustLucky+1","Prostrate+1","WheelKick+1","Flash of Steel+1","EmptyBody+1"],"relics":["PureWater","NeowsBlessing","Toy Ornithopter","Ornamental Fan","Dream Catcher","Cursed Key","Red Mask","War Paint","Fusion Hammer","Pen Nib","HandDrill","Mark of the Bloom"],"acts_visited":["Exordium","TheCity","TheBeyond"],"potions_floor_usage":[50],"damage_taken":[{"damage":0.0,"enemies":"Small Slimes","floor":1.0,"turns":1.0},{"damage":0.0,"enemies":"2 Louse","floor":3.0,"turns":1.0},{"damage":0.0,"enemies":"3 Sentries","floor":8.0,"turns":1.0},{"damage":0.0,"enemies":"Cultist","floor":12.0,"turns":2.0},{"damage":18.0,"enemies":"Gremlin Nob","floor":13.0,"turns":4.0},{"damage":0.0,"enemies":"Slime Boss","floor":16.0,"turns":6.0},{"damage":13.0,"enemies":"3 Byrds","floor":18.0,"turns":5.0},{"damage":1.0,"enemies":"2 Thieves","floor":21.0,"turns":3.0},{"damage":6.0,"enemies":"Masked Bandits","floor":22.0,"turns":4.0},{"damage":1.0,"enemies":"Cultist and Chosen","floor":24.0,"turns":4.0},{"damage":0.0,"enemies":"3 Cultists","floor":27.0,"turns":3.0},{"damage":0.0,"enemies":"Centurion and Healer","floor":28.0,"turns":3.0},{"damage":14.0,"enemies":"Book of Stabbing","floor":30.0,"turns":4.0},{"damage":0.0,"enemies":"Chosen and Byrds","floor":31.0,"turns":2.0},{"damage":68.0,"enemies":"Champ","floor":33.0,"turns":7.0},{"damage":1.0,"enemies":"3 Darklings","floor":35.0,"turns":4.0},{"damage":0.0,"enemies":"Orb Walker","floor":36.0,"turns":3.0},{"damage":1.0,"enemies":"Spire Growth","floor":38.0,"turns":3.0},{"damage":32.0,"enemies":"Nemesis","floor":40.0,"turns":7.0},{"damage":0.0,"enemies":"Transient","floor":41.0,"turns":5.0},{"damage":32.0,"enemies":"Writhing Mass","floor":42.0,"turns":5.0},{"damage":26,"enemies":"3 Darklings","floor":45,"turns":3},{"damage":74,"enemies":"Time Eater","floor":50,"turns":5}],"seed_played":"-6446955897963476963","potions_obtained":[{"floor":8.0,"key":"FairyPotion"},{"floor":12.0,"key":"FearPotion"},{"floor":21.0,"key":"GamblersBrew"},{"floor":22.0,"key":"StancePotion"},{"floor":27.0,"key":"SpeedPotion"},{"floor":30.0,"key":"LiquidBronze"},{"floor":31.0,"key":"LiquidBronze"},{"floor":38.0,"key":"EssenceOfSteel"},{"floor":40.0,"key":"EssenceOfSteel"},{"floor":41.0,"key":"SteroidPotion"},{"floor":45,"key":"Strength Potion"}],"is_trial":false,"path_per_floor":["M","$","M","$","?","R","?","E","T","?","R","M","E","?","R","B",null,"M","?","?","M","?","R","M","R","T","M","M","R","E","M","R","B",null,"M","M","?","M","$","E","M","M","T","?","M","?","?","?","R","B"],"character_chosen":"WATCHER","items_purchased":["FollowUp","Pen Nib","HandDrill","Flash of Steel"],"campfire_rested":2,"item_purchase_floors":[2,39,39,39],"current_hp_per_floor":[65,65,65,65,65,65,70,70,70,70,70,70,52,45,45,45,69,56,56,56,60,54,54,53,53,53,53,53,53,44,49,72,4,59,58,58,77,77,77,45,45,23,23,16,14,14,67,67,67,0,0],"gold":183,"neow_bonus":"THREE_ENEMY_KILL","is_daily":false,"chose_seed":false,"campfire_upgraded":6,"win_rate":0.0,"timestamp":1613796102,"path_taken":["M","$","M","$","?","R","?","E","T","?","R","?","E","?","R","BOSS","M","?","?","M","?","R","M","R","T","M","M","R","E","M","R","BOSS","M","M","?","M","$","E","M","M","T","?","?","?","?","?","R","BOSS"],"items_purchased_type":["Card","Relic","Relic","Card"],"build_version":"2020-12-22","purchased_purges":2,"victory":false,"max_hp_per_floor":[72,72,72,72,72,72,77,77,77,77,77,77,77,77,77,77,77,77,77,77,77,77,77,77,77,77,77,77,77,77,77,77,77,77,77,77,77,77,77,77,77,77,77,77,77,77,67,67,67,67,67],"card_choices":[{"not_picked":["Halt","Consecrate"],"picked":"BowlingBash","floor":1.0},{"not_picked":["JustLucky","EmptyFist"],"picked":"FearNoEvil","floor":3.0},{"not_picked":["CutThroughFate","BowlingBash","Tantrum"],"picked":"SKIP","floor":8.0},{"not_picked":["CrushJoints","CutThroughFate","BowlingBash"],"picked":"SKIP","floor":12.0},{"not_picked":["SpiritShield","Pray"],"picked":"EmptyFist","floor":13.0},{"not_picked":["Consecrate","Swivel","BowlingBash+1"],"picked":"SKIP","floor":18.0},{"not_picked":["Consecrate","Swivel"],"picked":"BowlingBash+1","floor":18.0},{"not_picked":["FlurryOfBlows","WaveOfTheHand"],"picked":"Prostrate","floor":21.0},{"not_picked":["Consecrate","FollowUp"],"picked":"WheelKick+1","floor":24.0},{"not_picked":["CrushJoints","Protect","Indignation"],"picked":"SKIP","floor":27.0},{"not_picked":["FlyingSleeves+1","Adaptation+1","JustLucky+1"],"picked":"SKIP","floor":28.0},{"not_picked":["Protect+1","CarveReality","ThirdEye"],"picked":"SKIP","floor":30.0},{"not_picked":["Tantrum","PathToVictory+1","Protect"],"picked":"SKIP","floor":31.0},{"not_picked":["Wireheading+1","ThirdEye","DeceiveReality+1"],"picked":"SKIP","floor":35.0},{"not_picked":["Crescendo","FollowUp","Perseverance+1"],"picked":"SKIP","floor":36.0},{"not_picked":["CarveReality+1","SashWhip","Prostrate"],"picked":"SKIP","floor":38.0},{"not_picked":["Collect","Vengeance+1","FearNoEvil"],"picked":"SKIP","floor":40.0},{"not_picked":["EmptyFist","EmptyBody","Collect+1"],"picked":"SKIP","floor":41.0},{"not_picked":["Halt","Meditate"],"picked":"EmptyBody+1","floor":42.0},{"not_picked":["LessonLearned","EmptyFist+1","BowlingBash"],"picked":"SKIP","floor":45}],"player_experience":687853,"relics_obtained":[{"floor":8.0,"key":"Toy Ornithopter"},{"floor":9.0,"key":"Ornamental Fan"},{"floor":13.0,"key":"Dream Catcher"},{"floor":22.0,"key":"Red Mask"},{"floor":30.0,"key":"War Paint"}],"event_choices":[{"damage_healed":0.0,"max_hp_gain":0.0,"max_hp_loss":0.0,"gold_gain":0.0,"cards_transformed":["Strike_P"],"event_name":"Living Wall","player_choice":"Change","floor":5.0,"gold_loss":0.0,"damage_taken":0.0,"cards_obtained":["Devotion"]},{"damage_healed":0.0,"max_hp_gain":5.0,"max_hp_loss":0.0,"gold_gain":0.0,"event_name":"Big Fish","player_choice":"Donut","floor":7.0,"gold_loss":0.0,"damage_taken":0.0},{"cards_removed":["Strike_P"],"damage_healed":0.0,"max_hp_gain":0.0,"max_hp_loss":0.0,"gold_gain":0.0,"event_name":"Purifier","player_choice":"Purged","floor":10.0,"gold_loss":0.0,"damage_taken":0.0},{"cards_removed":["Strike_P"],"damage_healed":0.0,"max_hp_gain":0.0,"max_hp_loss":0.0,"gold_gain":0.0,"event_name":"Golden Wing","player_choice":"Card Removal","floor":14.0,"gold_loss":0.0,"damage_taken":7.0},{"damage_healed":0.0,"max_hp_gain":0.0,"max_hp_loss":0.0,"gold_gain":0.0,"cards_transformed":["Strike_P","Defend_P"],"event_name":"Drug Dealer","player_choice":"Became Test Subject","floor":19.0,"gold_loss":0.0,"damage_taken":0.0,"cards_obtained":["Pray","JustLucky"]},{"damage_healed":0.0,"max_hp_gain":0.0,"max_hp_loss":0.0,"gold_gain":0.0,"event_name":"Cursed Tome","player_choice":"Ignored","floor":20.0,"gold_loss":0.0,"damage_taken":0.0},{"damage_healed":0.0,"max_hp_gain":0.0,"max_hp_loss":0.0,"gold_gain":0.0,"event_name":"Masked Bandits","player_choice":"Fought Bandits","floor":22.0,"gold_loss":0.0,"damage_taken":0.0},{"damage_healed":19.0,"max_hp_gain":0.0,"max_hp_loss":0.0,"gold_gain":0.0,"event_name":"Winding Halls","player_choice":"Writhe","floor":37.0,"gold_loss":0.0,"damage_taken":0.0,"cards_obtained":["Writhe"]},{"damage_healed":0,"gold_gain":0,"player_choice":"Damaged","damage_taken":7,"max_hp_gain":0,"max_hp_loss":0,"event_name":"Wheel of Change","floor":44,"gold_loss":0},{"damage_healed":0,"gold_gain":0,"player_choice":"Memory 1","damage_taken":0,"max_hp_gain":0,"max_hp_loss":0,"event_name":"SensoryStone","floor":46,"gold_loss":0},{"damage_healed":67,"gold_gain":0,"player_choice":"Heal","damage_taken":0,"max_hp_gain":0,"max_hp_loss":10,"event_name":"The Moai Head","floor":47,"gold_loss":0},{"damage_healed":0,"gold_gain":0,"player_choice":"Upgrade","damage_taken":0,"relics_obtained":["Mark of the Bloom"],"max_hp_gain":0,"max_hp_loss":0,"event_name":"MindBloom","floor":48,"gold_loss":0,"cards_upgraded":["Defend_P","Devotion","Pray","JustLucky","Flash of Steel"]}],"is_beta":false,"boss_relics":[{"not_picked":["Empty Cage","Astrolabe"],"picked":"Cursed Key"},{"not_picked":["Tiny House","Calling Bell"],"picked":"Fusion Hammer"}],"items_purged_floors":[4,39],"is_endless":false,"potions_floor_spawned":[8,12,21,22,27,30,31,33,38,40,41,45],"killed_by":"Time Eater","ascension_level":6}}