{"host":"i0m6ffz3lpe3z1ky","time":1613837139,"event":{"mods":["Aspiration","BaseMod","Bestiary","BetterRewards","Colored Map","Conspire","Energized Spire","Highlight Path","Hubris","Ironclad Rager","Minty Spire (QoL Compilation)","Quick Restart","Reliquary","Shop Mod","Spicy Shops","StSLib","Thieving Mod"],"gold_per_floor":[112,112,122,138,149,179,179,207,232,265,285,295,313,326,326,422,422,441,441,374,391,391,416,431,456,481,516,527,560,412,431,431,536,536,547,547,559,601,197,225,241,253,253,4,4,34,34,52,52,52,52,52,52,78,78],"floor_reached":56,"language":"KOR","playtime":2822,"items_purged":[],"score":2218,"play_id":"d8e0b8eb-fb1f-4f2e-bf05-6350f8cb83aa","local_time":"20210221010539","is_ascension_mode":true,"campfire_choices":[{"data":"Cleave","floor":7.0,"key":"SMITH"},{"data":"Barricade","floor":15.0,"key":"SMITH"},{"data":"conspire:Purge","floor":32.0,"key":"SMITH"},{"floor":49,"key":"RECALL"},{"data":"Limit Break","floor":52,"key":"SMITH"}],"circlet_count":0,"master_deck":["Defend_R","Defend_R","Bash+1","Flash of Steel+1","Shrug It Off","Cleave+1","Clothesline","Barricade+1","Shrug It Off","Double Tap","Entrench+1","Necronomicurse","Corruption+1","Seeing Red","Sentinel","Shrug It Off","conspire:Purge+1","Limit Break+1","Spot Weakness","Reaper","Shrug It Off","Flash of Steel","Battle Trance+1","Metallicize+1","conspire:ExplosiveBarrier+1","Body Slam+1","Decay","Flex+1","Intimidate+1","Feel No Pain"],"relics":["Burning Blood","reliquary:Crutches","reliquary:Knoch","conspire:TreasureMap","OrangePellets","reliquary:TridentHead","TheAbacus","aspiration:HatOfInfinitePower","Letter Opener","Whetstone","Oddly Smooth Stone","Champion Belt","reliquary:RedPaperclip","Necronomicon","FaceOfCleric","Happy Flower","Pocketwatch","hubris:SlimyHat","aspiration:ChemicalBlood","hubris:DeckOfHolding","Cursed Key","hubris:ToyBattleship","Sling","hubris:PeanutButter","conspire:Boomerang","Dead Branch","Medical Kit","reliquary:Stiletto","reliquary:TuningFork"],"acts_visited":["Exordium","TheCity","TheBeyond","TheEnding"],"potions_floor_usage":[44,54,55,55,55],"damage_taken":[{"damage":2.0,"enemies":"Small Slimes","floor":1.0,"turns":3.0},{"damage":0.0,"enemies":"Cultist","floor":3.0,"turns":3.0},{"damage":0.0,"enemies":"2 Louse","floor":4.0,"turns":3.0},{"damage":15.0,"enemies":"Large Slime","floor":5.0,"turns":8.0},{"damage":27.0,"enemies":"Gremlin Nob","floor":6.0,"turns":5.0},{"damage":15.0,"enemies":"Lagavulin","floor":8.0,"turns":5.0},{"damage":6.0,"enemies":"Gremlin Nob","floor":10.0,"turns":4.0},{"damage":0.0,"enemies":"2 Fungi Beasts","floor":11.0,"turns":2.0},{"damage":0.0,"enemies":"Exordium Wildlife","floor":12.0,"turns":2.0},{"damage":10.0,"enemies":"Red Slaver","floor":13.0,"turns":2.0},{"damage":0.0,"enemies":"Large Slime","floor":14.0,"turns":3.0},{"damage":0.0,"enemies":"Hexaghost","floor":16.0,"turns":15.0},{"damage":6.0,"enemies":"Spheric Guardian","floor":18.0,"turns":4.0},{"damage":0.0,"enemies":"3 Byrds","floor":21.0,"turns":3.0},{"damage":15.0,"enemies":"Book of Stabbing","floor":23.0,"turns":5.0},{"damage":16.0,"enemies":"Sentry and Sphere","floor":24.0,"turns":6.0},{"damage":10.0,"enemies":"Slavers","floor":25.0,"turns":3.0},{"damage":10.0,"enemies":"Book of Stabbing","floor":27.0,"turns":5.0},{"damage":7.0,"enemies":"3 Cultists","floor":28.0,"turns":4.0},{"damage":15.0,"enemies":"Slavers","floor":29.0,"turns":5.0},{"damage":5.0,"enemies":"Snecko","floor":31.0,"turns":5.0},{"damage":5.0,"enemies":"Automaton","floor":33.0,"turns":7.0},{"damage":4.0,"enemies":"Orb Walker","floor":35.0,"turns":2.0},{"damage":7.0,"enemies":"3 Darklings","floor":37.0,"turns":5.0},{"damage":5.0,"enemies":"conspire:MimicChest","floor":38.0,"turns":5.0},{"damage":0.0,"enemies":"Giant Head","floor":40.0,"turns":5.0},{"damage":0.0,"enemies":"Sphere and 2 Shapes","floor":41.0,"turns":6.0},{"damage":0.0,"enemies":"Maw","floor":42.0,"turns":5.0},{"damage":0,"enemies":"Nemesis","floor":46,"turns":5},{"damage":0,"enemies":"3 Darklings","floor":48,"turns":2},{"damage":0,"enemies":"Awakened One","floor":50,"turns":5},{"damage":23,"enemies":"Shield and Spear","floor":54,"turns":3},{"damage":30,"enemies":"The Heart","floor":55,"turns":5}],"seed_played":"-6811528808643733753","potions_obtained":[{"floor":3.0,"key":"Dexterity Potion"},{"floor":6.0,"key":"Regen Potion"},{"floor":8.0,"key":"SpeedPotion"},{"floor":10.0,"key":"Explosive Potion"},{"floor":11.0,"key":"Dexterity Potion"},{"floor":18.0,"key":"Energy Potion"},{"floor":25.0,"key":"Dexterity Potion"},{"floor":27.0,"key":"Swift Potion"},{"floor":46,"key":"AttackPotion"}],"is_trial":false,"path_per_floor":["M","?","M","M","M","E","R","E","T","E","M","M","M","M","R","B",null,"M","?","$","M","?","E","M","E","T","E","M","E","$","M","R","B",null,"M","?","M","?","$","E","M","M","T","$","?","E","$","M","R","B",null,"R","$","E","B",null],"character_chosen":"IRONCLAD","items_purchased":["reliquary:Crutches","reliquary:Knoch","conspire:TreasureMap","OrangePellets","aspiration:SeaSaltIceCream","TheAbacus","aspiration:HatOfInfinitePower","Letter Opener","Flash of Steel","Corruption","Spot Weakness","Sling","hubris:PeanutButter","ThievingMod:ThievingPotion","Medical Kit"],"campfire_rested":0,"item_purchase_floors":[0,0,0,0,0,0,0,0,0,20,30,39,39,44,44],"current_hp_per_floor":[36,36,42,48,39,18,18,23,23,23,29,35,31,37,37,43,80,80,64,64,70,70,62,53,50,50,47,47,39,39,41,41,43,88,89,89,90,91,91,92,93,94,94,94,94,95,95,96,96,97,97,97,97,98,99],"gold":78,"neow_bonus":"","is_daily":false,"chose_seed":false,"campfire_upgraded":4,"win_rate":0.0,"timestamp":1613837139,"path_taken":["M","?","M","M","M","E","R","E","T","E","M","M","M","M","R","BOSS","M","?","$","M","?","E","M","E","T","E","?","E","$","M","R","BOSS","M","?","M","?","?","E","?","M","T","$","?","E","?","M","R","BOSS","R","$","E","BOSS"],"items_purchased_type":["Relic","Relic","Relic","Relic","Relic","Relic","Relic","Relic","Card","Card","Card","Relic","Relic","Potion","Relic"],"build_version":"2020-12-22","purchased_purges":0,"victory":true,"max_hp_per_floor":[80,80,80,80,80,80,80,80,80,80,80,80,80,80,80,80,80,80,80,80,80,80,81,82,83,83,84,85,86,86,87,87,88,88,89,89,90,91,91,92,93,94,94,94,94,95,95,96,96,97,97,97,97,98,99],"card_choices":[{"not_picked":["Second Wind","Anger"],"picked":"Shrug It Off","floor":1.0},{"not_picked":["Havoc","Rage","hubris:SharpeningStone"],"picked":"SKIP","floor":3.0},{"not_picked":["Heavy Blade","Infernal Blade"],"picked":"Cleave","floor":4.0},{"not_picked":["Seeing Red","Flex","Headbutt"],"picked":"SKIP","floor":5.0},{"not_picked":["Fiend Fire","Headbutt"],"picked":"Clothesline","floor":6.0},{"not_picked":["Sword Boomerang","Wild Strike","Twin Strike"],"picked":"SKIP","floor":8.0},{"not_picked":["Twin Strike","Wild Strike"],"picked":"Barricade","floor":10.0},{"not_picked":["Cleave","Pummel","Dual Wield"],"picked":"SKIP","floor":11.0},{"not_picked":["Thunderclap","conspire:Charge","Headbutt"],"picked":"SKIP","floor":12.0},{"not_picked":["Cleave","Berserk","Anger"],"picked":"SKIP","floor":13.0},{"not_picked":["Dark Embrace","Combust"],"picked":"Shrug It Off","floor":14.0},{"not_picked":["Impervious","Fiend Fire"],"picked":"Double Tap","floor":16.0},{"not_picked":["conspire:ExplosiveBarrier","Dropkick"],"picked":"Entrench+1","floor":18.0},{"not_picked":["Cleave","Combust+1"],"picked":"Seeing Red","floor":21.0},{"not_picked":["Havoc","Carnage"],"picked":"Sentinel","floor":23.0},{"not_picked":["Power Through","Pommel Strike"],"picked":"Shrug It Off","floor":24.0},{"not_picked":["Combust+1","Wild Strike","Perfected Strike"],"picked":"SKIP","floor":25.0},{"not_picked":["Whirlwind","Flex+1"],"picked":"conspire:Purge","floor":27.0},{"not_picked":["Clash","Rupture+1","Rampage"],"picked":"SKIP","floor":28.0},{"not_picked":["Warcry","Wild Strike+1","Limit Break"],"picked":"SKIP","floor":29.0},{"not_picked":["Warcry","Wild Strike+1"],"picked":"Limit Break","floor":29.0},{"not_picked":["Twin Strike","Cleave+1","Flex"],"picked":"SKIP","floor":31.0},{"not_picked":["Exhume","Barricade"],"picked":"Reaper","floor":33.0},{"not_picked":["conspire:Charge","Sword Boomerang+1"],"picked":"Shrug It Off","floor":35.0},{"not_picked":["Mind Blast","Dramatic Entrance"],"picked":"Flash of Steel","floor":36.0},{"not_picked":["Cleave","Rage"],"picked":"Battle Trance+1","floor":37.0},{"not_picked":["Bloodletting+1","Blood for Blood"],"picked":"Metallicize+1","floor":38.0},{"not_picked":["Headbutt","Clash+1"],"picked":"conspire:ExplosiveBarrier+1","floor":40.0},{"not_picked":["Twin Strike+1","Infernal Blade+1","Ghostly Armor"],"picked":"SKIP","floor":41.0},{"not_picked":["Feel No Pain","Havoc+1"],"picked":"Body Slam+1","floor":42},{"not_picked":["Fire Breathing","Second Wind+1"],"picked":"Flex+1","floor":46},{"not_picked":["Warcry","Burning Pact"],"picked":"Intimidate+1","floor":48},{"not_picked":["True Grit","Whirlwind+1"],"picked":"Feel No Pain","floor":54}],"player_experience":402379,"relics_obtained":[{"floor":6.0,"key":"Whetstone"},{"floor":8.0,"key":"Oddly Smooth Stone"},{"floor":9.0,"key":"reliquary:SculptingSteel"},{"floor":10.0,"key":"Champion Belt"},{"floor":19.0,"key":"Necronomicon"},{"floor":23.0,"key":"Happy Flower"},{"floor":25.0,"key":"Pocketwatch"},{"floor":26.0,"key":"hubris:SlimyHat"},{"floor":27.0,"key":"aspiration:ChemicalBlood"},{"floor":29.0,"key":"hubris:DeckOfHolding"},{"floor":38.0,"key":"hubris:ToyBattleship"},{"floor":40.0,"key":"conspire:Boomerang"},{"floor":46,"key":"reliquary:Stiletto"},{"floor":54,"key":"reliquary:TuningFork"}],"event_choices":[{"cards_removed":["Strike_R"],"damage_healed":0.0,"max_hp_gain":0.0,"max_hp_loss":0.0,"gold_gain":0.0,"event_name":"Bonfire Elementals","player_choice":"Offered Basic","floor":2.0,"gold_loss":0.0,"damage_taken":0.0},{"damage_healed":0.0,"max_hp_gain":0.0,"max_hp_loss":0.0,"gold_gain":0.0,"event_name":"Cursed Tome","player_choice":"Obtained Book","floor":19.0,"gold_loss":0.0,"damage_taken":16.0},{"damage_healed":0.0,"max_hp_gain":0.0,"max_hp_loss":0.0,"gold_gain":0.0,"event_name":"FaceTrader","player_choice":"Trade","floor":22.0,"gold_loss":0.0,"damage_taken":0.0,"relics_obtained":["FaceOfCleric"]},{"damage_healed":0.0,"max_hp_gain":0.0,"max_hp_loss":0.0,"gold_gain":0.0,"event_name":"SensoryStone","player_choice":"Memory 1","floor":36.0,"gold_loss":0.0,"damage_taken":0.0}],"is_beta":false,"boss_relics":[{"not_picked":["Runic Pyramid","hubris:GrandSneckoEye"],"picked":"reliquary:RedPaperclip"},{"not_picked":["energizedSpire:EnergizedDie","energizedSpire:NeverEndingSparkler"],"picked":"Cursed Key"}],"items_purged_floors":[],"is_endless":false,"potions_floor_spawned":[3,6,8,10,11,18,25,27,33,37,38,41,46],"ascension_level":4}}