{"host":"2yqfi47fogfu1ic4","time":1613780802,"event":{"mods":["AchievementEnabler","BaseMod","Colored Map","Colored Powertips","Highlight Path","Minty Spire (QoL Compilation)","Permanent Neow","Relic Stats","StSLib"],"gold_per_floor":[117,134,148,160,170,170,170,95,164,164,164,183,195,212,212,287,287,307,318,332,332,14,14,44,44,44,69,69,79,108,108,108,108,108],"floor_reached":33,"language":"DEU","playtime":2777,"items_purged":["Strike_G"],"score":598,"play_id":"a883e367-5dc9-43ee-8f91-375963a0b140","local_time":"20210220012642","is_ascension_mode":true,"campfire_choices":[{"floor":6.0,"key":"RECALL"},{"floor":11.0,"key":"REST"},{"floor":15,"key":"REST"},{"floor":23,"key":"REST"},{"floor":25,"key":"REST"},{"floor":32,"key":"REST"}],"circlet_count":0,"master_deck":["AscendersBane","Strike_G","Strike_G","Strike_G","Defend_G","Defend_G","Defend_G","Defend_G","Defend_G","Survivor","Neutralize","Endless Agony","Leg Sweep","Leg Sweep","Poisoned Stab","Poisoned Stab","Burst","Predator","Dagger Throw","Doppelganger","Blur","Poisoned Stab","Necronomicurse","Apotheosis","PanicButton","Outmaneuver","Catalyst","Catalyst","Terror","Tactician","Decay"],"relics":["Fusion Hammer","InkBottle","Runic Pyramid","Necronomicon","Incense Burner","Potion Belt","Pocketwatch"],"acts_visited":["Exordium","TheCity"],"potions_floor_usage":[16,24,24,27,30,33],"damage_taken":[{"damage":0.0,"enemies":"Small Slimes","floor":1.0,"turns":5.0},{"damage":3.0,"enemies":"Cultist","floor":2.0,"turns":5.0},{"damage":0.0,"enemies":"2 Louse","floor":3.0,"turns":3.0},{"damage":0.0,"enemies":"2 Fungi Beasts","floor":4.0,"turns":5.0},{"damage":5.0,"enemies":"Large Slime","floor":5.0,"turns":8.0},{"damage":1,"enemies":"Lots of Slimes","floor":12,"turns":8},{"damage":4,"enemies":"Red Slaver","floor":13,"turns":4},{"damage":1,"enemies":"2 Fungi Beasts","floor":14,"turns":4},{"damage":44,"enemies":"Hexaghost","floor":16,"turns":14},{"damage":1,"enemies":"Spheric Guardian","floor":18,"turns":8},{"damage":0,"enemies":"Chosen","floor":19,"turns":7},{"damage":3,"enemies":"Centurion and Healer","floor":20,"turns":11},{"damage":14,"enemies":"Slavers","floor":24,"turns":6},{"damage":11,"enemies":"Book of Stabbing","floor":27,"turns":5},{"damage":0,"enemies":"Snake Plant","floor":29,"turns":5},{"damage":40,"enemies":"Slavers","floor":30,"turns":14},{"damage":5,"enemies":"Collector","floor":33,"turns":5}],"seed_played":"6026000348492370682","potions_obtained":[{"floor":4.0,"key":"Swift Potion"},{"floor":5.0,"key":"Ancient Potion"},{"floor":10.0,"key":"Poison Potion"},{"floor":20,"key":"AttackPotion"},{"floor":24,"key":"SkillPotion"},{"floor":29,"key":"PowerPotion"},{"floor":30,"key":"Ancient Potion"}],"is_trial":false,"path_per_floor":["M","M","M","M","M","R","?","$","T","?","R","M","M","M","R","B",null,"M","M","M","?","$","R","E","R","T","E","$","M","E","?","R","B"],"character_chosen":"THE_SILENT","items_purchased":["Apotheosis","PanicButton","Outmaneuver"],"campfire_rested":5,"item_purchase_floors":[22,22,22],"current_hp_per_floor":[59,56,56,56,51,51,44,44,44,44,63,62,58,57,66,22,55,54,54,51,30,30,49,35,54,54,43,43,43,3,3,22,17,17],"gold":108,"neow_bonus":"BOSS_RELIC","is_daily":false,"chose_seed":false,"campfire_upgraded":0,"win_rate":0.0,"timestamp":1613780802,"path_taken":["M","M","M","M","M","R","?","$","T","?","R","M","?","M","R","BOSS","M","M","M","?","$","R","E","R","T","E","$","M","E","?","R","BOSS"],"items_purchased_type":["Card","Card","Card"],"build_version":"2020-12-22","purchased_purges":1,"victory":false,"max_hp_per_floor":[66,66,66,66,66,66,66,66,66,66,66,66,66,66,66,66,66,66,66,66,66,66,66,66,66,66,66,66,66,66,66,66,66,66],"relic_stats":{"counters":[17,117],"Necronomicon":[6],"obtain_stats":[{"Potion Belt":27,"Fusion Hammer":0,"Necronomicon":21,"Incense Burner":24,"InkBottle":9,"Ring of the Snake":0,"Runic Pyramid":17,"Pocketwatch":30},{"Potion Belt":14,"Fusion Hammer":0,"Necronomicon":12,"Incense Burner":13,"InkBottle":5,"Ring of the Snake":0,"Runic Pyramid":9,"Pocketwatch":16},{"Potion Belt":93,"Fusion Hammer":0,"Necronomicon":82,"Incense Burner":88,"InkBottle":26,"Ring of the Snake":0,"Runic Pyramid":56,"Pocketwatch":112}],"InkBottle":[35],"Pocketwatch":[1]},"card_choices":[{"not_picked":["Acrobatics","Sucker Punch"],"picked":"Endless Agony","floor":1.0},{"not_picked":["Blade Dance","Outmaneuver"],"picked":"Leg Sweep","floor":2.0},{"not_picked":["Flechettes","PiercingWail"],"picked":"Leg Sweep","floor":3.0},{"not_picked":["PiercingWail","Reflex"],"picked":"Poisoned Stab","floor":4.0},{"not_picked":["PiercingWail","Sucker Punch"],"picked":"Poisoned Stab","floor":5.0},{"not_picked":["Blade Dance","Slice"],"picked":"Burst","floor":12},{"not_picked":["Well Laid Plans","Expertise"],"picked":"Predator","floor":13},{"not_picked":["Sucker Punch","Prepared"],"picked":"Dagger Throw","floor":14},{"not_picked":["Envenom","A Thousand Cuts"],"picked":"Doppelganger","floor":16},{"not_picked":["Finisher","Choke"],"picked":"Blur","floor":18},{"not_picked":["Dodge and Roll","Prepared","Acrobatics"],"picked":"SKIP","floor":19},{"not_picked":["Infinite Blades","Backflip"],"picked":"Poisoned Stab","floor":20},{"not_picked":["Cloak And Dagger","Envenom"],"picked":"Catalyst","floor":24},{"not_picked":["Blade Dance","Terror"],"picked":"Catalyst","floor":27},{"not_picked":["Acrobatics+1","Outmaneuver"],"picked":"Terror","floor":29},{"not_picked":["Deadly Poison","Concentrate"],"picked":"Tactician","floor":30}],"player_experience":1891750,"relics_obtained":[{"floor":9.0,"key":"InkBottle"},{"floor":21,"key":"Necronomicon"},{"floor":24,"key":"Incense Burner"},{"floor":27,"key":"Potion Belt"},{"floor":30,"key":"Pocketwatch"}],"event_choices":[{"cards_removed":["Strike_G"],"damage_healed":0.0,"max_hp_gain":0.0,"max_hp_loss":0.0,"gold_gain":0.0,"event_name":"Golden Wing","player_choice":"Card Removal","floor":7.0,"gold_loss":0.0,"damage_taken":7.0},{"damage_healed":0.0,"max_hp_gain":0.0,"max_hp_loss":0.0,"gold_gain":0.0,"event_name":"Lab","player_choice":"Got Potions","floor":10.0,"gold_loss":0.0,"damage_taken":0.0},{"damage_healed":0,"gold_gain":0,"player_choice":"Obtained Book","damage_taken":21,"max_hp_gain":0,"max_hp_loss":0,"event_name":"Cursed Tome","floor":21,"gold_loss":0},{"damage_healed":0,"gold_gain":0,"player_choice":"Smashed Altar","damage_taken":0,"max_hp_gain":0,"max_hp_loss":0,"event_name":"Forgotten Altar","floor":31,"gold_loss":0,"cards_obtained":["Decay"]}],"is_beta":false,"boss_relics":[{"not_picked":["Runic Dome","Black Star"],"picked":"Runic Pyramid"}],"items_purged_floors":[8],"is_endless":false,"potions_floor_spawned":[4,5,14,20,24,29,30],"killed_by":"Collector","ascension_level":20}}