{"host":"l2lylj0omvglf5x0","time":1613844563,"event":{"mods":["2.2 Compatiblity","BaseMod","Bestiary","Block Reminder","Colored Map","Colored Powertips","Curses Come First","Highlight Path","Keyboard Shortcuts","Minty Spire (QoL Compilation)","Relic Sorter","Relic Stats","Slay the Relics Exporter","StSLib","SuperFastMode"],"gold_per_floor":[113,131,145,2,2,30,30,55,55,80,99,99,111,154,166,280,292,319,348,360,360],"floor_reached":20,"language":"ENG","playtime":710,"items_purged":["Strike_R"],"score":323,"play_id":"c600037b-faf3-47ef-9472-34014865801e","local_time":"20210220190923","is_ascension_mode":true,"campfire_choices":[{"data":"Dual Wield","floor":7,"key":"SMITH"},{"floor":15,"key":"REST"}],"circlet_count":0,"master_deck":["AscendersBane","Strike_R+1","Strike_R","Strike_R","Strike_R","Defend_R","Defend_R","Defend_R","Defend_R","Bash","Dual Wield+1","Combust","Pummel+1","Whirlwind+1","Limit Break","Headbutt","Rupture","Offering","Barricade","Seeing Red"],"relics":["Burning Blood","Orichalcum","InkBottle","White Beast Statue","Ornamental Fan","Girya","MawBank","Whetstone","SlaversCollar"],"acts_visited":["Exordium","TheCity"],"potions_floor_usage":[8,11,16],"damage_taken":[{"damage":2,"enemies":"2 Louse","floor":1,"turns":3},{"damage":0,"enemies":"Cultist","floor":2,"turns":4},{"damage":14,"enemies":"Small Slimes","floor":3,"turns":3},{"damage":17,"enemies":"3 Sentries","floor":6,"turns":4},{"damage":43,"enemies":"Lagavulin","floor":8,"turns":6},{"damage":14,"enemies":"Gremlin Nob","floor":10,"turns":4},{"damage":14,"enemies":"Looter","floor":11,"turns":4},{"damage":8,"enemies":"3 Sentries","floor":14,"turns":2},{"damage":31,"enemies":"The Guardian","floor":16,"turns":9},{"damage":54,"enemies":"Spheric Guardian","floor":18,"turns":6},{"damage":4,"enemies":"3 Byrds","floor":19,"turns":4},{"damage":24,"enemies":"Snake Plant","floor":20,"turns":1}],"seed_played":"7490143832231740440","potions_obtained":[{"floor":1,"key":"ColorlessPotion"},{"floor":3,"key":"GamblersBrew"},{"floor":10,"key":"BloodPotion"},{"floor":11,"key":"SkillPotion"},{"floor":16,"key":"Fire Potion"},{"floor":19,"key":"CultistPotion"}],"is_trial":false,"path_per_floor":["M","M","M","$","?","E","R","E","T","E","M","T","$","E","R","B",null,"M","M","M"],"character_chosen":"IRONCLAD","items_purchased":["Whirlwind"],"campfire_rested":1,"item_purchase_floors":[4],"current_hp_per_floor":[76,80,72,72,72,61,61,24,24,16,24,24,24,22,46,21,65,17,19,0,0],"gold":360,"neow_bonus":"RANDOM_COMMON_RELIC","is_daily":false,"chose_seed":false,"campfire_upgraded":1,"win_rate":0.0,"timestamp":1613844563,"path_taken":["M","M","M","$","?","E","R","E","T","E","?","?","?","E","R","BOSS","M","M","M"],"items_purchased_type":["Card"],"build_version":"2020-12-22","purchased_purges":1,"victory":false,"max_hp_per_floor":[80,80,80,80,80,80,80,80,80,80,80,80,80,80,80,80,80,80,80,80,80],"relic_stats":{"counters":[12,50],"Ornamental Fan":[4],"Whetstone":["Pummel","Strike_R"],"Orichalcum":[192],"MawBank":96,"obtain_stats":[{"Girya":10,"SlaversCollar":17,"Ornamental Fan":9,"Whetstone":14,"Orichalcum":0,"MawBank":12,"Burning Blood":0,"InkBottle":6,"White Beast Statue":8},{"Girya":6,"SlaversCollar":9,"Ornamental Fan":5,"Whetstone":8,"Orichalcum":0,"MawBank":7,"Burning Blood":0,"InkBottle":4,"White Beast Statue":5},{"Girya":24,"SlaversCollar":39,"Ornamental Fan":20,"Whetstone":30,"Orichalcum":0,"MawBank":28,"Burning Blood":0,"InkBottle":14,"White Beast Statue":20}],"Burning Blood":64,"InkBottle":[8]},"card_choices":[{"not_picked":["Searing Blow","Reckless Charge"],"picked":"Dual Wield","floor":1},{"not_picked":["Infernal Blade","Sword Boomerang"],"picked":"Combust","floor":2},{"not_picked":["Ghostly Armor","Clash"],"picked":"Pummel","floor":3},{"not_picked":["Feed","Rampage"],"picked":"Limit Break","floor":6},{"not_picked":["Sword Boomerang","Twin Strike"],"picked":"Headbutt","floor":8},{"not_picked":["True Grit","Thunderclap","Evolve"],"picked":"SKIP","floor":10},{"not_picked":["Dark Embrace","Anger"],"picked":"Rupture","floor":11},{"not_picked":["Feel No Pain","Clothesline"],"picked":"Offering","floor":14},{"not_picked":["Feed","Impervious"],"picked":"Barricade","floor":16},{"not_picked":["Iron Wave","Flex"],"picked":"Seeing Red","floor":18},{"not_picked":["Perfected Strike","Combust","Thunderclap"],"picked":"SKIP","floor":19}],"player_experience":1016899,"relics_obtained":[{"floor":6,"key":"InkBottle"},{"floor":8,"key":"White Beast Statue"},{"floor":9,"key":"Ornamental Fan"},{"floor":10,"key":"Girya"},{"floor":12,"key":"MawBank"},{"floor":14,"key":"Whetstone"}],"event_choices":[{"damage_healed":0,"gold_gain":0,"player_choice":"Upgraded","damage_taken":0,"max_hp_gain":0,"max_hp_loss":0,"event_name":"Upgrade Shrine","floor":5,"gold_loss":0,"cards_upgraded":["Whirlwind"]}],"is_beta":false,"boss_relics":[{"not_picked":["Tiny House","Runic Pyramid"],"picked":"SlaversCollar"}],"items_purged_floors":[4],"is_endless":false,"potions_floor_spawned":[1,3,10,11,14,16,18,19],"killed_by":"Snake Plant","ascension_level":12}}