{"host":"7bb7osqc91rjfyph","time":1613805952,"event":{"mods":["AchievementEnabler","BaseMod","BetterRewards","Colored Map","Colored Powertips","Downfall","Googly Eyes","Hermit","Hubris","Marisa????????","Minty Spire (QoL Compilation)","Shop Mod","StSLib","The Cursed"],"gold_per_floor":[119,133,133,147,97,97,122,122,194,220,47,60,60,78,78,173,173,184,184,202,222,222,222,233,265,265,281,316,316,316,344,344,439,439,456,456,475,475,475,475,527,527,551,551,306,325,337,337,337,337,337,337,42,74,74,74],"floor_reached":55,"language":"ENG","playtime":2197,"items_purged":["Strike_B"],"score":919,"play_id":"b4aec88e-9dd9-480a-9919-27c7bcb6b78e","local_time":"20210220012552","is_ascension_mode":true,"campfire_choices":[{"data":"Streamline","floor":6.0,"key":"SMITH"},{"data":"Zap","floor":8.0,"key":"SMITH"},{"data":"hubris:EnhanceAbility","floor":15.0,"key":"SMITH"},{"data":"White Noise","floor":23.0,"key":"SMITH"},{"data":"White Noise","floor":29.0,"key":"SMITH"},{"floor":32.0,"key":"REST"},{"floor":40,"key":"RECALL"},{"data":"Loop","floor":42,"key":"SMITH"},{"floor":49,"key":"REST"},{"floor":52,"key":"REST"}],"circlet_count":0,"master_deck":["Strike_B","Strike_B","Defend_B","Defend_B","Defend_B","Defend_B","Zap+1","Dualcast","Beam Cell","Beam Cell","Streamline+1","Core Surge","hubris:EnhanceAbility+1","White Noise+1","White Noise+1","Reboot","BootSequence+1","Conserve Battery","Storm+1","BootSequence+1","Biased Cognition+1","Loop+1","Hologram+1","Cold Snap+1","Ball Lightning","Cold Snap+1","Coolheaded","Cold Snap","Finesse","Coolheaded","Heatsinks+1","Capacitor","Redo+1","Skim+1"],"relics":["Cracked Core","Emotion Chip","hubris:Metronome","White Beast Statue","Letter Opener","hubris:Icosahedron","SacredBark","Prayer Wheel","Vajra","hubris:SphereOfDissonance","Nilry\u0027s Codex","Shuriken","Philosopher\u0027s Stone","Omamori","DataDisk","Incense Burner","Happy Flower"],"acts_visited":["Exordium","TheCity","TheBeyond","TheEnding"],"potions_floor_usage":[33,33,37,47,48],"damage_taken":[{"damage":7.0,"enemies":"Small Slimes","floor":1.0,"turns":3.0},{"damage":4.0,"enemies":"2 Louse","floor":2.0,"turns":2.0},{"damage":7.0,"enemies":"Jaw Worm","floor":4.0,"turns":2.0},{"damage":20.0,"enemies":"Lagavulin","floor":7.0,"turns":6.0},{"damage":0.0,"enemies":"Gremlin Nob","floor":10.0,"turns":2.0},{"damage":0.0,"enemies":"Red Slaver","floor":12.0,"turns":2.0},{"damage":2.0,"enemies":"Large Slime","floor":14.0,"turns":4.0},{"damage":4.0,"enemies":"Hexaghost","floor":16.0,"turns":6.0},{"damage":0.0,"enemies":"2 Thieves","floor":18.0,"turns":1.0},{"damage":0.0,"enemies":"Shell Parasite","floor":20.0,"turns":3.0},{"damage":18.0,"enemies":"Chosen and Byrds","floor":21.0,"turns":5.0},{"damage":11.0,"enemies":"Snake Plant","floor":24.0,"turns":2.0},{"damage":5.0,"enemies":"Slavers","floor":25.0,"turns":4.0},{"damage":0.0,"enemies":"Snecko","floor":27.0,"turns":5.0},{"damage":7.0,"enemies":"Book of Stabbing","floor":28.0,"turns":3.0},{"damage":0.0,"enemies":"Gremlin Leader","floor":31.0,"turns":5.0},{"damage":1,"enemies":"Champ","floor":33,"turns":10},{"damage":0,"enemies":"3 Shapes","floor":35,"turns":3},{"damage":13,"enemies":"3 Darklings","floor":37,"turns":3},{"damage":0,"enemies":"Writhing Mass","floor":46,"turns":3},{"damage":0,"enemies":"Jaw Worm Horde","floor":47,"turns":4},{"damage":0,"enemies":"4 Shapes","floor":48,"turns":1},{"damage":67,"enemies":"Donu and Deca","floor":50,"turns":8},{"damage":57,"enemies":"Shield and Spear","floor":54,"turns":4},{"damage":17,"enemies":"The Heart","floor":55,"turns":3}],"seed_played":"-3205846795093841431","potions_obtained":[{"floor":2.0,"key":"FearPotion"},{"floor":7.0,"key":"FearPotion"},{"floor":10.0,"key":"bronze:BurnAndBuffPotion"},{"floor":12.0,"key":"Explosive Potion"},{"floor":14.0,"key":"sneckomod:MuddlingPotion"},{"floor":16.0,"key":"Explosive Potion"},{"floor":18.0,"key":"GamblersBrew"},{"floor":20.0,"key":"PowerPotion"},{"floor":21.0,"key":"AttackPotion"},{"floor":24.0,"key":"Strength Potion"},{"floor":25.0,"key":"Energy Potion"},{"floor":27.0,"key":"Block Potion"},{"floor":28.0,"key":"SkillPotion"},{"floor":31.0,"key":"LiquidBronze"},{"floor":33,"key":"BlessingOfTheForge"},{"floor":35,"key":"ColorlessPotion"},{"floor":37,"key":"AttackPotion"},{"floor":46,"key":"Fire Potion"},{"floor":47,"key":"SmokeBomb"},{"floor":54,"key":"Fire Potion"}],"is_trial":false,"path_per_floor":["M","M","?","M","?","R","E","R","T","E","$","M","?","M","R","B",null,"M","?","M","M","?","R","M","E","T","M","E","R","?","E","R","B",null,"M","?","M","?","?","R","T","R","T","?","$","M","M","M","R","B",null,"R","$","E","B"],"character_chosen":"DEFECT","items_purchased":["hubris:EnhanceAbility","DataDisk","Coolheaded","Incense Burner"],"campfire_rested":3,"item_purchase_floors":[11,45,45,53],"current_hp_per_floor":[61,57,62,55,55,55,35,35,35,35,35,35,35,33,33,29,62,62,62,62,44,44,44,33,28,28,28,21,21,5,5,26,25,61,61,61,48,48,48,48,48,48,48,48,48,48,48,48,69,2,55,73,73,16,0,0],"gold":74,"neow_bonus":"ONE_RARE_RELIC","is_daily":false,"chose_seed":false,"campfire_upgraded":6,"win_rate":0.0,"timestamp":1613805952,"path_taken":["M","M","?","M","?","R","E","R","T","E","?","M","?","M","R","BOSS","M","?","M","M","?","R","M","E","T","M","E","R","?","E","R","BOSS","M","?","M","?","?","R","?","R","T","?","$","M","?","M","R","BOSS","R","$","E","BOSS"],"items_purchased_type":["Card","Relic","Card","Relic"],"build_version":"2020-12-22","purchased_purges":1,"victory":false,"max_hp_per_floor":[68,68,73,73,73,73,73,73,73,73,73,73,73,73,73,73,73,73,73,73,73,73,73,73,73,73,73,73,73,73,73,73,73,73,73,73,73,73,73,73,73,73,73,73,73,73,73,73,73,73,73,73,73,73,73,73],"card_choices":[{"not_picked":["Barrage","Sweeping Beam"],"picked":"Beam Cell","floor":1.0},{"not_picked":["Sunder","Rip and Tear"],"picked":"Beam Cell","floor":2.0},{"not_picked":["Barrage","Force Field"],"picked":"Streamline","floor":4.0},{"not_picked":["Turbo","Consume","Gash"],"picked":"SKIP","floor":7.0},{"not_picked":["Recycle","Auto Shields"],"picked":"Core Surge","floor":10.0},{"not_picked":["Barrage","Force Field"],"picked":"White Noise","floor":12.0},{"not_picked":["Lockon","Steam Power"],"picked":"White Noise","floor":14.0},{"not_picked":["Core Surge","All For One"],"picked":"Reboot","floor":16.0},{"not_picked":["Beam Cell","Go for the Eyes"],"picked":"BootSequence+1","floor":18.0},{"not_picked":["Tempest","Skim"],"picked":"Conserve Battery","floor":20.0},{"not_picked":["Leap","Darkness","Hologram"],"picked":"SKIP","floor":21.0},{"not_picked":["Hologram+1","Go for the Eyes"],"picked":"BootSequence+1","floor":24.0},{"not_picked":["Ball Lightning+1","Reinforced Body"],"picked":"Biased Cognition","floor":25.0},{"not_picked":["Ball Lightning+1","Redo"],"picked":"Loop","floor":27.0},{"not_picked":["Gash+1","Skim"],"picked":"Ball Lightning","floor":27.0},{"not_picked":["Redo","Consume+1"],"picked":"Hologram+1","floor":28.0},{"not_picked":["Rebound","hubris:Ukulele"],"picked":"Cold Snap+1","floor":31.0},{"not_picked":["Sunder+1","Redo"],"picked":"Ball Lightning","floor":35},{"not_picked":["hubris:PowerSurge+1","Rebound+1"],"picked":"Cold Snap+1","floor":35},{"not_picked":["Hologram","Streamline"],"picked":"Coolheaded","floor":37},{"not_picked":["Heatsinks+1","Scrape+1"],"picked":"Cold Snap","floor":37},{"not_picked":["Madness","Violence"],"picked":"Finesse","floor":38},{"not_picked":["BootSequence","Stack"],"picked":"Heatsinks+1","floor":46},{"not_picked":["Conserve Battery","Steam"],"picked":"Capacitor","floor":46},{"not_picked":["Streamline+1","Compile Driver"],"picked":"Redo+1","floor":47},{"not_picked":["Fusion","Auto Shields","Hologram+1"],"picked":"SKIP","floor":47},{"not_picked":["Turbo+1","Force Field"],"picked":"Skim+1","floor":54}],"player_experience":112258,"relics_obtained":[{"floor":7.0,"key":"hubris:Metronome"},{"floor":9.0,"key":"White Beast Statue"},{"floor":10.0,"key":"Letter Opener"},{"floor":25.0,"key":"Prayer Wheel"},{"floor":26.0,"key":"Vajra"},{"floor":28.0,"key":"hubris:SphereOfDissonance"},{"floor":30.0,"key":"Nilry\u0027s Codex"},{"floor":31.0,"key":"Shuriken"},{"floor":43,"key":"Omamori"},{"floor":54,"key":"Happy Flower"}],"event_choices":[{"damage_healed":0.0,"max_hp_gain":5.0,"max_hp_loss":0.0,"gold_gain":0.0,"event_name":"Big Fish","player_choice":"Donut","floor":3.0,"gold_loss":0.0,"damage_taken":0.0},{"cards_removed":["Strike_B"],"damage_healed":0.0,"max_hp_gain":0.0,"max_hp_loss":0.0,"gold_gain":0.0,"event_name":"The Cleric","player_choice":"Card Removal","floor":5.0,"gold_loss":50.0,"damage_taken":0.0},{"damage_healed":0.0,"max_hp_gain":0.0,"max_hp_loss":0.0,"gold_gain":0.0,"event_name":"Vampires","player_choice":"Ignored","floor":19.0,"gold_loss":0.0,"damage_taken":0.0},{"damage_healed":0.0,"max_hp_gain":0.0,"max_hp_loss":0.0,"gold_gain":0.0,"event_name":"The Library","player_choice":"Read","floor":22.0,"gold_loss":0.0,"damage_taken":0.0,"cards_obtained":["Storm"]},{"damage_healed":0.0,"max_hp_gain":0.0,"max_hp_loss":0.0,"gold_gain":0.0,"event_name":"Cursed Tome","player_choice":"Obtained Book","floor":30.0,"gold_loss":0.0,"damage_taken":16.0},{"damage_healed":0,"gold_gain":0,"player_choice":"Memory 1","damage_taken":0,"max_hp_gain":0,"max_hp_loss":0,"event_name":"SensoryStone","floor":38,"gold_loss":0},{"cards_removed":["Ball Lightning"],"damage_healed":0,"gold_gain":0,"player_choice":"Removed Attack","damage_taken":0,"max_hp_gain":0,"max_hp_loss":0,"event_name":"Falling","floor":39,"gold_loss":0},{"damage_healed":0,"gold_gain":0,"player_choice":"Upgraded","damage_taken":0,"max_hp_gain":0,"max_hp_loss":0,"event_name":"Upgrade Shrine","floor":44,"gold_loss":0,"cards_upgraded":["Biased Cognition"]}],"is_beta":false,"boss_relics":[{"not_picked":["Fusion Hammer","Tiny House"],"picked":"SacredBark"},{"not_picked":["hubris:ScarierMask","Calling Bell"],"picked":"Philosopher\u0027s Stone"}],"items_purged_floors":[45],"is_endless":false,"potions_floor_spawned":[2,7,10,12,14,16,18,20,21,24,25,27,28,31,33,35,37,46,47,48,54],"killed_by":"The Heart","ascension_level":5}}