{"host":"k6u7q08ihsmpx7o5","time":1613813392,"event":{"mods":["BaseMod","Bestiary","Filter the Spire","Minty Spire (QoL Compilation)","Permanent Neow","Relic Stats","StSLib"],"gold_per_floor":[117,82,82,82,99,99,126,146,146,171,171,188,25,57,57,136,136,152,171,121,139,158,158,158,158],"floor_reached":24,"language":"ENG","playtime":1276,"items_purged":[],"score":482,"play_id":"3215254b-1d80-45d5-8c1f-1706968470c6","local_time":"20210220102952","is_ascension_mode":true,"campfire_choices":[{"data":"Rainbow","floor":6,"key":"SMITH"},{"data":"Doom and Gloom","floor":11,"key":"SMITH"},{"data":"All For One","floor":15,"key":"SMITH"},{"floor":23,"key":"REST"}],"circlet_count":0,"master_deck":["AscendersBane","Zap","Dualcast","Melter","Rainbow+1","Doom and Gloom+1","All For One+1","Core Surge","Redo","Loop","Rebound","Capacitor","Reprogram","Echo Form","Buffer","Rainbow","Recycle+1","Force Field"],"relics":["Snecko Eye","Matryoshka","Lantern","Singing Bowl","Akabeko","InkBottle","Pandora\u0027s Box"],"acts_visited":["Exordium","TheCity"],"potions_floor_usage":[16,19],"damage_taken":[{"damage":13,"enemies":"Jaw Worm","floor":1,"turns":6},{"damage":0,"enemies":"2 Louse","floor":5,"turns":2},{"damage":18,"enemies":"Lagavulin","floor":7,"turns":6},{"damage":0,"enemies":"Small Slimes","floor":8,"turns":3},{"damage":12,"enemies":"3 Sentries","floor":10,"turns":5},{"damage":0,"enemies":"Gremlin Gang","floor":12,"turns":1},{"damage":0,"enemies":"Lagavulin","floor":14,"turns":5},{"damage":5,"enemies":"Slime Boss","floor":16,"turns":6},{"damage":0,"enemies":"Spheric Guardian","floor":18,"turns":2},{"damage":22,"enemies":"2 Thieves","floor":19,"turns":2},{"damage":35,"enemies":"Shelled Parasite and Fungi","floor":21,"turns":4},{"damage":2,"enemies":"Centurion and Healer","floor":22,"turns":5},{"damage":38,"enemies":"Slavers","floor":24,"turns":2}],"seed_played":"-8167468506792115390","potions_obtained":[{"floor":5,"key":"Fire Potion"},{"floor":10,"key":"SmokeBomb"},{"floor":12,"key":"DuplicationPotion"},{"floor":16,"key":"Strength Potion"},{"floor":19,"key":"SpeedPotion"}],"is_trial":false,"path_per_floor":["M","?","?","?","M","R","E","M","T","E","R","M","$","E","R","B",null,"M","M","?","M","M","R","E"],"character_chosen":"DEFECT","items_purchased":["All For One"],"campfire_rested":1,"item_purchase_floors":[13],"current_hp_per_floor":[51,68,47,47,47,47,29,29,29,19,19,21,21,23,23,18,62,64,42,42,7,7,31,0,0],"gold":158,"neow_bonus":"BOSS_RELIC","is_daily":false,"chose_seed":false,"campfire_upgraded":3,"win_rate":0.0,"timestamp":1613813392,"path_taken":["M","?","?","?","M","R","E","M","T","E","R","M","$","E","R","BOSS","M","M","?","M","?","R","E"],"items_purchased_type":["Card"],"build_version":"2020-12-22","purchased_purges":0,"victory":false,"max_hp_per_floor":[71,71,71,71,71,71,71,71,71,73,73,75,75,77,77,77,77,79,79,79,79,81,81,81,81],"relic_stats":{"Singing Bowl":10,"counters":[13,49],"Snecko Eye":[80,77,85,87],"Pandora\u0027s Box":["Redo","Loop","Rebound","Capacitor","Reprogram","Echo Form","Buffer","Rainbow"],"obtain_stats":[{"Lantern":9,"Matryoshka":7,"Singing Bowl":9,"Snecko Eye":0,"Pandora\u0027s Box":17,"Cracked Core":0,"Akabeko":10,"InkBottle":14},{"Lantern":4,"Matryoshka":3,"Singing Bowl":4,"Snecko Eye":0,"Pandora\u0027s Box":8,"Cracked Core":0,"Akabeko":5,"InkBottle":7},{"Lantern":17,"Matryoshka":14,"Singing Bowl":17,"Snecko Eye":0,"Pandora\u0027s Box":34,"Cracked Core":0,"Akabeko":22,"InkBottle":28}],"InkBottle":[7]},"card_choices":[{"not_picked":["Steam","Leap"],"picked":"Melter","floor":1},{"not_picked":["Go for the Eyes","Cold Snap"],"picked":"Rainbow","floor":5},{"not_picked":["Redo","Blizzard"],"picked":"Doom and Gloom","floor":7},{"not_picked":["Chill","Redo","FTL"],"picked":"SKIP","floor":8},{"not_picked":["Compile Driver","Chill","Double Energy"],"picked":"Singing Bowl","floor":10},{"not_picked":["Blizzard","Auto Shields","White Noise"],"picked":"Singing Bowl","floor":12},{"not_picked":["Chill","Skim","Beam Cell"],"picked":"Singing Bowl","floor":14},{"not_picked":["Rainbow","Machine Learning"],"picked":"Core Surge","floor":16},{"not_picked":["Go for the Eyes","Cold Snap","Scrape"],"picked":"Singing Bowl","floor":18},{"not_picked":["Leap","Sweeping Beam"],"picked":"Recycle+1","floor":19},{"not_picked":["Consume+1","Hologram"],"picked":"Force Field","floor":21},{"not_picked":["Coolheaded","Cold Snap","Melter"],"picked":"Singing Bowl","floor":22}],"player_experience":1988399,"relics_obtained":[{"floor":7,"key":"Matryoshka"},{"floor":9,"key":"Lantern"},{"floor":9,"key":"Singing Bowl"},{"floor":10,"key":"Akabeko"},{"floor":14,"key":"InkBottle"}],"event_choices":[{"damage_healed":17,"gold_gain":0,"player_choice":"Healed","damage_taken":0,"max_hp_gain":0,"max_hp_loss":0,"event_name":"The Cleric","floor":2,"gold_loss":35},{"damage_healed":0,"gold_gain":0,"player_choice":"Entered Light","damage_taken":21,"max_hp_gain":0,"max_hp_loss":0,"event_name":"Shining Light","floor":3,"gold_loss":0,"cards_upgraded":["Defend_B","Defend_B"]},{"damage_healed":0,"gold_gain":0,"player_choice":"Ignored","damage_taken":0,"max_hp_gain":0,"max_hp_loss":0,"event_name":"Liars Game","floor":4,"gold_loss":0},{"damage_healed":0,"gold_gain":0,"player_choice":"Bet on Murderer","damage_taken":0,"max_hp_gain":0,"max_hp_loss":0,"event_name":"The Joust","floor":20,"gold_loss":50}],"is_beta":false,"boss_relics":[{"not_picked":["Tiny House","Runic Pyramid"],"picked":"Pandora\u0027s Box"}],"items_purged_floors":[],"is_endless":false,"potions_floor_spawned":[5,10,12,16,19,22],"killed_by":"Slavers","ascension_level":20}}