{"host":"onfdonezo2qmaex3","time":1613817273,"event":{"mods":["2.2 Compatiblity","AchievementEnabler","Act Like it!","Aspiration","BaseMod","Colored Powertips","Downfall","Friendly Minions","Gensokyo","Hallownest","Hermit","Highlight Path","Jorbs\u0027s Wanderer Trilogy","Marisa????????","Marked Mod","Minty Spire (QoL Compilation)","Quick Restart","Reliquary","Shop Mod","StSLib","The Disciple","The Hayseed","The Hierophant","The Marked","The Runesmith"],"gold_per_floor":[115,22,35,353,571,571,583,608,608,627,627,652,652,414,414,510,510,523,158,158,257,268,303,303,315,315,315,326,343,359,372,372,474,474,493,511,144,194,0,0,31,31,80,106,106,120,120,137,137,137,137,137,40,72,72,72],"floor_reached":55,"language":"ENG","playtime":3704,"items_purged":["hermit:Strike_Hermit","hermit:Strike_Hermit","hermit:Defend_Hermit"],"score":834,"play_id":"6dd621c2-e5e4-4074-91db-fa86945ee131","local_time":"20210220113433","is_ascension_mode":false,"campfire_choices":[{"data":"hermit:EternalForm","floor":6,"key":"SMITH"},{"data":"hermit:FlashPowder","floor":13,"key":"SMITH"},{"floor":15,"key":"REST"},{"data":"hermit:Magnum","floor":24,"key":"SMITH"},{"data":"Thinking Ahead","floor":32,"key":"SMITH"},{"floor":40,"key":"RECALL"},{"data":"hermit:FlashPowder","floor":42,"key":"SMITH"},{"data":"hermit:Magnum","floor":45,"key":"SMITH"},{"data":"hermit:FlashPowder","floor":49,"key":"SMITH"},{"data":"hermit:Manifest","floor":52,"key":"SMITH"}],"circlet_count":0,"master_deck":["hermit:Strike_Hermit+1","hermit:Strike_Hermit","hermit:Defend_Hermit","hermit:Defend_Hermit","hermit:Defend_Hermit","hermit:Snapshot","hermit:Covet","hermit:FlashPowder+1","hermit:EternalForm+1","hermit:Misfire","hermit:FinalCanter","hermit:FatalDesire+1","hermit:FlashPowder+1","hermit:Roughhouse","hermit:Magnum+1","hermit:Deadeye","Thinking Ahead+1","hermit:Grudge","hermit:Dive+1","hermit:FlashPowder+1","Injury","hermit:Magnum+1","hermit:Manifest+1","hermit:Manifest+1","hermit:Gambit","hermit:Brawl+1","hermit:NoHoldsBarred","Panache","hermit:Roulette+1","downfall:Icky","hermit:WideOpen+1","Decay","hermit:Roughhouse"],"relics":["hermit:Momento","FossilizedHelix","Blood Vial","reliquary:Buckler","Cursed Key","aspiration:Stabinomicon","aspiration:PoetsPen_weak","WingedGreaves","Red Mask","reliquary:TatteredRug","reliquary:PartyBalloon","Centennial Puzzle","Bag of Marbles"],"acts_visited":["Gensokyo:Gensokyo","TheCity","TheBeyond","TheEnding"],"potions_floor_usage":[10,12,12,23,31,50,55,55],"damage_taken":[{"damage":2,"enemies":"Gensokyo:Gryphon","floor":1,"turns":3},{"damage":6,"enemies":"Gensokyo:3_Fairies","floor":3,"turns":6},{"damage":10,"enemies":"Gensokyo:Python","floor":4,"turns":6},{"damage":3,"enemies":"Gensokyo:2_Rabbits","floor":5,"turns":4},{"damage":3,"enemies":"Gensokyo:VengefulSpirit","floor":7,"turns":4},{"damage":47,"enemies":"Gensokyo:Mamizou","floor":8,"turns":10},{"damage":0,"enemies":"Gensokyo:CorruptedTreant","floor":10,"turns":3},{"damage":7,"enemies":"Gensokyo:Cirno","floor":12,"turns":9},{"damage":0,"enemies":"Gensokyo:Reimu","floor":16,"turns":7},{"damage":0,"enemies":"2 Thieves","floor":18,"turns":3},{"damage":2,"enemies":"Shell Parasite","floor":22,"turns":4},{"damage":2,"enemies":"Book of Stabbing","floor":23,"turns":4},{"damage":9,"enemies":"Shelled Parasite and Fungi","floor":25,"turns":4},{"damage":0,"enemies":"3 Cultists","floor":28,"turns":5},{"damage":14,"enemies":"Snake Plant","floor":29,"turns":2},{"damage":0,"enemies":"Cultist and Chosen","floor":30,"turns":6},{"damage":0,"enemies":"3 Cultists","floor":31,"turns":4},{"damage":2,"enemies":"Champ","floor":33,"turns":5},{"damage":0,"enemies":"3 Darklings","floor":35,"turns":6},{"damage":13,"enemies":"3 Shapes","floor":36,"turns":4},{"damage":0,"enemies":"Mind Bloom Boss Battle","floor":38,"turns":5},{"damage":0,"enemies":"Giant Head","floor":41,"turns":4},{"damage":0,"enemies":"Nemesis","floor":44,"turns":5},{"damage":11,"enemies":"Maw","floor":46,"turns":5},{"damage":0,"enemies":"3 Darklings","floor":48,"turns":4},{"damage":8,"enemies":"Time Eater","floor":50,"turns":5},{"damage":27,"enemies":"Shield and Spear","floor":54,"turns":4},{"damage":78,"enemies":"The Heart","floor":55,"turns":5}],"seed_played":"4915581470873768684","potions_obtained":[{"floor":1,"key":"Dexterity Potion"},{"floor":4,"key":"Strength Potion"},{"floor":8,"key":"Slimebound:ThreeZeroPotion"},{"floor":16,"key":"SkillPotion"},{"floor":23,"key":"Regen Potion"},{"floor":30,"key":"Slimebound:ThreeZeroPotion"},{"floor":31,"key":"CultistPotion"},{"floor":35,"key":"FearPotion"}],"is_trial":false,"path_per_floor":["M","COS","M","M","M","R","M","E","T","M","?","E","R","$","R","B",null,"M","$","?","?","M","E","R","M","T","?","M","M","M","M","R","B",null,"M","M","$","?","?","R","E","R","T","E","R","M","?","M","R","B",null,"R","$","E","B"],"character_chosen":"HERMIT","items_purchased":["hermit:Roughhouse","Thinking Ahead","hermit:Grudge","hermit:NoHoldsBarred","Panache","hermit:Eclipse"],"campfire_rested":1,"item_purchase_floors":[14,19,19,37,37,53],"current_hp_per_floor":[80,80,74,64,61,61,58,11,11,13,21,16,16,16,40,42,82,82,82,66,66,66,66,66,59,59,59,61,49,51,65,65,65,87,87,74,74,76,76,76,78,78,78,80,80,71,71,73,73,67,87,87,87,60,0,0],"gold":72,"neow_bonus":"TEN_PERCENT_HP_BONUS","is_daily":false,"chose_seed":false,"campfire_upgraded":8,"win_rate":0.0,"timestamp":1613817273,"path_taken":["M","COS","M","M","M","R","M","E","T","M","?","E","R","?","R","BOSS","M","$","?","?","M","E","R","M","T","?","?","M","M","M","R","BOSS","M","M","$","?","?","R","E","R","T","E","R","?","?","?","R","BOSS","R","$","E","BOSS"],"items_purchased_type":["Card","Card","Card","Card","Card","Potion"],"build_version":"2020-12-22","purchased_purges":3,"victory":false,"max_hp_per_floor":[82,82,82,82,82,82,82,82,82,82,82,82,82,82,82,82,82,82,82,87,87,87,87,87,87,87,87,87,87,87,87,87,87,87,87,87,87,87,87,87,87,87,87,87,87,87,87,87,87,87,87,87,87,87,87,87],"card_choices":[{"not_picked":["hermit:Vantage","hermit:Headshot","hermit:EyeOfTheStorm"],"picked":"SKIP","floor":1},{"not_picked":["hermit:LoneWolf","hermit:Horror"],"picked":"hermit:FlashPowder","floor":3},{"not_picked":["hermit:DeadOrAlive","hermit:HighNoon"],"picked":"hermit:EternalForm","floor":4},{"not_picked":["hermit:Quickdraw","hermit:LowProfile"],"picked":"hermit:Misfire","floor":4},{"not_picked":["hermit:Coalescence","hermit:BodyArmor"],"picked":"hermit:FinalCanter","floor":5},{"not_picked":["hermit:Vantage","hermit:Feint","hermit:TrackingShot"],"picked":"SKIP","floor":7},{"not_picked":["hermit:CursedWeapon","hermit:Headshot"],"picked":"hermit:FatalDesire","floor":8},{"not_picked":["hermit:Determination","hermit:Snipe"],"picked":"hermit:FlashPowder","floor":10},{"not_picked":["hermit:CursedWeapon","hermit:Coalescence","hermit:LowProfile"],"picked":"SKIP","floor":12},{"not_picked":["hermit:OverwhelmingPower","hermit:Gambit"],"picked":"hermit:Magnum","floor":16},{"not_picked":["hermit:Combo","hermit:Glare"],"picked":"hermit:Deadeye","floor":18},{"not_picked":["hermit:Horror","hermit:Scavenge+1"],"picked":"hermit:Dive+1","floor":22},{"not_picked":["hermit:HighCaliber+1","hermit:Ricochet","hermit:Coalescence"],"picked":"SKIP","floor":23},{"not_picked":["hermit:Headshot+1","hermit:HighCaliber+1"],"picked":"hermit:FlashPowder","floor":25},{"not_picked":["hermit:LowProfile+1","hermit:TakeCover+1"],"picked":"hermit:Manifest","floor":28},{"not_picked":["hermit:Headshot","hermit:Quickdraw","hermit:LoneWolf"],"picked":"SKIP","floor":29},{"not_picked":["hermit:Quickdraw+1","hermit:Coalescence","hermit:FatalDesire"],"picked":"SKIP","floor":30},{"not_picked":["hermit:ItchyTrigger","hermit:Ricochet+1"],"picked":"hermit:Manifest+1","floor":31},{"not_picked":["hermit:HighNoon","hermit:DeadOrAlive"],"picked":"hermit:Gambit","floor":33},{"not_picked":["hermit:PistolWhip","hermit:SprayPray"],"picked":"hermit:Brawl+1","floor":35},{"not_picked":["hermit:HighCaliber","hermit:Desperado+1","hermit:Horror+1"],"picked":"SKIP","floor":36},{"not_picked":["hermit:Vantage","hermit:Grudge+1"],"picked":"hermit:Roulette+1","floor":38},{"not_picked":["hermit:Manifest","hermit:CursedWeapon+1","hermit:HighCaliber"],"picked":"SKIP","floor":41},{"not_picked":["hermit:TakeCover","hermit:LoneWolf+1","hermit:Grudge"],"picked":"SKIP","floor":44},{"not_picked":["hermit:Midnight","hermit:HoleUp+1"],"picked":"hermit:WideOpen+1","floor":46},{"not_picked":["hermit:Determination","hermit:TrackingShot+1"],"picked":"hermit:Roughhouse","floor":48},{"not_picked":["hermit:Coalescence+1","hermit:CalledShot+1","hermit:Misfire"],"picked":"SKIP","floor":54}],"player_experience":215300,"relics_obtained":[{"floor":8,"key":"FossilizedHelix"},{"floor":9,"key":"Blood Vial"},{"floor":12,"key":"reliquary:Buckler"},{"floor":23,"key":"aspiration:Stabinomicon"},{"floor":38,"key":"WingedGreaves"},{"floor":41,"key":"reliquary:TatteredRug"},{"floor":43,"key":"reliquary:PartyBalloon"},{"floor":44,"key":"Centennial Puzzle"},{"floor":54,"key":"Bag of Marbles"}],"event_choices":[{"damage_healed":0,"gold_gain":0,"player_choice":"Shed Blood","damage_taken":21,"max_hp_gain":5,"max_hp_loss":0,"event_name":"Forgotten Altar","floor":20,"gold_loss":0},{"damage_healed":0,"gold_gain":99,"player_choice":"Stole From Cult","damage_taken":0,"max_hp_gain":0,"max_hp_loss":0,"event_name":"Nest","floor":21,"gold_loss":0},{"damage_healed":0,"gold_gain":0,"player_choice":"1 cards matched","damage_taken":0,"max_hp_gain":0,"max_hp_loss":0,"event_name":"Match and Keep!","floor":27,"gold_loss":0,"cards_obtained":["hermit:Magnum"]},{"damage_healed":0,"gold_gain":0,"player_choice":"Fight","damage_taken":0,"max_hp_gain":0,"max_hp_loss":0,"event_name":"MindBloom","floor":38,"gold_loss":0},{"damage_healed":0,"gold_gain":0,"player_choice":"Paid","damage_taken":0,"relics_obtained":["Red Mask"],"max_hp_gain":0,"max_hp_loss":0,"event_name":"Tomb of Lord Red Mask","floor":39,"gold_loss":194},{"damage_healed":0,"gold_gain":0,"player_choice":"Cursed","damage_taken":0,"max_hp_gain":0,"max_hp_loss":0,"event_name":"Wheel of Change","floor":47,"gold_loss":0,"cards_obtained":["Decay"]}],"is_beta":false,"boss_relics":[{"not_picked":["reliquary:Craggleroot","Ectoplasm"],"picked":"Cursed Key"},{"not_picked":["aspiration:SecretTechniqueScroll","reliquary:RedCape"],"picked":"aspiration:PoetsPen_weak"}],"items_purged_floors":[14,19,37],"is_endless":false,"potions_floor_spawned":[1,4,8,16,23,30,31,35,38],"killed_by":"The Heart","ascension_level":0}}