{"host":"f5gffvlv6a66yqkd","time":1613794562,"event":{"mods":["2.2 Compatiblity","BaseMod","Colored Map","Custom Start","DeckTracker","Keyboard Shortcuts","Minty Spire (QoL Compilation)","Permanent Neow","Quick Restart","Relic Stats","StSLib","SuperFastMode"],"gold_per_floor":[114,131,131,281,281,281,40,40,40,40,58,69,81,99,99,99,99],"floor_reached":16,"language":"KOR","playtime":228,"items_purged":["Doubt"],"score":184,"play_id":"f3000fd8-8fac-4737-87f8-ac0493e2d42e","local_time":"20210220131602","is_ascension_mode":true,"campfire_choices":[{"floor":6,"key":"REST"},{"data":"Eruption","floor":10,"key":"SMITH"},{"data":"BowlingBash","floor":15,"key":"SMITH"}],"circlet_count":0,"master_deck":["AscendersBane","Strike_P","Strike_P","Strike_P+1","Strike_P","Defend_P+1","Defend_P","Defend_P","Defend_P","Eruption+1","Vigilance+1","Judgement","EmptyFist+1","Halt","BowlingBash+1","JustLucky"],"relics":["PureWater","War Paint","Medical Kit","Shuriken"],"acts_visited":["Exordium"],"potions_floor_usage":[16],"damage_taken":[{"damage":1,"enemies":"2 Louse","floor":1,"turns":2},{"damage":10,"enemies":"Small Slimes","floor":2,"turns":4},{"damage":7,"enemies":"Jaw Worm","floor":11,"turns":2},{"damage":0,"enemies":"Looter","floor":12,"turns":2},{"damage":0,"enemies":"Exordium Wildlife","floor":13,"turns":2},{"damage":8,"enemies":"Large Slime","floor":14,"turns":3},{"damage":9,"enemies":"Hexaghost","floor":16,"turns":9}],"seed_played":"1404048345498820865","potions_obtained":[{"floor":2,"key":"Strength Potion"}],"is_trial":false,"path_per_floor":["M","M","?","?","?","R","$","?","T","R","M","M","M","M","R","B"],"character_chosen":"WATCHER","items_purchased":["Medical Kit"],"campfire_rested":1,"item_purchase_floors":[7],"current_hp_per_floor":[60,50,32,32,12,32,32,37,37,37,30,30,30,22,22,13,13],"gold":99,"neow_bonus":"ONE_RANDOM_RARE_CARD","is_daily":false,"chose_seed":false,"campfire_upgraded":2,"win_rate":0.0,"timestamp":1613794562,"path_taken":["M","M","?","?","?","R","$","?","T","R","M","M","M","M","R","BOSS"],"items_purchased_type":["Relic"],"build_version":"2020-12-22","purchased_purges":1,"victory":false,"max_hp_per_floor":[68,68,68,68,68,68,68,73,73,73,73,73,73,73,73,73,73],"relic_stats":{"counters":[7,24],"Shuriken":[3],"War Paint":["Vigilance","Defend_P"],"Medical Kit":[4],"obtain_stats":[{"Shuriken":9,"PureWater":0,"War Paint":3,"Medical Kit":7},{"Shuriken":2,"PureWater":0,"War Paint":2,"Medical Kit":2},{"Shuriken":6,"PureWater":0,"War Paint":6,"Medical Kit":6}]},"card_choices":[{"not_picked":["Indignation","PathToVictory"],"picked":"EmptyFist","floor":1},{"not_picked":["Study","EmptyFist","Protect"],"picked":"SKIP","floor":2},{"not_picked":["ThirdEye","CrushJoints"],"picked":"Halt","floor":11},{"not_picked":["Vengeance","Prostrate"],"picked":"BowlingBash","floor":12},{"not_picked":["Halt","Collect","Sanctity"],"picked":"SKIP","floor":13},{"not_picked":["EmptyMind","ConjureBlade"],"picked":"JustLucky","floor":14}],"player_experience":1525667,"relics_obtained":[{"floor":9,"key":"Shuriken"}],"event_choices":[{"damage_healed":0,"gold_gain":0,"player_choice":"Success","damage_taken":18,"relics_obtained":["War Paint"],"max_hp_gain":0,"max_hp_loss":0,"event_name":"Scrap Ooze","floor":3,"gold_loss":0},{"damage_healed":0,"gold_gain":150,"player_choice":"AGREE","damage_taken":0,"max_hp_gain":0,"max_hp_loss":0,"event_name":"Liars Game","floor":4,"gold_loss":0,"cards_obtained":["Doubt"]},{"damage_healed":0,"gold_gain":0,"player_choice":"Entered Light","damage_taken":20,"max_hp_gain":0,"max_hp_loss":0,"event_name":"Shining Light","floor":5,"gold_loss":0,"cards_upgraded":["Strike_P","EmptyFist"]},{"damage_healed":0,"gold_gain":0,"player_choice":"Donut","damage_taken":0,"max_hp_gain":5,"max_hp_loss":0,"event_name":"Big Fish","floor":8,"gold_loss":0}],"is_beta":false,"boss_relics":[],"items_purged_floors":[7],"is_endless":false,"potions_floor_spawned":[2],"killed_by":"Hexaghost","ascension_level":20}}