{"host":"qc1sjgtdjonvdsd8","time":1613808914,"event":{"mods":["BaseMod","Colored Map","Colored Powertips","Curses Come First","Minty Spire (QoL Compilation)","Replay The Spire","StSLib"],"gold_per_floor":[114,127,127,52,65,97,97,109,109,125,139,139,139,139,139,158,158,257,257,271,271,271,53,67,67,93,93,93,93,105,120,60,73,73,176,176,191,207,64,77,95,130,141,167,167,167,167,182,182,236,236,236],"floor_reached":53,"language":"ENG","playtime":5490,"items_purged":["Strike_G","Strike_G"],"score":983,"play_id":"1dc4faab-126a-49af-9357-6e9803a64c6b","local_time":"20210220001514","is_ascension_mode":true,"campfire_choices":[{"data":"Blade Dance","floor":7,"key":"SMITH"},{"floor":15,"key":"REST"},{"floor":17,"key":"REST"},{"data":"Calculated Gamble","floor":25,"key":"SMITH"},{"data":"Hidden Blade","floor":27,"key":"SMITH"},{"data":"Envenom","floor":29,"key":"SMITH"},{"floor":34,"key":"REST"},{"data":"1","floor":47,"key":"LIFT"},{"floor":51,"key":"REST"}],"circlet_count":0,"master_deck":["Defend_G","Defend_G","Defend_G","Defend_G","Defend_G","Survivor","Neutralize","Quick Slash","Blade Dance+1","Dodge and Roll","PiercingWail","Footwork+1","Envenom+1","Calculated Gamble+1","Hidden Blade+1","Replay:Bag of Tricks","Concentrate","ReplayTheSpireMod:The Works","Die Die Die","Finesse","Expertise+1","ReplayTheSpireMod:Scrap Shanks","Catalyst+1","Leg Sweep+1","Escape Plan","Prepared","Unload","Caltrops","Escape Plan+1","Adrenaline+1","CurseOfTheBell","Adrenaline+1","Acrobatics","Backflip+1","Prepared+1","ReplayTheSpireMod:Splinters"],"relics":["Ring of the Snake","NeowsBlessing","Replay:Wax Seal","Replay:Rubber Ducky","Replay:Grab Bag","Sozu","Philosopher\u0027s Stone","HoveringKite","Gambling Chip","Singing Bowl","Calling Bell","Nunchaku","Girya","Replay:Bottled Eggs","Gremlin Food","Happy Flower","Unceasing Top"],"acts_visited":["Exordium","TheCity","TheBeyond"],"potions_floor_usage":[18,18],"damage_taken":[{"damage":0,"enemies":"Jaw Worm","floor":1,"turns":1},{"damage":0,"enemies":"Cultist","floor":2,"turns":1},{"damage":0,"enemies":"Small Slimes","floor":5,"turns":1},{"damage":39,"enemies":"Gremlin Nob","floor":6,"turns":5},{"damage":3,"enemies":"Looter","floor":8,"turns":4},{"damage":16,"enemies":"Exordium Thugs","floor":10,"turns":5},{"damage":1,"enemies":"Red Slaver","floor":11,"turns":3},{"damage":0,"enemies":"Blue Slaver","floor":16,"turns":4},{"damage":16,"enemies":"Hexaghost","floor":18,"turns":10},{"damage":2,"enemies":"Chosen","floor":20,"turns":5},{"damage":0,"enemies":"3 Byrds","floor":24,"turns":3},{"damage":32,"enemies":"Slavers","floor":26,"turns":5},{"damage":9,"enemies":"Snake Plant","floor":30,"turns":4},{"damage":10,"enemies":"Centurion and Healer","floor":31,"turns":5},{"damage":0,"enemies":"3 Cultists","floor":33,"turns":3},{"damage":19,"enemies":"Champ","floor":35,"turns":6},{"damage":0,"enemies":"3 Darklings","floor":37,"turns":6},{"damage":1,"enemies":"3 Shapes","floor":38,"turns":3},{"damage":0,"enemies":"Maw","floor":40,"turns":7},{"damage":0,"enemies":"Transient","floor":41,"turns":5},{"damage":9,"enemies":"R_Hoarder","floor":42,"turns":5},{"damage":0,"enemies":"Jaw Worm Horde","floor":43,"turns":1},{"damage":0,"enemies":"Nemesis","floor":44,"turns":3},{"damage":0,"enemies":"3 Darklings","floor":48,"turns":1},{"damage":20,"enemies":"Awakened One","floor":52,"turns":7}],"seed_played":"-7088855114877345554","potions_obtained":[{"floor":1,"key":"Elixir"},{"floor":10,"key":"BlessingOfTheForge"},{"floor":16,"key":"Swift Potion"}],"is_trial":false,"path_per_floor":["M","M","?","$","M","E","R","M","T","M","M","?","PTL","PTL","R","M","R","B",null,"M","?","?","$","M","R","E","R","T","R","M","M","?","M","R","B",null,"M","M","$","M","M","E","M","E","T","?","R","M","T","?","R","B",null],"character_chosen":"THE_SILENT","items_purchased":["Expertise+1","ReplayTheSpireMod:Scrap Shanks","Adrenaline"],"campfire_rested":4,"item_purchase_floors":[23,23,39],"current_hp_per_floor":[70,70,70,70,70,31,31,28,28,12,11,4,4,4,25,25,46,30,60,58,58,58,58,58,58,26,26,26,26,17,7,7,7,28,9,55,57,58,58,60,60,53,53,53,53,53,53,55,55,57,81,61],"gold":236,"neow_bonus":"THREE_ENEMY_KILL","is_daily":false,"chose_seed":false,"campfire_upgraded":4,"win_rate":0.0,"timestamp":1613808914,"path_taken":["M","M","?","$","?","E","R","M","T","M","M","?","PTL","PTL","R","M","R","BOSS","M","?","?","$","M","R","E","R","T","R","M","?","?","?","R","BOSS","M","M","$","M","M","E","M","E","T","?","R","M","?","?","R","BOSS"],"items_purchased_type":["Card","Card","Card"],"build_version":"2020-12-22","purchased_purges":2,"victory":true,"max_hp_per_floor":[70,70,70,70,70,70,70,70,70,70,70,70,70,70,70,70,70,70,70,70,70,70,70,70,70,70,70,70,70,70,70,70,70,70,70,70,72,74,74,76,76,78,78,78,78,78,78,80,80,82,82,82],"card_choices":[{"not_picked":["Expertise","Predator"],"picked":"Quick Slash","floor":1},{"not_picked":["Bane","Fluid Movement"],"picked":"Blade Dance","floor":2},{"not_picked":["Well Laid Plans","Riddle With Holes"],"picked":"PiercingWail","floor":5},{"not_picked":["Slice","Infinite Blades"],"picked":"Footwork","floor":6},{"not_picked":["PiercingWail","Hidden Blade"],"picked":"Envenom","floor":8},{"not_picked":["Blur","Cloak And Dagger"],"picked":"Calculated Gamble","floor":10},{"not_picked":["Deflect","Glass Knife","Dagger Throw"],"picked":"SKIP","floor":11},{"not_picked":["Blade Dance","Noxious Fumes"],"picked":"Hidden Blade","floor":16},{"not_picked":["Corpse Explosion","ReplayTheSpireMod:From All Sides"],"picked":"Replay:Bag of Tricks","floor":18},{"not_picked":["Deflect","Fluid Movement+1"],"picked":"Concentrate","floor":20},{"not_picked":["Quick Slash","Flying Knee"],"picked":"Catalyst+1","floor":24},{"not_picked":["Distraction+1","Dagger Throw"],"picked":"Leg Sweep+1","floor":26},{"not_picked":["Outmaneuver","Poison Darts"],"picked":"Escape Plan","floor":30},{"not_picked":["Predator","PiercingWail"],"picked":"Prepared","floor":31},{"not_picked":["Slice","Poisoned Stab"],"picked":"Escape Plan+1","floor":33},{"not_picked":["Replay:Bag of Tricks","Storm of Steel"],"picked":"Adrenaline","floor":35},{"not_picked":["Slice+1","Cloak And Dagger","Poisoned Stab"],"picked":"Singing Bowl","floor":37},{"not_picked":["Sucker Punch","Dagger Throw","PiercingWail"],"picked":"Singing Bowl","floor":38},{"not_picked":["PiercingWail+1","Bouncing Flask","Concentrate+1"],"picked":"Singing Bowl","floor":40},{"not_picked":["Prepared+1","Underhanded Strike+1"],"picked":"Acrobatics","floor":41},{"not_picked":["Venomology","Caltrops+1","Catalyst+1"],"picked":"Singing Bowl","floor":42},{"not_picked":["Deflect+1","Cloak And Dagger+1"],"picked":"Backflip+1","floor":43},{"not_picked":["Sucker Punch","Setup"],"picked":"Prepared+1","floor":44},{"not_picked":["Well Laid Plans+1","Deadly Poison+1","Predator"],"picked":"Singing Bowl","floor":48},{"not_picked":["Dagger Throw+1","ReplayTheSpireMod:Exploit Weakness","Flying Knee+1"],"picked":"Singing Bowl","floor":50}],"player_experience":322373,"relics_obtained":[{"floor":6,"key":"Replay:Wax Seal"},{"floor":9,"key":"Replay:Rubber Ducky"},{"floor":26,"key":"Gambling Chip"},{"floor":28,"key":"Singing Bowl"},{"floor":36,"key":"Nunchaku"},{"floor":36,"key":"Girya"},{"floor":36,"key":"Replay:Bottled Eggs"},{"floor":42,"key":"Gremlin Food"},{"floor":44,"key":"Happy Flower"},{"floor":49,"key":"Unceasing Top"}],"event_choices":[{"damage_healed":0,"gold_gain":0,"player_choice":"1 cards matched","damage_taken":0,"max_hp_gain":0,"max_hp_loss":0,"event_name":"Match and Keep!","floor":3,"gold_loss":0,"cards_obtained":["Dodge and Roll"]},{"cards_removed":["Strike_G"],"damage_healed":0,"gold_gain":0,"player_choice":"Card Removal","damage_taken":7,"max_hp_gain":0,"max_hp_loss":0,"event_name":"Golden Wing","floor":12,"gold_loss":0},{"damage_healed":0,"gold_gain":0,"player_choice":"Read","damage_taken":0,"max_hp_gain":0,"max_hp_loss":0,"event_name":"The Library","floor":21,"gold_loss":0,"cards_obtained":["ReplayTheSpireMod:The Works"]},{"damage_healed":0,"gold_gain":0,"player_choice":"2 cards matched","damage_taken":0,"max_hp_gain":0,"max_hp_loss":0,"event_name":"Match and Keep!","floor":22,"gold_loss":0,"cards_obtained":["Die Die Die","Finesse"]},{"damage_healed":0,"gold_gain":0,"cards_transformed":["Strike_G","Strike_G"],"player_choice":"Transformed Cards","damage_taken":0,"max_hp_gain":0,"max_hp_loss":0,"event_name":"Designer","floor":32,"gold_loss":60,"cards_obtained":["Unload","Caltrops"]},{"damage_healed":0,"gold_gain":0,"player_choice":"Ignored","damage_taken":0,"max_hp_gain":0,"max_hp_loss":0,"event_name":"Tomb of Lord Red Mask","floor":46,"gold_loss":0}],"is_beta":false,"boss_relics":[{"not_picked":["Painkiller Herb","Replay:Bronze Core"],"picked":"Replay:Grab Bag"},{"not_picked":["Abe\u0027s Treasure","Busted Crown"],"picked":"Sozu"},{"not_picked":["Coffee Dripper","Replay:Wanted Poster"],"picked":"Philosopher\u0027s Stone"},{"not_picked":["Snecko Heart","Ring of Chaos"],"picked":"HoveringKite"},{"not_picked":["Replay:Ancient Bell","Snecko Eye"],"picked":"Calling Bell"}],"items_purged_floors":[4,23],"is_endless":false,"potions_floor_spawned":[1,10,16,24,26,30,38,40,41,44,48],"ascension_level":5}}