{"host":"zkqorkqsr6o67e8b","time":1613786922,"event":{"mods":["Act Like it!","BaseMod","Minty Spire (QoL Compilation)","Quick Restart","Ring Of Destiny","StSLib","Waifu the Spire","¡¾ÒÅÎï¿¨ÅÆ¡¿REMEMod"],"gold_per_floor":[116,291,134,153,153,181,181,206,206,224,224,241,241,257,257,360,360,375,57,76,94,108,134,34,34,81,81,181,214,214,313,313,313,313],"floor_reached":33,"language":"ZHS","playtime":1533,"items_purged":["Doubt","RingOfDestiny:Strike_MB"],"score":318,"play_id":"d2471a6c-4e11-493b-99bd-030401d815b2","local_time":"20210220100842","is_ascension_mode":false,"campfire_choices":[{"data":"RingOfDestiny:VolleyBullet","floor":7.0,"key":"SMITH"},{"data":"RingOfDestiny:RestraintRing","floor":11,"key":"SMITH"},{"data":"RingOfDestiny:NimbleShield","floor":13,"key":"SMITH"},{"data":"RingOfDestiny:GrowBullet","floor":15,"key":"SMITH"},{"data":"RingOfDestiny:RestraintRing","floor":30,"key":"SMITH"},{"data":"RingOfDestiny:RestraintRing","floor":32,"key":"SMITH"}],"circlet_count":0,"master_deck":["RingOfDestiny:Defend_MB","RingOfDestiny:Strike_MB","RingOfDestiny:DeathLeakage","RingOfDestiny:DeathLeakage","RingOfDestiny:DarkShield","RingOfDestiny:GrowBullet+1","RingOfDestiny:RestraintRing+1","RingOfDestiny:InnerFocus","RingOfDestiny:VolleyBullet+1","RingOfDestiny:TrackingBullet","RingOfDestiny:NimbleShield+1","RingOfDestiny:RiteOfOrigin","RingOfDestiny:RestraintRing+1","RingOfDestiny:RestraintRing+1","RingOfDestiny:SleepingBullet+1","RingOfDestiny:TrackingBullet+1","RingOfDestiny:QuickDraw+1"],"relics":["RingOfDestiny:Flintlock","REME_ComplimentaryCards","NeowsBlessing","Kunai","Matryoshka","Sundial","SlaversCollar","Molten Egg 2","Toxic Egg 2","Nilry\u0027s Codex","Question Card","RingOfDestiny:LeatherShoes","Du-Vu Doll","Frozen Egg 2","Smiling Mask"],"acts_visited":["Exordium","TheCity"],"potions_floor_usage":[28,28],"damage_taken":[{"damage":0.0,"enemies":"Small Slimes","floor":1.0,"turns":1.0},{"damage":0.0,"enemies":"Cultist","floor":4.0,"turns":1.0},{"damage":0.0,"enemies":"3 Sentries","floor":6.0,"turns":1.0},{"damage":19,"enemies":"Lagavulin","floor":8,"turns":8},{"damage":0,"enemies":"2 Louse","floor":10,"turns":2},{"damage":1,"enemies":"Looter","floor":12,"turns":3},{"damage":16,"enemies":"Large Slime","floor":14,"turns":6},{"damage":36,"enemies":"Slime Boss","floor":16,"turns":12},{"damage":20,"enemies":"Spheric Guardian","floor":18,"turns":5},{"damage":8,"enemies":"Shell Parasite","floor":20,"turns":6},{"damage":14,"enemies":"Shelled Parasite and Fungi","floor":21,"turns":4},{"damage":3,"enemies":"Cultist and Chosen","floor":22,"turns":7},{"damage":31,"enemies":"REME_1_Revenger","floor":23,"turns":4},{"damage":2,"enemies":"Colosseum Slavers","floor":28,"turns":10},{"damage":11,"enemies":"Colosseum Nobs","floor":28,"turns":5},{"damage":5,"enemies":"Book of Stabbing","floor":29,"turns":6},{"damage":52,"enemies":"Collector","floor":33,"turns":6}],"seed_played":"-2987535382662272208","potions_obtained":[{"floor":4.0,"key":"ColorlessPotion"},{"floor":6.0,"key":"SmokeBomb"},{"floor":8,"key":"LiquidBronze"},{"floor":18,"key":"Regen Potion"},{"floor":21,"key":"Regen Potion"}],"is_trial":false,"path_per_floor":["M","?","$","M","?","E","R","E","T","M","R","M","R","M","R","B",null,"M","$","M","M","M","E","$","?","T","?","?","E","R","?","R","B"],"character_chosen":"MagicBullet","items_purchased":["RingOfDestiny:TrackingBullet","RingOfDestiny:RestraintRing","Molten Egg 2"],"campfire_rested":0,"item_purchase_floors":[3,19,19],"current_hp_per_floor":[98,98,98,98,98,98,98,79,79,79,79,78,78,62,62,26,98,78,78,70,56,53,22,22,6,6,6,47,42,42,42,42,0,0],"gold":313,"neow_bonus":"THREE_ENEMY_KILL","is_daily":false,"chose_seed":false,"campfire_upgraded":6,"win_rate":0.0,"timestamp":1613786922,"path_taken":["M","?","$","M","?","E","R","E","T","M","R","M","R","M","R","BOSS","M","$","M","M","M","E","$","?","T","?","?","E","R","?","R","BOSS"],"items_purchased_type":["Card","Card","Relic"],"build_version":"2020-12-22","purchased_purges":2,"victory":false,"max_hp_per_floor":[98,98,98,98,98,98,98,98,98,98,98,98,98,98,98,98,98,98,98,98,98,98,98,98,98,98,98,98,98,98,98,98,98,98],"card_choices":[{"not_picked":["RingOfDestiny:TrackingBullet","RingOfDestiny:Underhand","RingOfDestiny:DarkShield"],"picked":"SKIP","floor":1.0},{"not_picked":["RingOfDestiny:BlastBullet","RingOfDestiny:DeadlyShoot","RingOfDestiny:TestBullet"],"picked":"SKIP","floor":4.0},{"not_picked":["RingOfDestiny:EtchSpirit","RingOfDestiny:SolidEtch","RingOfDestiny:DanceOfDeath"],"picked":"SKIP","floor":6.0},{"not_picked":["RingOfDestiny:QuickDraw","RingOfDestiny:BloodyLeakage","RingOfDestiny:DevilKiss"],"picked":"SKIP","floor":8},{"not_picked":["RingOfDestiny:DeathLeakage","RingOfDestiny:EtchPhantom","RingOfDestiny:LethalTwins"],"picked":"SKIP","floor":10},{"not_picked":["RingOfDestiny:DeadlyShoot","RingOfDestiny:DevilKiss","RingOfDestiny:EtchSpirit"],"picked":"SKIP","floor":12},{"not_picked":["RingOfDestiny:DeadlyShoot","RingOfDestiny:DevilKiss","RingOfDestiny:EtchSpirit"],"picked":"SKIP","floor":12},{"not_picked":["RingOfDestiny:Prelude","RingOfDestiny:BlastBullet","RingOfDestiny:DeathLeakage"],"picked":"SKIP","floor":14},{"not_picked":["RingOfDestiny:Prelude","RingOfDestiny:BlastBullet","RingOfDestiny:DeathLeakage"],"picked":"SKIP","floor":14},{"not_picked":["RingOfDestiny:BlackFuneral","RingOfDestiny:PressuredBullet"],"picked":"RingOfDestiny:RiteOfOrigin","floor":16},{"not_picked":["RingOfDestiny:DevilKiss","RingOfDestiny:DeathLeakage","RingOfDestiny:Underhand"],"picked":"SKIP","floor":18},{"not_picked":["RingOfDestiny:EtchSpirit","RingOfDestiny:EtchReflection+1"],"picked":"RingOfDestiny:RestraintRing","floor":20},{"not_picked":["RingOfDestiny:OriginBullet+1","RingOfDestiny:DevilKiss","RingOfDestiny:FlowerOfDespair"],"picked":"SKIP","floor":21},{"not_picked":["RingOfDestiny:NimbleShield","RingOfDestiny:EtchPhantom"],"picked":"RingOfDestiny:SleepingBullet+1","floor":22},{"not_picked":["RingOfDestiny:BlackFuneral+1","RingOfDestiny:Apoptosis+1"],"picked":"RingOfDestiny:TrackingBullet+1","floor":23},{"not_picked":["RingOfDestiny:OriginBullet+1","RingOfDestiny:Strafing+1","RingOfDestiny:DeathTrack+1"],"picked":"RingOfDestiny:QuickDraw+1","floor":28},{"not_picked":["RingOfDestiny:BulletZero+1","RingOfDestiny:Illusion+1","RingOfDestiny:SleepingBullet+1","RingOfDestiny:OriginBullet+1"],"picked":"SKIP","floor":29}],"player_experience":289864,"relics_obtained":[{"floor":6.0,"key":"Kunai"},{"floor":8,"key":"Matryoshka"},{"floor":9,"key":"Sundial"},{"floor":23,"key":"Toxic Egg 2"},{"floor":25,"key":"Nilry\u0027s Codex"},{"floor":26,"key":"Question Card"},{"floor":26,"key":"RingOfDestiny:LeatherShoes"},{"floor":28,"key":"Du-Vu Doll"},{"floor":28,"key":"Frozen Egg 2"},{"floor":29,"key":"Smiling Mask"}],"event_choices":[{"damage_healed":0.0,"max_hp_gain":0.0,"max_hp_loss":0.0,"gold_gain":175.0,"event_name":"Liars Game","player_choice":"AGREE","floor":2.0,"gold_loss":0.0,"damage_taken":0.0,"cards_obtained":["Doubt"]},{"damage_healed":0.0,"max_hp_gain":0.0,"max_hp_loss":0.0,"gold_gain":0.0,"cards_transformed":["RingOfDestiny:Strike_MB"],"event_name":"Transmorgrifier","player_choice":"Transformed","floor":5.0,"gold_loss":0.0,"damage_taken":0.0,"cards_obtained":["RingOfDestiny:NimbleShield"]},{"damage_healed":0,"gold_gain":0,"player_choice":"Obtained Book","damage_taken":16,"max_hp_gain":0,"max_hp_loss":0,"event_name":"Cursed Tome","floor":25,"gold_loss":0},{"damage_healed":0,"gold_gain":0,"player_choice":"Ignored","damage_taken":0,"max_hp_gain":0,"max_hp_loss":0,"event_name":"Vampires","floor":27,"gold_loss":0},{"damage_healed":0,"gold_gain":0,"player_choice":"Fight","damage_taken":0,"max_hp_gain":0,"max_hp_loss":0,"event_name":"Colosseum","floor":28,"gold_loss":0},{"damage_healed":0,"gold_gain":0,"player_choice":"Fought Nobs","damage_taken":0,"max_hp_gain":0,"max_hp_loss":0,"event_name":"Colosseum","floor":28,"gold_loss":0},{"damage_healed":0,"gold_gain":99,"player_choice":"Stole From Cult","damage_taken":0,"max_hp_gain":0,"max_hp_loss":0,"event_name":"Nest","floor":31,"gold_loss":0}],"is_beta":false,"boss_relics":[{"not_picked":["Fusion Hammer","Philosopher\u0027s Stone"],"picked":"SlaversCollar"}],"items_purged_floors":[3,24],"is_endless":false,"potions_floor_spawned":[4,6,8,16,18,20,21],"killed_by":"Collector","ascension_level":0}}