{"host":"ryfs09562e7ibkuk","time":1613849338,"event":{"mods":["BaseMod","Colored Powertips","Minty Spire (QoL Compilation)","Quick Restart","StSLib","The Bug Knight"],"gold_per_floor":[111,124,142,156,176,176,211,211,211,229,10,10,10,22,22,124,124,140,140,140,140,140,140,157,176,199,199,199],"floor_reached":27,"language":"ZHS","playtime":1434,"items_purged":["HollowMod:NailStrikeStart"],"score":165,"play_id":"4a613687-61bd-4120-82d1-1b18c8619dd6","local_time":"20210221032858","is_ascension_mode":false,"campfire_choices":[{"data":"HollowMod:MothsMistake","floor":6,"key":"SMITH"},{"data":"HollowMod:DoubleDash","floor":8,"key":"SMITH"},{"data":"HollowMod:FocusHealStart","floor":15,"key":"SMITH"},{"data":"HollowMod:DoubleDash","floor":23,"key":"SMITH"}],"circlet_count":0,"master_deck":["HollowMod:FocusHealStart+1","HollowMod:PogoStrike","HollowMod:MothsMistake+1","HollowMod:DoubleDash+1","HollowMod:Weaversong","HollowMod:DoubleDash+1","HollowMod:DashSlash","HollowMod:MothsMistake","HollowMod:CycloneSlash","HollowMod:MothsMistake","HollowMod:ChannelNail","HollowMod:BlackTendrils","HollowMod:SoulSplash"],"relics":["HollowMod:VesselMask","NeowsBlessing","Orichalcum","Gremlin Horn","Potion Belt","Thread and Needle","Pandora\u0027s Box","Juzu Bracelet","Toy Ornithopter"],"acts_visited":["Exordium","TheCity"],"potions_floor_usage":[7,16,25,27,27],"damage_taken":[{"damage":0,"enemies":"Cultist","floor":1,"turns":1},{"damage":0,"enemies":"Jaw Worm","floor":2,"turns":1},{"damage":0,"enemies":"Small Slimes","floor":3,"turns":1},{"damage":9,"enemies":"Blue Slaver","floor":4,"turns":5},{"damage":10,"enemies":"Large Slime","floor":5,"turns":8},{"damage":22,"enemies":"3 Sentries","floor":7,"turns":8},{"damage":0,"enemies":"Lots of Slimes","floor":10,"turns":5},{"damage":0,"enemies":"Blue Slaver","floor":14,"turns":5},{"damage":56,"enemies":"Hexaghost","floor":16,"turns":11},{"damage":6,"enemies":"3 Byrds","floor":18,"turns":3},{"damage":23,"enemies":"Spheric Guardian","floor":24,"turns":6},{"damage":27,"enemies":"Centurion and Healer","floor":25,"turns":4},{"damage":58,"enemies":"Slavers","floor":27,"turns":4}],"seed_played":"3606331720843294423","potions_obtained":[{"floor":1,"key":"Swift Potion"},{"floor":4,"key":"EssenceOfSteel"},{"floor":10,"key":"ColorlessPotion"},{"floor":14,"key":"SteroidPotion"},{"floor":25,"key":"EssenceOfSteel"}],"is_trial":false,"path_per_floor":["M","M","M","M","M","R","E","R","T","M","$","T","?","M","R","B",null,"M","?","?","?","?","R","M","M","T","E"],"character_chosen":"THE_BUGKNIGHT","items_purchased":["Potion Belt"],"campfire_rested":0,"item_purchase_floors":[11],"current_hp_per_floor":[75,75,75,72,72,72,56,56,56,68,68,68,61,71,71,40,75,69,69,69,69,69,69,60,33,33,0,0],"gold":199,"neow_bonus":"THREE_ENEMY_KILL","is_daily":false,"chose_seed":false,"campfire_upgraded":4,"win_rate":0.0,"timestamp":1613849338,"path_taken":["M","?","?","M","M","R","E","R","T","?","?","?","?","M","R","BOSS","M","?","?","?","?","R","M","M","T","E"],"items_purchased_type":["Relic"],"build_version":"2020-12-22","purchased_purges":1,"victory":false,"max_hp_per_floor":[75,75,75,75,75,75,75,75,75,75,75,75,75,75,75,75,75,75,75,75,75,75,75,75,75,75,75,75],"card_choices":[{"not_picked":["HollowMod:DescendingDark","HollowMod:HeavyBlow"],"picked":"HollowMod:MothsMistake","floor":1},{"not_picked":["HollowMod:WraithStrike","HollowMod:DungDefenderAura","HollowMod:NewLittleFool"],"picked":"SKIP","floor":2},{"not_picked":["HollowMod:SharpenedNail","HollowMod:PerfectDash","HollowMod:HeavyBlow"],"picked":"SKIP","floor":3},{"not_picked":["HollowMod:TaintedHusks","HollowMod:CycloneSlash"],"picked":"HollowMod:DoubleDash","floor":4},{"not_picked":["HollowMod:ShadowDash","HollowMod:NewLittleFool","HollowMod:WraithStrike"],"picked":"SKIP","floor":5},{"not_picked":["HollowMod:InfectedAttack","HollowMod:ShadowDash","HollowMod:FallenFury"],"picked":"SKIP","floor":7},{"not_picked":["HollowMod:SiblingsSouls","HollowMod:LifebloodCocoon","HollowMod:CycloneSlash"],"picked":"SKIP","floor":10},{"not_picked":["HollowMod:DescendingDark","HollowMod:WraithStrike","HollowMod:ZotesMagnificence"],"picked":"SKIP","floor":14},{"not_picked":["HollowMod:ElderbugsWisdom","HollowMod:MidwifesHunger"],"picked":"HollowMod:Weaversong","floor":16},{"not_picked":["HollowMod:InfectedAttack+1","HollowMod:FastStrike+1"],"picked":"HollowMod:MothsMistake","floor":18},{"not_picked":["HollowMod:ChannelNail","HollowMod:WraithStrike+1"],"picked":"HollowMod:SoulSplash","floor":24},{"not_picked":["HollowMod:SoulStrike","HollowMod:SharpenedShadows","HollowMod:DreamGate"],"picked":"SKIP","floor":25}],"player_experience":140568,"relics_obtained":[{"floor":7,"key":"Orichalcum"},{"floor":9,"key":"Gremlin Horn"},{"floor":12,"key":"Thread and Needle"},{"floor":26,"key":"Toy Ornithopter"}],"event_choices":[{"cards_removed":["HollowMod:QuickDashStart"],"damage_healed":0,"gold_gain":0,"player_choice":"Card Removal","damage_taken":7,"max_hp_gain":0,"max_hp_loss":0,"event_name":"Golden Wing","floor":13,"gold_loss":0},{"cards_removed":["HollowMod:ElderbugsWisdom"],"damage_healed":0,"gold_gain":0,"player_choice":"Elegance","damage_taken":0,"max_hp_gain":0,"max_hp_loss":0,"event_name":"Back to Basics","floor":19,"gold_loss":0},{"damage_healed":0,"gold_gain":0,"player_choice":"Opened","damage_taken":0,"relics_obtained":["Juzu Bracelet"],"max_hp_gain":0,"max_hp_loss":0,"event_name":"The Mausoleum","floor":20,"gold_loss":0,"cards_obtained":["Writhe"]},{"cards_removed":["Writhe"],"damage_healed":0,"gold_gain":0,"player_choice":"Took Card","damage_taken":0,"max_hp_gain":0,"max_hp_loss":0,"event_name":"NoteForYourself","floor":21,"gold_loss":0,"cards_obtained":["Defend_P"]},{"damage_healed":0,"gold_gain":0,"cards_transformed":["Defend_P","HollowMod:VengefulVoid"],"player_choice":"Became Test Subject","damage_taken":0,"max_hp_gain":0,"max_hp_loss":0,"event_name":"Drug Dealer","floor":22,"gold_loss":0,"cards_obtained":["HollowMod:ChannelNail","HollowMod:BlackTendrils"]}],"is_beta":false,"boss_relics":[{"not_picked":["Calling Bell","Astrolabe"],"picked":"Pandora\u0027s Box"}],"items_purged_floors":[11],"is_endless":false,"potions_floor_spawned":[1,4,10,14,25],"killed_by":"Slavers","ascension_level":0}}