{"host":"Kdaddybrian","time":1613794363,"event":{"mods":["AchievementEnabler","BaseMod","Bestiary","Colored Map","Colored Powertips","Minty Spire (QoL Compilation)","Potion Indicator Mod","Quick Restart","Rare Cards Sparkle","Relic Stats","StSLib","Uncapped"],"gold_per_floor":[116,127,137,137,137,137,153,192,247,62,100,100,133,88,88,183,183,203,228,251,151,151,151,169,169,193,232,232,232],"floor_reached":28,"language":"ENG","playtime":972,"items_purged":["Strike_P","Strike_P"],"score":505,"play_id":"52c64f80-ac97-459d-b8d6-53727e2f7876","local_time":"20210219231243","is_ascension_mode":true,"campfire_choices":[{"data":"Eruption","floor":6,"key":"SMITH"},{"floor":12,"key":"REST"},{"data":"LessonLearned","floor":15,"key":"SMITH"},{"floor":23,"key":"REST"},{"data":"TalkToTheHand","floor":25,"key":"SMITH"}],"circlet_count":0,"master_deck":["AscendersBane","Strike_P+1","Strike_P","Defend_P","Defend_P","Defend_P+1","Defend_P","Eruption+1","Vigilance","Consecrate","Tantrum","Tantrum+1","ClearTheMind","BowlingBash","TalkToTheHand+1","InnerPeace","InnerPeace+1","LessonLearned+1","EmptyBody","Vault","InnerPeace","Halt+1","EmptyBody","TalkToTheHand","EmptyFist"],"relics":["PureWater","NeowsBlessing","Golden Idol","Pantograph","Whetstone","PreservedInsect","FossilizedHelix","Philosopher\u0027s Stone","MealTicket","Sundial"],"acts_visited":["Exordium","TheCity"],"potions_floor_usage":[16],"damage_taken":[{"damage":0,"enemies":"Jaw Worm","floor":1,"turns":1},{"damage":0,"enemies":"Small Slimes","floor":2,"turns":1},{"damage":0,"enemies":"Cultist","floor":3,"turns":1},{"damage":12,"enemies":"Looter","floor":7,"turns":3},{"damage":0,"enemies":"Gremlin Nob","floor":8,"turns":2},{"damage":15,"enemies":"3 Sentries","floor":11,"turns":5},{"damage":0,"enemies":"Gremlin Nob","floor":13,"turns":2},{"damage":32,"enemies":"Hexaghost","floor":16,"turns":7},{"damage":9,"enemies":"Shell Parasite","floor":18,"turns":6},{"damage":4,"enemies":"2 Thieves","floor":19,"turns":4},{"damage":12,"enemies":"Snake Plant","floor":20,"turns":8},{"damage":10,"enemies":"Centurion and Healer","floor":24,"turns":5},{"damage":42,"enemies":"Gremlin Leader","floor":27,"turns":10},{"damage":8,"enemies":"Shelled Parasite and Fungi","floor":28,"turns":4}],"seed_played":"8767769571361767748","potions_obtained":[{"floor":3,"key":"SpeedPotion"},{"floor":8,"key":"CultistPotion"},{"floor":16,"key":"DuplicationPotion"},{"floor":18,"key":"BlessingOfTheForge"}],"is_trial":false,"path_per_floor":["M","M","M","?","?","R","M","E","T","$","E","R","E","$","R","B",null,"M","M","M","$","?","R","M","R","T","E","M"],"character_chosen":"WATCHER","items_purchased":["TalkToTheHand","InnerPeace","EmptyBody"],"campfire_rested":2,"item_purchase_floors":[10,10,14],"current_hp_per_floor":[65,65,65,65,70,70,58,58,58,58,43,64,64,64,64,40,64,55,51,39,39,39,60,50,50,50,8,0,0],"gold":232,"neow_bonus":"THREE_ENEMY_KILL","is_daily":false,"chose_seed":false,"campfire_upgraded":3,"win_rate":0.0,"timestamp":1613794363,"path_taken":["M","M","M","?","?","R","?","E","T","$","E","R","E","$","R","BOSS","M","M","M","?","?","R","M","R","T","E","?"],"items_purchased_type":["Card","Card","Card"],"build_version":"2020-12-18","purchased_purges":2,"victory":false,"max_hp_per_floor":[72,72,72,67,72,72,72,72,72,72,72,72,72,72,72,72,72,72,72,72,72,72,72,72,72,72,72,72,72],"relic_stats":{"counters":[14,59],"Golden Idol":71,"Sundial":[0],"Pantograph":8,"MealTicket":0,"PreservedInsect":70,"Whetstone":["Tantrum","Strike_P"],"obtain_stats":[{"NeowsBlessing":0,"Golden Idol":4,"Sundial":27,"Pantograph":8,"Philosopher\u0027s Stone":17,"MealTicket":26,"PreservedInsect":11,"Whetstone":9,"PureWater":0,"FossilizedHelix":13},{"NeowsBlessing":0,"Golden Idol":3,"Sundial":13,"Pantograph":5,"Philosopher\u0027s Stone":8,"MealTicket":12,"PreservedInsect":6,"Whetstone":5,"PureWater":0,"FossilizedHelix":7},{"NeowsBlessing":0,"Golden Idol":3,"Sundial":55,"Pantograph":8,"Philosopher\u0027s Stone":22,"MealTicket":45,"PreservedInsect":13,"Whetstone":8,"PureWater":0,"FossilizedHelix":15}]},"card_choices":[{"not_picked":["EmptyBody","ClearTheMind"],"picked":"Consecrate","floor":1},{"not_picked":["WreathOfFlame","Fasting2"],"picked":"Tantrum","floor":2},{"not_picked":["Prostrate","Fasting2"],"picked":"Tantrum","floor":3},{"not_picked":["PathToVictory","JustLucky"],"picked":"ClearTheMind","floor":7},{"not_picked":["Swivel","JustLucky"],"picked":"BowlingBash","floor":8},{"not_picked":["WaveOfTheHand","Nirvana"],"picked":"InnerPeace","floor":11},{"not_picked":["SashWhip","BowlingBash"],"picked":"LessonLearned","floor":13},{"not_picked":["ConjureBlade","Brilliance"],"picked":"Vault","floor":16},{"not_picked":["LikeWater","Collect"],"picked":"InnerPeace","floor":18},{"not_picked":["DeceiveReality","ThirdEye"],"picked":"Halt","floor":19},{"not_picked":["Halt","Sanctity"],"picked":"EmptyBody","floor":20},{"not_picked":["FlyingSleeves","ClearTheMind"],"picked":"TalkToTheHand","floor":24},{"not_picked":["BowlingBash","WindmillStrike"],"picked":"EmptyFist","floor":27}],"player_experience":3057800,"relics_obtained":[{"floor":8,"key":"Pantograph"},{"floor":9,"key":"Whetstone"},{"floor":11,"key":"PreservedInsect"},{"floor":13,"key":"FossilizedHelix"},{"floor":26,"key":"MealTicket"},{"floor":27,"key":"Sundial"}],"event_choices":[{"damage_healed":0,"gold_gain":0,"player_choice":"Lose Max HP","damage_taken":0,"relics_obtained":["Golden Idol"],"max_hp_gain":0,"max_hp_loss":5,"event_name":"Golden Idol","floor":4,"gold_loss":0},{"damage_healed":0,"gold_gain":0,"player_choice":"Donut","damage_taken":0,"max_hp_gain":5,"max_hp_loss":0,"event_name":"Big Fish","floor":5,"gold_loss":0},{"damage_healed":0,"gold_gain":0,"player_choice":"Bought 0 Potions","damage_taken":0,"max_hp_gain":0,"max_hp_loss":0,"event_name":"The Woman in Blue","floor":22,"gold_loss":0}],"is_beta":true,"boss_relics":[{"not_picked":["Black Star","Astrolabe"],"picked":"Philosopher\u0027s Stone"}],"items_purged_floors":[10,21],"is_endless":false,"potions_floor_spawned":[3,8,13,16,18,24,27],"killed_by":"Shelled Parasite and Fungi","ascension_level":13}}