{"host":"po0gzr6h085cygwo","time":1613814546,"event":{"mods":["AchievementEnabler","BaseMod","Colored Map","KOR Keyword Fix","Minty Spire (QoL Compilation)","Rare Cards Sparkle","Replay The Spire","StSLib","SuperFastMode"],"gold_per_floor":[17,27,38,50,225,225,258,258,258,258,274,274,293,313,313,412,412,432,37,51,51,51,51,81,81,81,106,117,134,134,163,163,262,262,273,273,291,92,105,105,55,105,129,140,140,168,168,181,181,181,181,181,34,69,69,69],"floor_reached":55,"language":"KOR","playtime":1821,"items_purged":["Doubt","Strike_R"],"score":838,"play_id":"887a521c-d0b2-42cc-b4d9-e87563fbf033","local_time":"20210220184906","is_ascension_mode":true,"campfire_choices":[{"floor":6.0,"key":"DIG"},{"floor":8.0,"key":"DIG"},{"floor":10.0,"key":"DIG"},{"data":"Beta","floor":12.0,"key":"SMITH"},{"floor":15.0,"key":"DIG"},{"floor":23.0,"key":"DIG"},{"floor":25.0,"key":"DIG"},{"floor":30,"key":"REST"},{"floor":32,"key":"DIG"},{"data":"Bloodletting","floor":40,"key":"SMITH"},{"floor":45,"key":"DIG"},{"floor":47,"key":"DIG"},{"floor":49,"key":"RECALL"},{"floor":52,"key":"DIG"}],"circlet_count":0,"master_deck":["Strike_R+1","Strike_R","Strike_R+1","Strike_R","Defend_R","Defend_R","Defend_R","Defend_R","Bash","Beta+1","Havoc","Warcry","Bloodletting+1","True Grit+1","Shrug It Off","Exhume+1","Armaments","Beta+1","Seeing Red+1","Exhume+1","Iron Wave+1","Purity+1"],"relics":["Burning Blood","Bottled Lightning","Shovel","Whetstone","Unceasing Top","Counterbalance","Golden Egg","Nunchaku","Quantum Egg","DollysMirror","Replay:Bottled Steam","Replay:Bottled Eggs","Snack Pack","Girya","Toxic Egg 2","ReplayTheSpireMod:Shallot","Matryoshka","Smiling Mask","Divine Protection","Busted Crown","TheAbacus","Ice Cream","MealTicket","Replay:Ringing Soul","Replay:Baseball","Lantern","Eternal Feather","Frozen Eye","Orichalcum"],"acts_visited":["Exordium","TheCity","TheBeyond","TheEnding"],"potions_floor_usage":[27,28,29,55,55,55,55],"damage_taken":[{"damage":12.0,"enemies":"Jaw Worm","floor":1.0,"turns":2.0},{"damage":3.0,"enemies":"2 Louse","floor":2.0,"turns":2.0},{"damage":0.0,"enemies":"Cultist","floor":3.0,"turns":3.0},{"damage":8.0,"enemies":"Blue Slaver","floor":4.0,"turns":2.0},{"damage":32.0,"enemies":"Gremlin Nob","floor":7.0,"turns":4.0},{"damage":9.0,"enemies":"Looter","floor":11.0,"turns":3.0},{"damage":2.0,"enemies":"3 Louse","floor":13.0,"turns":3.0},{"damage":0.0,"enemies":"Blue Slaver","floor":14.0,"turns":2.0},{"damage":0.0,"enemies":"Fading Forest","floor":16.0,"turns":11.0},{"damage":3.0,"enemies":"Chosen","floor":18.0,"turns":3.0},{"damage":7.0,"enemies":"3 Byrds","floor":20.0,"turns":2.0},{"damage":21.0,"enemies":"Gremlin Leader","floor":24.0,"turns":4.0},{"damage":22,"enemies":"Book of Stabbing","floor":27,"turns":3},{"damage":43,"enemies":"Centurion and Healer","floor":28,"turns":5},{"damage":13,"enemies":"Snake Plant","floor":29,"turns":2},{"damage":11,"enemies":"Gremlin Leader","floor":31,"turns":5},{"damage":20,"enemies":"Collector","floor":33,"turns":4},{"damage":5,"enemies":"3 Darklings","floor":35,"turns":2},{"damage":0,"enemies":"3 Shapes","floor":37,"turns":2},{"damage":1,"enemies":"Sphere and 2 Shapes","floor":39,"turns":3},{"damage":0,"enemies":"Mind Bloom Boss Battle","floor":42,"turns":4},{"damage":20,"enemies":"Spire Growth","floor":44,"turns":4},{"damage":0,"enemies":"R_Hoarder","floor":46,"turns":6},{"damage":0,"enemies":"Writhing Mass","floor":48,"turns":3},{"damage":62,"enemies":"Replay:Hell Engine","floor":50,"turns":7},{"damage":9,"enemies":"Shield and Spear","floor":54,"turns":3},{"damage":100,"enemies":"The Heart","floor":55,"turns":4}],"seed_played":"2557004233179978671","potions_obtained":[{"floor":2.0,"key":"DuplicationPotion"},{"floor":7.0,"key":"Regen Potion"},{"floor":14.0,"key":"Fire Potion"},{"floor":18.0,"key":"Explosive Potion"},{"floor":27,"key":"Milkshake"},{"floor":28,"key":"Strength Potion"},{"floor":31,"key":"Regen Potion"},{"floor":37,"key":"BloodPotion"}],"is_trial":false,"path_per_floor":["M","M","M","M","?","R","E","R","T","R","M","R","M","M","R","B",null,"M","$","M","?","$","R","E","R","T","E","M","M","R","E","R","B",null,"M","?","M","$","M","R","$","?","T","M","R","E","R","M","R","B",null,"R","$","E","B"],"character_chosen":"IRONCLAD","items_purchased":["DollysMirror","Replay:Bottled Steam","TheAbacus","Frozen Eye"],"campfire_rested":1,"item_purchase_floors":[19,19,38,53],"current_hp_per_floor":[74,77,80,78,78,78,52,52,52,52,49,49,53,59,59,80,80,80,80,79,79,79,79,64,64,64,48,26,19,43,38,38,24,80,80,80,80,80,80,80,80,80,80,66,66,72,72,80,80,24,80,80,80,77,0,0],"gold":69,"neow_bonus":"ONE_RARE_RELIC","is_daily":false,"chose_seed":false,"campfire_upgraded":2,"win_rate":0.0,"timestamp":1613814546,"path_taken":["M","M","M","M","?","R","E","R","T","R","M","R","M","M","R","BOSS","M","$","M","?","$","R","E","R","T","E","?","M","R","E","R","BOSS","M","?","M","$","M","R","$","?","T","M","R","E","R","M","R","BOSS","R","$","E","BOSS"],"items_purchased_type":["Relic","Relic","Relic","Relic"],"build_version":"2020-12-22","purchased_purges":2,"victory":false,"max_hp_per_floor":[80,80,80,80,80,80,80,80,80,80,80,80,80,80,80,80,80,80,80,80,80,80,80,80,80,80,80,80,80,80,80,80,80,80,80,80,80,80,80,80,80,80,80,80,80,80,80,80,80,80,80,80,80,80,80,80],"card_choices":[{"not_picked":["Replay:Undeath\u0027s Touch","Pommel Strike"],"picked":"Havoc","floor":1.0},{"not_picked":["Body Slam","Thunderclap"],"picked":"Warcry","floor":2.0},{"not_picked":["Havoc","ReplayReversal"],"picked":"Bloodletting","floor":3.0},{"not_picked":["Uppercut","Armaments"],"picked":"True Grit","floor":4.0},{"not_picked":["Body Slam","Perfected Strike","Warcry"],"picked":"SKIP","floor":7.0},{"not_picked":["True Grit","Massacre"],"picked":"Shrug It Off","floor":11.0},{"not_picked":["Wild Strike","Warcry","Cleave"],"picked":"SKIP","floor":13.0},{"not_picked":["Entrench","ReplayTheSpireMod:Corrosion Curse","Sword Boomerang"],"picked":"SKIP","floor":14.0},{"not_picked":["Immolate","Double Tap"],"picked":"Exhume","floor":16.0},{"not_picked":["Cleave","Heavy Blade","Twin Strike"],"picked":"Armaments","floor":18.0},{"not_picked":["Twin Strike","Uppercut+1","Limit Break"],"picked":"SKIP","floor":20.0},{"not_picked":["Sentinel","Clash+1","Infernal Blade"],"picked":"SKIP","floor":24.0},{"not_picked":["Fire Breathing","Spot Weakness+1","Defy Death+1"],"picked":"SKIP","floor":27},{"not_picked":["Armaments+1","Whirlwind+1","ReplayTheSpireMod:Limb From Limb+1"],"picked":"SKIP","floor":28},{"not_picked":["Cleave","Replay:Undeath\u0027s Touch","Body Slam"],"picked":"SKIP","floor":29},{"not_picked":["Demonic Infusion+1","Iron Wave"],"picked":"Seeing Red+1","floor":31},{"not_picked":["Demon Form","Berserk"],"picked":"Exhume+1","floor":33},{"not_picked":[],"picked":"Iron Wave+1","floor":35},{"not_picked":[],"picked":"Purity+1","floor":36},{"not_picked":["Dropkick"],"picked":"SKIP","floor":37},{"not_picked":["True Grit+1"],"picked":"SKIP","floor":39},{"not_picked":["Massacre+1"],"picked":"SKIP","floor":44},{"not_picked":["Cleave"],"picked":"SKIP","floor":46},{"not_picked":["ReplayTheSpireMod:Strike From Hell+1"],"picked":"SKIP","floor":48},{"not_picked":["Twin Strike"],"picked":"SKIP","floor":54}],"player_experience":94597,"relics_obtained":[{"floor":6.0,"key":"Whetstone"},{"floor":7.0,"key":"Unceasing Top"},{"floor":8.0,"key":"Counterbalance"},{"floor":9.0,"key":"Golden Egg"},{"floor":10.0,"key":"Nunchaku"},{"floor":15.0,"key":"Quantum Egg"},{"floor":21.0,"key":"Replay:Bottled Eggs"},{"floor":23.0,"key":"Snack Pack"},{"floor":24.0,"key":"Girya"},{"floor":25.0,"key":"Toxic Egg 2"},{"floor":26.0,"key":"ReplayTheSpireMod:Shallot"},{"floor":27,"key":"Matryoshka"},{"floor":31,"key":"Smiling Mask"},{"floor":32,"key":"Divine Protection"},{"floor":42,"key":"Ice Cream"},{"floor":43,"key":"MealTicket"},{"floor":45,"key":"Replay:Ringing Soul"},{"floor":46,"key":"Replay:Baseball"},{"floor":47,"key":"Lantern"},{"floor":52,"key":"Eternal Feather"},{"floor":54,"key":"Orichalcum"}],"event_choices":[{"damage_healed":0.0,"max_hp_gain":0.0,"max_hp_loss":0.0,"gold_gain":175.0,"event_name":"Liars Game","player_choice":"AGREE","floor":5.0,"gold_loss":0.0,"damage_taken":0.0,"cards_obtained":["Doubt"]},{"damage_healed":0.0,"max_hp_gain":0.0,"max_hp_loss":0.0,"gold_gain":0.0,"event_name":"Wheel of Change","player_choice":"Relic","floor":21.0,"gold_loss":0.0,"damage_taken":0.0},{"damage_healed":0,"gold_gain":0,"player_choice":"Memory 1","damage_taken":0,"max_hp_gain":0,"max_hp_loss":0,"event_name":"SensoryStone","floor":36,"gold_loss":0},{"damage_healed":0,"gold_gain":0,"player_choice":"Fight","damage_taken":0,"max_hp_gain":0,"max_hp_loss":0,"event_name":"MindBloom","floor":42,"gold_loss":0}],"is_beta":false,"boss_relics":[{"not_picked":["Runic Dome","Abe\u0027s Treasure"],"picked":"Honey Jar"},{"not_picked":["ReplayTheSpireMod:DimensionalGlitch","Astrolabe"],"picked":"Busted Crown"}],"items_purged_floors":[38,41],"is_endless":false,"potions_floor_spawned":[2,7,14,16,18,27,28,31,37,44,48],"killed_by":"The Heart","ascension_level":4}}