{"host":"ijtyqc57s6c9mbij","time":1613802969,"event":{"mods":["BaseMod","Colored Map","Downfall","Minty Spire (QoL Compilation)","StSLib"],"gold_per_floor":[99,115,115,135,75,107,176,76,93,110,130,144,144,159,173,270,270,270,280,291,291,311,322,322,122,122,138,153,153,153,184,196,196,196,196],"floor_reached":33,"language":"ENG","playtime":2156,"items_purged":[],"score":370,"play_id":"c307ab67-4803-4d63-becf-f681809ef2ec","local_time":"20210219223609","is_ascension_mode":true,"campfire_choices":[{"data":"champ:Taunt","floor":1,"key":"SMITH"},{"data":"champ:CrookedStrike","floor":8,"key":"SMITH"},{"data":"champ:EndlessRage","floor":13,"key":"SMITH"},{"floor":18,"key":"RECALL"},{"data":"champ:StanceDance","floor":25,"key":"SMITH"},{"data":"champ:Duel","floor":29,"key":"SMITH"}],"circlet_count":0,"master_deck":["champ:Strike","champ:Strike","champ:Strike","champ:Strike","champ:Defend","champ:Defend","champ:Defend","champ:Defend","champ:Execute","champ:Taunt+1","champ:CrookedStrike+1","champ:ShieldSlam","champ:FocusedBerserking","champ:Backstep","champ:EndlessRage+1","champ:FalseCounter","champ:Duel","champ:FocusedDefense","champ:BerserkersShout","champ:BringItOn","champ:StanceDance+1","champ:EnchantSword","champ:TornadoPunch","champ:MurderStrike","champ:Shatter","champ:Duel+1","champ:FocusedBerserking","champ:BerserkersShout","champ:FlashCut","champ:PreciseThrust"],"relics":["Coffee Dripper","StoneCalendar","StrikeDummy","downfall:HeartBlessingGreen","expansioncontent:StudyCardRelic","downfall:HeartBlessingRed","downfall:HeartBlessingBlue","WarpedTongs","Shuriken"],"acts_visited":["Exordium","TheCity"],"potions_floor_usage":[6,6,6,12,20,28,31,33,33],"damage_taken":[{"damage":20,"enemies":"Jaw Worm","floor":2,"turns":4},{"damage":10,"enemies":"Cultist","floor":4,"turns":3},{"damage":20,"enemies":"downfall:FleeingMerchant","floor":5,"turns":4},{"damage":20,"enemies":"Gremlin Nob","floor":6,"turns":4},{"damage":2,"enemies":"Small Slimes","floor":9,"turns":3},{"damage":10,"enemies":"3 Louse","floor":10,"turns":4},{"damage":25,"enemies":"Large Slime","floor":11,"turns":6},{"damage":10,"enemies":"Lots of Slimes","floor":12,"turns":3},{"damage":20,"enemies":"Red Slaver","floor":14,"turns":2},{"damage":18,"enemies":"Blue Slaver","floor":15,"turns":3},{"damage":41,"enemies":"SI_SHIV_ARCHETYPE","floor":16,"turns":7},{"damage":5,"enemies":"3 Byrds","floor":19,"turns":4},{"damage":17,"enemies":"downfall:LooterAlt2","floor":20,"turns":2},{"damage":29,"enemies":"Shelled Parasite and Fungi","floor":22,"turns":4},{"damage":15,"enemies":"Centurion and Healer","floor":23,"turns":4},{"damage":25,"enemies":"Cultist and Chosen","floor":27,"turns":4},{"damage":30,"enemies":"Snake Plant","floor":28,"turns":4},{"damage":51,"enemies":"Slavers","floor":31,"turns":3},{"damage":43,"enemies":"Shelled Parasite and Fungi","floor":32,"turns":3},{"damage":50,"enemies":"DF_ARCHETYPE_CLAW","floor":33,"turns":5}],"seed_played":"4838378950619577973","potions_obtained":[{"floor":3,"key":"LiquidMemories"},{"floor":3,"key":"Ancient Potion"},{"floor":3,"key":"BlessingOfTheForge"},{"floor":4,"key":"EntropicBrew"},{"floor":6,"key":"PowerPotion"},{"floor":14,"key":"Explosive Potion"},{"floor":20,"key":"Swift Potion"},{"floor":31,"key":"sneckomod:MuddlingPotion"},{"floor":32,"key":"ColorlessPotion"}],"is_trial":false,"path_per_floor":["R","M","?","M","$","E","T","R","M","M","M","M","R","M","M","B",null,"R","M","M","?","M","M","T","R","?","M","M","R","?","E","M","B"],"character_chosen":"THE_CHAMP","items_purchased":["champ:Backstep"],"campfire_rested":0,"item_purchase_floors":[5],"current_hp_per_floor":[90,90,90,90,90,90,90,90,88,88,88,88,88,88,75,69,90,90,90,88,70,61,56,56,66,66,61,71,71,71,50,27,0,0,0],"gold":196,"neow_bonus":"BOSS_RELIC","is_daily":false,"chose_seed":false,"campfire_upgraded":5,"win_rate":0.0,"timestamp":1613802969,"path_taken":["R","M","?","?","?","E","T","R","M","M","M","M","R","M","M","BOSS","R","M","M","?","M","M","T","R","?","?","M","R","?","E","M","BOSS"],"items_purchased_type":["Card"],"build_version":"2020-12-22","purchased_purges":0,"victory":false,"max_hp_per_floor":[90,90,90,90,90,90,90,90,90,90,90,90,90,90,90,90,90,90,90,90,95,95,95,95,105,105,105,105,105,105,105,105,105,105,105],"card_choices":[{"not_picked":["champ:Haymaker","champ:Endure"],"picked":"champ:CrookedStrike","floor":2},{"not_picked":["champ:Parry","champ:EnragedBash"],"picked":"champ:ShieldSlam","floor":4},{"not_picked":["champ:Duel","champ:Backstep"],"picked":"champ:FocusedBerserking","floor":5},{"not_picked":["champ:TornadoPunch","champ:ShieldSigil"],"picked":"champ:EndlessRage","floor":6},{"not_picked":["champ:FlashCut","champ:Improvising"],"picked":"champ:FalseCounter","floor":9},{"not_picked":["champ:BringItOn","champ:GutPunch"],"picked":"champ:Duel","floor":10},{"not_picked":["champ:GutPunch","champ:Backstep"],"picked":"champ:FocusedDefense","floor":11},{"not_picked":["champ:DefensiveStyle","champ:CrookedStrike"],"picked":"champ:BerserkersShout","floor":12},{"not_picked":["champ:DefensiveStyle","champ:CrownThrow"],"picked":"champ:BringItOn","floor":14},{"not_picked":["champ:Parry","champ:FlashCut"],"picked":"champ:StanceDance","floor":15},{"not_picked":["champ:HeavySlash","champ:VampiricStrike"],"picked":"champ:EnchantSword","floor":16},{"not_picked":["champ:StanceDance+1","champ:Haymaker"],"picked":"champ:TornadoPunch","floor":19},{"not_picked":["champ:RisingSlash","champ:ViciousMockery"],"picked":"champ:MurderStrike","floor":20},{"not_picked":["champ:ViciousMockery","champ:HeartStrike"],"picked":"champ:Shatter","floor":22},{"not_picked":["champ:PreciseThrust","champ:DeathBlow+1"],"picked":"champ:Duel","floor":23},{"not_picked":["champ:FalseCounter","champ:StanceDance"],"picked":"champ:FocusedBerserking","floor":27},{"not_picked":["champ:Duel+1","champ:FlashCut"],"picked":"champ:BerserkersShout","floor":28},{"not_picked":["champ:ShieldSlam","champ:EnchantSword"],"picked":"champ:FlashCut","floor":31},{"not_picked":["champ:GladiatorStyle","champ:CrookedStrike"],"picked":"champ:PreciseThrust","floor":32}],"player_experience":1008107,"relics_obtained":[{"floor":6,"key":"StoneCalendar"},{"floor":7,"key":"StrikeDummy"},{"floor":31,"key":"Shuriken"}],"event_choices":[{"damage_healed":0,"gold_gain":0,"player_choice":"Got Potions","damage_taken":0,"max_hp_gain":0,"max_hp_loss":0,"event_name":"Lab","floor":3,"gold_loss":0},{"damage_healed":0,"gold_gain":0,"player_choice":"Rummage","damage_taken":0,"relics_obtained":["WarpedTongs"],"max_hp_gain":0,"max_hp_loss":0,"event_name":"Accursed Blacksmith","floor":26,"gold_loss":0,"cards_obtained":["Pain"]}],"is_beta":false,"boss_relics":[{"not_picked":["SlaversCollar","Pandora\u0027s Box"],"picked":"expansioncontent:StudyCardRelic"}],"items_purged_floors":[],"is_endless":false,"potions_floor_spawned":[4,6,11,14,19,20,31,32],"killed_by":"DF_ARCHETYPE_CLAW","ascension_level":3}}