{"host":"fea6kdxvty5fzy91","time":1613795899,"event":{"mods":["A Magickal Journey","AchievementEnabler","BaseMod","Better Third Choice","BetterRewards","Colored Map","Colored Powertips","Custom Start","DeckTracker","Googly Eyes","Highlight Path","Minty Spire (QoL Compilation)","Quick Restart","Rare Cards Sparkle","StSLib","The IronCluck","everything is the same but u backflip on backflip","slay the spire mod where everything is the same but ironclad has a cowboy hat"],"gold_per_floor":[114,114,114,131,306,306,334,334,382,396,406,481,495,508,508,609,609,619,544,544,559,579,579,596,596,620,600,618,632,646,646,646,646,646],"floor_reached":33,"language":"ENG","playtime":1757,"items_purged":[],"score":301,"play_id":"d8533694-d537-408c-b142-72e1c0f63a4b","local_time":"20210219213819","is_ascension_mode":false,"campfire_choices":[{"data":"Eruption","floor":6,"key":"SMITH"},{"data":"Vigilance","floor":8,"key":"SMITH"},{"data":"SashWhip","floor":15,"key":"SMITH"},{"floor":23,"key":"REST"},{"floor":32,"key":"RECALL"}],"circlet_count":0,"master_deck":["Strike_P+1","Strike_P","Strike_P","Strike_P+1","Defend_P","Defend_P","Defend_P+1","Eruption+1","Vigilance+1","EmptyBody","SashWhip+1","ThirdEye","LessonLearned+1","ReachHeaven","SandsOfTime","ReachHeaven+1","Prostrate","Ghostly+1","Ghostly","Ghostly","Ghostly+1","Ghostly","Crescendo+1","SashWhip","WaveOfTheHand","J.A.X."],"relics":["PureWater","NeowsBlessing","Lantern","Busted Crown","Anchor"],"acts_visited":["Exordium","TheCity"],"potions_floor_usage":[22,30,33],"damage_taken":[{"damage":0,"enemies":"2 Louse","floor":1,"turns":1},{"damage":0,"enemies":"Jaw Worm","floor":4,"turns":1},{"damage":0,"enemies":"3 Sentries","floor":7,"turns":2},{"damage":0,"enemies":"Small Slimes","floor":10,"turns":3},{"damage":0,"enemies":"3 Louse","floor":11,"turns":3},{"damage":0,"enemies":"Red Slaver","floor":13,"turns":2},{"damage":0,"enemies":"2 Fungi Beasts","floor":14,"turns":3},{"damage":53,"enemies":"The Guardian","floor":16,"turns":16},{"damage":36,"enemies":"Chosen","floor":18,"turns":12},{"damage":8,"enemies":"2 Thieves","floor":21,"turns":3},{"damage":1,"enemies":"Centurion and Healer","floor":22,"turns":4},{"damage":50,"enemies":"3 Cultists","floor":24,"turns":5},{"damage":1,"enemies":"Shelled Parasite and Fungi","floor":28,"turns":6},{"damage":1,"enemies":"Snecko","floor":29,"turns":5},{"damage":0,"enemies":"Chosen and Byrds","floor":30,"turns":7},{"damage":43,"enemies":"Collector","floor":33,"turns":6}],"seed_played":"9097759837334306893","potions_obtained":[{"floor":10,"key":"FairyPotion"},{"floor":16,"key":"SpeedPotion"},{"floor":21,"key":"DistilledChaos"},{"floor":24,"key":"GamblersBrew"},{"floor":27,"key":"CultistPotion"},{"floor":30,"key":"Energy Potion"}],"is_trial":false,"path_per_floor":["M","$","?","M","?","R","E","R","T","M","M","?","M","M","R","B",null,"M","?","?","M","M","R","M","?","T","?","M","M","M","?","R","B"],"character_chosen":"WATCHER","items_purchased":[],"campfire_rested":1,"item_purchase_floors":[],"current_hp_per_floor":[72,72,72,72,72,72,72,72,72,72,72,61,61,61,61,8,72,36,36,23,15,14,37,23,23,23,23,22,21,21,21,21,0,0],"gold":646,"neow_bonus":"THREE_ENEMY_KILL","is_daily":false,"chose_seed":false,"campfire_upgraded":3,"win_rate":0.0,"timestamp":1613795899,"path_taken":["M","$","?","M","?","R","E","R","T","M","M","?","M","M","R","BOSS","M","?","?","M","M","R","?","?","T","?","?","M","M","?","R","BOSS"],"items_purchased_type":[],"build_version":"2020-12-22","purchased_purges":0,"victory":false,"max_hp_per_floor":[72,72,72,72,72,72,72,72,72,72,72,72,72,72,72,72,72,72,72,77,77,77,77,77,38,38,38,38,38,38,38,38,38,38],"card_choices":[{"not_picked":["BowlingBash","Evaluate","Collect"],"picked":"SKIP","floor":1},{"not_picked":["ClearTheMind","Adaptation"],"picked":"EmptyBody","floor":4},{"not_picked":["Meditate","Study","Judgement"],"picked":"SKIP","floor":7},{"not_picked":["ClearTheMind","EmptyFist"],"picked":"SashWhip","floor":10},{"not_picked":["Study","EmptyBody","WreathOfFlame"],"picked":"SKIP","floor":11},{"not_picked":["FollowUp","Wireheading"],"picked":"ThirdEye","floor":13},{"not_picked":["EmptyFist","FlyingSleeves","Evaluate"],"picked":"SKIP","floor":14},{"not_picked":["Devotion","Establishment"],"picked":"LessonLearned","floor":16},{"not_picked":[],"picked":"ReachHeaven","floor":18},{"not_picked":[],"picked":"SandsOfTime","floor":21},{"not_picked":[],"picked":"ReachHeaven","floor":22},{"not_picked":[],"picked":"Prostrate","floor":24},{"not_picked":[],"picked":"Crescendo+1","floor":28},{"not_picked":[],"picked":"SashWhip","floor":29},{"not_picked":[],"picked":"WaveOfTheHand","floor":30}],"player_experience":282497,"relics_obtained":[{"floor":7,"key":"Lantern"},{"floor":26,"key":"Anchor"}],"event_choices":[{"cards_removed":["Defend_P"],"damage_healed":0,"gold_gain":0,"player_choice":"Forget","damage_taken":0,"max_hp_gain":0,"max_hp_loss":0,"event_name":"Living Wall","floor":3,"gold_loss":0},{"damage_healed":0,"gold_gain":175,"player_choice":"AGREE","damage_taken":131,"max_hp_gain":0,"max_hp_loss":0,"event_name":"betterThird:BetterSerpent","floor":5,"gold_loss":0},{"damage_healed":0,"gold_gain":75,"player_choice":"Gold","damage_taken":11,"max_hp_gain":0,"max_hp_loss":0,"event_name":"betterThird:BetterGoop","floor":12,"gold_loss":0},{"cards_removed":["Doubt"],"damage_healed":0,"gold_gain":0,"player_choice":"Gave Gold","damage_taken":0,"max_hp_gain":0,"max_hp_loss":0,"event_name":"Beggar","floor":19,"gold_loss":75},{"damage_healed":0,"gold_gain":0,"player_choice":"Shed Blood","damage_taken":18,"max_hp_gain":5,"max_hp_loss":0,"event_name":"Forgotten Altar","floor":20,"gold_loss":0},{"damage_healed":0,"gold_gain":0,"player_choice":"Became a Ghost","damage_taken":0,"max_hp_gain":0,"max_hp_loss":39,"event_name":"Ghosts","floor":25,"gold_loss":0,"cards_obtained":["Ghostly","Ghostly","Ghostly","Ghostly","Ghostly"]},{"damage_healed":0,"gold_gain":0,"player_choice":"Bought 1 Potion","damage_taken":0,"max_hp_gain":0,"max_hp_loss":0,"event_name":"The Woman in Blue","floor":27,"gold_loss":0},{"damage_healed":0,"gold_gain":0,"player_choice":"Obtain J.A.X.","damage_taken":0,"max_hp_gain":0,"max_hp_loss":0,"event_name":"Drug Dealer","floor":31,"gold_loss":0,"cards_obtained":["J.A.X."]}],"is_beta":false,"boss_relics":[{"not_picked":["VioletLotus","Velvet Choker"],"picked":"Busted Crown"}],"items_purged_floors":[],"is_endless":false,"potions_floor_spawned":[10,16,21,24,30],"killed_by":"Collector","ascension_level":0}}