{"host":"nwd160me4iqdtr8u","time":1613860024,"event":{"mods":["AchievementEnabler","Act Like it!","BaseMod","Colored Map","DeckTracker","Hallownest","Keyboard Shortcuts","Minty Spire (QoL Compilation)","Quick Restart","Rare Cards Sparkle","Smile Girya","StSLib","SuperFastMode","The Bug Knight","everything is the same but u backflip on backflip"],"gold_per_floor":[117,42,57,57,70,70,97,97,122,122,139,158,158,184,184,282,282,295,306,306,65,84,84,84,95,169,169,202,157,157,0,0,97,97,113,131,6,6,6],"floor_reached":38,"language":"KOR","playtime":1923,"items_purged":["HollowMod:QuickDashStart"],"score":543,"play_id":"c2cf9647-55e9-4eae-a8aa-1fd42596647a","local_time":"20210221072704","is_ascension_mode":true,"campfire_choices":[{"data":"HollowMod:GreatSlash","floor":6.0,"key":"SMITH"},{"data":"HollowMod:MantisMark","floor":8.0,"key":"SMITH"},{"data":"HollowMod:MonomonsArchive","floor":10.0,"key":"SMITH"},{"data":"HollowMod:MothsMistake","floor":15.0,"key":"SMITH"},{"floor":23.0,"key":"REST"},{"data":"HollowMod:DungDefenderAura","floor":27.0,"key":"SMITH"},{"floor":32.0,"key":"REST"}],"circlet_count":0,"master_deck":["HollowMod:NailStrikeStart+1","HollowMod:NailStrikeStart+1","HollowMod:QuickDashStart","HollowMod:QuickDashStart","HollowMod:QuickDashStart","HollowMod:PogoStrike","HollowMod:MonomonsArchive+1","HollowMod:GreatSlash+1","HollowMod:MantisMark+1","HollowMod:CornifersMapStart","HollowMod:PureNailStrike","HollowMod:MothsMistake+1","HollowMod:VoidDash","HollowMod:DungDefenderAura+1","HollowMod:DoubleDash+1","HollowMod:HuntersJournal","HollowMod:SoulEater+1","HollowMod:NewGlowingWomb+1","HollowMod:HerrahsAnger+1","HollowMod:BaldurShell","HollowMod:ShapeofUnn+1"],"relics":["HollowMod:VesselMask","Hallownest:DreamNailRelic","Akabeko","Whetstone","Kunai","HollowMod:LumaflyLanternRelic","Empty Cage","Toxic Egg 2","HollowMod:KingsBrand","Gremlin Horn","Bird Faced Urn","Pantograph","Strange Spoon","Fusion Hammer","Shuriken"],"acts_visited":["Hallownest:Greenpath","Hallownest:CityofTears","Hallownest:KingdomsEdge"],"potions_floor_usage":[],"damage_taken":[{"damage":8.0,"enemies":"Hallownest:monsterHuskGuard","floor":1.0,"turns":6.0},{"damage":5.0,"enemies":"2_ Uuma","floor":3.0,"turns":2.0},{"damage":0.0,"enemies":"Hallownest:2_Baldur","floor":5.0,"turns":3.0},{"damage":14.0,"enemies":"Hallownest:eliteCrystalGuardian","floor":7.0,"turns":5.0},{"damage":0.0,"enemies":"Hallownest:monsterAspidMother","floor":11.0,"turns":2.0},{"damage":0.0,"enemies":"Hallownest:monsterFoolEater","floor":12.0,"turns":2.0},{"damage":0.0,"enemies":"Hallownest:eliteMossKnight","floor":14.0,"turns":4.0},{"damage":44.0,"enemies":"Hallownest:BossFalseKnight","floor":16.0,"turns":8.0},{"damage":9.0,"enemies":"Hallownest:2_Mistakes","floor":18.0,"turns":3.0},{"damage":18.0,"enemies":"Hallownest:Guard_and_Sentry","floor":19.0,"turns":4.0},{"damage":16.0,"enemies":"Hallownest:monsterMisterMushroom","floor":22.0,"turns":7.0},{"damage":6.0,"enemies":"Hallownest:3_Mistakes","floor":25.0,"turns":4.0},{"damage":17.0,"enemies":"Hallownest:eliteWatcherKnight","floor":28.0,"turns":10.0},{"damage":49.0,"enemies":"Hallownest:BossMantisLord","floor":33.0,"turns":7.0},{"damage":16.0,"enemies":"Hallownest:2_Littles","floor":35.0,"turns":5.0},{"damage":39.0,"enemies":"Hallownest:3_Siblings","floor":36.0,"turns":7.0}],"seed_played":"8770628874316025764","potions_obtained":[{"floor":5.0,"key":"Energy Potion"},{"floor":11.0,"key":"ColorlessPotion"},{"floor":12.0,"key":"ColorlessPotion"},{"floor":14.0,"key":"Energy Potion"},{"floor":28.0,"key":"GamblersBrew"},{"floor":33.0,"key":"Fire Potion"},{"floor":36.0,"key":"Swift Potion"}],"is_trial":false,"path_per_floor":["M","$","M","?","M","R","E","R","T","R","M","M","T","E","R","B",null,"M","M","?","$","M","R","?","M","T","R","E","?","T","$","R","B",null,"M","M","?","?"],"character_chosen":"THE_BUGKNIGHT","items_purchased":["Toxic Egg 2","Strange Spoon"],"campfire_rested":2,"item_purchase_floors":[21,31],"current_hp_per_floor":[70,70,65,65,71,71,57,57,57,57,63,63,63,63,63,19,61,52,34,34,34,18,40,40,34,34,34,17,17,17,17,39,21,62,52,21,21,21,21],"gold":6,"neow_bonus":"TRANSFORM_CARD","is_daily":false,"chose_seed":false,"campfire_upgraded":5,"win_rate":0.0,"timestamp":1613860024,"path_taken":["M","?","M","?","?","R","E","R","T","R","M","M","?","E","R","BOSS","M","M","?","$","M","R","?","M","T","R","E","?","?","?","R","BOSS","M","M","?","?"],"items_purchased_type":["Relic","Relic"],"build_version":"2020-12-22","purchased_purges":1,"victory":false,"max_hp_per_floor":[75,75,75,75,75,75,75,75,75,75,75,75,75,75,75,75,75,75,75,75,75,75,75,75,75,75,75,75,75,75,75,75,75,75,75,75,75,75,75],"card_choices":[{"not_picked":["HollowMod:ChannelNail","HollowMod:SoulSplash"],"picked":"HollowMod:GreatSlash","floor":1.0},{"not_picked":["HollowMod:ChannelNail","HollowMod:BrokenVessel"],"picked":"HollowMod:MantisMark","floor":3.0},{"not_picked":["HollowMod:ShadowDash","HollowMod:WraithStrike","HollowMod:TaintedHusks"],"picked":"SKIP","floor":5.0},{"not_picked":["HollowMod:GreatSlash","HollowMod:GoodIntentions"],"picked":"HollowMod:CornifersMapStart","floor":7.0},{"not_picked":["HollowMod:theNailsmith","HollowMod:MawleksShell","HollowMod:ChannelNail"],"picked":"SKIP","floor":11.0},{"not_picked":["HollowMod:DesolateDive","HollowMod:DashSlash"],"picked":"HollowMod:PureNailStrike","floor":12.0},{"not_picked":["HollowMod:LifebloodCocoon","HollowMod:NewGlowingWomb"],"picked":"HollowMod:MothsMistake","floor":14.0},{"not_picked":["HollowMod:PureVessel","HollowMod:ElderbugsWisdom"],"picked":"HollowMod:VoidDash","floor":16.0},{"not_picked":["HollowMod:InfectedAttack","HollowMod:ChannelNail"],"picked":"HollowMod:DungDefenderAura","floor":18.0},{"not_picked":["HollowMod:LifebloodCocoon","HollowMod:VengefulVoid"],"picked":"HollowMod:DoubleDash+1","floor":19.0},{"not_picked":["HollowMod:ChannelNail","HollowMod:VengefulVoid"],"picked":"HollowMod:HuntersJournal","floor":20.0},{"not_picked":["HollowMod:WraithStrike","HollowMod:SharpenedShadows+1","HollowMod:NewLittleFool"],"picked":"SKIP","floor":22.0},{"not_picked":["HollowMod:TaintedHusks+1","HollowMod:SoulSplash+1"],"picked":"HollowMod:SoulEater+1","floor":25.0},{"not_picked":["HollowMod:HowlingWraiths","HollowMod:NewJinnsSoul+1"],"picked":"HollowMod:NewGlowingWomb+1","floor":28.0},{"not_picked":["HollowMod:MidwifesHunger","HollowMod:PaleKingsBlessing+1"],"picked":"HollowMod:HerrahsAnger+1","floor":33.0},{"not_picked":["HollowMod:HowlingWraiths","HollowMod:DescendingDark+1"],"picked":"HollowMod:BaldurShell","floor":35.0},{"not_picked":["HollowMod:LuriensSpire+1","HollowMod:DungDefenderAura+1"],"picked":"HollowMod:ShapeofUnn+1","floor":36.0}],"player_experience":488103,"relics_obtained":[{"floor":7.0,"key":"Akabeko"},{"floor":9.0,"key":"Whetstone"},{"floor":13.0,"key":"Kunai"},{"floor":14.0,"key":"HollowMod:LumaflyLanternRelic"},{"floor":26.0,"key":"Gremlin Horn"},{"floor":28.0,"key":"Bird Faced Urn"},{"floor":30.0,"key":"Pantograph"}],"event_choices":[],"is_beta":false,"boss_relics":[{"not_picked":["Tiny House","Snecko Eye"],"picked":"Empty Cage"},{"not_picked":["Black Star","Runic Pyramid"],"picked":"Fusion Hammer"}],"items_purged_floors":[2],"is_endless":false,"potions_floor_spawned":[5,11,12,14,28,33,36],"ascension_level":6}}