{"host":"uhi6g4fgvyietct9","time":1613794992,"event":{"mods":["AchievementEnabler","BaseMod","Colored Map","Colored Powertips","Minty Spire (QoL Compilation)","StSLib","SuperFastMode"],"gold_per_floor":[363,313,13,30,41,41,71,90,90,115,115,115,290,319,319,394,394,407,322,322,322,284,311,311,311,311],"floor_reached":25,"language":"KOR","playtime":1555,"items_purged":["Strike_R"],"score":371,"play_id":"9b61d39e-e13f-4354-a51d-c660c29863f9","local_time":"20210220132312","is_ascension_mode":true,"campfire_choices":[{"data":"Body Slam","floor":6,"key":"SMITH"},{"data":"Second Wind","floor":12,"key":"SMITH"},{"data":"Body Slam","floor":15,"key":"SMITH"},{"data":"Feel No Pain","floor":24,"key":"SMITH"}],"circlet_count":0,"master_deck":["AscendersBane","Defend_R+1","Defend_R","Defend_R+1","Defend_R","Bash","Feel No Pain+1","Body Slam+1","Second Wind+1","Shrug It Off","Battle Trance","Doubt","Body Slam+1","Demon Form","Shrug It Off","Hemokinesis"],"relics":["Burning Blood","Membership Card","Bag of Marbles","War Paint","Shuriken","Blue Candle","Oddly Smooth Stone","Odd Mushroom","SacredBark","Ginger","Red Skull"],"acts_visited":["Exordium","TheCity"],"potions_floor_usage":[5,10,16,23],"damage_taken":[{"damage":14,"enemies":"Small Slimes","floor":1,"turns":4},{"damage":0,"enemies":"2 Louse","floor":4,"turns":4},{"damage":0,"enemies":"Jaw Worm","floor":5,"turns":4},{"damage":18,"enemies":"3 Sentries","floor":7,"turns":10},{"damage":2,"enemies":"2 Fungi Beasts","floor":8,"turns":4},{"damage":8,"enemies":"Lagavulin","floor":10,"turns":5},{"damage":15,"enemies":"The Mushroom Lair","floor":14,"turns":6},{"damage":33,"enemies":"Slime Boss","floor":16,"turns":12},{"damage":20,"enemies":"3 Byrds","floor":18,"turns":7},{"damage":19,"enemies":"Slavers","floor":23,"turns":13},{"damage":0,"enemies":"Gremlin Leader","floor":25,"turns":1}],"seed_played":"8687122315290530190","potions_obtained":[{"floor":1,"key":"SteroidPotion"},{"floor":4,"key":"Dexterity Potion"},{"floor":5,"key":"ColorlessPotion"},{"floor":14,"key":"Regen Potion"},{"floor":18,"key":"Fire Potion"},{"floor":23,"key":"DuplicationPotion"}],"is_trial":false,"path_per_floor":["M","?","$","M","M","R","E","M","T","E","?","R","?","?","R","B",null,"M","?","?","?","$","E","R","E"],"character_chosen":"IRONCLAD","items_purchased":["Membership Card","Bag of Marbles","War Paint"],"campfire_rested":0,"item_purchase_floors":[3,3,3],"current_hp_per_floor":[64,64,64,70,72,72,60,64,64,62,67,67,67,58,58,46,69,55,55,55,55,55,42,42,42,42],"gold":311,"neow_bonus":"TWO_FIFTY_GOLD","is_daily":false,"chose_seed":false,"campfire_upgraded":4,"win_rate":0.0,"timestamp":1613794992,"path_taken":["M","?","$","M","M","R","E","M","T","E","?","R","?","?","R","BOSS","M","?","?","?","$","E","R","E"],"items_purchased_type":["Relic","Relic","Relic"],"build_version":"2020-12-22","purchased_purges":1,"victory":false,"max_hp_per_floor":[72,72,72,72,72,72,72,72,72,72,77,77,77,77,77,77,77,77,77,77,77,77,77,77,77,77],"card_choices":[{"not_picked":["Clash","Pommel Strike"],"picked":"Feel No Pain","floor":1},{"not_picked":["Clash","Pommel Strike"],"picked":"Body Slam","floor":4},{"not_picked":["Twin Strike","Havoc"],"picked":"Second Wind","floor":5},{"not_picked":["Sentinel","Sword Boomerang"],"picked":"Shrug It Off","floor":7},{"not_picked":["Perfected Strike","Rupture"],"picked":"Battle Trance","floor":8},{"not_picked":["Perfected Strike","Sever Soul","Sword Boomerang"],"picked":"SKIP","floor":10},{"not_picked":["Havoc","Iron Wave"],"picked":"Body Slam","floor":14},{"not_picked":["Limit Break","Corruption"],"picked":"Demon Form","floor":16},{"not_picked":["Rupture","Clothesline+1","Headbutt"],"picked":"SKIP","floor":18},{"not_picked":["Armaments","Corruption","Hemokinesis"],"picked":"SKIP","floor":23}],"player_experience":600597,"relics_obtained":[{"floor":7,"key":"Shuriken"},{"floor":9,"key":"Blue Candle"},{"floor":10,"key":"Oddly Smooth Stone"},{"floor":14,"key":"Odd Mushroom"},{"floor":23,"key":"Red Skull"}],"event_choices":[{"cards_removed":["Strike_R"],"damage_healed":0,"gold_gain":0,"player_choice":"Card Removal","damage_taken":0,"max_hp_gain":0,"max_hp_loss":0,"event_name":"The Cleric","floor":2,"gold_loss":50},{"damage_healed":0,"gold_gain":0,"player_choice":"Donut","damage_taken":0,"max_hp_gain":5,"max_hp_loss":0,"event_name":"Big Fish","floor":11,"gold_loss":0},{"damage_healed":0,"gold_gain":175,"player_choice":"AGREE","damage_taken":0,"max_hp_gain":0,"max_hp_loss":0,"event_name":"Liars Game","floor":13,"gold_loss":0,"cards_obtained":["Doubt"]},{"damage_healed":0,"gold_gain":0,"player_choice":"Fought Mushrooms","damage_taken":0,"max_hp_gain":0,"max_hp_loss":0,"event_name":"Mushrooms","floor":14,"gold_loss":0},{"damage_healed":0,"gold_gain":0,"player_choice":"Obtained Relic","damage_taken":0,"relics_obtained":["Ginger"],"max_hp_gain":0,"max_hp_loss":0,"event_name":"Addict","floor":19,"gold_loss":85},{"cards_removed":["Strike_R"],"damage_healed":0,"gold_gain":0,"player_choice":"Elegance","damage_taken":0,"max_hp_gain":0,"max_hp_loss":0,"event_name":"Back to Basics","floor":20,"gold_loss":0},{"damage_healed":0,"gold_gain":0,"cards_transformed":["Strike_R","Strike_R"],"player_choice":"Became Test Subject","damage_taken":0,"max_hp_gain":0,"max_hp_loss":0,"event_name":"Drug Dealer","floor":21,"gold_loss":0,"cards_obtained":["Shrug It Off","Hemokinesis"]}],"is_beta":false,"boss_relics":[{"not_picked":["Philosopher\u0027s Stone","Sozu"],"picked":"SacredBark"}],"items_purged_floors":[22],"is_endless":false,"potions_floor_spawned":[1,4,5,14,18,23],"killed_by":"Gremlin Leader","ascension_level":13}}