{"host":"eksvfr80mef7di1h","time":1613855851,"event":{"mods":["AchievementEnabler","BaseMod","Colored Map","Minty Spire (QoL Compilation)","StSLib","SuperFastMode"],"gold_per_floor":[113,288,32,107,144,144,109,164,164,164,200,300,366,408,408,509,509,528,572,104,104,104,104,116,116,116,146,146,202,77,138,138,138,138],"floor_reached":33,"language":"ENG","playtime":814,"items_purged":["Doubt","Strike_G","Writhe"],"score":283,"play_id":"0c9dd3dd-02a7-4a04-9545-66d808234016","local_time":"20210220221731","is_ascension_mode":false,"campfire_choices":[{"data":"HandOfGreed","floor":6,"key":"SMITH"},{"data":"Blade Dance","floor":15,"key":"SMITH"},{"data":"Acrobatics","floor":25,"key":"SMITH"},{"data":"Neutralize","floor":28,"key":"SMITH"},{"data":"Prepared","floor":32,"key":"SMITH"}],"circlet_count":0,"master_deck":["Strike_G","Strike_G","Strike_G","Strike_G","Defend_G","Defend_G","Defend_G","Defend_G","Defend_G","Survivor","Neutralize+1","Backstab","HandOfGreed+1","Backflip","Acrobatics","Quick Slash","Blade Dance+1","Grand Finale","Quick Slash","PiercingWail","Calculated Gamble","Acrobatics+1","Heel Hook","Prepared+1"],"relics":["Coffee Dripper","Vajra","Darkstone Periapt","Mummified Hand","Sozu","Torii","StrikeDummy","MutagenicStrength","Matryoshka","Tingsha","Blue Candle"],"acts_visited":["Exordium","TheCity"],"potions_floor_usage":[16,16,24],"damage_taken":[{"damage":0,"enemies":"Jaw Worm","floor":1,"turns":4},{"damage":0,"enemies":"2 Louse","floor":5,"turns":2},{"damage":22,"enemies":"Lagavulin","floor":8,"turns":7},{"damage":0,"enemies":"Small Slimes","floor":11,"turns":1},{"damage":0,"enemies":"3 Louse","floor":13,"turns":3},{"damage":5,"enemies":"Exordium Thugs","floor":14,"turns":3},{"damage":30,"enemies":"The Guardian","floor":16,"turns":10},{"damage":0,"enemies":"Spheric Guardian","floor":18,"turns":2},{"damage":5,"enemies":"3 Byrds","floor":19,"turns":4},{"damage":15,"enemies":"Snake Plant","floor":24,"turns":5},{"damage":24,"enemies":"Book of Stabbing","floor":27,"turns":6},{"damage":8,"enemies":"Slavers","floor":29,"turns":3},{"damage":0,"enemies":"Cultist and Chosen","floor":31,"turns":3},{"damage":48,"enemies":"Champ","floor":33,"turns":7}],"seed_played":"-8162661529401102837","potions_obtained":[{"floor":13,"key":"SkillPotion"},{"floor":14,"key":"AttackPotion"},{"floor":16,"key":"Regen Potion"}],"is_trial":false,"path_per_floor":["M","?","$","?","M","R","?","E","T","?","M","?","M","M","R","B",null,"M","M","$","?","?","?","M","R","T","E","R","E","$","M","R","B"],"character_chosen":"THE_SILENT","items_purchased":["HandOfGreed","Calculated Gamble","Torii"],"campfire_rested":0,"item_purchase_floors":[3,20,20],"current_hp_per_floor":[70,70,70,59,59,59,70,48,48,45,45,45,45,40,40,10,70,70,65,65,71,71,71,68,68,68,44,44,36,36,36,36,0,0],"gold":138,"neow_bonus":"BOSS_RELIC","is_daily":false,"chose_seed":false,"campfire_upgraded":5,"win_rate":0.0,"timestamp":1613855851,"path_taken":["M","?","$","?","M","R","?","E","T","?","M","?","?","M","R","BOSS","M","M","$","?","?","?","M","R","T","E","R","E","$","M","R","BOSS"],"items_purchased_type":["Card","Card","Relic"],"build_version":"2020-12-22","purchased_purges":3,"victory":false,"max_hp_per_floor":[70,70,70,70,70,70,70,70,70,70,70,70,70,70,70,70,70,70,70,70,76,76,76,76,76,76,76,76,76,76,76,76,76,76],"card_choices":[{"not_picked":["Deflect","Flying Knee"],"picked":"Backstab","floor":1},{"not_picked":["Blade Dance","Flying Knee"],"picked":"Backflip","floor":5},{"not_picked":["Choke","Well Laid Plans"],"picked":"Acrobatics","floor":8},{"not_picked":["Sucker Punch","Setup","Choke"],"picked":"SKIP","floor":11},{"not_picked":["Backflip","Acrobatics"],"picked":"Quick Slash","floor":13},{"not_picked":["Poisoned Stab","Acrobatics"],"picked":"Blade Dance","floor":14},{"not_picked":["Glass Knife","Tools of the Trade"],"picked":"Grand Finale","floor":16},{"not_picked":["Choke","Prepared"],"picked":"Quick Slash","floor":18},{"not_picked":["Bane","Bouncing Flask"],"picked":"PiercingWail","floor":19},{"not_picked":["Distraction+1","Poisoned Stab+1","Prepared"],"picked":"SKIP","floor":24},{"not_picked":["Sucker Punch","Deflect","Noxious Fumes"],"picked":"SKIP","floor":27},{"not_picked":["Quick Slash","Blur"],"picked":"Heel Hook","floor":29},{"not_picked":["Setup","Flying Knee"],"picked":"Prepared","floor":31}],"player_experience":171492,"relics_obtained":[{"floor":8,"key":"Vajra"},{"floor":9,"key":"Darkstone Periapt"},{"floor":26,"key":"Matryoshka"},{"floor":27,"key":"Tingsha"},{"floor":29,"key":"Blue Candle"}],"event_choices":[{"damage_healed":0,"gold_gain":175,"player_choice":"AGREE","damage_taken":0,"max_hp_gain":0,"max_hp_loss":0,"event_name":"Liars Game","floor":2,"gold_loss":0,"cards_obtained":["Doubt"]},{"damage_healed":0,"gold_gain":75,"player_choice":"Gather Gold","damage_taken":11,"max_hp_gain":0,"max_hp_loss":0,"event_name":"World of Goop","floor":4,"gold_loss":0},{"damage_healed":17,"gold_gain":0,"player_choice":"Healed","damage_taken":0,"max_hp_gain":0,"max_hp_loss":0,"event_name":"The Cleric","floor":7,"gold_loss":35},{"damage_healed":0,"gold_gain":0,"player_choice":"Success","damage_taken":3,"relics_obtained":["Mummified Hand"],"max_hp_gain":0,"max_hp_loss":0,"event_name":"Scrap Ooze","floor":10,"gold_loss":0},{"damage_healed":0,"gold_gain":100,"player_choice":"Pray","damage_taken":0,"max_hp_gain":0,"max_hp_loss":0,"event_name":"Golden Shrine","floor":12,"gold_loss":0},{"damage_healed":0,"gold_gain":0,"player_choice":"Opened","damage_taken":0,"relics_obtained":["StrikeDummy"],"max_hp_gain":0,"max_hp_loss":0,"event_name":"The Mausoleum","floor":21,"gold_loss":0,"cards_obtained":["Writhe"]},{"damage_healed":0,"gold_gain":0,"player_choice":"Read","damage_taken":0,"max_hp_gain":0,"max_hp_loss":0,"event_name":"The Library","floor":22,"gold_loss":0,"cards_obtained":["Acrobatics"]},{"damage_healed":0,"gold_gain":0,"player_choice":"Inject Mutagens","damage_taken":0,"relics_obtained":["MutagenicStrength"],"max_hp_gain":0,"max_hp_loss":0,"event_name":"Drug Dealer","floor":23,"gold_loss":0}],"is_beta":false,"boss_relics":[{"not_picked":["SlaversCollar","Runic Pyramid"],"picked":"Sozu"}],"items_purged_floors":[3,20,30],"is_endless":false,"potions_floor_spawned":[13,14,16,18,24,29,31],"killed_by":"Champ","ascension_level":0}}