{"host":"szp1d6dso4pv7ddl","time":1613787680,"event":{"mods":["AchievementEnabler","Alarm Clock","BaseMod","Bestiary","Block Reminder","Colored Map","Colored Powertips","Curses Come First","Dark Map","Displayed Cursed Tome","Highlight Path","Minty Spire (QoL Compilation)","Permanent Neow","Quick Restart","Relic Sorter","Relic Stats","StSLib","Synergy Search"],"gold_per_floor":[117,128,203,203,71,71,71,85,131,165,165,165,165],"floor_reached":12,"language":"ENG","playtime":947,"items_purged":["Injury"],"score":172,"play_id":"cac2dad9-15c2-450f-8f88-dab625490a3f","local_time":"20210219182120","is_ascension_mode":true,"campfire_choices":[{"floor":6,"key":"REST"}],"circlet_count":0,"master_deck":["AscendersBane","Strike_G","Strike_G","Strike_G","Strike_G","Strike_G","Defend_G","Defend_G","Defend_G","Defend_G","Defend_G","Survivor","Neutralize","Leg Sweep","Escape Plan","Cloak And Dagger","Blade Dance","Phantasmal Killer"],"relics":["WristBlade","Golden Idol","Omamori","Frozen Egg 2"],"acts_visited":["Exordium"],"potions_floor_usage":[7,12],"damage_taken":[{"damage":2,"enemies":"Jaw Worm","floor":1,"turns":5},{"damage":8,"enemies":"2 Louse","floor":2,"turns":4},{"damage":5,"enemies":"Gremlin Nob","floor":7,"turns":3},{"damage":3,"enemies":"Small Slimes","floor":8,"turns":5},{"damage":12,"enemies":"3 Sentries","floor":10,"turns":13},{"damage":46,"enemies":"Gremlin Nob","floor":12,"turns":4}],"seed_played":"-6334953191104318557","potions_obtained":[{"floor":1,"key":"SmokeBomb"},{"floor":2,"key":"Dexterity Potion"}],"is_trial":false,"path_per_floor":["M","M","?","?","$","R","E","M","T","E","?","E"],"character_chosen":"THE_SILENT","items_purchased":["Cloak And Dagger"],"campfire_rested":1,"item_purchase_floors":[5],"current_hp_per_floor":[57,49,38,38,38,57,52,49,49,37,26,0,0],"gold":165,"neow_bonus":"BOSS_RELIC","is_daily":false,"chose_seed":false,"campfire_upgraded":0,"win_rate":0.0,"timestamp":1613787680,"path_taken":["M","M","?","?","$","R","E","M","T","E","?","E"],"items_purchased_type":["Card"],"build_version":"2020-12-22","purchased_purges":1,"victory":false,"max_hp_per_floor":[66,66,66,66,66,66,66,66,66,66,66,66,66],"relic_stats":{"counters":[6,34],"Golden Idol":19,"obtain_stats":[{"WristBlade":0,"Golden Idol":4,"Omamori":9,"Frozen Egg 2":10,"Ring of the Snake":0},{"WristBlade":0,"Golden Idol":2,"Omamori":4,"Frozen Egg 2":5,"Ring of the Snake":0},{"WristBlade":0,"Golden Idol":9,"Omamori":17,"Frozen Egg 2":30,"Ring of the Snake":0}]},"card_choices":[{"not_picked":["Deflect","PiercingWail"],"picked":"Leg Sweep","floor":1},{"not_picked":["Well Laid Plans","Acrobatics"],"picked":"Escape Plan","floor":2},{"not_picked":["Endless Agony","Dagger Spray"],"picked":"Blade Dance","floor":8},{"not_picked":["Predator","Skewer"],"picked":"Phantasmal Killer","floor":10}],"player_experience":1597866,"relics_obtained":[{"floor":9,"key":"Omamori"},{"floor":10,"key":"Frozen Egg 2"}],"event_choices":[{"damage_healed":0,"gold_gain":75,"player_choice":"Gather Gold","damage_taken":11,"max_hp_gain":0,"max_hp_loss":0,"event_name":"World of Goop","floor":3,"gold_loss":0},{"damage_healed":0,"gold_gain":0,"player_choice":"Take Wound","damage_taken":0,"relics_obtained":["Golden Idol"],"max_hp_gain":0,"max_hp_loss":0,"event_name":"Golden Idol","floor":4,"gold_loss":0,"cards_obtained":["Injury"]},{"damage_healed":0,"gold_gain":0,"player_choice":"Fled","damage_taken":11,"max_hp_gain":0,"max_hp_loss":0,"event_name":"Scrap Ooze","floor":11,"gold_loss":0}],"is_beta":false,"boss_relics":[],"items_purged_floors":[5],"is_endless":false,"potions_floor_spawned":[1,2],"killed_by":"Gremlin Nob","ascension_level":20}}