{"host":"udyc8f81k2jocuhg","time":1613826167,"event":{"mods":["2.2 Compatiblity","BaseMod","Better Third Choice","Colored Powertips","Conspire","Custom Start","GifTheSpireLib","Hermit","Minty Spire (QoL Compilation)","Permanent Neow","Quick Restart","Relic Filter","Relic Stats","Replay The Spire","Shop Mod","Spikes Relics","StSLib","Stuff the Spire"],"gold_per_floor":[114,127,140,57,67,94,94,157,157,157,157],"floor_reached":10,"language":"ENG","playtime":693,"items_purged":[],"score":126,"play_id":"3febd4d2-e51e-4f73-88c4-c74b81e878cd","local_time":"20210220140247","is_ascension_mode":true,"campfire_choices":[{"data":"ReplayTheSpireMod:Speed Training","floor":7.0,"key":"SMITH"}],"circlet_count":0,"master_deck":["AscendersBane","Strike_G","Strike_G","Strike_G","Strike_G","Strike_G","Defend_G+1","Defend_G+1","Defend_G+1","Defend_G+1","Defend_G+1","Survivor","Neutralize","Sickly","Cloak And Dagger","PiercingWail","Infinite Blades","ReplayTheSpireMod:Speed Training+1","Deflect"],"relics":["Ring of the Snake","Ice Cream","RollingBoulder","Replay:Bottled Eggs","Replay:Bottled Flurry"],"acts_visited":["Exordium"],"potions_floor_usage":[],"damage_taken":[{"damage":9.0,"enemies":"Cultist","floor":1.0,"turns":5.0},{"damage":3.0,"enemies":"Jaw Worm","floor":2.0,"turns":7.0},{"damage":0.0,"enemies":"Small Slimes","floor":3.0,"turns":4.0},{"damage":2.0,"enemies":"Looter","floor":5.0,"turns":5.0},{"damage":24.0,"enemies":"3 Sentries","floor":6.0,"turns":13.0},{"damage":17.0,"enemies":"3 Sentries","floor":8.0,"turns":11.0},{"damage":5,"enemies":"Gremlin Nob","floor":10,"turns":2}],"seed_played":"-4218987600193886292","potions_obtained":[{"floor":1.0,"key":"SkillPotion"},{"floor":3.0,"key":"PowerPotion"}],"is_trial":false,"path_per_floor":["M","M","M","$","M","E","R","?","T","E"],"character_chosen":"THE_SILENT","items_purchased":["Infinite Blades"],"campfire_rested":0,"item_purchase_floors":[4],"current_hp_per_floor":[50,47,47,47,45,21,21,4,4,0,0],"gold":157,"neow_bonus":"ONE_RARE_RELIC","is_daily":false,"chose_seed":false,"campfire_upgraded":1,"win_rate":0.0,"timestamp":1613826167,"path_taken":["M","M","M","$","M","E","R","?","T","E"],"items_purchased_type":["Card"],"build_version":"2020-12-22","purchased_purges":0,"victory":false,"max_hp_per_floor":[66,66,66,66,66,66,66,66,66,66,66],"relic_stats":{"counters":[7,47],"obtain_stats":[{"Ice Cream":0,"RollingBoulder":6,"Replay:Bottled Flurry":9,"Replay:Bottled Eggs":8,"Ring of the Snake":0},{"Ice Cream":0,"RollingBoulder":5,"Replay:Bottled Flurry":6,"Replay:Bottled Eggs":5,"Ring of the Snake":0},{"Ice Cream":0,"RollingBoulder":34,"Replay:Bottled Flurry":45,"Replay:Bottled Eggs":34,"Ring of the Snake":0}],"Ring of the Snake":[14]},"card_choices":[{"not_picked":["Dodge and Roll","InfectiousVector"],"picked":"Cloak And Dagger","floor":1.0},{"not_picked":["Distraction","Blur","StuffTheSpire:ClusterCrunch"],"picked":"SKIP","floor":2.0},{"not_picked":["Flying Knee","Draining Mist"],"picked":"PiercingWail","floor":3.0},{"not_picked":["Slice","Draining Mist","conspire:DoublingDagger"],"picked":"SKIP","floor":5.0},{"not_picked":["PiercingWail","Dagger Throw"],"picked":"ReplayTheSpireMod:Speed Training","floor":6.0},{"not_picked":["Doppelganger","Slice"],"picked":"Deflect","floor":8.0}],"player_experience":2040823,"relics_obtained":[{"floor":6.0,"key":"RollingBoulder"},{"floor":9.0,"key":"Replay:Bottled Flurry"}],"event_choices":[{"damage_healed":0.0,"max_hp_gain":0.0,"max_hp_loss":0.0,"gold_gain":30.0,"event_name":"Dead Adventurer","player_choice":"Searched \u00273\u0027 times","floor":8.0,"gold_loss":0.0,"damage_taken":0.0,"relics_obtained":["Replay:Bottled Eggs"]}],"is_beta":false,"boss_relics":[],"items_purged_floors":[],"is_endless":false,"potions_floor_spawned":[1,3],"killed_by":"Gremlin Nob","ascension_level":17}}