{"host":"as7albp2mcgkylj3","time":1613859553,"event":{"mods":["2.2 Compatiblity","AchievementEnabler","BaseMod","Colored Map","DeckTracker","Downfall","Googly Eyes","Highlight Path","Minty Spire (QoL Compilation)","Replay The Spire","StSLib","SuperFastMode"],"gold_per_floor":[157,168,178,278,292,309,309,327,427,427,162,174,222,240,254,358,358,358,375,391,391,391,403,427,427,439,455,555,555,555,200,213,311,311,311,328,390,390,390,410,136,136,205,105,105,118,34,46,46,46,63,63],"floor_reached":53,"language":"ITA","playtime":4349,"items_purged":["downfall:Malfunctioning","Delirium"],"score":763,"play_id":"45e3a5da-db17-474e-b704-5f7f8b946407","local_time":"20210220231913","is_ascension_mode":false,"campfire_choices":[{"floor":10,"key":"REST"},{"data":"sneckomod:UnlimitedRolls","floor":18,"key":"SMITH"},{"data":"sneckomod:UnknownRarePower","floor":25,"key":"SMITH"},{"data":"sneckomod:SerpentIdol","floor":29,"key":"SMITH"},{"floor":35,"key":"DIG"},{"data":"sneckomod:UnknownBoss","floor":45,"key":"SMITH"},{"data":"sneckomod:SerpentMind","floor":49,"key":"SMITH"}],"circlet_count":0,"master_deck":["sneckomod:Strike","sneckomod:Strike","sneckomod:Strike","sneckomod:Defend","sneckomod:Defend","sneckomod:Defend","sneckomod:TailWhip","sneckomod:SnekBite","sneckomod:Unknown","sneckomod:Unknown","sneckomod:UnknownUncommonAttack","sneckomod:UnknownDraw","sneckomod:UnknownWeak","sneckomod:UnendingSupply+1","sneckomod:Nope","sneckomod:UnknownRarePower+1","sneckomod:UnendingSupply+1","sneckomod:UnendingSupply+1","sneckomod:UnlimitedRolls+1","sneckomod:Nope","sneckomod:Unknown0Cost+1","sneckomod:Nope","sneckomod:SerpentIdol+1","sneckomod:UnknownBoss+1","sneckomod:UnknownRareAttack","sneckomod:UnknownUncommonPower","sneckomod:UnknownUncommonPower","sneckomod:UnendingSupply+1","sneckomod:SerpentMind+1","sneckomod:SerpentIdol","sneckomod:UnknownClassBLUE+1","sneckomod:MorePower","Finesse","sneckomod:SerpentIdol+1"],"relics":["sneckomod:SneckoSoul","Snack Pack","Bag of Preparation","ReplayTheSpireMod:CursedCoin","Replay:Bottled Eggs","Replay:Bronze Core","Bronze Scales","Durian","Darkstone Periapt","sneckomod:LoadedDie","Cursed Key","StrikeDummy","Lantern","PreservedInsect","Turnip","TheAbacus","ReplayTheSpireMod:Shallot"],"acts_visited":["Exordium","TheCity","TheBeyond"],"potions_floor_usage":[16,16,52],"damage_taken":[{"damage":39,"enemies":"3 Sentries","floor":1,"turns":10},{"damage":1,"enemies":"Small Slimes","floor":2,"turns":4},{"damage":0,"enemies":"Cultist","floor":3,"turns":1},{"damage":3,"enemies":"Jaw Worm","floor":5,"turns":2},{"damage":6,"enemies":"downfall:LooterAlt","floor":6,"turns":4},{"damage":15,"enemies":"Exordium Thugs","floor":8,"turns":3},{"damage":5,"enemies":"downfall:FleeingMerchant","floor":11,"turns":4},{"damage":0,"enemies":"Blue Slaver","floor":12,"turns":4},{"damage":43,"enemies":"Gremlin Nob","floor":13,"turns":5},{"damage":14,"enemies":"3 Louse","floor":14,"turns":2},{"damage":32,"enemies":"Gremlin Gang","floor":15,"turns":6},{"damage":26,"enemies":"IC_STATUS_ARCHETYPE","floor":16,"turns":4},{"damage":4,"enemies":"Spheric Guardian","floor":19,"turns":6},{"damage":8,"enemies":"Shell Parasite","floor":20,"turns":5},{"damage":24,"enemies":"3 Cultists","floor":23,"turns":4},{"damage":15,"enemies":"Shelled Parasite and Fungi","floor":26,"turns":4},{"damage":0,"enemies":"Snake Plant","floor":27,"turns":3},{"damage":20,"enemies":"SI_SHIV_ARCHETYPE","floor":28,"turns":5},{"damage":9,"enemies":"downfall:FleeingMerchant","floor":31,"turns":5},{"damage":10,"enemies":"3 Cultists","floor":32,"turns":4},{"damage":13,"enemies":"WA_ARCHETYPE_CALM","floor":33,"turns":8},{"damage":13,"enemies":"3 Shapes","floor":36,"turns":3},{"damage":0,"enemies":"Orb Walker","floor":40,"turns":3},{"damage":14,"enemies":"downfall:FleeingMerchant","floor":41,"turns":4},{"damage":19,"enemies":"4 Shapes","floor":46,"turns":5},{"damage":9,"enemies":"Sphere and 2 Shapes","floor":48,"turns":3},{"damage":1,"enemies":"Transient","floor":51,"turns":5},{"damage":0,"enemies":"SI_POISON_ARCHETYPE","floor":52,"turns":5}],"seed_played":"4884948136981123114","potions_obtained":[{"floor":1,"key":"Strength Potion"},{"floor":2,"key":"Explosive Potion"},{"floor":6,"key":"Doom Potion"},{"floor":8,"key":"sneckomod:OffclassReductionPotion"},{"floor":15,"key":"Regen Potion"},{"floor":19,"key":"Toxic Potion"},{"floor":27,"key":"LiquidBronze"},{"floor":37,"key":"Energy Potion"},{"floor":50,"key":"LiquidMemories"},{"floor":50,"key":"Flashbang"}],"is_trial":false,"path_per_floor":["R_BF","M","M","?","M","M","T","M","?","R","$","M","E","M","M","B",null,"R_BF","M","M","?","?","M","T","R","M","M","?","R","?","$","M","B",null,"R_BF","M","?","PTL","PTL","M","$","?","T","$","R","M","$","M","R","?","M","B",null],"character_chosen":"THE_SNECKO","items_purchased":["ReplayTheSpireMod:CursedCoin","sneckomod:UnendingSupply","Replay:Bottled Eggs","sneckomod:LoadedDie","sneckomod:UnknownRareAttack","sneckomod:UnknownUncommonPower","PreservedInsect","Turnip","TheAbacus","Finesse"],"campfire_rested":1,"item_purchase_floors":[11,11,11,31,31,31,41,41,41,47],"current_hp_per_floor":[64,65,69,69,70,66,66,53,53,82,83,87,65,51,25,29,99,99,95,93,73,114,94,94,94,83,89,78,78,78,77,74,79,119,119,108,79,79,79,83,79,104,110,110,110,95,95,88,88,88,93,110],"gold":63,"neow_bonus":"TEN_PERCENT_HP_BONUS","is_daily":false,"chose_seed":false,"campfire_upgraded":5,"win_rate":0.0,"timestamp":1613859553,"path_taken":["R_BF","M","M","?","M","M","T","M","?","R","$","M","E","?","M","BOSS","R_BF","M","M","?","?","?","T","R","M","M","?","R","?","$","M","BOSS","R_BF","M","?","PTL","PTL","M","$","?","T","?","R","?","$","M","R","?","M","BOSS"],"items_purchased_type":["Relic","Card","Relic","Relic","Card","Card","Relic","Relic","Relic","Card"],"build_version":"2020-12-22","purchased_purges":2,"victory":true,"max_hp_per_floor":[99,99,99,99,99,99,99,99,99,99,99,99,99,99,99,99,99,99,99,99,104,114,114,114,114,114,114,119,119,119,119,119,119,119,119,119,119,119,119,119,119,104,110,110,110,110,110,110,110,110,110,110],"card_choices":[{"not_picked":["sneckomod:SoulDraw","sneckomod:Unknown1Cost"],"picked":"sneckomod:UnknownUncommonAttack","floor":1},{"not_picked":["sneckomod:UnknownBlock","sneckomod:MasterEye"],"picked":"sneckomod:UnknownDraw","floor":2},{"not_picked":["sneckomod:UnknownCommonAttack","sneckomod:DiceBoulder"],"picked":"sneckomod:UnknownWeak","floor":3},{"not_picked":["sneckomod:DiceCrush","sneckomod:UnknownBlock"],"picked":"sneckomod:UnendingSupply","floor":5},{"not_picked":["sneckomod:QuickMove","sneckomod:Unknown1Cost"],"picked":"sneckomod:Nope","floor":6},{"not_picked":["sneckomod:Nope","sneckomod:QuickBite"],"picked":"sneckomod:UnknownRarePower","floor":8},{"not_picked":["sneckomod:DiceCrush","sneckomod:Unknown1Cost","sneckomod:DiceBoulder"],"picked":"SKIP","floor":11},{"not_picked":["sneckomod:SoulRoll","sneckomod:UnknownCommonSkill","sneckomod:Unknown1Cost"],"picked":"SKIP","floor":12},{"not_picked":["sneckomod:UnknownBlock","sneckomod:QuickMove"],"picked":"sneckomod:UnendingSupply","floor":13},{"not_picked":["sneckomod:UnknownUncommonSkill","sneckomod:DiceCrush","sneckomod:UnknownDraw"],"picked":"SKIP","floor":14},{"not_picked":["sneckomod:UnknownDraw","sneckomod:DefensiveFlair"],"picked":"sneckomod:UnlimitedRolls","floor":15},{"not_picked":["sneckomod:Mudshield","sneckomod:SerpentMind"],"picked":"sneckomod:SoulExchange","floor":16},{"not_picked":["sneckomod:QuickMove","sneckomod:UnknownClassGREEN"],"picked":"sneckomod:Nope","floor":19},{"not_picked":["sneckomod:UnknownBlock+1","sneckomod:SnekBeam"],"picked":"sneckomod:Unknown0Cost+1","floor":20},{"not_picked":["sneckomod:UnknownCommonSkill","sneckomod:UnknownUncommonPower","sneckomod:UnknownUncommonAttack"],"picked":"SKIP","floor":23},{"not_picked":["sneckomod:SoulDraw+1","sneckomod:UnknownDraw"],"picked":"sneckomod:Nope","floor":26},{"not_picked":["sneckomod:SnekBeam+1","sneckomod:UnknownClassBLUE","sneckomod:UnknownUncommonSkill"],"picked":"SKIP","floor":27},{"not_picked":["sneckomod:CheapStock","sneckomod:QuickMove+1"],"picked":"sneckomod:SerpentIdol","floor":28},{"not_picked":["sneckomod:DiceCrush","sneckomod:SoulDraw","sneckomod:WideSting"],"picked":"SKIP","floor":31},{"not_picked":["sneckomod:QuickBite","sneckomod:SoulDraw"],"picked":"sneckomod:UnendingSupply","floor":32},{"not_picked":["sneckomod:Mudshield","sneckomod:SoulExchange"],"picked":"sneckomod:SerpentMind","floor":33},{"not_picked":["sneckomod:DiceCrush","sneckomod:Unknown1Cost+1"],"picked":"sneckomod:SerpentIdol","floor":36},{"not_picked":["sneckomod:Unknown1Cost","sneckomod:QuickMove"],"picked":"sneckomod:UnknownClassBLUE+1","floor":37},{"not_picked":["sneckomod:IronFang","sneckomod:RainOfDice+1","sneckomod:UnknownWeak+1"],"picked":"SKIP","floor":40},{"not_picked":["sneckomod:UnknownCommonAttack","sneckomod:DefensiveFlair+1","sneckomod:SnakeSap+1"],"picked":"SKIP","floor":41},{"not_picked":["sneckomod:UnknownClassSLIMEBOUND","sneckomod:UnknownExhaust"],"picked":"sneckomod:MorePower","floor":46},{"not_picked":["sneckomod:UnknownClassGREEN","sneckomod:SoulCleanse+1"],"picked":"sneckomod:SerpentIdol+1","floor":48},{"not_picked":["sneckomod:Unknown1Cost+1","sneckomod:QuickMove","sneckomod:QuickBite"],"picked":"SKIP","floor":51}],"player_experience":516825,"relics_obtained":[{"floor":7,"key":"Bag of Preparation"},{"floor":13,"key":"ReplayTheSpireMod:TigerMarble"},{"floor":24,"key":"Bronze Scales"},{"floor":28,"key":"Durian"},{"floor":28,"key":"Darkstone Periapt"},{"floor":35,"key":"StrikeDummy"},{"floor":37,"key":"Lantern"},{"floor":43,"key":"ReplayTheSpireMod:Shallot"}],"event_choices":[{"cards_removed":["sneckomod:SoulExchange"],"damage_healed":31,"gold_gain":0,"player_choice":"Offered Rare","damage_taken":0,"max_hp_gain":10,"max_hp_loss":0,"event_name":"Bonfire Elementals","floor":22,"gold_loss":0},{"damage_healed":0,"gold_gain":0,"player_choice":"Got Potions","damage_taken":0,"max_hp_gain":0,"max_hp_loss":0,"event_name":"Lab","floor":50,"gold_loss":0}],"is_beta":false,"boss_relics":[{"not_picked":["ReplayTheSpireMod:DimensionalGlitch","Sozu"],"picked":"Replay:Bronze Core"},{"not_picked":["Coffee Dripper","Runic Pyramid"],"picked":"Cursed Key"}],"items_purged_floors":[11,44],"is_endless":false,"potions_floor_spawned":[1,2,6,8,12,15,19,27,28,32,36,46,51],"ascension_level":0}}