{"host":"py7qdianp3jrm8dm","time":1613846525,"event":{"mods":["AchievementEnabler","BaseMod","Bestiary","Downfall","Highlight Path","Minty Spire (QoL Compilation)","StSLib"],"gold_per_floor":[113,132,159,172,172,172,17,27,27,27,52,6,41,51,51,125,125,145,159,171,189,203,203,215,232,232,132,160,160,187,36,36,107,107,126,126,142,42,0,35,50,50,125,140,140,140,157,168,168,168],"floor_reached":51,"language":"ENG","playtime":2006,"items_purged":["Regret","Defend_R"],"score":1311,"play_id":"c8e61529-a9ec-4ae2-85e3-67f3a26084c2","local_time":"20210220184205","is_ascension_mode":true,"campfire_choices":[{"data":"Spot Weakness","floor":6,"key":"SMITH"},{"data":"Flex","floor":15,"key":"SMITH"},{"data":"Limit Break","floor":23,"key":"SMITH"},{"floor":29,"key":"REST"},{"floor":32,"key":"REST"},{"floor":42,"key":"REST"},{"data":"Dual Wield","floor":45,"key":"SMITH"},{"data":"Offering","floor":49,"key":"SMITH"}],"circlet_count":0,"master_deck":["AscendersBane","Strike_R","Strike_R","Strike_R","Strike_R","Strike_R","Defend_R","Defend_R","Defend_R","Bash","Spot Weakness+1","Twin Strike","Heavy Blade","Dual Wield+1","Twin Strike","Inflame","Flex+1","Pommel Strike","Limit Break+1","Infernal Blade","Flex","Pommel Strike","Infernal Blade","Headbutt","Feed","Thunderclap","Limit Break+1","Offering+1","Anger","Flex","Pommel Strike","Flex","Doubt","Headbutt+1"],"relics":["Burning Blood","Du-Vu Doll","Anchor","CaptainsWheel","Ornamental Fan","Pear","Lantern","Peace Pipe","Sozu","Lizard Tail","Happy Flower","StrikeDummy","DollysMirror","Cursed Key","Red Mask","Molten Egg 2","Shuriken"],"acts_visited":["Exordium","TheCity","TheBeyond"],"potions_floor_usage":[16,24],"damage_taken":[{"damage":1,"enemies":"Cultist","floor":1,"turns":3},{"damage":0,"enemies":"Small Slimes","floor":2,"turns":3},{"damage":0,"enemies":"2 Louse","floor":4,"turns":3},{"damage":5,"enemies":"2 Fungi Beasts","floor":8,"turns":3},{"damage":10,"enemies":"3 Sentries","floor":11,"turns":4},{"damage":22,"enemies":"Lagavulin","floor":13,"turns":4},{"damage":0,"enemies":"3 Louse","floor":14,"turns":2},{"damage":36,"enemies":"The Guardian","floor":16,"turns":6},{"damage":12,"enemies":"3 Byrds","floor":18,"turns":4},{"damage":7,"enemies":"Spheric Guardian","floor":19,"turns":3},{"damage":12,"enemies":"3 Cultists","floor":20,"turns":4},{"damage":0,"enemies":"Chosen and Byrds","floor":21,"turns":3},{"damage":6,"enemies":"Centurion and Healer","floor":22,"turns":5},{"damage":14,"enemies":"Snecko","floor":24,"turns":5},{"damage":2,"enemies":"3 Cultists","floor":25,"turns":3},{"damage":50,"enemies":"Slavers","floor":28,"turns":3},{"damage":0,"enemies":"Gremlin Leader","floor":30,"turns":2},{"damage":19,"enemies":"Champ","floor":33,"turns":6},{"damage":23,"enemies":"3 Shapes","floor":35,"turns":4},{"damage":0,"enemies":"Orb Walker","floor":37,"turns":1},{"damage":57,"enemies":"Nemesis","floor":40,"turns":5},{"damage":41,"enemies":"Maw","floor":41,"turns":5},{"damage":1,"enemies":"Sphere and 2 Shapes","floor":44,"turns":3},{"damage":3,"enemies":"Spire Growth","floor":47,"turns":3},{"damage":6,"enemies":"3 Darklings","floor":48,"turns":2},{"damage":45,"enemies":"Donu and Deca","floor":50,"turns":5}],"seed_played":"1292978581451116527","potions_obtained":[{"floor":1,"key":"BloodPotion"},{"floor":16,"key":"ColorlessPotion"}],"is_trial":false,"path_per_floor":["M","M","T","M","?","R","$","M","T","?","E","$","E","M","R","B",null,"M","M","M","M","M","R","M","M","T","$","E","R","E","$","R","B",null,"M","$","M","$","?","E","M","R","T","M","R","?","M","M","R","B",null],"character_chosen":"IRONCLAD","items_purchased":["Dual Wield","Flex","DollysMirror","Flex","Pommel Strike"],"campfire_rested":3,"item_purchase_floors":[7,12,31,38,38],"current_hp_per_floor":[55,61,61,67,67,67,67,68,68,60,56,56,40,46,46,33,72,66,65,59,65,65,65,57,61,61,61,17,42,48,48,73,63,82,65,65,71,71,71,20,35,62,62,67,67,67,70,70,70,31],"gold":168,"neow_bonus":"ONE_RARE_RELIC","is_daily":false,"chose_seed":false,"campfire_upgraded":5,"win_rate":0.0,"timestamp":1613846525,"path_taken":["M","M","?","M","?","R","$","M","T","?","E","$","E","M","R","BOSS","M","M","M","M","M","R","M","M","T","$","E","R","E","$","R","BOSS","M","$","M","$","?","E","M","R","T","M","R","?","M","M","R","BOSS"],"items_purchased_type":["Card","Card","Relic","Card","Card"],"build_version":"2020-12-22","purchased_purges":2,"victory":true,"max_hp_per_floor":[75,75,75,75,75,75,75,75,75,85,85,85,85,85,85,85,85,85,85,85,85,85,85,85,85,85,85,85,85,85,85,85,88,88,88,88,88,88,88,88,91,91,91,91,91,86,86,86,86,86],"card_choices":[{"not_picked":["Metallicize","Thunderclap"],"picked":"Spot Weakness","floor":1},{"not_picked":["Cleave","Anger"],"picked":"Twin Strike","floor":2},{"not_picked":["Clothesline","Bloodletting"],"picked":"Heavy Blade","floor":4},{"not_picked":["Thunderclap","Body Slam"],"picked":"Twin Strike","floor":8},{"not_picked":["Uppercut","Berserk"],"picked":"Inflame","floor":11},{"not_picked":["Perfected Strike","Warcry","Second Wind"],"picked":"SKIP","floor":13},{"not_picked":["True Grit","Perfected Strike"],"picked":"Pommel Strike","floor":14},{"not_picked":["Barricade","Feed"],"picked":"Limit Break","floor":16},{"not_picked":["Shrug It Off","Havoc","Evolve"],"picked":"SKIP","floor":18},{"not_picked":["Shrug It Off","Metallicize","Flame Barrier"],"picked":"SKIP","floor":19},{"not_picked":["Power Through","Body Slam"],"picked":"Infernal Blade","floor":20},{"not_picked":["Shrug It Off","Shockwave"],"picked":"Flex","floor":21},{"not_picked":["Armaments+1","Hemokinesis"],"picked":"Pommel Strike","floor":22},{"not_picked":["Uppercut","Cleave"],"picked":"Infernal Blade","floor":24},{"not_picked":["Flame Barrier","True Grit+1"],"picked":"Headbutt","floor":25},{"not_picked":["Uppercut","Body Slam"],"picked":"Feed","floor":28},{"not_picked":["Wild Strike","Iron Wave"],"picked":"Thunderclap","floor":30},{"not_picked":["Feed","Fiend Fire"],"picked":"Offering","floor":33},{"not_picked":["Second Wind","Perfected Strike","Clothesline+1"],"picked":"SKIP","floor":35},{"not_picked":["Flame Barrier+1","Armaments"],"picked":"Anger","floor":37},{"not_picked":["Body Slam+1","Brutality","Second Wind+1"],"picked":"SKIP","floor":40},{"not_picked":["Thunderclap+1","True Grit"],"picked":"Flex","floor":41},{"not_picked":["Anger+1","Rupture+1"],"picked":"Headbutt+1","floor":44},{"not_picked":["Shrug It Off","Fire Breathing","Ghostly Armor"],"picked":"SKIP","floor":47},{"not_picked":["Barricade","Shrug It Off","Wild Strike+1"],"picked":"SKIP","floor":48}],"player_experience":627005,"relics_obtained":[{"floor":3,"key":"Anchor"},{"floor":9,"key":"Ornamental Fan"},{"floor":11,"key":"Lantern"},{"floor":13,"key":"Peace Pipe"},{"floor":26,"key":"Lizard Tail"},{"floor":28,"key":"Happy Flower"},{"floor":30,"key":"StrikeDummy"},{"floor":40,"key":"Molten Egg 2"},{"floor":43,"key":"Shuriken"}],"event_choices":[{"damage_healed":0,"gold_gain":0,"player_choice":"Box","damage_taken":0,"relics_obtained":["CaptainsWheel"],"max_hp_gain":0,"max_hp_loss":0,"event_name":"Big Fish","floor":5,"gold_loss":0,"cards_obtained":["Regret"]},{"damage_healed":0,"gold_gain":0,"player_choice":"Success","damage_taken":18,"relics_obtained":["Pear"],"max_hp_gain":0,"max_hp_loss":0,"event_name":"Scrap Ooze","floor":10,"gold_loss":0},{"damage_healed":0,"gold_gain":0,"player_choice":"Paid","damage_taken":0,"relics_obtained":["Red Mask"],"max_hp_gain":0,"max_hp_loss":0,"event_name":"Tomb of Lord Red Mask","floor":39,"gold_loss":42},{"damage_healed":0,"gold_gain":0,"player_choice":"Max HP","damage_taken":0,"max_hp_gain":0,"max_hp_loss":5,"event_name":"Winding Halls","floor":46,"gold_loss":0}],"is_beta":false,"boss_relics":[{"not_picked":["Busted Crown","SlaversCollar"],"picked":"Sozu"},{"not_picked":["Snecko Eye","Runic Dome"],"picked":"Cursed Key"}],"items_purged_floors":[7,27],"is_endless":false,"potions_floor_spawned":[1,16,19,21,24,30,37,40,47,48],"ascension_level":15}}