{"host":"hemqwg9ve6welna9","time":1613799063,"event":{"mods":["2.2 Compatiblity","AchievementEnabler","Act Like it!","BaseMod","Beaked The Cultist","Bestiary","Better Match","Better Note","Better Third Choice","BetterRewards","Conspire","Curses Come First","Dio Mod","Downfall","Gremlin Mod","Hermit","Highlight Path","Hubris","Melee Mod","Minty Spire (QoL Compilation)","Permanent Neow","Potionbrewer","Quick Restart","Rare Cards Sparkle","Relic Stats","Reliquary","Robot Space Explorer","Ruina","SOS???????","Shop Mod","StSLib","SuperFastMode","Td1madao Mod","The Bug Knight","The Cursed","The Disciple","The Forsaken","The Hierophant","The Jungle","The Marked","The Runesmith","The Senshi","The Servant 0.9.4","The Wild Card","TheBandit","TheVacant","UnlockEverythingMod","everything is the same but u backflip on backflip"],"gold_per_floor":[117,117,117,130,130,130,161,63,90,121,121,21,21,40,40,138,138,153,163,163,179,179,212,212,225,252,265,265,298,298,298,298,393,393,403,758,883,893,893,893,922,941,941,955,955,955],"floor_reached":45,"language":"ENG","playtime":3904,"items_purged":["theForsaken:PlagueCurse","theForsaken:PlagueCurse"],"score":539,"play_id":"db885ac7-1ded-4f96-935e-93b859a78463","local_time":"20210219233103","is_ascension_mode":false,"campfire_choices":[{"data":"meleeMod_Knee","floor":6.0,"key":"SMITH"},{"data":"meleeMod_EdgeCancel","floor":11.0,"key":"SMITH"},{"floor":13.0,"key":"REST"},{"data":"meleeMod_SweetSpot","floor":15.0,"key":"SMITH"},{"data":"meleeMod_NeutralAir","floor":24.0,"key":"SMITH"},{"floor":30.0,"key":"REST"},{"floor":32.0,"key":"RECALL"},{"floor":40.0,"key":"REST"}],"circlet_count":0,"master_deck":["meleeMod_Jab","meleeMod_Jab","meleeMod_Jab","meleeMod_Shield+1","meleeMod_Shield","meleeMod_Shield","meleeMod_NeutralAir+1","meleeMod_BackAir","meleeMod_Knee+1","meleeMod_WaveLand","meleeMod_BackAir","meleeMod_DownSmash","meleeMod_DashDance+1","meleeMod_WallJump+1","meleeMod_EdgeCancel+1","meleeMod_SweetSpot+1","meleeMod_MindReader","meleeMod_CrouchCancel","meleeMod_Cautious+1","meleeMod_DownTilt+1","meleeMod_SweetSpot+1","meleeMod_MindReader","meleeMod_NoDI","meleeMod_EdgeCancel","meleeMod_UpAir","meleeMod_BlueFalcon","meleeMod_PowerShield+1","meleeMod_DownSmash+1","meleeMod_UpSmash","meleeMod_L_Cancel","Madness","Madness","meleeMod_BackAir+1","meleeMod_FalconKick+1","meleeMod_Grab+1"],"relics":["meleeMod_LosersMang0","hubris:Icosahedron","theForsaken:PlagueMask","reliquary:TatteredRug","Letter Opener","hubris:Backtick","RobotSpaceExplorer:BottledGravity","hubris:Towel","War Paint","Happy Flower","MutagenicStrength","Runesmith:Locket","hubris:VirtuousBlindfold","Old Coin","Regal Pillow","reliquary:JackalopeAntler","reliquary:PrincelyHelmet"],"acts_visited":["Exordium","TheCity","TheBeyond"],"potions_floor_usage":[42,44,45,45],"damage_taken":[{"damage":2.0,"enemies":"Cultist","floor":1.0,"turns":3.0},{"damage":2.0,"enemies":"2 Louse","floor":4.0,"turns":2.0},{"damage":47.0,"enemies":"3 Sentries","floor":7.0,"turns":7.0},{"damage":17.0,"enemies":"Lagavulin","floor":10.0,"turns":6.0},{"damage":0.0,"enemies":"Jaw Worm","floor":14.0,"turns":1.0},{"damage":21.0,"enemies":"Slime Boss","floor":16.0,"turns":11.0},{"damage":1.0,"enemies":"Shell Parasite","floor":18.0,"turns":4.0},{"damage":4.0,"enemies":"Spheric Guardian","floor":19.0,"turns":4.0},{"damage":15.0,"enemies":"Snake Plant","floor":21.0,"turns":6.0},{"damage":7.0,"enemies":"conspire:Head Lice","floor":23.0,"turns":8.0},{"damage":24.0,"enemies":"Chosen and Byrds","floor":25.0,"turns":6.0},{"damage":5.0,"enemies":"Snecko","floor":27.0,"turns":4.0},{"damage":22.0,"enemies":"Slavers","floor":29.0,"turns":8.0},{"damage":13.0,"enemies":"Champ","floor":33.0,"turns":11.0},{"damage":16.0,"enemies":"3 Shapes","floor":35.0,"turns":2.0},{"damage":11.0,"enemies":"2 Orb Walkers","floor":36.0,"turns":4.0},{"damage":38.0,"enemies":"conspire:MimicChest","floor":37.0,"turns":5.0},{"damage":1.0,"enemies":"Orb Walker","floor":38.0,"turns":2.0},{"damage":45.0,"enemies":"Nemesis","floor":41.0,"turns":7.0},{"damage":0,"enemies":"Maw","floor":42,"turns":7},{"damage":0,"enemies":"4 Shapes","floor":44,"turns":6},{"damage":8,"enemies":"Writhing Mass","floor":45,"turns":3}],"seed_played":"-760233221070702916","potions_obtained":[{"floor":3.0,"key":"LiquidBronze"},{"floor":3.0,"key":"potionbrewer:BarricadePotion"},{"floor":3.0,"key":"potionbrewer:BoundlessPotion"},{"floor":4.0,"key":"Swift Potion"},{"floor":10.0,"key":"potionbrewer:BoundlessPotion"},{"floor":21.0,"key":"potionbrewer:InfectionPotion"},{"floor":23.0,"key":"SteroidPotion"},{"floor":29.0,"key":"potionbrewer:CleansingPotion"},{"floor":33.0,"key":"FearPotion"},{"floor":41.0,"key":"potionbrewer:BlacksmithPotion"},{"floor":42,"key":"potionbrewer:SplittingPotion"}],"is_trial":false,"path_per_floor":["M","?","?","M","?","R","E","$","T","E","R","$","R","M","R","B",null,"M","M","?","M","?","E","R","M","T","M","?","E","R","?","R","B",null,"M","?","?","M","?","R","E","M","T","M","M"],"character_chosen":"FALCON","items_purchased":["meleeMod_WallJump"],"campfire_rested":3,"item_purchase_floors":[8],"current_hp_per_floor":[83,83,83,81,81,81,34,34,34,17,17,17,42,42,42,21,85,84,80,80,65,65,58,58,34,34,29,29,7,32,32,32,19,85,69,58,20,19,8,48,3,3,3,3,0,0],"gold":955,"neow_bonus":"TRANSFORM_TWO_CARDS","is_daily":false,"chose_seed":false,"campfire_upgraded":4,"win_rate":0.0,"timestamp":1613799063,"path_taken":["M","?","?","?","?","R","E","$","T","E","R","?","R","M","R","BOSS","M","M","?","?","?","E","R","M","T","M","?","E","R","?","R","BOSS","M","?","?","M","?","R","E","M","T","M","M"],"items_purchased_type":["Card"],"build_version":"2020-12-22","purchased_purges":2,"victory":false,"max_hp_per_floor":[85,85,85,85,85,85,85,85,85,85,85,85,85,85,85,85,85,85,85,85,85,85,85,85,85,85,85,85,85,85,85,85,85,85,85,85,85,85,85,85,85,85,85,85,85,85],"relic_stats":{"Regal Pillow":15,"Happy Flower":[19],"counters":[22,117],"Letter Opener":[218],"War Paint":["meleeMod_DashDance","meleeMod_WallJump"],"obtain_stats":[{"Regal Pillow":37,"Happy Flower":26,"reliquary:PrincelyHelmet":43,"Runesmith:Locket":29,"hubris:VirtuousBlindfold":34,"reliquary:TatteredRug":7,"Letter Opener":10,"hubris:Towel":22,"War Paint":23,"theForsaken:PlagueMask":5,"Old Coin":36,"reliquary:JackalopeAntler":41,"meleeMod_TeamBeerMang0":0,"hubris:Icosahedron":2,"hubris:Backtick":17,"RobotSpaceExplorer:BottledGravity":17,"MutagenicStrength":28,"meleeMod_LosersMang0":45},{"Regal Pillow":17,"Happy Flower":11,"reliquary:PrincelyHelmet":20,"Runesmith:Locket":13,"hubris:VirtuousBlindfold":14,"reliquary:TatteredRug":3,"Letter Opener":4,"hubris:Towel":9,"War Paint":10,"theForsaken:PlagueMask":2,"Old Coin":16,"reliquary:JackalopeAntler":19,"meleeMod_TeamBeerMang0":0,"hubris:Icosahedron":1,"hubris:Backtick":6,"RobotSpaceExplorer:BottledGravity":6,"MutagenicStrength":12,"meleeMod_LosersMang0":22},{"Regal Pillow":92,"Happy Flower":58,"reliquary:PrincelyHelmet":108,"Runesmith:Locket":70,"hubris:VirtuousBlindfold":81,"reliquary:TatteredRug":12,"Letter Opener":18,"hubris:Towel":44,"War Paint":52,"theForsaken:PlagueMask":5,"Old Coin":87,"reliquary:JackalopeAntler":101,"meleeMod_TeamBeerMang0":0,"hubris:Icosahedron":3,"hubris:Backtick":30,"RobotSpaceExplorer:BottledGravity":30,"MutagenicStrength":62,"meleeMod_LosersMang0":117}]},"card_choices":[{"not_picked":["meleeMod_DIMixUp","meleeMod_RaptorBoost"],"picked":"meleeMod_BackAir","floor":1.0},{"not_picked":["meleeMod_BMoveSpecialist","meleeMod_PowerShield"],"picked":"meleeMod_DownSmash","floor":4.0},{"not_picked":["meleeMod_BabActivated","meleeMod_RaptorBoost"],"picked":"meleeMod_DashDance","floor":7.0},{"not_picked":["meleeMod_AirDodge","meleeMod_Gentleman"],"picked":"meleeMod_EdgeCancel","floor":10.0},{"not_picked":["meleeMod_Pause","meleeMod_RaptorBoost"],"picked":"meleeMod_SweetSpot","floor":14.0},{"not_picked":["meleeMod_LoseStock","meleeMod_WeTechThose"],"picked":"meleeMod_MindReader","floor":16.0},{"not_picked":["meleeMod_Pause","meleeMod_TeamAttackOn"],"picked":"meleeMod_CrouchCancel","floor":18.0},{"not_picked":["meleeMod_FireFlower","meleeMod_DashDance"],"picked":"meleeMod_Cautious+1","floor":19.0},{"not_picked":["meleeMod_WallJump","meleeMod_SweetSpot"],"picked":"meleeMod_DownTilt+1","floor":21.0},{"not_picked":["meleeMod_DashDance","meleeMod_NippleSpike"],"picked":"meleeMod_SweetSpot+1","floor":23.0},{"not_picked":["meleeMod_WallJump","meleeMod_Moonwalking"],"picked":"meleeMod_MindReader","floor":25.0},{"not_picked":["meleeMod_DashDance","meleeMod_FalconDive"],"picked":"meleeMod_NoDI","floor":27.0},{"not_picked":["meleeMod_RaptorBoost+1","meleeMod_SuperMushroom"],"picked":"meleeMod_EdgeCancel","floor":29.0},{"not_picked":["meleeMod_EdgeCancel","meleeMod_PhantomHit"],"picked":"meleeMod_BlueFalcon","floor":33.0},{"not_picked":["meleeMod_UpSmash","meleeMod_GetUpAttack"],"picked":"meleeMod_PowerShield+1","floor":35.0},{"not_picked":["meleeMod_PowerShield","meleeMod_SoftKnee"],"picked":"meleeMod_DownSmash+1","floor":36.0},{"not_picked":["meleeMod_WallJump+1","meleeMod_Moonwalking"],"picked":"meleeMod_UpSmash","floor":37.0},{"not_picked":["meleeMod_SuperSpicyCurry+1","meleeMod_ForwardTilt+1"],"picked":"meleeMod_L_Cancel","floor":38.0},{"not_picked":["meleeMod_NeutralAir","meleeMod_SoftKnee"],"picked":"meleeMod_BackAir+1","floor":41.0},{"not_picked":["meleeMod_Gentleman+1","meleeMod_DownTilt"],"picked":"meleeMod_FalconKick+1","floor":42},{"not_picked":["meleeMod_Cautious","meleeMod_NippleSpike"],"picked":"meleeMod_Grab+1","floor":44}],"player_experience":27139,"relics_obtained":[{"floor":7.0,"key":"reliquary:TatteredRug"},{"floor":10.0,"key":"Letter Opener"},{"floor":23.0,"key":"War Paint"},{"floor":26.0,"key":"Happy Flower"},{"floor":29.0,"key":"Runesmith:Locket"},{"floor":36.0,"key":"Old Coin"},{"floor":37.0,"key":"Regal Pillow"},{"floor":41.0,"key":"reliquary:JackalopeAntler"},{"floor":43,"key":"reliquary:PrincelyHelmet"}],"event_choices":[{"damage_healed":0.0,"max_hp_gain":0.0,"max_hp_loss":0.0,"gold_gain":0.0,"event_name":"Lab","player_choice":"Got Potions","floor":3.0,"gold_loss":0.0,"damage_taken":0.0},{"damage_healed":0.0,"max_hp_gain":0.0,"max_hp_loss":0.0,"gold_gain":0.0,"event_name":"Plague Doctor","player_choice":"Obtain Plague Curse","floor":5.0,"gold_loss":0.0,"damage_taken":0.0,"cards_obtained":["theForsaken:PlagueCurse"]},{"damage_healed":0.0,"max_hp_gain":0.0,"max_hp_loss":0.0,"gold_gain":0.0,"event_name":"betterNote:BetterNote","player_choice":"Ignored","floor":20.0,"gold_loss":0.0,"damage_taken":0.0,"cards_obtained":["theForsaken:Preservation"]},{"damage_healed":0.0,"max_hp_gain":0.0,"max_hp_loss":0.0,"gold_gain":0.0,"event_name":"Drug Dealer","player_choice":"Inject Mutagens","floor":28.0,"gold_loss":0.0,"damage_taken":0.0,"relics_obtained":["MutagenicStrength"]},{"damage_healed":0.0,"max_hp_gain":0.0,"max_hp_loss":0.0,"gold_gain":0.0,"event_name":"Mysterious Sphere","player_choice":"Fight","floor":36.0,"gold_loss":0.0,"damage_taken":0.0},{"damage_healed":0.0,"max_hp_gain":0.0,"max_hp_loss":0.0,"gold_gain":0.0,"event_name":"Winding Halls","player_choice":"Embrace Madness","floor":39.0,"gold_loss":0.0,"damage_taken":11.0,"cards_obtained":["Madness","Madness"]}],"is_beta":false,"boss_relics":[{"not_picked":["Velvet Choker","reliquary:KinkedSpring"],"picked":"hubris:Backtick"},{"not_picked":["Busted Crown","Snecko Eye"],"picked":"hubris:VirtuousBlindfold"}],"items_purged_floors":[8,12],"is_endless":false,"potions_floor_spawned":[4,10,21,23,29,33,41,42],"killed_by":"Writhing Mass","ascension_level":0}}