{"host":"8u9gkmadxi1im6dj","time":1613835913,"event":{"mods":["Act Like it!","Bard","BaseMod","Block Reminder","Colored Map","Colored Powertips","DeckTracker","Downfall","Infinite Spire","Jorbs\u0027s Wanderer Trilogy","Marisa????????","Minty Spire (QoL Compilation)","Pale of the Ancients","Permanent Neow","Quick Restart","Random Character Button","Relic Sorter","Relic Stats","Replay The Spire","Shade Mod","StSLib","The Bug Knight","The Cursed","The IronCluck","The Necromancer","The Servant 0.9.4"],"gold_per_floor":[114,125,50,50,65,97,97,114,114,145,145,160,260,285,285,383,383,400,188,168,168,185,185,185],"floor_reached":23,"language":"ENG","playtime":1015,"items_purged":["stsjorbsmod:Procrastination","Strike_R"],"score":257,"play_id":"b0c4ed27-fd13-4f5e-a880-b92584a6cb37","local_time":"20210220164513","is_ascension_mode":true,"campfire_choices":[{"data":"ReplayTheSpireMod:Muscle Training","floor":7,"key":"SMITH"},{"data":"Heavy Blade","floor":11,"key":"SMITH"},{"floor":15,"key":"REST"}],"circlet_count":0,"master_deck":["Strike_R","Strike_R","Strike_R","Strike_R","Defend_R","Defend_R","Defend_R","Heavy Blade+1","Flex","Anger","ReplayTheSpireMod:Muscle Training+1","Shrug It Off","Flex","ReplayTheSpireMod:Stacked","Warcry","Feed","Heavy Blade+1","Heavy Blade+1","Inflame","Flex+1","Pummel","Heavy Blade"],"relics":["Burning Blood","infinitespire:Joker Card","Thread and Needle","Dream Catcher","Shuriken","HornCleat","Black Star"],"acts_visited":["Exordium","TheCity"],"potions_floor_usage":[6,8,10,16,20],"damage_taken":[{"damage":1,"enemies":"Small Slimes","floor":1,"turns":3},{"damage":2,"enemies":"Cultist","floor":2,"turns":3},{"damage":6,"enemies":"Jaw Worm","floor":5,"turns":4},{"damage":17,"enemies":"Gremlin Nob","floor":6,"turns":4},{"damage":5,"enemies":"Gremlin Gang","floor":8,"turns":5},{"damage":12,"enemies":"3 Sentries","floor":10,"turns":8},{"damage":7,"enemies":"Lots of Slimes","floor":12,"turns":4},{"damage":6,"enemies":"Lagavulin","floor":14,"turns":5},{"damage":49,"enemies":"The Guardian","floor":16,"turns":9},{"damage":37,"enemies":"3 Byrds","floor":18,"turns":7},{"damage":18,"enemies":"2 Thieves","floor":20,"turns":4},{"damage":10,"enemies":"Centurion and Healer","floor":22,"turns":4},{"damage":33,"enemies":"Book of Stabbing","floor":23,"turns":4}],"seed_played":"-522176987802653154","potions_obtained":[{"floor":1,"key":"Adrenaline Potion"},{"floor":6,"key":"Guardian:BlockOnCardUsePotion"},{"floor":8,"key":"infinitespire:BlackPotion"},{"floor":14,"key":"LiquidBronze"},{"floor":18,"key":"AttackPotion"}],"is_trial":false,"path_per_floor":["M","M","$","?","M","E","R","M","T","E","R","M","?","E","R","B",null,"M","$","M","?","M","E"],"character_chosen":"IRONCLAD","items_purchased":["Heavy Blade+1","Inflame"],"campfire_rested":1,"item_purchase_floors":[19,19],"current_hp_per_floor":[80,80,80,80,80,69,69,70,70,64,64,63,63,63,80,37,80,49,49,37,37,33,0,0],"gold":185,"neow_bonus":"ONE_RARE_RELIC","is_daily":false,"chose_seed":false,"campfire_upgraded":2,"win_rate":0.0,"timestamp":1613835913,"path_taken":["M","M","$","?","?","E","R","?","T","E","R","M","?","E","R","BOSS","M","$","?","?","?","E"],"items_purchased_type":["Card","Card"],"build_version":"2020-12-22","purchased_purges":2,"victory":false,"max_hp_per_floor":[80,80,80,80,80,80,80,80,80,80,80,80,80,80,80,80,80,80,80,80,80,80,80,80],"relic_stats":{"Dream Catcher":1,"counters":[13,64],"Shuriken":[12],"Black Star":0,"obtain_stats":[{"Dream Catcher":6,"HornCleat":10,"Shuriken":9,"Thread and Needle":0,"infinitespire:Joker Card":14,"Black Star":17,"Burning Blood":0},{"Dream Catcher":4,"HornCleat":6,"Shuriken":5,"Thread and Needle":0,"infinitespire:Joker Card":8,"Black Star":9,"Burning Blood":0},{"Dream Catcher":14,"HornCleat":27,"Shuriken":19,"Thread and Needle":0,"infinitespire:Joker Card":36,"Black Star":45,"Burning Blood":0}],"Burning Blood":63},"card_choices":[{"not_picked":["Cleave","Body Slam"],"picked":"Heavy Blade","floor":1},{"not_picked":["Evolve","True Grit"],"picked":"Flex","floor":2},{"not_picked":["ReplayTheSpireMod:Strike From Hell","Cleave"],"picked":"Anger","floor":5},{"not_picked":["Entrench","Replay:Undeath\u0027s Touch"],"picked":"ReplayTheSpireMod:Muscle Training","floor":6},{"not_picked":["Body Slam","Warcry"],"picked":"Shrug It Off","floor":8},{"not_picked":["Clothesline","Reckless Charge","Life Link"],"picked":"SKIP","floor":10},{"not_picked":["Anger","Run Through"],"picked":"Flex","floor":12},{"not_picked":["Perfected Strike","Headbutt"],"picked":"ReplayTheSpireMod:Stacked","floor":14},{"not_picked":["Feel No Pain","Combust"],"picked":"Warcry","floor":15},{"not_picked":["Demonic Infusion","Replay:Many Hands"],"picked":"Feed","floor":16},{"not_picked":["Clothesline+1","Rupture"],"picked":"Heavy Blade+1","floor":18},{"not_picked":["Fire Breathing","Run Through"],"picked":"Flex+1","floor":20},{"not_picked":["Seeing Red","Infernal Blade"],"picked":"Heavy Blade","floor":22}],"player_experience":111300,"relics_obtained":[{"floor":6,"key":"Dream Catcher"},{"floor":9,"key":"Shuriken"},{"floor":10,"key":"HornCleat"},{"floor":14,"key":"infinitespire:Joker Card"}],"event_choices":[{"cards_removed":["Bash"],"damage_healed":0,"gold_gain":0,"player_choice":"Purged","damage_taken":0,"max_hp_gain":0,"max_hp_loss":0,"event_name":"Purifier","floor":4,"gold_loss":0},{"damage_healed":0,"gold_gain":100,"player_choice":"Pray","damage_taken":0,"max_hp_gain":0,"max_hp_loss":0,"event_name":"Golden Shrine","floor":13,"gold_loss":0},{"damage_healed":0,"gold_gain":0,"cards_transformed":["Defend_R"],"player_choice":"Transformed","damage_taken":0,"max_hp_gain":0,"max_hp_loss":0,"event_name":"Transmorgrifier","floor":21,"gold_loss":0,"cards_obtained":["Pummel"]}],"is_beta":false,"boss_relics":[{"not_picked":["Snecko Eye","Runic Cube"],"picked":"Black Star"}],"items_purged_floors":[3,19],"is_endless":false,"potions_floor_spawned":[1,6,8,14,18],"killed_by":"Book of Stabbing","ascension_level":2}}