{"host":"aceejw9th3i5ney6","time":1613800463,"event":{"mods":["2.2 Compatiblity","A Penny For Your Troubles","AchievementEnabler","Act Like it!","Alarm Clock","AlwaysNeverKeys","Ascension Reborn","Ascension Unlocker","Aspiration","BaseMod","Better Synergies","Better Third Choice","Better-Laid Plans","Block Reminder","CapriCore","Colored Map","Colored Powertips","Conspire","Curses Come First","Defuse TimeMaze Blight","Downfall","Emptier Cage","Energized Spire","Evolution","Exacting","Filter the Spire","Fox Events","Gensokyo","Gold Saver","Googly Eyes","Halation","Hallownest","Hubris","Minty Spire (QoL Compilation)","MostiFishMod","Permanent Neow","Poor People Problems","Quick Restart","Random Character Button","Random Character Mod","Rare Cards Sparkle","Red Circlet Mod","Relic Sorter","Relic Stats","Reliquary","Reorder Act Four","Replay The Spire","SacredBarkPlus","Shop Mod","Spikes Relics","StSLib","The Immortal","Trackpad","Treasure Hunter","Uncapped","Unceasing Turn Reminder","Virulent Crown","everything is the same but u backflip on backflip","slay the spire mod where everything is the same but ironclad has a cowboy hat","??????REMEMod"],"gold_per_floor":[119,119,191,191,191,209,7,7,37,55,55,86,86,104,124,124,124,228,228,244,284,301,301,301,301],"floor_reached":24,"language":"ENG","playtime":1262,"items_purged":[],"score":204,"play_id":"9a0f4654-383e-4763-8c78-bbf28082466b","local_time":"20210220005423","is_ascension_mode":true,"campfire_choices":[{"data":"Havoc","floor":8.0,"key":"SMITH"},{"floor":13.0,"key":"REST"}],"circlet_count":0,"master_deck":["Strike_R","Strike_R","Strike_R","Strike_R","Strike_R","Defend_R","Defend_R","Defend_R","Defend_R","Bash","MokouMod:Defend","champ:Defend","ReplayTheSpireMod:Strike From Hell","TH:DeckOfManyThings","Havoc+1","Gensokyo:SpontaneousHumanCombustion+1","TH:DeckOfManyThings","Dropkick","True Grit","REME_ACTH","Twin Strike","Replay:Many Hands","Heavy Blade","hubris:SharpeningStone","Seeing Red"],"relics":["Burning Blood","EVO:Axolotl","REME_ComplimentaryCards","DaveBox","Mango","SynthV:TestCard","hubris:Towel","Frozen Egg 2","Replay:PocketPolymizer","hubris:Metronome","Replay:Baseball","Gensokyo:OccultBall","energizedSpire:EnergizedDie","Regal Pillow","Gensokyo:RedStar"],"acts_visited":["Gensokyo:Gensokyo","Gensokyo:Gensokyoer"],"potions_floor_usage":[24],"damage_taken":[{"damage":10.0,"enemies":"Gensokyo:2_Kodama","floor":1.0,"turns":5.0},{"damage":13.0,"enemies":"Gensokyo:Python","floor":6.0,"turns":5.0},{"damage":32.0,"enemies":"Gensokyo:Aya","floor":9.0,"turns":6.0},{"damage":3.0,"enemies":"Gensokyo:Gryphon","floor":10.0,"turns":2.0},{"damage":51.0,"enemies":"Gensokyo:Cirno","floor":12.0,"turns":7.0},{"damage":5.0,"enemies":"Gensokyo:VengefulSpirit","floor":14.0,"turns":4.0},{"damage":2.0,"enemies":"Gensokyo:Gryphon_and_Rabbit","floor":15.0,"turns":4.0},{"damage":24.0,"enemies":"Gensokyo:Reimu","floor":18.0,"turns":5.0},{"damage":19.0,"enemies":"Gensokyo:AngelMirror","floor":20.0,"turns":3.0},{"damage":60.0,"enemies":"conspire:MimicChest","floor":21.0,"turns":8.0},{"damage":16,"enemies":"Gensokyo:3_Dogs","floor":22,"turns":4},{"damage":17,"enemies":"Gensokyo:Slime_Group","floor":24,"turns":3}],"seed_played":"-3298847692514805760","potions_obtained":[{"floor":9.0,"key":"Strength Potion"},{"floor":14.0,"key":"Milkshake"},{"floor":17.0,"key":"AttackPotion"},{"floor":17.0,"key":"Death Potion"},{"floor":18.0,"key":"Toxic Potion"},{"floor":22,"key":"ElixirPotion"}],"is_trial":false,"path_per_floor":["M","?","T","PTL","PTL","M","COS","R","E","M","T","E","R","M","M","?","R_BF","B",null,"M","?","M","?","M"],"character_chosen":"IRONCLAD","items_purchased":[],"campfire_rested":1,"item_purchase_floors":[],"current_hp_per_floor":[90,90,90,90,90,83,83,83,57,60,60,15,43,44,48,48,48,30,94,81,27,17,17,0,0],"gold":301,"neow_bonus":"ONE_RARE_RELIC","is_daily":false,"chose_seed":false,"campfire_upgraded":1,"win_rate":0.0,"timestamp":1613800463,"path_taken":["M","?","?","PTL","PTL","?","COS","R","E","M","T","E","R","M","M","?","R_BF","BOSS","M","?","M","?","M"],"items_purchased_type":[],"build_version":"2020-12-22","purchased_purges":0,"victory":false,"max_hp_per_floor":[94,94,94,94,94,94,94,94,94,94,94,94,94,94,94,94,94,94,94,94,94,94,94,94,94],"relic_stats":{"Regal Pillow":0,"counters":[12,56],"obtain_stats":[{"hubris:Metronome":11,"Regal Pillow":21,"Replay:PocketPolymizer":9,"DaveBox":0,"energizedSpire:EnergizedDie":19,"Mango":0,"EVO:Axolotl":0,"hubris:Towel":2,"Frozen Egg 2":3,"Gensokyo:RedStar":23,"Burning Blood":0,"Replay:Baseball":12,"SynthV:TestCard":1,"Gensokyo:OccultBall":16,"REME_ComplimentaryCards":0},{"hubris:Metronome":4,"Regal Pillow":10,"Replay:PocketPolymizer":3,"DaveBox":0,"energizedSpire:EnergizedDie":8,"Mango":0,"EVO:Axolotl":0,"hubris:Towel":1,"Frozen Egg 2":1,"Gensokyo:RedStar":11,"Burning Blood":0,"Replay:Baseball":5,"SynthV:TestCard":1,"Gensokyo:OccultBall":7,"REME_ComplimentaryCards":0},{"hubris:Metronome":18,"Regal Pillow":49,"Replay:PocketPolymizer":16,"DaveBox":0,"energizedSpire:EnergizedDie":38,"Mango":0,"EVO:Axolotl":0,"hubris:Towel":5,"Frozen Egg 2":5,"Gensokyo:RedStar":53,"Burning Blood":0,"Replay:Baseball":25,"SynthV:TestCard":5,"Gensokyo:OccultBall":33,"REME_ComplimentaryCards":0}],"Burning Blood":66},"card_choices":[{"not_picked":["Twin Strike","Warcry"],"picked":"ReplayTheSpireMod:Strike From Hell","floor":1.0},{"not_picked":["TH:BikiniMail","TH:TreasureMap","TH:EnergyPotion"],"picked":"TH:DeckOfManyThings","floor":3.0},{"not_picked":["ReplayTheSpireMod:Strike From Hell","Clash","Massacre","Headbutt"],"picked":"Havoc","floor":6.0},{"not_picked":["TH:ElvenBoots","TH:PixieDust","TH:BikiniMail"],"picked":"TH:DeckOfManyThings","floor":9.0},{"not_picked":["Limit Break","MostiFishMod:WingOfPhoenix+1","REME_Scribble","Pommel Strike"],"picked":"Dropkick","floor":9.0},{"not_picked":["Anger","Armaments","Clothesline","Warcry"],"picked":"True Grit","floor":10.0},{"not_picked":["TH:CopperCoins","TH:BikiniMail","TH:ArmorSpikes","TH:ElvenBoots"],"picked":"SKIP","floor":11.0},{"not_picked":["Iron Wave","Wild Strike","Dual Wield","Bludgeon"],"picked":"Fiend Fire","floor":12.0},{"not_picked":["TH:CopperCoins","TH:CursedSword","TH:DeckOfManyThings","TH:ArmorSpikes"],"picked":"SKIP","floor":12.0},{"not_picked":["Sword Boomerang","Thunderclap","Absolvement+1","Heavy Blade"],"picked":"REME_ACTH","floor":14.0},{"not_picked":["conspire:Charge","Body Slam","Spot Weakness","Hemogenesis"],"picked":"Twin Strike","floor":15.0},{"not_picked":["Berserk+1","Immolate","Reaper","MostiFishMod:KnuckleDown"],"picked":"Replay:Many Hands","floor":18.0},{"not_picked":["Rage+1","Wild Strike","Havoc+1","Intimidate"],"picked":"Heavy Blade","floor":20.0},{"not_picked":["Clothesline+1","Headbutt","Disarm","conspire:Charge+1"],"picked":"hubris:SharpeningStone","floor":21.0},{"not_picked":["BarbarianYell+1","REME_FearOfPain+1","Combust+1","ReplayTheSpireMod:Strike From Hell"],"picked":"Seeing Red","floor":22}],"player_experience":222931,"relics_obtained":[{"floor":1.0,"key":"SynthV:TestCard"},{"floor":3.0,"key":"Frozen Egg 2"},{"floor":9.0,"key":"Replay:PocketPolymizer"},{"floor":11.0,"key":"hubris:Metronome"},{"floor":12.0,"key":"Replay:Baseball"},{"floor":18.0,"key":"Gensokyo:OccultBall"},{"floor":21.0,"key":"Regal Pillow"}],"event_choices":[],"is_beta":false,"boss_relics":[{"not_picked":["reliquary:Craggleroot","Painkiller Herb"],"picked":"energizedSpire:EnergizedDie"}],"items_purged_floors":[],"is_endless":false,"potions_floor_spawned":[9,14,18,22],"killed_by":"Gensokyo:Slime_Group","ascension_level":0}}