{"host":"ypphcgdomtfqpc2w","time":1613805749,"event":{"mods":["BaseMod","DeckTracker","MarisaÅiñ∂âJÅ@ñÇóùçπÅj","Minty Spire (QoL Compilation)","Relic Stats","StSLib"],"gold_per_floor":[110,260,260,7,31,67,67,102,127,164,176,188,255,237,249,392,404,469,481,511,558,570,669,681,733,772,784,858,263,263,335,335,459,459,508,508,533,57,189,189,293,388,388,431,431,502,561,644,644,644,688,688,688,83,119,131],"floor_reached":57,"language":"ENG","playtime":4453,"items_purged":["Strike_MRS","Strike_MRS"],"score":3065,"play_id":"7dae222b-b13d-422c-a810-c1e1445eaa42","local_time":"20210220162229","is_ascension_mode":true,"campfire_choices":[{"data":"UpSweep","floor":7.0,"key":"SMITH"},{"data":"DragonMeteor","floor":15.0,"key":"SMITH"},{"floor":24,"key":"REST"},{"data":"SprinkleStarSeal","floor":27,"key":"SMITH"},{"data":"BinaryStars","floor":30,"key":"SMITH"},{"data":"EnergyFlow","floor":32,"key":"SMITH"},{"data":"Acceleration","floor":40,"key":"SMITH"},{"data":"Acceleration","floor":45,"key":"SMITH"},{"floor":49,"key":"RECALL"},{"data":"EscapeVelocity","floor":53,"key":"SMITH"}],"circlet_count":0,"master_deck":["AscendersBane","Strike_MRS+1","Defend_MRS","Defend_MRS","Defend_MRS","Defend_MRS","MasterSpark","UpSweep+1","OrrerysSun+1","Robbery","Parasite","Parasite","BinaryStars+1","DragonMeteor+1","GrandCross","EnergyFlow+1","CasketOfStar","DeepEcoloBomb","GalacticHalo","WitchOfGreed","SprinkleStarSeal+1","EnergyRecoil+1","FairyDestructionRay","UltimateShortwave","Singularity","CurseOfTheBell","MachineGunSpark","Acceleration+1","MeteoricShower","Acceleration+1","6A","EscapeVelocity+1","MilkyWay","6A"],"relics":["MiniHakkero","NeowsBlessing","ShroomBag","Toy Ornithopter","TungstenRod","Potion Belt","MawBank","Golden Idol","Oddly Smooth Stone","Philosopher\u0027s Stone","Singing Bowl","Ornamental Fan","MealTicket","Du-Vu Doll","Bronze Scales","ClockworkSouvenir","Calling Bell","Regal Pillow","Letter Opener","WingedGreaves","Medical Kit","Sundial","Turnip","Lantern","Dream Catcher","Smiling Mask","Ancient Tea Set","BreadOfAWashokuLover","Membership Card","Kunai","Mercury Hourglass","Happy Flower"],"acts_visited":["Exordium","TheCity","TheBeyond","TheEnding"],"potions_floor_usage":[23,25,28,28,35,39,39,41,42,42,44,44,46,48,48,50,51,55,55,56,56,56],"damage_taken":[{"damage":0.0,"enemies":"2 Louse","floor":1.0,"turns":1.0},{"damage":0.0,"enemies":"3 Sentries","floor":6.0,"turns":2.0},{"damage":0.0,"enemies":"Lagavulin","floor":8.0,"turns":4.0},{"damage":0.0,"enemies":"Jaw Worm","floor":10.0,"turns":4.0},{"damage":4.0,"enemies":"3 Sentries","floor":13.0,"turns":7.0},{"damage":8.0,"enemies":"Slime Boss","floor":16.0,"turns":8.0},{"damage":11.0,"enemies":"3 Byrds","floor":18.0,"turns":6.0},{"damage":15.0,"enemies":"Spheric Guardian","floor":20.0,"turns":5.0},{"damage":20.0,"enemies":"Snecko","floor":21.0,"turns":6.0},{"damage":24,"enemies":"Gremlin Leader","floor":23,"turns":7},{"damage":23,"enemies":"3 Cultists","floor":25,"turns":5},{"damage":38,"enemies":"Book of Stabbing","floor":28,"turns":6},{"damage":13,"enemies":"Shelled Parasite and Fungi","floor":31,"turns":5},{"damage":7,"enemies":"Champ","floor":33,"turns":8},{"damage":8,"enemies":"Orb Walker","floor":35,"turns":3},{"damage":36,"enemies":"2 Orb Walkers","floor":39,"turns":4},{"damage":30,"enemies":"Reptomancer","floor":41,"turns":6},{"damage":26,"enemies":"Nemesis","floor":42,"turns":5},{"damage":3,"enemies":"3 Shapes","floor":44,"turns":4},{"damage":0,"enemies":"Giant Head","floor":46,"turns":7},{"damage":30,"enemies":"Nemesis","floor":47,"turns":7},{"damage":5,"enemies":"Transient","floor":48,"turns":6},{"damage":33,"enemies":"Time Eater","floor":50,"turns":7},{"damage":19,"enemies":"Awakened One","floor":51,"turns":9},{"damage":49,"enemies":"Shield and Spear","floor":55,"turns":6},{"damage":21,"enemies":"The Heart","floor":56,"turns":8}],"seed_played":"-1618392399704176621","potions_obtained":[{"floor":6.0,"key":"Dexterity Potion"},{"floor":10.0,"key":"ColorlessPotion"},{"floor":13.0,"key":"FearPotion"},{"floor":14.0,"key":"SkillPotion"},{"floor":14.0,"key":"SkillPotion"},{"floor":16.0,"key":"SpeedPotion"},{"floor":21.0,"key":"Weak Potion"},{"floor":23,"key":"Fire Potion"},{"floor":25,"key":"StarNLove"},{"floor":28,"key":"BottledSpark"},{"floor":28,"key":"FairyPotion"},{"floor":31,"key":"ShroomBrew"},{"floor":33,"key":"ColorlessPotion"},{"floor":35,"key":"BottledSpark"},{"floor":39,"key":"Energy Potion"},{"floor":41,"key":"BottledSpark"},{"floor":41,"key":"DuplicationPotion"},{"floor":42,"key":"SneckoOil"},{"floor":42,"key":"Dexterity Potion"},{"floor":44,"key":"Weak Potion"},{"floor":44,"key":"Dexterity Potion"},{"floor":47,"key":"DuplicationPotion"},{"floor":47,"key":"Swift Potion"},{"floor":48,"key":"Swift Potion"},{"floor":48,"key":"FearPotion"},{"floor":55,"key":"Fruit Juice"}],"is_trial":false,"path_per_floor":["M","?","?","$","T","E","R","E","T","M","?","?","E","?","R","B",null,"M","T","M","M","?","E","R","M","T","R","E","$","R","M","R","B",null,"M","?","T","$","?","R","E","E","T","M","R","E","E","M","R","B","B",null,"R","$","E","B",null],"character_chosen":"MARISA","items_purchased":["Robbery","ShroomBag","Bronze Scales","ClockworkSouvenir","UltimateShortwave","Singularity","Acceleration","Medical Kit","Sundial","Membership Card","Kunai","Block Potion","DuplicationPotion","Mercury Hourglass","BlessingOfTheForge","MilkyWay"],"campfire_rested":1,"item_purchase_floors":[4,4,29,29,29,29,38,38,38,54,54,54,54,54,54,54],"current_hp_per_floor":[63,63,56,56,56,58,58,62,62,66,43,23,28,28,28,29,60,58,58,54,38,38,23,44,30,30,30,6,21,21,14,14,13,60,61,61,61,76,42,42,21,9,9,22,22,33,9,23,23,45,35,80,80,95,55,58],"gold":131,"neow_bonus":"THREE_ENEMY_KILL","is_daily":false,"chose_seed":false,"campfire_upgraded":8,"win_rate":0.0,"timestamp":1613805749,"path_taken":["M","?","?","$","?","E","R","E","T","?","?","?","E","?","R","BOSS","M","?","M","M","?","E","R","M","T","R","E","$","R","M","R","BOSS","M","?","?","$","?","R","E","E","T","M","R","E","E","M","R","BOSS","BOSS","R","$","E","BOSS"],"items_purchased_type":["Card","Relic","Relic","Relic","Card","Card","Card","Relic","Relic","Relic","Relic","Potion","Potion","Relic","Potion","Card"],"build_version":"2020-12-22","purchased_purges":2,"victory":true,"max_hp_per_floor":[70,70,70,70,70,70,70,70,70,70,70,70,70,70,70,70,70,70,70,72,72,72,72,72,72,72,72,72,72,72,74,74,76,76,76,76,76,76,76,76,76,76,76,78,78,80,82,82,82,95,95,95,95,95,95,100],"relic_stats":{"Regal Pillow":0,"Singing Bowl":12,"Happy Flower":[2],"counters":[26,146],"Golden Idol":336,"Letter Opener":[124],"MawBank":240,"Medical Kit":[41],"Smiling Mask":0,"Mercury Hourglass":[45],"Dream Catcher":0,"Ornamental Fan":[264],"Sundial":[6],"Bronze Scales":[310],"MealTicket":45,"Turnip":[2],"Kunai":[10],"obtain_stats":[{"Regal Pillow":34,"Lantern":41,"Singing Bowl":19,"Smiling Mask":43,"Ancient Tea Set":46,"ClockworkSouvenir":29,"Dream Catcher":42,"Sundial":38,"Philosopher\u0027s Stone":17,"MealTicket":26,"WingedGreaves":34,"Kunai":54,"Potion Belt":8,"NeowsBlessing":0,"Happy Flower":55,"Golden Idol":11,"Oddly Smooth Stone":13,"BreadOfAWashokuLover":47,"Letter Opener":34,"MawBank":9,"Medical Kit":38,"Mercury Hourglass":54,"Du-Vu Doll":28,"Calling Bell":34,"ShroomBag":4,"Ornamental Fan":23,"Bronze Scales":29,"Turnip":39,"MiniHakkero":0,"Membership Card":54,"Toy Ornithopter":5,"TungstenRod":6},{"Regal Pillow":14,"Lantern":17,"Singing Bowl":7,"Smiling Mask":18,"Ancient Tea Set":20,"ClockworkSouvenir":12,"Dream Catcher":18,"Sundial":15,"Philosopher\u0027s Stone":6,"MealTicket":11,"WingedGreaves":14,"Kunai":24,"Potion Belt":3,"NeowsBlessing":0,"Happy Flower":25,"Golden Idol":4,"Oddly Smooth Stone":5,"BreadOfAWashokuLover":21,"Letter Opener":14,"MawBank":3,"Medical Kit":15,"Mercury Hourglass":24,"Du-Vu Doll":12,"Calling Bell":14,"ShroomBag":1,"Ornamental Fan":10,"Bronze Scales":12,"Turnip":16,"MiniHakkero":0,"Membership Card":24,"Toy Ornithopter":1,"TungstenRod":2},{"Regal Pillow":74,"Lantern":87,"Singing Bowl":32,"Smiling Mask":92,"Ancient Tea Set":103,"ClockworkSouvenir":61,"Dream Catcher":92,"Sundial":77,"Philosopher\u0027s Stone":26,"MealTicket":55,"WingedGreaves":74,"Kunai":132,"Potion Belt":7,"NeowsBlessing":0,"Happy Flower":138,"Golden Idol":11,"Oddly Smooth Stone":18,"BreadOfAWashokuLover":110,"Letter Opener":74,"MawBank":7,"Medical Kit":77,"Mercury Hourglass":132,"Du-Vu Doll":61,"Calling Bell":74,"ShroomBag":1,"Ornamental Fan":50,"Bronze Scales":61,"Turnip":81,"MiniHakkero":0,"Membership Card":132,"Toy Ornithopter":1,"TungstenRod":3}],"Toy Ornithopter":115,"TungstenRod":90},"card_choices":[{"not_picked":["GravityBeat","Acceleration"],"picked":"OrrerysSun","floor":1.0},{"not_picked":["IllusionStar","SuperPerseids"],"picked":"BinaryStars","floor":6.0},{"not_picked":["SporeBomb","OpenUniverse"],"picked":"DragonMeteor","floor":8.0},{"not_picked":["OpenUniverse","WitchLeyline"],"picked":"GrandCross","floor":10.0},{"not_picked":["UnstableBomb","GrandCross"],"picked":"EnergyFlow","floor":13.0},{"not_picked":["StarDustReverie","MaximisePower"],"picked":"CasketOfStar","floor":16.0},{"not_picked":["PowerUp","IllusionStar"],"picked":"DeepEcoloBomb","floor":18.0},{"not_picked":["MysteriousBeam+1","GalacticHalo","EnergyFlow"],"picked":"Singing Bowl","floor":20.0},{"not_picked":["LuminesStrike","DarkSpark"],"picked":"GalacticHalo","floor":21.0},{"not_picked":["PropBag","AsteroidBelt"],"picked":"SprinkleStarSeal","floor":23},{"not_picked":["GalacticHalo+1","MysteriousBeam"],"picked":"EnergyRecoil+1","floor":25},{"not_picked":["ChargingUp","6A"],"picked":"FairyDestructionRay","floor":28},{"not_picked":["FairyDestructionRay","ShootingEcho","Robbery"],"picked":"Singing Bowl","floor":31},{"not_picked":["MaximisePower","ManaRampage","BigCrunch"],"picked":"Singing Bowl","floor":33},{"not_picked":["DC","DoubleSpark"],"picked":"MachineGunSpark","floor":35},{"not_picked":["UnstableBomb","PulseMagic"],"picked":"MeteoricShower","floor":39},{"not_picked":["WitchLeyline","6A"],"picked":"Acceleration","floor":41},{"not_picked":["SporeBomb","UnstableBomb"],"picked":"6A","floor":42},{"not_picked":["UnstableBomb","AlicesGift","PowerUp"],"picked":"Singing Bowl","floor":44},{"not_picked":["6A+1","WitchOfGreed","WitchLeyline+1"],"picked":"Singing Bowl","floor":46},{"not_picked":["GrandCross","GalacticHalo","IllusionStar"],"picked":"Singing Bowl","floor":47},{"not_picked":["DoubleSpark","LuminesStrike"],"picked":"EscapeVelocity","floor":48},{"not_picked":["SporeBomb","EnergyRecoil"],"picked":"6A","floor":55}],"player_experience":3344440,"relics_obtained":[{"floor":5.0,"key":"Toy Ornithopter"},{"floor":6.0,"key":"TungstenRod"},{"floor":8.0,"key":"Potion Belt"},{"floor":9.0,"key":"MawBank"},{"floor":13.0,"key":"Oddly Smooth Stone"},{"floor":19.0,"key":"Singing Bowl"},{"floor":23,"key":"Ornamental Fan"},{"floor":26,"key":"MealTicket"},{"floor":28,"key":"Du-Vu Doll"},{"floor":34,"key":"Regal Pillow"},{"floor":34,"key":"Letter Opener"},{"floor":34,"key":"WingedGreaves"},{"floor":39,"key":"Turnip"},{"floor":41,"key":"Lantern"},{"floor":42,"key":"Dream Catcher"},{"floor":43,"key":"Smiling Mask"},{"floor":46,"key":"Ancient Tea Set"},{"floor":47,"key":"BreadOfAWashokuLover"},{"floor":55,"key":"Happy Flower"}],"event_choices":[{"damage_healed":0.0,"max_hp_gain":0.0,"max_hp_loss":0.0,"gold_gain":150.0,"event_name":"Liars Game","player_choice":"AGREE","floor":2.0,"gold_loss":0.0,"damage_taken":0.0,"cards_obtained":["Doubt"]},{"cards_removed":["Doubt"],"damage_healed":0.0,"max_hp_gain":0.0,"max_hp_loss":0.0,"gold_gain":0.0,"event_name":"Golden Wing","player_choice":"Card Removal","floor":3.0,"gold_loss":0.0,"damage_taken":7.0},{"damage_healed":0.0,"max_hp_gain":0.0,"max_hp_loss":0.0,"gold_gain":0.0,"event_name":"Golden Idol","player_choice":"Take Damage","floor":11.0,"gold_loss":0.0,"damage_taken":24.0,"relics_obtained":["Golden Idol"]},{"damage_healed":0.0,"max_hp_gain":0.0,"max_hp_loss":0.0,"gold_gain":0.0,"event_name":"Shining Light","player_choice":"Entered Light","floor":12.0,"gold_loss":0.0,"damage_taken":21.0,"cards_upgraded":["OrrerysSun","Strike_MRS"]},{"damage_healed":0.0,"max_hp_gain":0.0,"max_hp_loss":0.0,"gold_gain":0.0,"event_name":"The Woman in Blue","player_choice":"Bought 2 Potions","floor":14.0,"gold_loss":0.0,"damage_taken":0.0},{"damage_healed":0.0,"max_hp_gain":0.0,"max_hp_loss":0.0,"gold_gain":0.0,"event_name":"The Library","player_choice":"Read","floor":22.0,"gold_loss":0.0,"damage_taken":0.0,"cards_obtained":["WitchOfGreed"]},{"cards_removed":["Strike_MRS"],"damage_healed":0,"gold_gain":0,"player_choice":"Removed Attack","damage_taken":0,"max_hp_gain":0,"max_hp_loss":0,"event_name":"Falling","floor":36,"gold_loss":0},{"damage_healed":0,"gold_gain":0,"player_choice":"Fight","damage_taken":0,"max_hp_gain":0,"max_hp_loss":0,"event_name":"Mysterious Sphere","floor":39,"gold_loss":0}],"is_beta":false,"boss_relics":[{"not_picked":["ExperimentalFamiliar","Fusion Hammer"],"picked":"Philosopher\u0027s Stone"},{"not_picked":["Cursed Key","Tiny House"],"picked":"Calling Bell"}],"items_purged_floors":[29,54],"is_endless":false,"potions_floor_spawned":[6,10,13,16,21,28,31,41,44,47,55],"ascension_level":20}}