{"host":"5tzvto3beate6p8b","time":1613802869,"event":{"mods":["BaseMod","Colored Map","Minty Spire (QoL Compilation)","StSLib","SuperFastMode"],"gold_per_floor":[118,128,139,149,166,166,185,185,185,185,220,185,185,220,220,220,220],"floor_reached":16,"language":"JPN","playtime":548,"items_purged":[],"score":174,"play_id":"08aa9849-9594-439f-a6b0-8af0a6dfc2c4","local_time":"20210220153429","is_ascension_mode":true,"campfire_choices":[{"data":"Conclude","floor":6.0,"key":"SMITH"},{"data":"Eruption","floor":8.0,"key":"SMITH"},{"data":"MentalFortress","floor":10.0,"key":"SMITH"},{"data":"Panache","floor":13.0,"key":"SMITH"},{"data":"Worship","floor":15,"key":"SMITH"}],"circlet_count":0,"master_deck":["AscendersBane","Strike_P","Strike_P","Strike_P","Strike_P","Defend_P","Defend_P","Defend_P","Defend_P","Eruption+1","Vigilance","Panache+1","FlurryOfBlows","ClearTheMind","Conclude+1","Meditate","MentalFortress+1","Brilliance","CutThroughFate","Worship+1"],"relics":["PureWater","TeardropLocket","Pear","The Courier"],"acts_visited":["Exordium"],"potions_floor_usage":[],"damage_taken":[{"damage":2.0,"enemies":"Jaw Worm","floor":1.0,"turns":4.0},{"damage":0.0,"enemies":"Small Slimes","floor":2.0,"turns":2.0},{"damage":0.0,"enemies":"Cultist","floor":3.0,"turns":2.0},{"damage":0.0,"enemies":"2 Fungi Beasts","floor":4.0,"turns":3.0},{"damage":0.0,"enemies":"3 Louse","floor":5.0,"turns":1.0},{"damage":0.0,"enemies":"Blue Slaver","floor":7.0,"turns":2.0},{"damage":16.0,"enemies":"Gremlin Nob","floor":11.0,"turns":3.0},{"damage":10,"enemies":"3 Sentries","floor":14,"turns":2},{"damage":49,"enemies":"Hexaghost","floor":16,"turns":4}],"seed_played":"1172756635127178159","potions_obtained":[{"floor":1.0,"key":"AttackPotion"},{"floor":2.0,"key":"DuplicationPotion"}],"is_trial":false,"path_per_floor":["M","M","M","M","M","R","M","R","T","R","E","?","R","E","R","B"],"character_chosen":"WATCHER","items_purchased":[],"campfire_rested":0,"item_purchase_floors":[],"current_hp_per_floor":[45,45,45,45,45,45,45,45,45,45,39,59,59,49,49,0,0],"gold":220,"neow_bonus":"RANDOM_COLORLESS_2","is_daily":false,"chose_seed":false,"campfire_upgraded":5,"win_rate":0.0,"timestamp":1613802869,"path_taken":["M","M","M","M","M","R","M","R","T","R","E","?","R","E","R","BOSS"],"items_purchased_type":[],"build_version":"2020-12-22","purchased_purges":0,"victory":false,"max_hp_per_floor":[72,72,72,72,72,72,72,72,72,72,82,82,82,82,82,82,82],"card_choices":[{"not_picked":["Mayhem","Thinking Ahead"],"picked":"Panache","floor":0.0},{"not_picked":["Fasting2","Consecrate"],"picked":"FlurryOfBlows","floor":1.0},{"not_picked":["JustLucky","Evaluate"],"picked":"ClearTheMind","floor":2.0},{"not_picked":["Evaluate","Prostrate"],"picked":"Conclude","floor":3.0},{"not_picked":["Protect","Halt"],"picked":"Meditate","floor":4.0},{"not_picked":["Nirvana","SashWhip"],"picked":"MentalFortress","floor":5.0},{"not_picked":["FlyingSleeves","Collect"],"picked":"Brilliance","floor":7.0},{"not_picked":["Consecrate","WreathOfFlame"],"picked":"CutThroughFate","floor":11.0},{"not_picked":["SashWhip","Conclude"],"picked":"Worship","floor":14}],"player_experience":811402,"relics_obtained":[{"floor":9.0,"key":"TeardropLocket"},{"floor":11.0,"key":"Pear"},{"floor":14,"key":"The Courier"}],"event_choices":[{"damage_healed":20.0,"max_hp_gain":0.0,"max_hp_loss":0.0,"gold_gain":0.0,"event_name":"The Cleric","player_choice":"Healed","floor":12.0,"gold_loss":35.0,"damage_taken":0.0}],"is_beta":false,"boss_relics":[],"items_purged_floors":[],"is_endless":false,"potions_floor_spawned":[1,2,4],"killed_by":"Hexaghost","ascension_level":11}}