{"host":"bc298c4gavna5tx2","time":1613832922,"event":{"mods":["ATMod(阿瑾Mod)","Act Like it!","BaseMod","Challenge The Spire","Energized Spire","Lobotomy","LobotomyExtend","Minty Spire (QoL Compilation)","MostiFishMod","Quarter Circle Forward PUNCH!","Quick Restart","Replay The Spire","Spicy Shops","StSLib","The Marked","【功能Mod】混沌之环修复补丁","【功能Mod】聪明的最终Boss","【遗物卡牌】REMEMod"],"gold_per_floor":[118,118,118,138,152,186,186,201,201,201,241,265,2,2,2,96,96,110,110,110,129,145,185,185,220,292,335,350,388,513,438,438,534,534,557,570,601,601,626,626,649,684,684,684,717,420,434,434,434,434,434,434],"floor_reached":53,"language":"ZHS","playtime":2242,"items_purged":[],"score":2968,"play_id":"d7a9ad3a-39d0-4cdd-818a-36b96bde9eb8","local_time":"20210220225522","is_ascension_mode":true,"campfire_choices":[{"data":"Bash","floor":7,"key":"SMITH"},{"floor":15,"key":"RECALL"},{"data":"AT_IchimonjiDouble","floor":24,"key":"SMITH"},{"data":"RitualDagger","floor":32,"key":"SMITH"},{"data":"Rampage","floor":40,"key":"SMITH"},{"data":"Reaper","floor":44,"key":"SMITH"},{"floor":51,"key":"DIG"}],"circlet_count":0,"master_deck":["Bash+1","AT_ShrugMaster+1","Dropkick+1","RitualDagger+1","AT_IchimonjiDouble+1","Rampage+1","Reaper+1","REME_MagicPocketWatch+1"],"relics":["Burning Blood","AT_ATBox","DaveBox","REME_ComplimentaryCards","ExusiaiGun","SynthV:TestCard","LetterFromLob","Golden Idol","Paper Frog","Bag of Marbles","REME_HandOfSuture","ReplayTheSpireMod:Shallot","Transparent","Centennial Puzzle","Kunai","Shuriken","Oddly Smooth Stone","Ornamental Fan","ArrowTower","Chameleon Ring","Coffee Dripper","BionicSphere","Counterbalance","REME_PuzzleBoxRelic","Replay:Bottled Flurry","ReplayTheSpireMod:TigerMarble","DiscerningMonocle","AT_BellDemon","AT_RabadonDeathcap","Akabeko","Toolbox","Potion Belt","MagicBullet_r","Moonlight_r","Gaze_r","Replay:Rubber Ducky"],"acts_visited":["Exordium","TheCity","TheBeyond"],"potions_floor_usage":[11,52],"damage_taken":[{"damage":0,"enemies":"Jaw Worm","floor":1,"turns":1},{"damage":0,"enemies":"2 Louse","floor":4,"turns":2},{"damage":0,"enemies":"Small Slimes","floor":5,"turns":2},{"damage":10,"enemies":"3 Sentries","floor":6,"turns":3},{"damage":0,"enemies":"Blue Slaver","floor":8,"turns":1},{"damage":0,"enemies":"Lagavulin","floor":11,"turns":3},{"damage":0,"enemies":"2 Fungi Beasts","floor":12,"turns":1},{"damage":0,"enemies":"Hexaghost","floor":16,"turns":1},{"damage":15,"enemies":"Spheric Guardian","floor":18,"turns":1},{"damage":15,"enemies":"Chosen","floor":21,"turns":1},{"damage":15,"enemies":"Snecko","floor":22,"turns":1},{"damage":15,"enemies":"Replay:Snechameleon","floor":23,"turns":1},{"damage":15,"enemies":"REME_1_Revenger","floor":25,"turns":1},{"damage":15,"enemies":"Gremlin Leader","floor":27,"turns":1},{"damage":15,"enemies":"Snake Plant","floor":28,"turns":1},{"damage":15,"enemies":"REME_1_Revenger","floor":29,"turns":1},{"damage":15,"enemies":"Colosseum Slavers","floor":30,"turns":1},{"damage":15,"enemies":"Colosseum Nobs","floor":30,"turns":1},{"damage":45,"enemies":"Pondfish","floor":33,"turns":3},{"damage":15,"enemies":"3 Shapes","floor":35,"turns":1},{"damage":15,"enemies":"Orb Walker","floor":36,"turns":1},{"damage":15,"enemies":"Mind Bloom Boss Battle","floor":37,"turns":1},{"damage":15,"enemies":"4 Shapes","floor":39,"turns":1},{"damage":15,"enemies":"Maw","floor":41,"turns":1},{"damage":15,"enemies":"R_Hoarder","floor":42,"turns":1},{"damage":15,"enemies":"Giant Head","floor":45,"turns":1},{"damage":19,"enemies":"Jaw Worm Horde","floor":47,"turns":1},{"damage":15,"enemies":"Jaw Worm Horde","floor":50,"turns":1},{"damage":108,"enemies":"Awakened One","floor":52,"turns":18},{"damage":6,"enemies":"Malkuth","floor":53,"turns":1},{"damage":6,"enemies":"Netzach","floor":53,"turns":1},{"damage":12,"enemies":"Tiphereth","floor":53,"turns":2}],"seed_played":"-2690105630503682923","potions_obtained":[{"floor":5,"key":"Swift Potion"},{"floor":6,"key":"LifebloodPotion"},{"floor":29,"key":"BloodPotion"}],"is_trial":false,"path_per_floor":["M","?","?","M","M","E","R","M","T","?","E","M","$","?","R","B",null,"M","?","?","M","M","E","R","E","T","E","M","E","?","?","R","B",null,"M","M","?","?","M","R","M","E","T","R","E","$","M","PTL","PTL","?","R","B",null],"character_chosen":"IRONCLAD","items_purchased":["REME_HandOfSuture","ReplayTheSpireMod:Shallot","ReplayTheSpireMod:TigerMarble","DiscerningMonocle","AT_BellDemon","AT_RabadonDeathcap","Akabeko","Toolbox","REME_MagicPocketWatch"],"campfire_rested":0,"item_purchase_floors":[13,13,46,46,46,46,46,46,46],"current_hp_per_floor":[74,56,75,75,75,71,71,75,75,76,76,76,76,61,61,67,74,76,70,70,76,76,76,76,76,76,76,76,76,76,76,76,76,76,76,76,76,76,76,76,76,76,76,76,76,76,76,76,76,76,76,76],"gold":434,"neow_bonus":"RANDOM_EVENT","is_daily":false,"chose_seed":false,"campfire_upgraded":5,"win_rate":0.0,"timestamp":1613832922,"path_taken":["M","?","?","M","M","E","R","M","T","?","E","M","?","?","R","BOSS","M","?","?","M","M","E","R","E","T","E","M","E","?","?","R","BOSS","M","M","?","?","M","R","M","E","T","R","E","$","M","PTL","PTL","?","R","BOSS"],"items_purchased_type":["Relic","Relic","Relic","Relic","Relic","Relic","Relic","Relic","Card"],"build_version":"2020-12-22","purchased_purges":0,"victory":true,"max_hp_per_floor":[75,75,75,75,75,75,75,75,75,76,76,76,76,76,76,76,76,76,76,76,76,76,76,76,76,76,76,76,76,76,76,76,76,76,76,76,76,76,76,76,76,76,76,76,76,76,76,76,76,76,76,76],"card_choices":[{"not_picked":["Headbutt","Clothesline","AT_BodySlamDance"],"picked":"SKIP","floor":1},{"not_picked":["True Grit","Pommel Strike","Heavy Blade","Havoc","Entrench"],"picked":"SKIP","floor":4},{"not_picked":["REME_SingleHolding","Sentinel","Headbutt","Flex","MostiFishMod:KnuckleDown"],"picked":"SKIP","floor":5},{"not_picked":["Sever Soul","Demon Form","Body Slam","Cleave"],"picked":"AT_ShrugMaster","floor":6},{"not_picked":["True Grit","Wild Strike","Shockwave","ReplayTheSpireMod:Limb From Limb","AT_GerminateFire"],"picked":"SKIP","floor":8},{"not_picked":["MostiFishMod:404NotFound","Pommel Strike","ReplayTheSpireMod:Corrosion Curse","Sword Boomerang"],"picked":"Dropkick","floor":11},{"not_picked":["Body Slam","Blood for Blood","Iron Wave","Heavy Blade","AT_BodySlamDance"],"picked":"SKIP","floor":12},{"not_picked":["Headbutt","Iron Wave","Run Through","Evolve","AT_BodySlamDance"],"picked":"SKIP","floor":18},{"not_picked":["Seeing Red","Shrug It Off","Pummel","Cleave"],"picked":"AT_IchimonjiDouble","floor":21},{"not_picked":["Shrug It Off","AT_GerminateFire","Searing Blow","Juggernaut","Infernal Blade"],"picked":"SKIP","floor":22},{"not_picked":["Power Through","AT_BodySlamDance","Massacre","MostiFishMod:BrandingRite","REME_Cut"],"picked":"SKIP","floor":23},{"not_picked":["Disarm+1","Perfected Strike+1","Cleave","Armaments","Replay:Undeath\u0027s Touch"],"picked":"SKIP","floor":25},{"not_picked":["Spot Weakness","Iron Wave","Headbutt","Sword Boomerang+1","Whirlwind"],"picked":"SKIP","floor":27},{"not_picked":["Headbutt","AT_DiedThrough","AT_ManFootWork","Rupture"],"picked":"Rampage","floor":28},{"not_picked":["Ghostly Armor","Dual Wield","AT_DrawKnifeCut+1","Pommel Strike","MostiFishMod:KnuckleDown"],"picked":"SKIP","floor":29},{"not_picked":["MostiFishMod:ChineseTea","Demon Form","MostiFishMod:OrdinaryWorld","MostiFishMod:FireWorks"],"picked":"Reaper","floor":33},{"not_picked":["Clash+1","AT_ShrugMaster+1","Blood for Blood","Hemokinesis","Iron Wave"],"picked":"SKIP","floor":35},{"not_picked":["Anger","Wild Strike+1","Perfected Strike+1","Seeing Red","Sentinel"],"picked":"SKIP","floor":36},{"not_picked":["Headbutt+1","Twin Strike+1","Flex","Blood for Blood+1","Clothesline"],"picked":"SKIP","floor":39},{"not_picked":["Metallicize+1","Clothesline","Hemogenesis","Thunderclap","ReplayTheSpireMod:Corrosion Curse+1"],"picked":"SKIP","floor":41},{"not_picked":["REME_Cut","Pommel Strike","Seeing Red","Disarm","Sword Boomerang"],"picked":"SKIP","floor":42},{"not_picked":["Twin Strike","MostiFishMod:CullingBlade","REME_Cut","ReplayTheSpireMod:Strike From Hell","Clothesline+1"],"picked":"SKIP","floor":45},{"not_picked":["Anger+1","Shrug It Off+1","AT_ShrugMaster","Havoc","AT_DrawKnifeCut+1"],"picked":"SKIP","floor":47}],"player_experience":152812,"relics_obtained":[{"floor":1,"key":"SynthV:TestCard"},{"floor":1,"key":"LetterFromLob"},{"floor":6,"key":"Paper Frog"},{"floor":11,"key":"Bag of Marbles"},{"floor":23,"key":"Centennial Puzzle"},{"floor":25,"key":"Kunai"},{"floor":26,"key":"Shuriken"},{"floor":27,"key":"Oddly Smooth Stone"},{"floor":29,"key":"Ornamental Fan"},{"floor":30,"key":"ArrowTower"},{"floor":30,"key":"Chameleon Ring"},{"floor":37,"key":"BionicSphere"},{"floor":42,"key":"Counterbalance"},{"floor":43,"key":"REME_PuzzleBoxRelic"},{"floor":45,"key":"Replay:Bottled Flurry"},{"floor":47,"key":"Potion Belt"},{"floor":51,"key":"Replay:Rubber Ducky"}],"event_choices":[{"damage_healed":0,"gold_gain":0,"player_choice":"Take Damage","damage_taken":18,"relics_obtained":["Golden Idol"],"max_hp_gain":0,"max_hp_loss":0,"event_name":"Golden Idol","floor":2,"gold_loss":0},{"damage_healed":0,"gold_gain":0,"player_choice":"Fought Mushrooms","damage_taken":0,"max_hp_gain":0,"max_hp_loss":0,"event_name":"Mushrooms","floor":10,"gold_loss":0},{"damage_healed":0,"gold_gain":0,"player_choice":"Entered Light","damage_taken":15,"max_hp_gain":0,"max_hp_loss":0,"event_name":"Shining Light","floor":14,"gold_loss":0,"cards_upgraded":["Defend_R","Dropkick"]},{"damage_healed":0,"gold_gain":0,"player_choice":"Joined the Cult","damage_taken":6,"max_hp_gain":0,"max_hp_loss":0,"event_name":"Nest","floor":19,"gold_loss":0,"cards_obtained":["RitualDagger"]},{"cards_removed":["Strike_R"],"damage_healed":0,"gold_gain":0,"player_choice":"Elegance","damage_taken":0,"max_hp_gain":0,"max_hp_loss":0,"event_name":"Back to Basics","floor":20,"gold_loss":0},{"damage_healed":0,"gold_gain":0,"player_choice":"Fight","damage_taken":0,"max_hp_gain":0,"max_hp_loss":0,"event_name":"Colosseum","floor":30,"gold_loss":0},{"damage_healed":0,"gold_gain":0,"player_choice":"Fought Nobs","damage_taken":0,"max_hp_gain":0,"max_hp_loss":0,"event_name":"Colosseum","floor":30,"gold_loss":0},{"cards_removed":["Defend_R"],"damage_healed":0,"gold_gain":0,"player_choice":"Gave Gold","damage_taken":0,"max_hp_gain":0,"max_hp_loss":0,"event_name":"Beggar","floor":31,"gold_loss":75},{"damage_healed":0,"gold_gain":0,"player_choice":"Fight","damage_taken":0,"max_hp_gain":0,"max_hp_loss":0,"event_name":"MindBloom","floor":37,"gold_loss":0},{"damage_healed":0,"gold_gain":0,"player_choice":"Ignored","damage_taken":0,"max_hp_gain":0,"max_hp_loss":0,"event_name":"Tomb of Lord Red Mask","floor":38,"gold_loss":0}],"is_beta":false,"boss_relics":[{"not_picked":["Astrolabe","Empty Cage"],"picked":"Transparent"},{"not_picked":["TimeKeys","Snecko Eye"],"picked":"Coffee Dripper"}],"items_purged_floors":[],"is_endless":false,"potions_floor_spawned":[1,5,6,21,27,29,30,36,39,45,47],"ascension_level":14}}