{"host":"mxzdufzqk8sjj15q","time":1613842223,"event":{"mods":["2.2 Compatiblity","BaseMod","Better Note","Downfall","Googly Eyes","Minty Spire (QoL Compilation)","Random Character Button","Rare Cards Sparkle","StSLib","The Cursed","The Disciple","The Hierophant"],"gold_per_floor":[99,115,6,26,42,42,42,42,42,42,83,83,2,38,61,171,171,171,50,50,50,74,192,192,192,192,92,119,163,63,27,48,162,162,162,185,194,72,72,72,72,72,94,113,125,134,152,2,22,22],"floor_reached":51,"language":"ENG","playtime":3583,"items_purged":["bronze:Strike","bronze:Strike","bronze:Defend","bronze:Defend"],"score":696,"play_id":"1c2e97b1-e46f-42f8-80a2-9e031339a9da","local_time":"20210220153023","is_ascension_mode":false,"campfire_choices":[{"data":"bronze:Goto","floor":1.0,"key":"SMITH"},{"data":"bronze:Frontload","floor":6.0,"key":"SMITH"},{"data":"bronze:ClassDefault","floor":10.0,"key":"SMITH"},{"data":"bronze:Repulsor","floor":18.0,"key":"SMITH"},{"data":"bronze:BuggyMess","floor":27.0,"key":"SMITH"},{"floor":30.0,"key":"REST"},{"data":"bronze:ForceShield","floor":35.0,"key":"SMITH"},{"data":"bronze:AlphaBuild","floor":40.0,"key":"SMITH"},{"data":"bronze:HardenedForm","floor":42.0,"key":"SMITH"}],"circlet_count":0,"master_deck":["bronze:Defend","bronze:Replicate","bronze:Goto+1","bronze:ChosenStrike","bronze:Frontload+1","bronze:ClassDefault+1","bronze:Iterate","bronze:FineTuning","bronze:Boost+1","bronze:Repulsor+1","bronze:Flail","bronze:OilSpill","bronze:CloningBeam","bronze:HardenedForm+1","bronze:BuggyMess+1","bronze:BitShift","bronze:BuggyMess+1","bronze:DecaBeam","bronze:FindAndReplace","bronze:FineTuning","bronze:CutThrough","bronze:DelayedSlice","bronze:ForceShield+1","bronze:Allocate+1","bronze:AlphaBuild+1","bronze:ItsAFeature","expansioncontent:Hexaburn","bronze:ItsAFeature","bronze:Repulsor+1","Doubt","bronze:ForLoop+1"],"relics":["bronze:BronzeCore","Pantograph","CeramicFish","PreservedInsect","Sundial","Ancient Tea Set","SlaversCollar","downfall:HeartBlessingBlue","Potion Belt","downfall:HeartBlessingGreen","Busted Crown","Centennial Puzzle","ClockworkSouvenir","Letter Opener"],"acts_visited":["Exordium","TheCity","TheBeyond"],"potions_floor_usage":[50,50,50,50,50],"damage_taken":[{"damage":1.0,"enemies":"Jaw Worm","floor":2.0,"turns":5.0},{"damage":5.0,"enemies":"downfall:FleeingMerchant","floor":3.0,"turns":4.0},{"damage":0.0,"enemies":"2 Louse","floor":4.0,"turns":2.0},{"damage":7.0,"enemies":"Small Slimes","floor":5.0,"turns":2.0},{"damage":10.0,"enemies":"Lagavulin","floor":11.0,"turns":5.0},{"damage":0.0,"enemies":"downfall:FleeingMerchant","floor":13.0,"turns":4.0},{"damage":1.0,"enemies":"3 Sentries","floor":14.0,"turns":6.0},{"damage":22.0,"enemies":"Gremlin Gang","floor":15.0,"turns":6.0},{"damage":20.0,"enemies":"IC_STATUS_ARCHETYPE","floor":16.0,"turns":5.0},{"damage":0.0,"enemies":"downfall:FleeingMerchant","floor":19.0,"turns":4.0},{"damage":24.0,"enemies":"downfall:LooterAlt2","floor":22.0,"turns":6.0},{"damage":0.0,"enemies":"downfall:LooterAlt2","floor":23.0,"turns":3.0},{"damage":26.0,"enemies":"3 Byrds","floor":28.0,"turns":7.0},{"damage":39.0,"enemies":"Slavers","floor":29.0,"turns":6.0},{"damage":2.0,"enemies":"downfall:FleeingMerchant","floor":31.0,"turns":4.0},{"damage":28.0,"enemies":"Snake Plant","floor":32.0,"turns":6.0},{"damage":22.0,"enemies":"SI_MIRROR_ARCHETYPE","floor":33.0,"turns":12.0},{"damage":0.0,"enemies":"3 Darklings","floor":36.0,"turns":7.0},{"damage":0.0,"enemies":"downfall:FleeingMerchant","floor":38.0,"turns":4.0},{"damage":0.0,"enemies":"Orb Walker","floor":43.0,"turns":2.0},{"damage":27.0,"enemies":"4 Shapes","floor":44.0,"turns":5.0},{"damage":9,"enemies":"Writhing Mass","floor":45,"turns":5},{"damage":11,"enemies":"Jaw Worm Horde","floor":47,"turns":3},{"damage":13,"enemies":"Maw","floor":49,"turns":5},{"damage":36,"enemies":"WA_ARCHETYPE_DIVINITY","floor":50,"turns":10}],"seed_played":"755522231081391186","potions_obtained":[{"floor":2.0,"key":"Explosive Potion"},{"floor":5.0,"key":"Weak Potion"},{"floor":14.0,"key":"Dexterity Potion"},{"floor":28.0,"key":"hexamod:SoulburnPotion"},{"floor":32.0,"key":"Fire Potion"},{"floor":33.0,"key":"Explosive Potion"},{"floor":36.0,"key":"Explosive Potion"},{"floor":44.0,"key":"Dexterity Potion"},{"floor":49,"key":"SkillPotion"}],"is_trial":false,"path_per_floor":["R","M","$","M","M","R","T","?","T","R","E","?","$","E","M","B",null,"R","$","?","?","M","?","T","?","?","R","M","E","R","$","M","B",null,"R","M","?","$","?","R","T","R","M","M","M","?","M","$","M","B",null],"character_chosen":"THE_AUTOMATON","items_purchased":["bronze:ClassDefault","bronze:Iterate","bronze:BitShift","bronze:ForceShield","bronze:ItsAFeature","Centennial Puzzle","ClockworkSouvenir"],"campfire_rested":1,"item_purchase_floors":[3,3,19,31,38,38,38],"current_hp_per_floor":[77,76,71,71,64,64,64,57,57,57,47,47,47,46,24,29,77,77,77,77,77,53,77,77,77,77,87,61,22,48,46,18,21,87,87,87,87,87,79,79,79,79,79,52,43,87,76,76,63,51],"gold":22,"neow_bonus":"TEN_PERCENT_HP_BONUS","is_daily":false,"chose_seed":false,"campfire_upgraded":8,"win_rate":0.0,"timestamp":1613842223,"path_taken":["R","M","$","M","M","R","T","?","?","R","E","?","$","E","M","BOSS","R","$","?","?","M","?","T","?","?","R","M","E","R","$","M","BOSS","R","M","?","$","?","R","T","R","M","?","M","?","M","$","M","BOSS"],"items_purchased_type":["Card","Card","Card","Card","Card","Relic","Relic"],"build_version":"2020-12-22","purchased_purges":4,"victory":true,"max_hp_per_floor":[77,77,77,77,77,77,77,77,77,77,77,77,77,77,77,77,77,77,77,77,77,77,77,77,77,77,87,87,87,87,87,87,87,87,87,87,87,87,87,87,87,87,87,87,87,87,87,87,87,87],"card_choices":[{"not_picked":["bronze:ForLoop","bronze:BugBarrage"],"picked":"bronze:ChosenStrike","floor":2.0},{"not_picked":["bronze:WhirlingStrike","bronze:Deprecate"],"picked":"bronze:Frontload","floor":3.0},{"not_picked":["bronze:BronzeArmor","bronze:GetLatest"],"picked":"bronze:FineTuning","floor":4.0},{"not_picked":["bronze:DelayedSlice","bronze:DelayedGuard"],"picked":"bronze:Boost","floor":5.0},{"not_picked":["bronze:MaxOutput","bronze:CloningBeam"],"picked":"bronze:Repulsor","floor":11.0},{"not_picked":["bronze:Deprecate","bronze:ShipIt"],"picked":"bronze:Flail","floor":13.0},{"not_picked":["bronze:Allocate","bronze:ItsAFeature"],"picked":"bronze:OilSpill","floor":14.0},{"not_picked":["bronze:Frontload","bronze:DarkDash"],"picked":"bronze:CloningBeam","floor":15.0},{"not_picked":["bronze:Virus","bronze:CleanCode"],"picked":"bronze:HardenedForm","floor":16.0},{"not_picked":["bronze:Return","bronze:BronzeArmor"],"picked":"bronze:BuggyMess","floor":19.0},{"not_picked":["bronze:Deprecate","bronze:WhirlingStrike"],"picked":"bronze:BuggyMess+1","floor":22.0},{"not_picked":[],"picked":"bronze:DecaBeam","floor":23.0},{"not_picked":["bronze:Overheat","bronze:GetLatest"],"picked":"bronze:FindAndReplace","floor":23.0},{"not_picked":["bronze:Invalidate","bronze:Shell"],"picked":"bronze:FineTuning","floor":28.0},{"not_picked":["bronze:BugBarrage","bronze:Allocate"],"picked":"bronze:CutThrough","floor":29.0},{"not_picked":["bronze:MaxOutput","bronze:Backtrace"],"picked":"bronze:DelayedSlice","floor":31.0},{"not_picked":["bronze:WhirlingStrike+1","bronze:DelayedSlice+1"],"picked":"bronze:Allocate+1","floor":32.0},{"not_picked":["bronze:BurnOut","bronze:CleanCode"],"picked":"bronze:AlphaBuild","floor":33.0},{"not_picked":[],"picked":"bronze:ItsAFeature","floor":36.0},{"not_picked":["expansioncontent:YouAreMine","expansioncontent:LastStand"],"picked":"expansioncontent:Hexaburn","floor":37.0},{"not_picked":["bronze:WildBeam+1"],"picked":"SKIP","floor":38.0},{"not_picked":[],"picked":"bronze:Repulsor+1","floor":43.0},{"not_picked":["bronze:DelayedGuard"],"picked":"SKIP","floor":44.0},{"not_picked":["bronze:BuggyMess"],"picked":"SKIP","floor":45},{"not_picked":["bronze:DigitalCarnage+1"],"picked":"SKIP","floor":47},{"not_picked":[],"picked":"bronze:ForLoop+1","floor":49}],"player_experience":559279,"relics_obtained":[{"floor":7.0,"key":"Pantograph"},{"floor":9.0,"key":"PreservedInsect"},{"floor":11.0,"key":"Sundial"},{"floor":14.0,"key":"Ancient Tea Set"},{"floor":29.0,"key":"Potion Belt"},{"floor":41.0,"key":"Letter Opener"}],"event_choices":[{"damage_healed":0.0,"max_hp_gain":0.0,"max_hp_loss":0.0,"gold_gain":0.0,"event_name":"Scrap Ooze","player_choice":"Success","floor":8.0,"gold_loss":0.0,"damage_taken":7.0,"relics_obtained":["CeramicFish"]},{"cards_removed":["bronze:Strike"],"damage_healed":0.0,"max_hp_gain":0.0,"max_hp_loss":0.0,"gold_gain":0.0,"event_name":"Living Wall","player_choice":"Forget","floor":12.0,"gold_loss":0.0,"damage_taken":0.0},{"cards_removed":["bronze:Repulsor"],"damage_healed":0.0,"max_hp_gain":0.0,"max_hp_loss":0.0,"gold_gain":0.0,"event_name":"betterNote:BetterNote","player_choice":"Give","floor":20.0,"gold_loss":0.0,"damage_taken":0.0,"cards_obtained":["champ:BringItOn"]}],"is_beta":false,"boss_relics":[{"not_picked":["Pandora\u0027s Box","Black Star"],"picked":"SlaversCollar"},{"not_picked":["bronze:MakeshiftBattery","Coffee Dripper"],"picked":"Busted Crown"}],"items_purged_floors":[13,19,38,48],"is_endless":false,"potions_floor_spawned":[2,5,14,15,16,22,28,32,33,36,44,49],"ascension_level":0}}