{"host":"og21o26alpnbwmz8","time":1613840174,"event":{"mods":["2.2 Compatiblity","A Magickal Journey","Act Like it!","Aspiration","BaseMod","Conspire","Downfall","Gensokyo","GungeonMod","Halation","Hubris","Jedi Mod","Mimic Mod","Minty Spire (QoL Compilation)","Pale of the Ancients","Reliquary","Replay The Spire","Shop Mod","Spikes Relics","StSLib","The Alterego","The Animator","The Blue Laboratory","The Bug Knight","The Exalted","The Florist","The Poker Player","Waifu the Spire","Yuri Mod"],"gold_per_floor":[111,186,23,39,58,83,113,113,138,138,138,151,151,168,168,272,272,284,41,55,55,70,103,103,118,142,155,180,199,199,47,47,152,152,166,17,17,34,51,51,66,66,115,128,128,128,143,103,103,103,103,103,26,60,60,60],"floor_reached":55,"language":"ENG","playtime":3078,"items_purged":["HollowMod:NailStrikeStart","HollowMod:InfectedAttack+1"],"score":639,"play_id":"8540430b-4cf0-4fda-9208-422b4fedf96f","local_time":"20210220115614","is_ascension_mode":false,"campfire_choices":[{"data":"HollowMod:MidwifesHunger","floor":8,"key":"SMITH"},{"data":"HollowMod:FocusHealStart","floor":11,"key":"SMITH"},{"data":"HollowMod:ZotesMagnificence","floor":13,"key":"SMITH"},{"data":"HollowMod:DoubleDash","floor":15,"key":"SMITH"},{"data":"HollowMod:MidwifesHunger","floor":30,"key":"SMITH"},{"data":"HollowMod:MidwifesHunger","floor":32,"key":"SMITH"},{"data":"Parasite","floor":40,"key":"SMITH"},{"floor":42,"key":"RECALL"},{"data":"HollowMod:HerrahsAnger","floor":45,"key":"SMITH"},{"data":"HollowMod:MonomonsArchive","floor":49,"key":"SMITH"},{"data":"HollowMod:Grubsong","floor":52,"key":"SMITH"}],"circlet_count":0,"master_deck":["HollowMod:LuriensSpire","HollowMod:NewJinnsSoul","HollowMod:NewJinnsSoul","HollowMod:MidwifesHunger+1","HollowMod:ZotesMagnificence+1","HollowMod:CornifersMapStart","HollowMod:Grubsong+1","HollowMod:DoubleDash+1","HollowMod:ElderbugsWisdom+1","HollowMod:MidwifesHunger+1","HollowMod:DoubleDash+1","HollowMod:MonomonsArchive+1","HollowMod:MidwifesHunger+1","HollowMod:GrimmsGift+1","HollowMod:DoubleDash+1","HollowMod:MantisMark+1","HollowMod:HerrahsAnger+1","HollowMod:DungDefenderAura+1","HollowMod:HornetsHelp+1","HollowMod:PureVessel","HollowMod:HowlingWraiths","HollowMod:MantisMark","HollowMod:GrimmsGift+1","Pride"],"relics":["HollowMod:VesselMask","DemoMod:ClearGuonStone","Replay:PocketPolymizer","hubris:GrandSneckoEye","reliquary:Stiletto","Bottled Tornado","Quantum Egg","halation:PrussianBluePaint","Red Mask","Replay:Bronze Core","Sling","reliquary:Buckler","hubris:Towel","ReplayTheSpireMod:Lightbulb"],"acts_visited":["Exordium","TheCity","TheBeyond","TheEnding"],"potions_floor_usage":[33,41,55,55,55],"damage_taken":[{"damage":0,"enemies":"conspire:RoseBush","floor":1,"turns":4},{"damage":3,"enemies":"Jaw Worm","floor":4,"turns":3},{"damage":5,"enemies":"Small Slimes","floor":5,"turns":3},{"damage":17,"enemies":"HollowMod:MossKnight","floor":6,"turns":9},{"damage":7,"enemies":"conspire:MimicChest","floor":7,"turns":5},{"damage":0,"enemies":"Exordium Wildlife","floor":12,"turns":3},{"damage":3,"enemies":"Large Slime","floor":14,"turns":4},{"damage":15,"enemies":"The Guardian","floor":16,"turns":11},{"damage":2,"enemies":"conspire:FuzzyDice","floor":18,"turns":5},{"damage":3,"enemies":"Spheric Guardian","floor":20,"turns":3},{"damage":2,"enemies":"3 Cultists","floor":22,"turns":4},{"damage":52,"enemies":"Book of Stabbing","floor":23,"turns":6},{"damage":10,"enemies":"Centurion and Healer","floor":25,"turns":8},{"damage":0,"enemies":"conspire:HollyBat","floor":27,"turns":6},{"damage":0,"enemies":"Masked Bandits","floor":28,"turns":4},{"damage":7,"enemies":"Cultist and Chosen","floor":29,"turns":5},{"damage":40,"enemies":"HollowMod:NKGrimm","floor":33,"turns":8},{"damage":0,"enemies":"3 Darklings","floor":35,"turns":3},{"damage":0,"enemies":"Orb Walker","floor":38,"turns":2},{"damage":6,"enemies":"Writhing Mass","floor":39,"turns":6},{"damage":0,"enemies":"3 Darklings","floor":41,"turns":4},{"damage":0,"enemies":"Sphere and 2 Shapes","floor":44,"turns":4},{"damage":0,"enemies":"Transient","floor":47,"turns":5},{"damage":58,"enemies":"conspire:OrnateMirror","floor":50,"turns":13},{"damage":32,"enemies":"Shield and Spear","floor":54,"turns":4},{"damage":35,"enemies":"The Heart","floor":55,"turns":5}],"seed_played":"3269513676011626172","potions_obtained":[{"floor":1,"key":"blueLaboratory:Moonshine"},{"floor":6,"key":"blueLaboratory:BottleOfRum"},{"floor":12,"key":"Elixir"},{"floor":18,"key":"ColorlessPotion"},{"floor":39,"key":"LifebloodPotion"},{"floor":44,"key":"blueLaboratory:AbyssPotion"},{"floor":48,"key":"blueLaboratory:ExaltedPotion"},{"floor":48,"key":"Weak Potion"}],"is_trial":false,"path_per_floor":["M","?","$","M","M","E","?","R","T","$","R","M","R","M","R","B",null,"M","$","M","?","M","E","T","M","T","M","?","M","R","$","R","B",null,"M","$","?","M","M","R","M","R","T","M","R","?","M","?","R","B",null,"R","$","E","B"],"character_chosen":"THE_BUGKNIGHT","items_purchased":["HollowMod:InfectedAttack+1","HollowMod:NewJinnsSoul","reliquary:Stiletto","HollowMod:HerrahsAnger","Sling","HollowMod:MantisMark"],"campfire_rested":0,"item_purchase_floors":[3,3,19,31,36,53],"current_hp_per_floor":[68,57,57,60,55,50,49,49,49,49,49,55,55,58,58,55,68,68,68,65,65,66,20,20,35,35,45,45,44,44,44,44,14,68,68,68,68,68,65,65,65,65,65,65,65,65,65,65,65,22,65,65,65,33,0,0],"gold":60,"neow_bonus":"REMOVE_TWO","is_daily":false,"chose_seed":false,"campfire_upgraded":10,"win_rate":0.0,"timestamp":1613840174,"path_taken":["M","?","$","M","M","E","?","R","T","$","R","M","R","?","R","BOSS","M","$","M","?","M","E","?","M","T","M","?","M","R","?","R","BOSS","M","$","?","M","M","R","M","R","T","M","R","?","M","?","R","BOSS","R","$","E","BOSS"],"items_purchased_type":["Card","Card","Relic","Card","Relic","Card"],"build_version":"2020-12-22","purchased_purges":2,"victory":false,"max_hp_per_floor":[68,68,68,68,68,68,68,68,68,68,68,68,68,68,68,68,68,68,68,68,68,68,68,68,68,68,68,68,68,68,68,68,68,68,68,68,68,68,68,65,65,65,65,65,65,65,65,65,65,65,65,65,65,65,65,65],"card_choices":[{"not_picked":["HollowMod:SoulShaman","HollowMod:ShadowDash"],"picked":"HollowMod:LuriensSpire","floor":1},{"not_picked":["HollowMod:FastStrike","HollowMod:CrystalDash","HollowMod:DesolateDive"],"picked":"SKIP","floor":4},{"not_picked":["HollowMod:SiblingsSouls","HollowMod:DescendingDark"],"picked":"HollowMod:NewJinnsSoul","floor":5},{"not_picked":["HollowMod:LifebloodCocoon","HollowMod:NewLittleFool"],"picked":"HollowMod:MidwifesHunger","floor":6},{"not_picked":["HollowMod:SoulStrike","HollowMod:ChannelNail"],"picked":"HollowMod:Grubsong","floor":12},{"not_picked":["HollowMod:CycloneSlash","HollowMod:SharpenedNail","HollowMod:NewJinnsSoul"],"picked":"SKIP","floor":14},{"not_picked":["HollowMod:LordofShades","HollowMod:VoidDash"],"picked":"HollowMod:MidwifesHunger","floor":16},{"not_picked":["HollowMod:SiblingsShadow+1","HollowMod:PureNailStrike"],"picked":"HollowMod:DoubleDash+1","floor":18},{"not_picked":["HollowMod:ShadowDash","HollowMod:InfectedCysts","HollowMod:ShapeofUnn"],"picked":"SKIP","floor":20},{"not_picked":["HollowMod:BlackTendrils","HollowMod:SiblingsSouls","HollowMod:CoiledNail+1"],"picked":"SKIP","floor":22},{"not_picked":["HollowMod:DescendingDark+1","HollowMod:WraithStrike+1"],"picked":"HollowMod:MidwifesHunger","floor":23},{"not_picked":["HollowMod:WraithStrike","HollowMod:VengefulSpirit+1"],"picked":"HollowMod:GrimmsGift+1","floor":25},{"not_picked":["HollowMod:CornifersMapStart","HollowMod:HeavyBlow"],"picked":"HollowMod:DoubleDash+1","floor":27},{"not_picked":["HollowMod:VengefulSpirit","HollowMod:CycloneSlash"],"picked":"HollowMod:MantisMark","floor":29},{"not_picked":["HollowMod:GoodIntentions+1","HollowMod:DashSlash+1","HollowMod:ChannelNail"],"picked":"SKIP","floor":35},{"not_picked":["HollowMod:DashSlash","HollowMod:ChannelNail+1"],"picked":"HollowMod:DungDefenderAura+1","floor":38},{"not_picked":["HollowMod:SoulSplash","HollowMod:WraithStrike+1","HollowMod:SiblingsSouls"],"picked":"SKIP","floor":39},{"not_picked":["HollowMod:NewLittleFool+1","HollowMod:DungDefenderAura","HollowMod:BrokenVessel"],"picked":"SKIP","floor":41},{"not_picked":["HollowMod:ShadowDash+1","HollowMod:InfectedAttack","HollowMod:SharpenedNail+1"],"picked":"SKIP","floor":44},{"not_picked":["HollowMod:GoodIntentions","HollowMod:CycloneSlash","HollowMod:VengefulSpirit+1"],"picked":"SKIP","floor":47},{"not_picked":["HollowMod:SharpenedShadows+1","HollowMod:LifebloodCore"],"picked":"HollowMod:GrimmsGift+1","floor":54}],"player_experience":405499,"relics_obtained":[{"floor":6,"key":"DemoMod:ClearGuonStone"},{"floor":7,"key":"Replay:PocketPolymizer"},{"floor":23,"key":"Bottled Tornado"},{"floor":24,"key":"Quantum Egg"},{"floor":26,"key":"halation:PrussianBluePaint"},{"floor":28,"key":"Red Mask"},{"floor":43,"key":"reliquary:Buckler"},{"floor":54,"key":"ReplayTheSpireMod:Lightbulb"}],"event_choices":[{"damage_healed":0,"gold_gain":75,"player_choice":"Gather Gold","damage_taken":11,"max_hp_gain":0,"max_hp_loss":0,"event_name":"World of Goop","floor":2,"gold_loss":0},{"damage_healed":0,"gold_gain":0,"player_choice":"Read","damage_taken":0,"max_hp_gain":0,"max_hp_loss":0,"event_name":"The Library","floor":21,"gold_loss":0,"cards_obtained":["HollowMod:MonomonsArchive"]},{"damage_healed":0,"gold_gain":0,"player_choice":"Fought Bandits","damage_taken":0,"max_hp_gain":0,"max_hp_loss":0,"event_name":"Masked Bandits","floor":28,"gold_loss":0},{"damage_healed":0,"gold_gain":0,"player_choice":"Bought 3 Potions","damage_taken":0,"max_hp_gain":0,"max_hp_loss":0,"event_name":"The Woman in Blue","floor":48,"gold_loss":0}],"is_beta":false,"boss_relics":[{"not_picked":["hubris:HollowSoul","Bromod:ArcaneGrace"],"picked":"hubris:GrandSneckoEye"},{"not_picked":["SlaversCollar","aspiration:SecretTechniqueScroll"],"picked":"Replay:Bronze Core"}],"items_purged_floors":[3,19],"is_endless":false,"potions_floor_spawned":[1,6,12,14,18,22,29,39,44],"killed_by":"The Heart","ascension_level":0}}