{"host":"lv7etzzgwahaenh9","time":1613856443,"event":{"mods":["AchievementEnabler","BaseMod","Colored Map","Colored Powertips","Highlight Path","Minty Spire (QoL Compilation)","Permanent Neow","Quick Restart","Random Character Button","StSLib"],"gold_per_floor":[113,113,125,135,147,147,147,147,147,147,159,159,180,213,213,287,287,287,227,227,227,227,227,227,227,227,227,227],"floor_reached":27,"language":"ENG","playtime":1198,"items_purged":[],"score":485,"play_id":"e514d801-b8f0-4aba-8f61-17989dfb83e9","local_time":"20210220132723","is_ascension_mode":true,"campfire_choices":[{"floor":6,"key":"REST"},{"data":"Defragment","floor":7,"key":"SMITH"},{"data":"Zap","floor":8,"key":"SMITH"},{"data":"Streamline","floor":10,"key":"SMITH"},{"data":"Steam","floor":12,"key":"SMITH"},{"floor":15,"key":"DIG"},{"data":"Biased Cognition","floor":23,"key":"SMITH"},{"floor":25,"key":"REST"}],"circlet_count":0,"master_deck":["AscendersBane","Strike_B","Strike_B","Strike_B","Defend_B","Defend_B","Defend_B","Defend_B","Zap+1","Dualcast","Streamline+1","Steam+1","Defragment+1","Coolheaded","Coolheaded","Cold Snap","Leap","Biased Cognition+1","Compile Driver+1","Defragment","Gash","Melter","Glacier"],"relics":["Cracked Core","WingedGreaves","Shovel","Odd Mushroom","The Courier","Meat on the Bone","Ectoplasm","Gremlin Horn","Toxic Egg 2"],"acts_visited":["Exordium","TheCity"],"potions_floor_usage":[5,13,20,27],"damage_taken":[{"damage":9,"enemies":"2 Louse","floor":1,"turns":3},{"damage":1,"enemies":"Cultist","floor":3,"turns":3},{"damage":7,"enemies":"Jaw Worm","floor":4,"turns":4},{"damage":8,"enemies":"Lots of Slimes","floor":5,"turns":5},{"damage":0,"enemies":"2 Fungi Beasts","floor":11,"turns":4},{"damage":2,"enemies":"The Mushroom Lair","floor":13,"turns":4},{"damage":2,"enemies":"Lagavulin","floor":14,"turns":5},{"damage":0,"enemies":"The Guardian","floor":16,"turns":14},{"damage":1,"enemies":"Chosen","floor":18,"turns":6},{"damage":11,"enemies":"2 Thieves","floor":19,"turns":4},{"damage":15,"enemies":"Snake Plant","floor":20,"turns":4},{"damage":0,"enemies":"Snecko","floor":21,"turns":6},{"damage":28,"enemies":"Shelled Parasite and Fungi","floor":22,"turns":6},{"damage":15,"enemies":"Book of Stabbing","floor":24,"turns":8},{"damage":58,"enemies":"Gremlin Leader","floor":27,"turns":8}],"seed_played":"362831927912460912","potions_obtained":[{"floor":1,"key":"SkillPotion"},{"floor":11,"key":"PowerPotion"},{"floor":13,"key":"BlessingOfTheForge"},{"floor":16,"key":"Regen Potion"},{"floor":22,"key":"Ancient Potion"},{"floor":24,"key":"DuplicationPotion"}],"is_trial":false,"path_per_floor":["M","?","M","M","M","R","R","R","T","R","M","R","?","E","R","B",null,"M","M","M","M","M","R","E","R","T","E"],"character_chosen":"DEFECT","items_purchased":[],"campfire_rested":2,"item_purchase_floors":[],"current_hp_per_floor":[37,37,36,29,21,42,42,42,42,42,42,42,40,38,38,38,63,62,51,48,48,32,32,29,50,50,0,0],"gold":227,"neow_bonus":"ONE_RARE_RELIC","is_daily":false,"chose_seed":false,"campfire_upgraded":5,"win_rate":0.0,"timestamp":1613856443,"path_taken":["M","?","?","?","M","R","R","R","T","R","M","R","?","E","R","BOSS","M","M","M","M","M","R","E","R","T","E"],"items_purchased_type":[],"build_version":"2020-12-22","purchased_purges":0,"victory":false,"max_hp_per_floor":[71,71,71,71,71,71,71,71,71,71,71,71,71,71,71,71,71,71,71,71,71,71,71,71,71,71,71,71],"card_choices":[{"not_picked":["Loop","Genetic Algorithm"],"picked":"Streamline","floor":1},{"not_picked":["Hello World","Streamline"],"picked":"Steam","floor":3},{"not_picked":["Fusion","Coolheaded"],"picked":"Defragment","floor":4},{"not_picked":["Conserve Battery","Force Field"],"picked":"Coolheaded","floor":5},{"not_picked":["Gash","Barrage"],"picked":"Coolheaded","floor":11},{"not_picked":["Sweeping Beam","Beam Cell"],"picked":"Cold Snap","floor":13},{"not_picked":["Hyperbeam","Sunder"],"picked":"Leap","floor":14},{"not_picked":["Meteor Strike","Hyperbeam"],"picked":"Biased Cognition","floor":16},{"not_picked":["Stack","Undo"],"picked":"Compile Driver+1","floor":18},{"not_picked":["Hologram","Stack+1"],"picked":"Defragment","floor":19},{"not_picked":["Barrage","Turbo"],"picked":"Gash","floor":20},{"not_picked":["Leap","Steam"],"picked":"Melter","floor":21},{"not_picked":["Stack","Rip and Tear"],"picked":"Glacier","floor":22},{"not_picked":["Gash","Force Field","Steam"],"picked":"SKIP","floor":24}],"player_experience":482516,"relics_obtained":[{"floor":9,"key":"Shovel"},{"floor":13,"key":"Odd Mushroom"},{"floor":14,"key":"The Courier"},{"floor":15,"key":"Meat on the Bone"},{"floor":24,"key":"Gremlin Horn"},{"floor":26,"key":"Toxic Egg 2"}],"event_choices":[{"cards_removed":["Strike_B"],"damage_healed":0,"gold_gain":0,"player_choice":"Offered Basic","damage_taken":0,"max_hp_gain":0,"max_hp_loss":0,"event_name":"Bonfire Elementals","floor":2,"gold_loss":0},{"damage_healed":0,"gold_gain":0,"player_choice":"Fought Mushrooms","damage_taken":0,"max_hp_gain":0,"max_hp_loss":0,"event_name":"Mushrooms","floor":13,"gold_loss":0}],"is_beta":false,"boss_relics":[{"not_picked":["Cursed Key","SacredBark"],"picked":"Ectoplasm"}],"items_purged_floors":[],"is_endless":false,"potions_floor_spawned":[1,11,13,16,19,22,24],"killed_by":"Gremlin Leader","ascension_level":14}}