{"host":"a4s27ghlnr83kbqz","time":1613799141,"event":{"mods":["AchievementEnabler","BaseMod","Colored Map","Minty Spire (QoL Compilation)","Permanent Neow","SuperFastMode"],"gold_per_floor":[110,35,35,45,45,45,74,74,74,92,104,121,151,163,163,239,239,239,239,61,61,61,61,61,61,61,61,61,61,61,61,61,61,61,61,61,61,61,0,0,0,0,0,0,0,0,0,0,0,0,0],"floor_reached":50,"language":"KOR","playtime":918,"items_purged":["Strike_G","Strike_G"],"score":937,"play_id":"2fcc516e-1ccf-49e7-9af3-86c0fe77d030","local_time":"20210220143221","is_ascension_mode":true,"campfire_choices":[{"data":"Dagger Spray","floor":6,"key":"SMITH"},{"data":"Deadly Poison","floor":8,"key":"SMITH"},{"data":"Crippling Poison","floor":15,"key":"SMITH"},{"data":"Adrenaline","floor":23,"key":"SMITH"},{"data":"Catalyst","floor":25,"key":"SMITH"},{"floor":32,"key":"REST"},{"data":"Sadistic Nature","floor":42,"key":"SMITH"},{"data":"Venomology","floor":46,"key":"SMITH"},{"data":"Wraith Form v2","floor":49,"key":"SMITH"}],"circlet_count":0,"master_deck":["AscendersBane","Survivor","Neutralize","Dagger Spray+1","Deadly Poison+1","Cloak And Dagger","Blur","Quick Slash+1","Backstab+1","Crippling Poison+1","Adrenaline+1","Bane+1","Noxious Fumes+1","Catalyst+1","Tactician","Corpse Explosion","Venomology+1","Wraith Form v2","Wraith Form v2+1","Backstab+1","Well Laid Plans","Backstab+1","Underhanded Strike+1","Purity","Sadistic Nature+1","Enlightenment","Blur+1"],"relics":["Ring of the Snake","NeowsBlessing","Ancient Tea Set","Molten Egg 2","Art of War","Ectoplasm","Akabeko","Ornamental Fan","Pear","Pandora\u0027s Box","Frozen Egg 2","Red Mask","Pen Nib","MawBank"],"acts_visited":["Exordium","TheCity","TheBeyond"],"potions_floor_usage":[16,27,38,40,45,45,50,50,50],"damage_taken":[{"damage":0,"enemies":"Jaw Worm","floor":1,"turns":1},{"damage":0,"enemies":"Small Slimes","floor":4,"turns":1},{"damage":0,"enemies":"Lagavulin","floor":7,"turns":1},{"damage":0,"enemies":"2 Louse","floor":10,"turns":1},{"damage":3,"enemies":"Large Slime","floor":11,"turns":6},{"damage":9,"enemies":"Red Slaver","floor":12,"turns":3},{"damage":26,"enemies":"Gremlin Nob","floor":13,"turns":4},{"damage":0,"enemies":"Exordium Wildlife","floor":14,"turns":2},{"damage":14,"enemies":"Slime Boss","floor":16,"turns":9},{"damage":2,"enemies":"3 Byrds","floor":18,"turns":4},{"damage":0,"enemies":"Chosen","floor":19,"turns":4},{"damage":20,"enemies":"Book of Stabbing","floor":24,"turns":5},{"damage":22,"enemies":"Slavers","floor":27,"turns":4},{"damage":19,"enemies":"Shelled Parasite and Fungi","floor":28,"turns":3},{"damage":4,"enemies":"Cultist and Chosen","floor":30,"turns":4},{"damage":53,"enemies":"Automaton","floor":33,"turns":9},{"damage":0,"enemies":"3 Shapes","floor":35,"turns":3},{"damage":11,"enemies":"3 Darklings","floor":38,"turns":3},{"damage":23,"enemies":"Transient","floor":40,"turns":5},{"damage":12,"enemies":"Reptomancer","floor":45,"turns":4},{"damage":10,"enemies":"4 Shapes","floor":48,"turns":2},{"damage":74,"enemies":"Awakened One","floor":50,"turns":7}],"seed_played":"223470536213320422","potions_obtained":[{"floor":7,"key":"Ancient Potion"},{"floor":10,"key":"FairyPotion"},{"floor":12,"key":"Fire Potion"},{"floor":19,"key":"FairyPotion"},{"floor":24,"key":"Fire Potion"},{"floor":28,"key":"FearPotion"},{"floor":33,"key":"Block Potion"},{"floor":48,"key":"Ancient Potion"}],"is_trial":false,"path_per_floor":["M","$","?","M","?","R","E","R","T","M","M","M","E","M","R","B",null,"M","M","$","?","?","R","E","R","T","E","M","?","M","?","R","B",null,"M","?","T","M","?","M","?","R","T","$","E","R","$","M","R","B"],"character_chosen":"THE_SILENT","items_purchased":["Noxious Fumes"],"campfire_rested":1,"item_purchase_floors":[20],"current_hp_per_floor":[63,63,63,63,68,68,68,68,68,68,65,56,30,30,30,16,60,58,58,58,58,58,58,38,38,38,26,7,7,3,3,28,22,69,69,59,59,48,48,25,74,74,74,74,62,62,62,52,52,0,0],"gold":0,"neow_bonus":"THREE_ENEMY_KILL","is_daily":false,"chose_seed":false,"campfire_upgraded":8,"win_rate":0.0,"timestamp":1613799141,"path_taken":["M","$","?","M","?","R","E","R","T","M","M","M","E","M","R","BOSS","M","M","$","?","?","R","E","R","T","E","M","?","?","?","R","BOSS","M","?","?","M","?","M","?","R","T","?","E","R","$","M","R","BOSS"],"items_purchased_type":["Card"],"build_version":"2020-12-22","purchased_purges":2,"victory":false,"max_hp_per_floor":[70,70,70,70,75,75,75,75,75,75,75,75,75,75,75,75,75,75,75,75,75,75,75,75,75,75,85,85,85,85,85,85,85,85,85,85,85,85,85,85,74,74,74,74,74,74,74,74,74,74,74],"card_choices":[{"not_picked":["Cloak And Dagger","Deadly Poison"],"picked":"Dagger Spray","floor":1},{"not_picked":["Bane","Caltrops"],"picked":"Deadly Poison","floor":4},{"not_picked":["Slice","Expertise"],"picked":"Cloak And Dagger","floor":7},{"not_picked":["Distraction","Escape Plan"],"picked":"Blur","floor":10},{"not_picked":["Accuracy","PiercingWail"],"picked":"Quick Slash+1","floor":11},{"not_picked":["Flying Knee+1","Cloak And Dagger","Heel Hook+1"],"picked":"SKIP","floor":12},{"not_picked":["Flying Knee+1","Cloak And Dagger","Heel Hook+1"],"picked":"SKIP","floor":12},{"not_picked":["Escape Plan","Eviscerate+1"],"picked":"Backstab+1","floor":13},{"not_picked":["Blade Dance","Bane+1"],"picked":"Crippling Poison","floor":14},{"not_picked":["Tools of the Trade","Phantasmal Killer"],"picked":"Adrenaline","floor":16},{"not_picked":["Concentrate","Backstab+1","Dagger Spray+1"],"picked":"SKIP","floor":18},{"not_picked":["Dagger Spray+1","Deadly Poison+1"],"picked":"Bane+1","floor":19},{"not_picked":["Dagger Spray+1","Deadly Poison","Concentrate+1"],"picked":"SKIP","floor":24},{"not_picked":["Bane+1","Choke+1","Dagger Spray+1"],"picked":"SKIP","floor":27},{"not_picked":["Poisoned Stab+1","Deadly Poison","Quick Slash+1"],"picked":"SKIP","floor":28},{"not_picked":["Bane+1","PiercingWail"],"picked":"Tactician","floor":30},{"not_picked":["Phantasmal Killer","Venomology"],"picked":"Corpse Explosion","floor":33},{"not_picked":["Backstab+1","Quick Slash+1","PiercingWail"],"picked":"SKIP","floor":35},{"not_picked":["Jack Of All Trades","Finesse"],"picked":"Purity","floor":36},{"not_picked":["Enlightenment","Finesse"],"picked":"Sadistic Nature","floor":36},{"not_picked":["Jack Of All Trades","Impatience"],"picked":"Enlightenment","floor":36},{"not_picked":["Crippling Poison","Dagger Spray+1","Cloak And Dagger"],"picked":"SKIP","floor":38},{"not_picked":["Slice+1","Predator+1","Acrobatics"],"picked":"SKIP","floor":40},{"not_picked":["Calculated Gamble","Doppelganger"],"picked":"Blur+1","floor":45},{"not_picked":["Poisoned Stab+1","Catalyst","Dash+1"],"picked":"SKIP","floor":48}],"player_experience":1138460,"relics_obtained":[{"floor":7,"key":"Ancient Tea Set"},{"floor":9,"key":"Molten Egg 2"},{"floor":13,"key":"Art of War"},{"floor":24,"key":"Akabeko"},{"floor":26,"key":"Ornamental Fan"},{"floor":27,"key":"Pear"},{"floor":37,"key":"Frozen Egg 2"},{"floor":43,"key":"Pen Nib"},{"floor":45,"key":"MawBank"}],"event_choices":[{"damage_healed":0,"gold_gain":0,"player_choice":"Leave","damage_taken":0,"max_hp_gain":0,"max_hp_loss":0,"event_name":"The Cleric","floor":3,"gold_loss":0},{"damage_healed":0,"gold_gain":0,"player_choice":"Donut","damage_taken":0,"max_hp_gain":5,"max_hp_loss":0,"event_name":"Big Fish","floor":5,"gold_loss":0},{"damage_healed":0,"gold_gain":0,"player_choice":"Read","damage_taken":0,"max_hp_gain":0,"max_hp_loss":0,"event_name":"The Library","floor":21,"gold_loss":0,"cards_obtained":["Catalyst"]},{"damage_healed":0,"gold_gain":0,"player_choice":"Upgraded","damage_taken":0,"max_hp_gain":0,"max_hp_loss":0,"event_name":"Upgrade Shrine","floor":29,"gold_loss":0,"cards_upgraded":["Noxious Fumes"]},{"cards_removed":["Strike_G"],"damage_healed":0,"gold_gain":0,"player_choice":"Elegance","damage_taken":0,"max_hp_gain":0,"max_hp_loss":0,"event_name":"Back to Basics","floor":31,"gold_loss":0},{"damage_healed":0,"gold_gain":0,"player_choice":"Memory 3","damage_taken":10,"max_hp_gain":0,"max_hp_loss":0,"event_name":"SensoryStone","floor":36,"gold_loss":0},{"damage_healed":0,"gold_gain":0,"player_choice":"Paid","damage_taken":0,"relics_obtained":["Red Mask"],"max_hp_gain":0,"max_hp_loss":0,"event_name":"Tomb of Lord Red Mask","floor":39,"gold_loss":61},{"damage_healed":74,"gold_gain":0,"player_choice":"Heal","damage_taken":0,"max_hp_gain":0,"max_hp_loss":11,"event_name":"The Moai Head","floor":41,"gold_loss":0}],"is_beta":false,"boss_relics":[{"not_picked":["Cursed Key","SlaversCollar"],"picked":"Ectoplasm"},{"not_picked":["Calling Bell","WristBlade"],"picked":"Pandora\u0027s Box"}],"items_purged_floors":[2,20],"is_endless":false,"potions_floor_spawned":[7,10,12,13,19,24,28,33,40,48],"killed_by":"Awakened One","ascension_level":13}}