{"host":"w1l5t0a1l2lkq6my","time":1613810834,"event":{"mods":["100% Spire Juice","Bartender","BaseMod","Better Match","KinomotoSakuraMod(ñÿîVñ{?)","Lobotomy","LobotomyExtend","Magitek Elite","MarisaÅiñ∂âJÅ@ñÇóùçπÅj","Minty Spire (QoL Compilation)","Shapeshifter Mod","StSLib","The Animator","The Gatherer","The Senshi","Yuyuko"],"gold_per_floor":[111,129,141,141,154,195,209,223,223,223,239,239,253,278,278,401,401,415,355,355],"floor_reached":19,"language":"ENG","playtime":1014,"items_purged":[],"score":200,"play_id":"841882a8-6bc2-4092-9896-23d6157d0813","local_time":"20210220014714","is_ascension_mode":false,"campfire_choices":[],"circlet_count":0,"master_deck":["SpecialBullet","SpecialBullet","SpecialBullet","DisciplinaryCode","SecurityCode","InformationCode","Discovery","SpiderBud","Regret_ego","VoidDream","Adoration","CherryBlossom","WristCuter","Horn","RecordCode","CherryBlossom","Mimicry"],"relics":["CogitoBucket","LetterFromLob","Golden Idol","Dream Catcher","Theresia","Kunai","Black Star","HellTrain"],"acts_visited":["Exordium","TheCity"],"potions_floor_usage":[16,16,16,19,19],"damage_taken":[{"damage":5,"enemies":"Jaw Worm","floor":1,"turns":2},{"damage":6,"enemies":"2 Louse","floor":2,"turns":2},{"damage":7,"enemies":"Small Slimes","floor":3,"turns":2},{"damage":13,"enemies":"2 Fungi Beasts","floor":5,"turns":3},{"damage":21,"enemies":"3 Sentries","floor":6,"turns":7},{"damage":32,"enemies":"Gremlin Gang","floor":7,"turns":5},{"damage":13,"enemies":"Exordium Thugs","floor":8,"turns":3},{"damage":12,"enemies":"3 Louse","floor":11,"turns":2},{"damage":13,"enemies":"Red Slaver","floor":13,"turns":2},{"damage":0,"enemies":"Looter","floor":14,"turns":1},{"damage":12,"enemies":"Hexaghost","floor":16,"turns":7},{"damage":53,"enemies":"Spheric Guardian","floor":18,"turns":7},{"damage":30,"enemies":"2 Thieves","floor":19,"turns":2}],"seed_played":"2393994840412013250","potions_obtained":[{"floor":2,"key":"SpeedPotion"},{"floor":8,"key":"LiquidBronze"},{"floor":13,"key":"Ancient Potion"},{"floor":14,"key":"Regen Potion"},{"floor":16,"key":"EssenceOfSteel"},{"floor":18,"key":"DuplicationPotion"}],"is_trial":false,"path_per_floor":["M","M","M","?","M","E","M","M","T","?","M","R","M","M","R","B",null,"M","M"],"character_chosen":"Angela","items_purchased":[],"campfire_rested":0,"item_purchase_floors":[],"current_hp_per_floor":[70,70,70,53,48,51,27,22,22,22,18,18,5,5,5,16,70,25,0,0],"gold":355,"neow_bonus":"RANDOM_COLORLESS","is_daily":false,"chose_seed":false,"campfire_upgraded":0,"win_rate":0.0,"timestamp":1613810834,"path_taken":["M","M","M","?","M","E","M","M","T","?","M","R","M","M","R","BOSS","M","?"],"items_purchased_type":[],"build_version":"2020-12-22","purchased_purges":0,"victory":false,"max_hp_per_floor":[70,70,70,70,70,70,70,70,70,70,70,70,70,70,70,70,70,70,70,70],"card_choices":[{"not_picked":["Panacea","Blind"],"picked":"Discovery","floor":0},{"not_picked":["OldLady","PunishingBird"],"picked":"SpiderBud","floor":1},{"not_picked":["SomewhereSpear","Noise"],"picked":"SKIP","floor":1},{"not_picked":["DaCapo","Penitence"],"picked":"SKIP","floor":2},{"not_picked":["Horn"],"picked":"Regret_ego","floor":3},{"not_picked":["CrumblingArmor","OSAHOGD"],"picked":"VoidDream","floor":5},{"not_picked":["Noise"],"picked":"Adoration","floor":5},{"not_picked":["Tough"],"picked":"CherryBlossom","floor":6},{"not_picked":["Noise"],"picked":"WristCuter","floor":7},{"not_picked":["Lantern"],"picked":"CUTE","floor":8},{"not_picked":["RedEyes","Penitence"],"picked":"SKIP","floor":11},{"not_picked":["SwordSharpenedByTears","Lantern"],"picked":"SKIP","floor":13},{"not_picked":["SomewhereSpear"],"picked":"CherryBlossom","floor":14},{"not_picked":["ParadiseLost"],"picked":"Mimicry","floor":16},{"not_picked":["FrostShard+1","Wingbeat"],"picked":"SKIP","floor":18}],"player_experience":148109,"relics_obtained":[{"floor":1,"key":"LetterFromLob"},{"floor":6,"key":"Dream Catcher"},{"floor":9,"key":"Kunai"}],"event_choices":[{"damage_healed":0,"gold_gain":0,"player_choice":"Take Damage","damage_taken":17,"relics_obtained":["Golden Idol"],"max_hp_gain":0,"max_hp_loss":0,"event_name":"Golden Idol","floor":4,"gold_loss":0},{"damage_healed":0,"gold_gain":0,"cards_transformed":["CUTE"],"player_choice":"Change","damage_taken":0,"max_hp_gain":0,"max_hp_loss":0,"event_name":"Living Wall","floor":10,"gold_loss":0,"cards_obtained":["Horn"]}],"is_beta":false,"boss_relics":[{"not_picked":["Runic Pyramid","SlaversCollar"],"picked":"Black Star"}],"items_purged_floors":[],"is_endless":false,"potions_floor_spawned":[2,8,13,14,16,18],"killed_by":"2 Thieves","ascension_level":0}}