{"host":"qc268ltokmxwqyrx","time":1613795821,"event":{"mods":["BaseMod","Colored Map","Minty Spire (QoL Compilation)","Relic Stats","Slay the Relics Exporter","StSLib","ojb\u0027s Info Mod"],"gold_per_floor":[99,99,99,99,99,99,99,99,99,99,99,99,99,24,24,24,24,24,24,24,24,24,24,24,24,24,24,24,24,24,24,24,24,24,24,24,24,24,24,24,24,24,24,24,24,24,24,24,24,24,24,24,24,24,24,24],"floor_reached":57,"language":"ENG","playtime":3063,"items_purged":["Strike_G"],"score":3289,"play_id":"bbbf5631-7a44-44fd-928c-33d716a2f7d6","local_time":"20210219223701","is_ascension_mode":true,"campfire_choices":[{"data":"Skewer","floor":8,"key":"SMITH"},{"data":"Wraith Form v2","floor":13,"key":"SMITH"},{"data":"Bane","floor":15,"key":"SMITH"},{"data":"Riddle With Holes","floor":23,"key":"SMITH"},{"data":"Leg Sweep","floor":25,"key":"SMITH"},{"data":"Bouncing Flask","floor":28,"key":"SMITH"},{"data":"Caltrops","floor":32,"key":"SMITH"},{"floor":44,"key":"RECALL"},{"data":"After Image","floor":49,"key":"SMITH"},{"data":"Crippling Poison","floor":53,"key":"SMITH"}],"circlet_count":0,"master_deck":["AscendersBane","Defend_G","Defend_G","Defend_G","Defend_G","Defend_G","Survivor","Neutralize","Crippling Poison+1","Poisoned Stab+1","Skewer+1","Prepared","Leg Sweep+1","Underhanded Strike+1","Bane+1","Wraith Form v2+1","Venomology","Bouncing Flask+1","Ghostly","Ghostly","Ghostly","Crippling Poison+1","Acrobatics+1","Caltrops+1","Catalyst+1","Corpse Explosion+1","Bouncing Flask+1","Wraith Form v2+1","Storm of Steel+1","Outmaneuver+1","After Image+1","Acrobatics+1"],"relics":["Ectoplasm","Orichalcum","Art of War","Juzu Bracelet","Snecko Eye","Matryoshka","Toxic Egg 2","Smiling Mask","Letter Opener","Meat on the Bone","Nilry\u0027s Codex","Bag of Preparation","Astrolabe","Whetstone","Centennial Puzzle","Mercury Hourglass","Bottled Lightning"],"acts_visited":["Exordium","TheCity","TheBeyond","TheEnding"],"potions_floor_usage":[6,7,18,19,24,27,31,31,31,31,31,40,41,46,47,48,50,51,55,56,56],"damage_taken":[{"damage":0,"enemies":"Small Slimes","floor":1,"turns":4},{"damage":4,"enemies":"Jaw Worm","floor":2,"turns":4},{"damage":0,"enemies":"2 Louse","floor":3,"turns":3},{"damage":0,"enemies":"Exordium Wildlife","floor":5,"turns":2},{"damage":21,"enemies":"3 Sentries","floor":6,"turns":13},{"damage":2,"enemies":"Exordium Thugs","floor":7,"turns":4},{"damage":9,"enemies":"Lagavulin","floor":10,"turns":5},{"damage":0,"enemies":"Large Slime","floor":12,"turns":3},{"damage":15,"enemies":"Slime Boss","floor":16,"turns":13},{"damage":3,"enemies":"Shell Parasite","floor":18,"turns":4},{"damage":0,"enemies":"Chosen","floor":19,"turns":4},{"damage":17,"enemies":"Slavers","floor":24,"turns":7},{"damage":0,"enemies":"Book of Stabbing","floor":27,"turns":4},{"damage":0,"enemies":"3 Cultists","floor":29,"turns":4},{"damage":1,"enemies":"Slavers","floor":31,"turns":4},{"damage":0,"enemies":"Collector","floor":33,"turns":7},{"damage":0,"enemies":"Orb Walker","floor":35,"turns":3},{"damage":0,"enemies":"3 Shapes","floor":38,"turns":3},{"damage":0,"enemies":"Sphere and 2 Shapes","floor":40,"turns":5},{"damage":0,"enemies":"Giant Head","floor":41,"turns":6},{"damage":0,"enemies":"Writhing Mass","floor":42,"turns":5},{"damage":0,"enemies":"Jaw Worm Horde","floor":45,"turns":3},{"damage":0,"enemies":"3 Darklings","floor":46,"turns":3},{"damage":0,"enemies":"Nemesis","floor":47,"turns":5},{"damage":0,"enemies":"Sphere and 2 Shapes","floor":48,"turns":4},{"damage":0,"enemies":"Time Eater","floor":50,"turns":8},{"damage":0,"enemies":"Donu and Deca","floor":51,"turns":7},{"damage":5,"enemies":"Shield and Spear","floor":55,"turns":6},{"damage":17,"enemies":"The Heart","floor":56,"turns":8}],"seed_played":"8748950986966549338","potions_obtained":[{"floor":1,"key":"DuplicationPotion"},{"floor":3,"key":"Block Potion"},{"floor":7,"key":"Weak Potion"},{"floor":16,"key":"Strength Potion"},{"floor":18,"key":"SteroidPotion"},{"floor":24,"key":"PowerPotion"},{"floor":38,"key":"Poison Potion"},{"floor":46,"key":"FearPotion"}],"is_trial":false,"path_per_floor":["M","M","M","?","M","E","M","R","T","E","?","M","R","$","R","B",null,"M","M","?","?","T","R","E","R","T","E","R","M","?","E","R","B",null,"M","?","$","M","T","M","E","M","T","R","M","M","E","M","R","B","B",null,"R","$","E","B",null],"character_chosen":"THE_SILENT","items_purchased":[],"campfire_rested":0,"item_purchase_floors":[],"current_hp_per_floor":[59,55,55,55,55,34,32,32,32,23,23,23,23,23,23,8,52,49,49,49,33,33,33,16,16,16,16,16,28,7,18,18,18,29,29,29,29,29,29,29,29,29,29,29,29,29,29,29,29,29,29,32,32,32,27,22],"gold":24,"neow_bonus":"BOSS_RELIC","is_daily":false,"chose_seed":false,"campfire_upgraded":9,"win_rate":0.0,"timestamp":1613795821,"path_taken":["M","M","M","?","M","E","M","R","T","E","?","M","R","$","R","BOSS","M","M","?","?","?","R","E","R","T","E","R","M","?","E","R","BOSS","M","?","?","M","?","M","E","M","T","R","M","M","E","M","R","BOSS","BOSS","R","$","E","BOSS"],"items_purchased_type":[],"build_version":"2020-12-22","purchased_purges":1,"victory":true,"max_hp_per_floor":[66,66,66,66,66,66,66,66,66,66,66,66,66,66,66,66,66,66,66,66,33,33,33,33,33,33,33,33,33,33,33,33,33,33,33,33,33,33,33,33,33,33,33,33,33,33,33,33,33,33,33,33,33,33,33,33],"relic_stats":{"counters":[29,151],"Astrolabe":["Bouncing Flask","Wraith Form v2","Storm of Steel"],"Juzu Bracelet":0,"Bag of Preparation":[28],"Letter Opener":[231],"Whetstone":["Poisoned Stab","Underhanded Strike"],"Orichalcum":[396],"Smiling Mask":0,"Mercury Hourglass":[136],"Centennial Puzzle":[5],"Snecko Eye":[184,194,171,167],"Ectoplasm":739,"Art of War":[29],"obtain_stats":[{"Nilry\u0027s Codex":30,"Astrolabe":34,"Juzu Bracelet":10,"Bag of Preparation":31,"Letter Opener":26,"Whetstone":39,"Orichalcum":6,"Smiling Mask":26,"Mercury Hourglass":41,"Centennial Puzzle":39,"Matryoshka":22,"Snecko Eye":17,"Ectoplasm":0,"Art of War":9,"Bottled Lightning":47,"Toxic Egg 2":24,"Ring of the Snake":0,"Meat on the Bone":27},{"Nilry\u0027s Codex":14,"Astrolabe":16,"Juzu Bracelet":7,"Bag of Preparation":15,"Letter Opener":12,"Whetstone":18,"Orichalcum":5,"Smiling Mask":12,"Mercury Hourglass":20,"Centennial Puzzle":18,"Matryoshka":11,"Snecko Eye":9,"Ectoplasm":0,"Art of War":6,"Bottled Lightning":24,"Toxic Egg 2":12,"Ring of the Snake":0,"Meat on the Bone":13},{"Nilry\u0027s Codex":74,"Astrolabe":85,"Juzu Bracelet":35,"Bag of Preparation":78,"Letter Opener":66,"Whetstone":91,"Orichalcum":26,"Smiling Mask":66,"Mercury Hourglass":102,"Centennial Puzzle":91,"Matryoshka":59,"Snecko Eye":51,"Ectoplasm":0,"Art of War":30,"Bottled Lightning":118,"Toxic Egg 2":66,"Ring of the Snake":0,"Meat on the Bone":70}],"Meat on the Bone":36},"card_choices":[{"not_picked":["Bane","Endless Agony"],"picked":"Crippling Poison","floor":1},{"not_picked":["Prepared","Bane"],"picked":"Poisoned Stab","floor":2},{"not_picked":["Backstab","Acrobatics"],"picked":"Skewer","floor":3},{"not_picked":["Slice","Reflex"],"picked":"Leg Sweep","floor":5},{"not_picked":["Sucker Punch","Storm of Steel"],"picked":"Underhanded Strike","floor":6},{"not_picked":["Quick Slash","Backflip"],"picked":"Bane","floor":7},{"not_picked":["Leg Sweep","After Image"],"picked":"Wraith Form v2","floor":10},{"not_picked":["Blade Dance","Outmaneuver","Quick Slash"],"picked":"SKIP","floor":12},{"not_picked":["Glass Knife","After Image"],"picked":"Venomology","floor":16},{"not_picked":["Footwork","Deflect","Endless Agony+1"],"picked":"SKIP","floor":18},{"not_picked":["Crippling Poison","Outmaneuver"],"picked":"Bouncing Flask","floor":19},{"not_picked":["Backflip+1","Quick Slash"],"picked":"Crippling Poison+1","floor":24},{"not_picked":["Quick Slash+1","Deadly Poison+1"],"picked":"Acrobatics+1","floor":27},{"not_picked":["Slice","Endless Agony","Caltrops"],"picked":"SKIP","floor":29},{"not_picked":["Slice","Endless Agony"],"picked":"Caltrops","floor":29},{"not_picked":["All Out Attack","Bane"],"picked":"Catalyst+1","floor":31},{"not_picked":["Unload","Venomology+1"],"picked":"Corpse Explosion+1","floor":33},{"not_picked":["Cloak And Dagger+1","Choke","Dagger Throw+1"],"picked":"SKIP","floor":35},{"not_picked":["Cloak And Dagger+1","Choke","Dagger Throw+1"],"picked":"SKIP","floor":35},{"not_picked":["All Out Attack","Dodge and Roll+1"],"picked":"Outmaneuver+1","floor":38},{"not_picked":["Heel Hook","Quick Slash"],"picked":"After Image","floor":40},{"not_picked":["Outmaneuver+1","Sucker Punch","Deflect+1"],"picked":"SKIP","floor":41},{"not_picked":["Poisoned Stab","Dagger Spray","Dagger Throw+1"],"picked":"SKIP","floor":42},{"not_picked":["Escape Plan+1","Envenom"],"picked":"Acrobatics+1","floor":45},{"not_picked":["Setup+1","Prepared+1","Well Laid Plans"],"picked":"SKIP","floor":46},{"not_picked":["Heel Hook","Riddle With Holes","All Out Attack"],"picked":"SKIP","floor":47},{"not_picked":["Distraction+1","Dagger Spray+1","Deflect+1"],"picked":"SKIP","floor":48},{"not_picked":["Grand Finale","Deflect+1","Dodge and Roll+1"],"picked":"SKIP","floor":55}],"player_experience":1880783,"relics_obtained":[{"floor":6,"key":"Orichalcum"},{"floor":9,"key":"Art of War"},{"floor":10,"key":"Juzu Bracelet"},{"floor":22,"key":"Matryoshka"},{"floor":24,"key":"Toxic Egg 2"},{"floor":26,"key":"Smiling Mask"},{"floor":26,"key":"Letter Opener"},{"floor":27,"key":"Meat on the Bone"},{"floor":30,"key":"Nilry\u0027s Codex"},{"floor":31,"key":"Bag of Preparation"},{"floor":39,"key":"Whetstone"},{"floor":39,"key":"Centennial Puzzle"},{"floor":41,"key":"Mercury Hourglass"},{"floor":47,"key":"Bottled Lightning"}],"event_choices":[{"damage_healed":0,"gold_gain":0,"cards_transformed":["Strike_G"],"player_choice":"Change","damage_taken":0,"max_hp_gain":0,"max_hp_loss":0,"event_name":"Living Wall","floor":4,"gold_loss":0,"cards_obtained":["Prepared"]},{"damage_healed":0,"gold_gain":0,"player_choice":"Ignored","damage_taken":0,"max_hp_gain":0,"max_hp_loss":0,"event_name":"Liars Game","floor":11,"gold_loss":0},{"damage_healed":0,"gold_gain":0,"player_choice":"Read","damage_taken":0,"max_hp_gain":0,"max_hp_loss":0,"event_name":"The Library","floor":20,"gold_loss":0,"cards_obtained":["Riddle With Holes"]},{"damage_healed":0,"gold_gain":0,"player_choice":"Became a Ghost","damage_taken":0,"max_hp_gain":0,"max_hp_loss":33,"event_name":"Ghosts","floor":21,"gold_loss":0,"cards_obtained":["Ghostly","Ghostly","Ghostly"]},{"damage_healed":0,"gold_gain":0,"player_choice":"Obtained Book","damage_taken":21,"max_hp_gain":0,"max_hp_loss":0,"event_name":"Cursed Tome","floor":30,"gold_loss":0},{"cards_removed":["Riddle With Holes"],"damage_healed":0,"gold_gain":0,"player_choice":"Removed Attack","damage_taken":0,"max_hp_gain":0,"max_hp_loss":0,"event_name":"Falling","floor":36,"gold_loss":0}],"is_beta":false,"boss_relics":[{"not_picked":["Calling Bell","Tiny House"],"picked":"Snecko Eye"},{"not_picked":["Philosopher\u0027s Stone","Velvet Choker"],"picked":"Astrolabe"}],"items_purged_floors":[14],"is_endless":false,"potions_floor_spawned":[1,3,7,16,18,19,24,38,41,42,46],"ascension_level":20}}