{"host":"36t3qd3wjvajtu1z","time":1613788551,"event":{"mods":["2.2 Compatiblity","AchievementEnabler","BaseMod","Bestiary","Block Reminder","Colored Powertips","Curses Come First","Filter the Spire","Highlight Path","Minty Spire (QoL Compilation)","Permanent Neow","Quick Restart","Random Character Button","Rare Cards Sparkle","Relic Stats","Slay-I","StSLib","Unknown Chances"],"gold_per_floor":[369,381,3,18,18,18,53,63,89,89,102,127,137,137,137,233,233,253,253,267,47,77,77,99,99,99],"floor_reached":25,"language":"ENG","playtime":1072,"items_purged":["Strike_B"],"score":398,"play_id":"a21d216b-2c88-4f6f-9158-f79aca81c76b","local_time":"20210219183551","is_ascension_mode":true,"campfire_choices":[{"data":"Sweeping Beam","floor":6,"key":"SMITH"},{"data":"Self Repair","floor":10,"key":"SMITH"},{"data":"Lockon","floor":15,"key":"SMITH"},{"data":"Aggregate","floor":23,"key":"SMITH"}],"circlet_count":0,"master_deck":["AscendersBane","Strike_B","Strike_B","Strike_B","Defend_B","Defend_B","Defend_B","Defend_B","Zap","Dualcast","Compile Driver","Sweeping Beam+1","Cold Snap","Lockon+1","Self Repair+1","Go for the Eyes","Loop","Conserve Battery","Biased Cognition","Defragment","Defragment","Conserve Battery","Aggregate+1","Rainbow"],"relics":["Cracked Core","Vajra","Anchor","Regal Pillow","Oddly Smooth Stone","Centennial Puzzle","Golden Idol","Philosopher\u0027s Stone","CeramicFish"],"acts_visited":["Exordium","TheCity"],"potions_floor_usage":[7,12,16,16,24,25],"damage_taken":[{"damage":13,"enemies":"Small Slimes","floor":1,"turns":5},{"damage":1,"enemies":"2 Louse","floor":2,"turns":2},{"damage":1,"enemies":"Cultist","floor":4,"turns":3},{"damage":17,"enemies":"Lagavulin","floor":7,"turns":5},{"damage":0,"enemies":"Looter","floor":8,"turns":2},{"damage":4,"enemies":"Exordium Wildlife","floor":11,"turns":5},{"damage":8,"enemies":"3 Sentries","floor":12,"turns":5},{"damage":0,"enemies":"3 Louse","floor":13,"turns":3},{"damage":8,"enemies":"Slime Boss","floor":16,"turns":10},{"damage":26,"enemies":"3 Byrds","floor":18,"turns":4},{"damage":0,"enemies":"Chosen","floor":20,"turns":3},{"damage":23,"enemies":"Snake Plant","floor":22,"turns":5},{"damage":7,"enemies":"Centurion and Healer","floor":24,"turns":6},{"damage":46,"enemies":"Slavers","floor":25,"turns":3}],"seed_played":"209064285675255596","potions_obtained":[{"floor":1,"key":"SteroidPotion"},{"floor":7,"key":"DuplicationPotion"},{"floor":12,"key":"AttackPotion"},{"floor":18,"key":"PowerPotion"},{"floor":22,"key":"PowerPotion"}],"is_trial":false,"path_per_floor":["M","M","$","M","?","R","E","M","T","R","M","E","M","?","R","B",null,"M","?","M","$","M","R","M","E"],"character_chosen":"DEFECT","items_purchased":["Vajra","Anchor","FocusPotion","Defragment","AttackPotion","Conserve Battery"],"campfire_rested":0,"item_purchase_floors":[3,3,3,21,21,21],"current_hp_per_floor":[51,50,50,49,54,54,37,37,37,37,43,45,55,31,31,33,60,44,44,54,54,41,41,34,0,0],"gold":99,"neow_bonus":"TWO_FIFTY_GOLD","is_daily":false,"chose_seed":false,"campfire_upgraded":4,"win_rate":0.0,"timestamp":1613788551,"path_taken":["M","M","$","M","?","R","E","M","T","R","M","E","M","?","R","BOSS","M","?","M","$","M","R","M","E"],"items_purchased_type":["Relic","Relic","Potion","Card","Potion","Card"],"build_version":"2020-12-22","purchased_purges":1,"victory":false,"max_hp_per_floor":[64,64,64,64,69,69,69,69,69,69,69,69,69,69,69,69,69,69,69,69,69,69,69,69,69,69],"relic_stats":{"Regal Pillow":0,"Centennial Puzzle":[15],"counters":[14,61],"Golden Idol":33,"CeramicFish":36,"obtain_stats":[{"Anchor":3,"Regal Pillow":7,"Centennial Puzzle":12,"Golden Idol":14,"CeramicFish":19,"Vajra":3,"Oddly Smooth Stone":9,"Philosopher\u0027s Stone":17,"Cracked Core":0},{"Anchor":2,"Regal Pillow":4,"Centennial Puzzle":7,"Golden Idol":8,"CeramicFish":10,"Vajra":2,"Oddly Smooth Stone":5,"Philosopher\u0027s Stone":9,"Cracked Core":0},{"Anchor":7,"Regal Pillow":15,"Centennial Puzzle":27,"Golden Idol":30,"CeramicFish":44,"Vajra":7,"Oddly Smooth Stone":17,"Philosopher\u0027s Stone":40,"Cracked Core":0}]},"card_choices":[{"not_picked":["Chaos","Turbo"],"picked":"Compile Driver","floor":1},{"not_picked":["Stack","Rip and Tear"],"picked":"Sweeping Beam","floor":2},{"not_picked":["Conserve Battery","Aggregate"],"picked":"Cold Snap","floor":4},{"not_picked":["Go for the Eyes","Hologram"],"picked":"Lockon","floor":7},{"not_picked":["Gash","White Noise"],"picked":"Self Repair","floor":8},{"not_picked":["Gash","Barrage"],"picked":"Go for the Eyes","floor":11},{"not_picked":["Blizzard","Skim"],"picked":"Loop","floor":12},{"not_picked":["Ball Lightning","Amplify"],"picked":"Conserve Battery","floor":13},{"not_picked":["Rainbow","Creative AI"],"picked":"Biased Cognition","floor":16},{"not_picked":["Steam","Compile Driver"],"picked":"Defragment","floor":18},{"not_picked":["Consume","Streamline","Barrage"],"picked":"SKIP","floor":20},{"not_picked":["Compile Driver","Turbo"],"picked":"Aggregate","floor":22},{"not_picked":["Cold Snap+1","Redo"],"picked":"Rainbow","floor":24}],"player_experience":565989,"relics_obtained":[{"floor":7,"key":"Regal Pillow"},{"floor":9,"key":"Oddly Smooth Stone"},{"floor":12,"key":"Centennial Puzzle"}],"event_choices":[{"damage_healed":0,"gold_gain":0,"player_choice":"Donut","damage_taken":0,"max_hp_gain":5,"max_hp_loss":0,"event_name":"Big Fish","floor":5,"gold_loss":0},{"damage_healed":0,"gold_gain":0,"player_choice":"Take Damage","damage_taken":24,"relics_obtained":["Golden Idol"],"max_hp_gain":0,"max_hp_loss":0,"event_name":"Golden Idol","floor":14,"gold_loss":0},{"damage_healed":0,"gold_gain":0,"player_choice":"Gave Potion","damage_taken":0,"relics_obtained":["CeramicFish"],"max_hp_gain":0,"max_hp_loss":0,"event_name":"WeMeetAgain","floor":19,"gold_loss":0}],"is_beta":false,"boss_relics":[{"not_picked":["Cursed Key","Empty Cage"],"picked":"Philosopher\u0027s Stone"}],"items_purged_floors":[21],"is_endless":false,"potions_floor_spawned":[1,7,11,12,18,22],"killed_by":"Slavers","ascension_level":17}}