{"host":"nnt34ungdh9fkcmy","time":1613862165,"event":{"mods":["BaseMod","Downfall","Minty Spire (QoL Compilation)","StSLib","SuperFastMode"],"gold_per_floor":[99,113,123,140,197,197,197,212,12,45,30,58,72,90,101,199,199,99,117,217,217,217,217,298,318,72,106,122,138,138,2,15,112,112,112,125,125,125,125],"floor_reached":37,"language":"ENG","playtime":2019,"items_purged":["Pain"],"score":544,"play_id":"7b8b8c02-07ca-4a28-8bba-6e8b4fcd1f58","local_time":"20210220160245","is_ascension_mode":true,"campfire_choices":[{"floor":1.0,"key":"RECALL"},{"data":"champ:Haymaker","floor":9.0,"key":"SMITH"},{"data":"champ:StanceDance","floor":18.0,"key":"SMITH"},{"data":"champ:PreciseThrust","floor":23,"key":"SMITH"},{"data":"champ:HoldFirm","floor":30,"key":"SMITH"},{"data":"champ:SkillfulDodge","floor":35,"key":"SMITH"}],"circlet_count":0,"master_deck":["champ:Strike","champ:Strike","champ:Defend","champ:Defend","champ:Defend","champ:Defend","champ:Execute","champ:Taunt","champ:BringItOn","champ:Lariat","champ:Haymaker+1","champ:PreciseThrust+1","Clumsy","champ:SkillfulDodge+1","champ:HoldFirm+1","champ:Haymaker","champ:EnGarde","champ:Circumvent","champ:StanceDance+1","champ:ShieldThrow","champ:Parry","champ:EnchantSword","J.A.X.","champ:Shatter","champ:FlashCut","champ:BerserkerStyle+1","champ:DefensiveStyle","champ:Circumvent+1","champ:MurderStrike"],"relics":["Cursed Key","White Beast Statue","downfall:HeartBlessingRed","downfall:HeartBlessingBlue","Toy Ornithopter","Dream Catcher","Runic Pyramid","downfall:HeartBlessingGreen","MutagenicStrength","Pear","Membership Card","Blue Candle","Shuriken","SlaversCollar"],"acts_visited":["Exordium","TheCity","TheBeyond"],"potions_floor_usage":[20,20,26,27,28,29,29,33,33,33,37],"damage_taken":[{"damage":25.0,"enemies":"Small Slimes","floor":2.0,"turns":4.0},{"damage":7.0,"enemies":"Jaw Worm","floor":3.0,"turns":4.0},{"damage":10.0,"enemies":"Cultist","floor":4.0,"turns":5.0},{"damage":66.0,"enemies":"Lagavulin Event","floor":5.0,"turns":7.0},{"damage":12.0,"enemies":"Exordium Wildlife","floor":8.0,"turns":4.0},{"damage":8.0,"enemies":"3 Sentries","floor":10.0,"turns":9.0},{"damage":5.0,"enemies":"downfall:FleeingMerchant","floor":11.0,"turns":4.0},{"damage":8.0,"enemies":"Gremlin Nob","floor":12.0,"turns":4.0},{"damage":0.0,"enemies":"Large Slime","floor":13.0,"turns":3.0},{"damage":30.0,"enemies":"3 Louse","floor":14.0,"turns":4.0},{"damage":0.0,"enemies":"Exordium Wildlife","floor":15.0,"turns":3.0},{"damage":20.0,"enemies":"SI_SHIV_ARCHETYPE","floor":16.0,"turns":8.0},{"damage":0.0,"enemies":"Spheric Guardian","floor":19.0,"turns":3.0},{"damage":0,"enemies":"downfall:Augmenter","floor":20,"turns":7},{"damage":18,"enemies":"downfall:LooterAlt2","floor":25,"turns":4},{"damage":26,"enemies":"downfall:FleeingMerchant","floor":26,"turns":4},{"damage":54,"enemies":"Book of Stabbing","floor":27,"turns":6},{"damage":33,"enemies":"Centurion and Healer","floor":28,"turns":5},{"damage":29,"enemies":"3 Cultists","floor":29,"turns":4},{"damage":28,"enemies":"downfall:FleeingMerchant","floor":31,"turns":4},{"damage":4,"enemies":"Shelled Parasite and Fungi","floor":32,"turns":4},{"damage":53,"enemies":"DF_ARCHETYPE_CLAW","floor":33,"turns":9},{"damage":62,"enemies":"3 Darklings","floor":36,"turns":8},{"damage":76,"enemies":"2 Orb Walkers","floor":37,"turns":3}],"seed_played":"8719898061478781017","potions_obtained":[{"floor":2.0,"key":"Guardian:BlockOnCardUsePotion"},{"floor":5.0,"key":"Weak Potion"},{"floor":8.0,"key":"hexamod:SoulburnPotion"},{"floor":10.0,"key":"Guardian:BlockOnCardUsePotion"},{"floor":11.0,"key":"EssenceOfSteel"},{"floor":14.0,"key":"SkillPotion"},{"floor":16.0,"key":"Guardian:BlockOnCardUsePotion"},{"floor":19.0,"key":"SteroidPotion"},{"floor":20,"key":"bronze:BurnAndBuffPotion"},{"floor":25,"key":"EssenceOfSteel"},{"floor":26,"key":"BlessingOfTheForge"},{"floor":27,"key":"LiquidBronze"},{"floor":28,"key":"GamblersBrew"},{"floor":29,"key":"Weak Potion"},{"floor":31,"key":"AttackPotion"},{"floor":32,"key":"Regen Potion"},{"floor":33,"key":"champ:CounterPotion"},{"floor":36,"key":"Dexterity Potion"}],"is_trial":false,"path_per_floor":["R","M","M","M","?","?","T","M","R","E","$","E","M","M","M","B",null,"R","M","?","?","?","R","T","M","$","E","M","M","R","$","M","B",null,"R","M","?"],"character_chosen":"THE_CHAMP","items_purchased":["Membership Card","champ:DefensiveStyle","Shuriken"],"campfire_rested":0,"item_purchase_floors":[26,26,31],"current_hp_per_floor":[90,85,78,78,52,37,37,35,45,37,37,29,29,34,34,44,100,100,100,100,100,100,100,110,107,96,80,73,54,54,54,50,55,110,110,69,0,0,0],"gold":125,"neow_bonus":"BOSS_RELIC","is_daily":false,"chose_seed":false,"campfire_upgraded":5,"win_rate":0.0,"timestamp":1613862165,"path_taken":["R","M","M","M","?","?","T","M","R","E","$","E","?","M","M","BOSS","R","M","?","?","?","R","T","M","$","E","?","M","R","$","M","BOSS","R","M","?"],"items_purchased_type":["Relic","Card","Relic"],"build_version":"2020-12-22","purchased_purges":1,"victory":false,"max_hp_per_floor":[90,90,90,90,90,90,90,90,100,100,100,100,100,100,100,100,100,100,100,100,100,100,100,110,110,110,110,110,110,110,110,110,110,110,110,110,110,110,110],"card_choices":[{"not_picked":["champ:CrownThrow","champ:Backstep"],"picked":"champ:BringItOn","floor":2.0},{"not_picked":["champ:Backstep","champ:CrownThrow"],"picked":"champ:Lariat","floor":3.0},{"not_picked":["champ:DefensiveShout","champ:DeathBlow"],"picked":"champ:Haymaker","floor":4.0},{"not_picked":["champ:Lariat","champ:RecklessLeap"],"picked":"champ:PreciseThrust","floor":5.0},{"not_picked":["champ:RisingSlash","champ:BerserkersShout"],"picked":"champ:SkillfulDodge","floor":8.0},{"not_picked":["champ:Endure","champ:EnGarde"],"picked":"champ:HoldFirm","floor":10.0},{"not_picked":["champ:ShieldSigil","champ:CalledShot"],"picked":"champ:Haymaker","floor":11.0},{"not_picked":["champ:BringItOn","champ:FocusedBerserking"],"picked":"champ:EnGarde","floor":12.0},{"not_picked":["champ:Haymaker","champ:CrownThrow"],"picked":"champ:Circumvent","floor":13.0},{"not_picked":["champ:FocusedBerserking","champ:BerserkersShout"],"picked":"champ:StanceDance","floor":14.0},{"not_picked":["champ:PreciseThrust","champ:DefensiveShout","champ:Encircle"],"picked":"SKIP","floor":15.0},{"not_picked":["champ:LastStand","champ:SwordThrow"],"picked":"champ:ShieldThrow","floor":16.0},{"not_picked":["champ:Backstep","champ:FalseCounter"],"picked":"champ:Parry","floor":19.0},{"not_picked":["champ:Circumvent+1","champ:FocusedDefense"],"picked":"champ:EnchantSword","floor":20},{"not_picked":[],"picked":"J.A.X.","floor":20},{"not_picked":["champ:PerfectedStrike","champ:CrookedStrike","champ:BringItOn+1"],"picked":"SKIP","floor":25},{"not_picked":["champ:TornadoPunch","champ:SwordThrow"],"picked":"champ:BerserkerStyle+1","floor":26},{"not_picked":["champ:Backstep","champ:Haymaker","champ:PerfectedStrike"],"picked":"SKIP","floor":27},{"not_picked":["champ:FaceSlap","champ:BladeFlurry","champ:TornadoPunch"],"picked":"SKIP","floor":28},{"not_picked":["champ:SetATrap","champ:FalseCounter+1","champ:BringItOn"],"picked":"SKIP","floor":29},{"not_picked":["champ:BerserkersShout+1","champ:FalseCounter","champ:ArenaPreparation+1"],"picked":"SKIP","floor":31},{"not_picked":["champ:Backstep","champ:FalseCounter+1"],"picked":"champ:Circumvent+1","floor":32},{"not_picked":["champ:EnchantSword","champ:IgnorePain"],"picked":"champ:MurderStrike","floor":33},{"not_picked":["champ:ArenaPreparation+1","champ:Circumvent+1","champ:CrookedStrike+1"],"picked":"SKIP","floor":36}],"player_experience":306406,"relics_obtained":[{"floor":5.0,"key":"White Beast Statue"},{"floor":10.0,"key":"Toy Ornithopter"},{"floor":12.0,"key":"Dream Catcher"},{"floor":20,"key":"MutagenicStrength"},{"floor":24,"key":"Pear"},{"floor":27,"key":"Blue Candle"}],"event_choices":[{"damage_healed":0,"gold_gain":0,"player_choice":"Fight","damage_taken":0,"max_hp_gain":0,"max_hp_loss":0,"event_name":"Mysterious Sphere","floor":37,"gold_loss":0}],"is_beta":false,"boss_relics":[{"not_picked":["Pandora\u0027s Box","Calling Bell"],"picked":"Runic Pyramid"},{"not_picked":["Black Star","Velvet Choker"],"picked":"SlaversCollar"}],"items_purged_floors":[26],"is_endless":false,"potions_floor_spawned":[2,5,8,10,11,12,13,14,15,16,19,20,25,26,27,28,29,31,32,33,36],"killed_by":"2 Orb Walkers","ascension_level":3}}