{"host":"1mv6gj0zv8k9e9tz","time":1613816068,"event":{"mods":["AchievementEnabler","BaseMod","Better Third Choice","Colored Map","DeckTracker","Highlight Path","KOR Keyword Fix","Keyboard Shortcuts","Minty Spire (QoL Compilation)","Permanent Neow","Quick Restart","Rare Cards Sparkle","StSLib","SuperFastMode","everything is the same but u backflip on backflip"],"gold_per_floor":[114,134,144,197,208,239,239,239,239],"floor_reached":8,"language":"KOR","playtime":283,"items_purged":[],"score":116,"play_id":"37ad179b-89d6-4059-85a3-8a98ba27d17c","local_time":"20210220191428","is_ascension_mode":true,"campfire_choices":[{"data":"Cloak And Dagger","floor":7,"key":"SMITH"}],"circlet_count":0,"master_deck":["AscendersBane","Strike_G","Strike_G","Strike_G","Strike_G","Defend_G+1","Defend_G","Defend_G","Defend_G","Survivor","Neutralize","Accuracy","Acrobatics+1","Terror","Cloak And Dagger+1","Footwork"],"relics":["Ring of the Snake","War Paint","Juzu Bracelet"],"acts_visited":["Exordium"],"potions_floor_usage":[5,8,8],"damage_taken":[{"damage":5,"enemies":"Cultist","floor":1,"turns":5},{"damage":0,"enemies":"2 Louse","floor":2,"turns":4},{"damage":0,"enemies":"Jaw Worm","floor":3,"turns":6},{"damage":0,"enemies":"3 Louse","floor":5,"turns":3},{"damage":30,"enemies":"Lagavulin","floor":6,"turns":8},{"damage":27,"enemies":"Gremlin Nob","floor":8,"turns":3}],"seed_played":"8899672710327940493","potions_obtained":[{"floor":1,"key":"GamblersBrew"},{"floor":3,"key":"AttackPotion"},{"floor":6,"key":"Strength Potion"}],"is_trial":false,"path_per_floor":["M","M","M","T","M","E","R","E"],"character_chosen":"THE_SILENT","items_purchased":[],"campfire_rested":0,"item_purchase_floors":[],"current_hp_per_floor":[54,54,54,54,54,24,24,0,0],"gold":239,"neow_bonus":"REMOVE_TWO","is_daily":false,"chose_seed":false,"campfire_upgraded":1,"win_rate":0.0,"timestamp":1613816068,"path_taken":["M","M","M","?","M","E","R","E"],"items_purchased_type":[],"build_version":"2020-12-22","purchased_purges":0,"victory":false,"max_hp_per_floor":[60,60,60,60,60,60,60,60,60],"card_choices":[{"not_picked":["Eviscerate","Escape Plan"],"picked":"Accuracy","floor":1},{"not_picked":["Sucker Punch","Quick Slash"],"picked":"Acrobatics","floor":2},{"not_picked":["Slice","Distraction"],"picked":"Terror","floor":3},{"not_picked":["Dagger Throw","Accuracy"],"picked":"Cloak And Dagger","floor":5},{"not_picked":["Heel Hook","Tactician"],"picked":"Footwork","floor":6}],"player_experience":653859,"relics_obtained":[{"floor":4,"key":"War Paint"},{"floor":6,"key":"Juzu Bracelet"}],"event_choices":[],"is_beta":false,"boss_relics":[],"items_purged_floors":[],"is_endless":false,"potions_floor_spawned":[1,3,6],"killed_by":"Gremlin Nob","ascension_level":20}}