{"host":"kcucw60lddap73ot","time":1613827156,"event":{"mods":["BaseMod","Colored Powertips","Downfall","Infinite Spire","Minty Spire (QoL Compilation)","Reliquary","Robot Space Explorer","StSLib","The Marked"],"gold_per_floor":[113,113,132,144,144,144,178,26,26,3,23,23,23,23,23],"floor_reached":14,"language":"ENG","playtime":906,"items_purged":[],"score":88,"play_id":"7af8ff6f-005f-4d40-9d80-1bc96062ec5e","local_time":"20210220141916","is_ascension_mode":false,"campfire_choices":[{"floor":6,"key":"RECALL"},{"data":"RobotSpaceExplorer:Pulsar","floor":12,"key":"SMITH"}],"circlet_count":0,"master_deck":["RobotSpaceExplorer:Strike","RobotSpaceExplorer:Strike","RobotSpaceExplorer:Strike","RobotSpaceExplorer:Strike","RobotSpaceExplorer:Defend","RobotSpaceExplorer:Defend","RobotSpaceExplorer:Defend","RobotSpaceExplorer:Defend","RobotSpaceExplorer:Scan","RobotSpaceExplorer:MiniLasers","RobotSpaceExplorer:MiniDrones","RobotSpaceExplorer:MetalStrike","RobotSpaceExplorer:Pulsar+1","RobotSpaceExplorer:Smokescreen+1","RobotSpaceExplorer:Counterblock+1","RobotSpaceExplorer:BlastShield+1"],"relics":["RobotSpaceExplorer:RoboCore","NeowsBlessing","Toxic Egg 2","RobotSpaceExplorer:SlideRule","Golden Idol"],"acts_visited":[],"potions_floor_usage":[],"damage_taken":[{"damage":0,"enemies":"Small Slimes","floor":1,"turns":1},{"damage":0,"enemies":"Cultist","floor":3,"turns":1},{"damage":0,"enemies":"2 Louse","floor":4,"turns":1},{"damage":63,"enemies":"3 Sentries","floor":7,"turns":21},{"damage":2,"enemies":"Exordium Thugs","floor":11,"turns":7},{"damage":4,"enemies":"Gremlin Nob","floor":14,"turns":3}],"seed_played":"-7675123704704513094","potions_obtained":[{"floor":1,"key":"Strength Potion"},{"floor":7,"key":"Explosive Potion"}],"is_trial":false,"path_per_floor":["M","?","M","M","?","R","E","$","T","$","M","R","?","E"],"character_chosen":"RobotSpaceExplorer","items_purchased":["RobotSpaceExplorer:SlideRule","RobotSpaceExplorer:Counterblock+1"],"campfire_rested":0,"item_purchase_floors":[8,10],"current_hp_per_floor":[75,68,68,68,68,68,5,5,5,5,3,3,3,0,0],"gold":23,"neow_bonus":"THREE_ENEMY_KILL","is_daily":false,"chose_seed":false,"campfire_upgraded":1,"win_rate":0.0,"timestamp":1613827156,"path_taken":["M","?","?","M","?","R","E","$","T","$","?","R","?","E"],"items_purchased_type":["Relic","Card"],"build_version":"2020-12-22","purchased_purges":0,"victory":false,"max_hp_per_floor":[75,75,75,75,75,75,75,75,75,75,75,75,69,69,69],"card_choices":[{"not_picked":["RobotSpaceExplorer:DoubleFind","RobotSpaceExplorer:StunGrenade"],"picked":"RobotSpaceExplorer:MiniDrones","floor":1},{"not_picked":["RobotSpaceExplorer:SlimeMissile","RobotSpaceExplorer:SwiftStep"],"picked":"RobotSpaceExplorer:MetalStrike","floor":3},{"not_picked":["RobotSpaceExplorer:DualCore","RobotSpaceExplorer:MetalStrike"],"picked":"RobotSpaceExplorer:Pulsar","floor":4},{"not_picked":["RobotSpaceExplorer:Reload+1","RobotSpaceExplorer:GlueShot+1"],"picked":"RobotSpaceExplorer:Smokescreen+1","floor":7},{"not_picked":["RobotSpaceExplorer:GlueShot+1","RobotSpaceExplorer:MiniDrones"],"picked":"RobotSpaceExplorer:BlastShield+1","floor":11}],"player_experience":6596,"relics_obtained":[{"floor":7,"key":"Toxic Egg 2"}],"event_choices":[{"damage_healed":0,"gold_gain":0,"player_choice":"Damaged","damage_taken":7,"max_hp_gain":0,"max_hp_loss":0,"event_name":"Wheel of Change","floor":2,"gold_loss":0},{"damage_healed":0,"gold_gain":0,"player_choice":"Ignored","damage_taken":0,"max_hp_gain":0,"max_hp_loss":0,"event_name":"NoteForYourself","floor":5,"gold_loss":0},{"damage_healed":0,"gold_gain":0,"player_choice":"Lose Max HP","damage_taken":0,"relics_obtained":["Golden Idol"],"max_hp_gain":0,"max_hp_loss":6,"event_name":"Golden Idol","floor":13,"gold_loss":0}],"is_beta":false,"boss_relics":[],"items_purged_floors":[],"is_endless":false,"potions_floor_spawned":[1,7],"killed_by":"Gremlin Nob","ascension_level":0}}