{"host":"delta","time":1613843043,"event":{"mods":["Act Like it!","BaseMod","Lobotomy","Minty Spire (QoL Compilation)","StSLib","The Hierophant","WarShipGirlsR/战舰少女R mod","残留之物"],"gold_per_floor":[112,126,201,201,216,216,236,256,256,288,288,298,298,311,311,413,413,423,435,449,254,272,306,325,325,325,325,339,354,372,388,388,493,493,504,253,253,276,286,323,323,337,346,346,381,395,15,34,34,34,34],"floor_reached":52,"language":"ZHS","playtime":3767,"items_purged":["Doubt"],"score":817,"play_id":"8782b420-d71d-4e3c-ab29-8eab19ec8f4a","local_time":"20210221014403","is_ascension_mode":false,"campfire_choices":[{"data":"rmod:selfconfidence","floor":6.0,"key":"SMITH"},{"data":"rmod:expeditionaryescort","floor":11.0,"key":"SMITH"},{"data":"rmod:openingtorpedo","floor":15.0,"key":"SMITH"},{"data":"rmod:abidefaith","floor":25.0,"key":"SMITH"},{"data":"rmod:expeditionaryescort","floor":27.0,"key":"SMITH"},{"data":"rmod:diaomin","floor":32.0,"key":"SMITH"},{"data":"rmod:saltedfish","floor":41.0,"key":"SMITH"},{"data":"rmod:timeschanged","floor":44.0,"key":"SMITH"},{"data":"rmod:supportaircraftcarrier","floor":49,"key":"SMITH"}],"circlet_count":0,"master_deck":["rmod:basicallowance","rmod:intelligenceanalysis","rmod:tearstotiara","rmod:selfconfidence+1","rmod:expeditionaryescort+1","rmod:supportescort","rmod:wife","rmod:openingtorpedo+1","rmod:abidefaith+1","rmod:supportaircraftcarrier","rmod:punchline","rmod:generalist","rmod:circuitoustactics","rmod:expeditionaryescort+1","rmod:supportaircraftcarrier+1","rmod:guardianhero","rmod:timeschanged+1","rmod:fuelsupply+1","rmod:launchingtorpedo","rmod:saltedfish+1","rmod:aluminumsupply+1","rmod:diaomin+1","rmod:highspeedmaneuver","rmod:wife+1","rmod:circuitoustactics+1","Injury","rmod:smokecover+1","Master of Strategy"],"relics":["rmod:firstchargereward","Ancient Tea Set","Orichalcum","Pandora\u0027s Box","Bag of Marbles","Mummified Hand","Matryoshka","Cursed Key","Bottled Flame","CeramicFish","Potion Belt","Bag of Preparation","Blue Candle","FossilizedHelix","Ornamental Fan","HandDrill"],"acts_visited":["Exordium","TheCity","TheBeyond"],"potions_floor_usage":[],"damage_taken":[{"damage":3.0,"enemies":"Small Slimes","floor":1.0,"turns":3.0},{"damage":0.0,"enemies":"2 Louse","floor":2.0,"turns":3.0},{"damage":0.0,"enemies":"Cultist","floor":5.0,"turns":3.0},{"damage":0.0,"enemies":"Lots of Slimes","floor":7.0,"turns":1.0},{"damage":0.0,"enemies":"3 Louse","floor":8.0,"turns":1.0},{"damage":0.0,"enemies":"3 Sentries","floor":10.0,"turns":3.0},{"damage":0.0,"enemies":"Exordium Wildlife","floor":12.0,"turns":3.0},{"damage":0.0,"enemies":"Red Slaver","floor":14.0,"turns":3.0},{"damage":32.0,"enemies":"Hexaghost","floor":16.0,"turns":11.0},{"damage":0.0,"enemies":"3 Byrds","floor":18.0,"turns":3.0},{"damage":4.0,"enemies":"2 Thieves","floor":19.0,"turns":3.0},{"damage":6.0,"enemies":"Centurion and Healer","floor":20.0,"turns":3.0},{"damage":0.0,"enemies":"3 Cultists","floor":22.0,"turns":2.0},{"damage":3.0,"enemies":"Slavers","floor":23.0,"turns":3.0},{"damage":7.0,"enemies":"Shelled Parasite and Fungi","floor":24.0,"turns":4.0},{"damage":0.0,"enemies":"Snake Plant","floor":28.0,"turns":1.0},{"damage":0.0,"enemies":"Snecko","floor":29.0,"turns":2.0},{"damage":0.0,"enemies":"Centurion and Healer","floor":30.0,"turns":2.0},{"damage":0.0,"enemies":"Snake Plant","floor":31.0,"turns":1.0},{"damage":30.0,"enemies":"Automaton","floor":33.0,"turns":7.0},{"damage":0.0,"enemies":"3 Shapes","floor":35.0,"turns":1.0},{"damage":20.0,"enemies":"3 Darklings","floor":39.0,"turns":5.0},{"damage":5.0,"enemies":"Nemesis","floor":40.0,"turns":5.0},{"damage":0.0,"enemies":"4 Shapes","floor":42.0,"turns":3.0},{"damage":0,"enemies":"Reptomancer","floor":45,"turns":1},{"damage":0,"enemies":"Maw","floor":46,"turns":4},{"damage":4,"enemies":"Spire Growth","floor":48,"turns":5},{"damage":1,"enemies":"Awakened One","floor":50,"turns":7}],"seed_played":"-6533148246596106186","potions_obtained":[{"floor":0.0,"key":"EssenceOfSteel"},{"floor":0.0,"key":"SmokeBomb"},{"floor":0.0,"key":"Dexterity Potion"},{"floor":5.0,"key":"LiquidBronze"},{"floor":7.0,"key":"Swift Potion"},{"floor":16.0,"key":"SkillPotion"},{"floor":20.0,"key":"DistilledChaos"},{"floor":28.0,"key":"SpeedPotion"},{"floor":29.0,"key":"PlaceholderMod:PlaceholderPotion"},{"floor":35.0,"key":"CultistPotion"},{"floor":42.0,"key":"LiquidMemories"},{"floor":46,"key":"FearPotion"}],"is_trial":false,"path_per_floor":["M","M","?","?","M","R","M","M","T","E","R","M","?","M","R","B",null,"M","M","M","$","M","E","M","R","T","R","M","M","M","M","R","B",null,"M","$","?","T","M","E","R","M","T","R","E","M","$","M","R","B",null,null],"character_chosen":"PRAEFECT","items_purchased":["Bag of Marbles","rmod:launchingtorpedo","Bottled Flame","Master of Strategy","HandDrill"],"campfire_rested":0,"item_purchase_floors":[21,21,36,47,47],"current_hp_per_floor":[72,72,61,46,46,46,46,46,46,46,46,46,46,46,46,14,75,75,71,65,65,65,62,55,55,55,55,55,55,55,55,55,25,75,75,75,75,75,55,50,50,50,50,50,50,50,50,46,46,45,45],"gold":34,"neow_bonus":"THREE_SMALL_POTIONS","is_daily":false,"chose_seed":false,"campfire_upgraded":9,"win_rate":0.0,"timestamp":1613843043,"path_taken":["M","M","?","?","M","R","M","M","T","E","R","M","?","?","R","BOSS","M","M","M","?","M","E","M","R","T","R","M","M","M","M","R","BOSS","M","$","?","?","M","E","R","?","T","R","E","M","$","M","R","BOSS"],"items_purchased_type":["Relic","Card","Relic","Card","Relic"],"build_version":"2020-12-18","purchased_purges":1,"victory":true,"max_hp_per_floor":[75,75,75,75,75,75,75,75,75,75,75,75,75,75,75,75,75,75,75,75,75,75,75,75,75,75,75,75,75,75,75,75,75,75,75,75,75,75,75,75,75,75,75,75,75,75,75,75,75,75,75],"card_choices":[{"not_picked":["rmod:aluminumsupply","rmod:ammunitionsupply"],"picked":"rmod:intelligenceanalysis","floor":1.0},{"not_picked":["rmod:intelligenceanalysis","rmod:luckystar"],"picked":"rmod:tearstotiara","floor":2.0},{"not_picked":["rmod:fletcherpendant","rmod:ammunitionsupply"],"picked":"rmod:selfconfidence","floor":5.0},{"not_picked":["rmod:victimresponsibility","rmod:diamondstrike"],"picked":"rmod:expeditionaryescort","floor":7.0},{"not_picked":["rmod:intelligenceanalysis","rmod:fletcherpendant"],"picked":"rmod:supportescort","floor":8.0},{"not_picked":["rmod:garrisonisland","rmod:rockthrower"],"picked":"rmod:wife","floor":10.0},{"not_picked":["rmod:aluminumsupply","rmod:unsinkable","rmod:aggressivemary"],"picked":"SKIP","floor":12.0},{"not_picked":["rmod:circuitoustactics","rmod:ammunitionsupply"],"picked":"rmod:openingtorpedo","floor":14.0},{"not_picked":["rmod:desperatesituation","rmod:highspeedmaneuver"],"picked":"rmod:abidefaith","floor":16.0},{"not_picked":["rmod:rockthrower","rmod:slowdown+1","rmod:unsinkable+1"],"picked":"SKIP","floor":18.0},{"not_picked":["rmod:goodsister","rmod:sl"],"picked":"rmod:fuelsupply+1","floor":19.0},{"not_picked":["rmod:mineteam","rmod:steelsupply","rmod:luckystar+1"],"picked":"SKIP","floor":20.0},{"not_picked":["rmod:diamondstrike+1","rmod:victimresponsibility","rmod:tearstotiara"],"picked":"SKIP","floor":22.0},{"not_picked":["rmod:fletcherpendant+1","rmod:tearstotiara"],"picked":"rmod:saltedfish","floor":23.0},{"not_picked":["rmod:intelligenceanalysis+1","rmod:circuitoustactics"],"picked":"rmod:aluminumsupply+1","floor":24.0},{"not_picked":["rmod:aviationdawn","rmod:diamondstrike+1","rmod:unsinkable+1"],"picked":"SKIP","floor":28.0},{"not_picked":["rmod:aviationdawn","rmod:diamondstrike+1","rmod:unsinkable+1"],"picked":"SKIP","floor":28.0},{"not_picked":["rmod:capitalist","rmod:diamondstrike","rmod:intelligenceanalysis"],"picked":"SKIP","floor":29.0},{"not_picked":["rmod:generalist","rmod:tearstotiara+1","rmod:ammunitionsupply"],"picked":"SKIP","floor":30.0},{"not_picked":["rmod:firesupport+1","rmod:supportaircraftcarrier"],"picked":"rmod:diaomin","floor":31.0},{"not_picked":["rmod:u235","rmod:expeditionaryescort"],"picked":"rmod:highspeedmaneuver","floor":33.0},{"not_picked":["rmod:circuitoustactics","rmod:supportescort+1"],"picked":"rmod:wife+1","floor":35.0},{"not_picked":["rmod:ammunitionsupply+1","rmod:punchline+1","rmod:wife+1"],"picked":"SKIP","floor":39.0},{"not_picked":["rmod:aviationdawn","rmod:steelsupply+1"],"picked":"rmod:circuitoustactics+1","floor":40.0},{"not_picked":["rmod:fuelsupply","rmod:rockthrower","rmod:steelsupply+1"],"picked":"SKIP","floor":42.0},{"not_picked":["rmod:aggressivemary+1","rmod:spoils+1"],"picked":"rmod:smokecover+1","floor":45},{"not_picked":["rmod:garrisonisland+1","rmod:luckystar+1","rmod:slowdown+1"],"picked":"SKIP","floor":46},{"not_picked":["rmod:steelsupply+1","rmod:wife+1","rmod:abidefaith"],"picked":"SKIP","floor":48}],"player_experience":338110,"relics_obtained":[{"floor":9.0,"key":"Ancient Tea Set"},{"floor":10.0,"key":"Orichalcum"},{"floor":23.0,"key":"Mummified Hand"},{"floor":26.0,"key":"Matryoshka"},{"floor":38.0,"key":"CeramicFish"},{"floor":38.0,"key":"Potion Belt"},{"floor":40.0,"key":"Bag of Preparation"},{"floor":43.0,"key":"Blue Candle"},{"floor":43.0,"key":"FossilizedHelix"},{"floor":45,"key":"Ornamental Fan"}],"event_choices":[{"damage_healed":0.0,"max_hp_gain":0.0,"max_hp_loss":0.0,"gold_gain":75.0,"event_name":"World of Goop","player_choice":"Gather Gold","floor":3.0,"gold_loss":0.0,"damage_taken":11.0},{"damage_healed":0.0,"max_hp_gain":0.0,"max_hp_loss":0.0,"gold_gain":0.0,"event_name":"Shining Light","player_choice":"Entered Light","floor":4.0,"gold_loss":0.0,"damage_taken":15.0,"cards_upgraded":["rmod:defend","rmod:defend"]},{"damage_healed":0.0,"max_hp_gain":0.0,"max_hp_loss":0.0,"gold_gain":0.0,"event_name":"NoteForYourself","player_choice":"Ignored","floor":13.0,"gold_loss":0.0,"damage_taken":0.0},{"cards_removed":["rmod:maingunfire"],"damage_healed":0.0,"max_hp_gain":0.0,"max_hp_loss":0.0,"gold_gain":0.0,"event_name":"Falling","player_choice":"Removed Attack","floor":37.0,"gold_loss":0.0,"damage_taken":0.0}],"is_beta":true,"boss_relics":[{"not_picked":["Philosopher\u0027s Stone","Busted Crown"],"picked":"Pandora\u0027s Box"},{"not_picked":["Tiny House","Empty Cage"],"picked":"Cursed Key"}],"items_purged_floors":[47],"is_endless":false,"potions_floor_spawned":[5,7,16,20,28,29,33,35,42,46],"ascension_level":0}}