{"host":"wby4rs3xnry3zy6c","time":1613851996,"event":{"mods":["AchievementEnabler","BaseMod","BetterRewards","Colored Map","Colored Powertips","Downfall","Hubris","Infinite Spire","Minty Spire (QoL Compilation)","Replay The Spire","Shop Mod","StSLib","The Cursed","The Necromancer"],"gold_per_floor":[99,115,115,115,127,147,147,147,163,173,173,83,103,103,116,116,116,116],"floor_reached":16,"language":"ENG","playtime":1394,"items_purged":["Amnesia"],"score":94,"play_id":"8b2ac75a-569d-44d7-a652-21c527276813","local_time":"20210220141316","is_ascension_mode":false,"campfire_choices":[{"data":"champ:Taunt","floor":1,"key":"SMITH"},{"data":"champ:Circumvent","floor":8,"key":"SMITH"},{"data":"champ:DefensiveShout","floor":11,"key":"SMITH"}],"circlet_count":0,"master_deck":["champ:Strike","champ:Strike","champ:Strike","champ:Strike","champ:Defend","champ:Defend","champ:Defend","champ:Defend","champ:Execute+1","champ:Taunt+1","champ:FalseCounter","champ:BringItOn","champ:Circumvent+1","champ:Backstep","champ:DefensiveShout+1","champ:FocusedDefense"],"relics":["m_IronCrown","infinitespire:Lychee Nut"],"acts_visited":["Exordium"],"potions_floor_usage":[13,16,16,16],"damage_taken":[{"damage":20,"enemies":"Small Slimes","floor":2,"turns":5},{"damage":6,"enemies":"2 Louse","floor":5,"turns":7},{"damage":11,"enemies":"Jaw Worm","floor":6,"turns":4},{"damage":0,"enemies":"downfall:LooterAlt","floor":9,"turns":5},{"damage":33,"enemies":"Exordium Wildlife","floor":10,"turns":7},{"damage":14,"enemies":"downfall:FleeingMerchant","floor":12,"turns":4},{"damage":13,"enemies":"Large Slime","floor":13,"turns":6},{"damage":11,"enemies":"3 Louse","floor":15,"turns":4},{"damage":75,"enemies":"WA_ARCHETYPE_RETAIN","floor":16,"turns":16}],"seed_played":"7820673399790200359","potions_obtained":[{"floor":6,"key":"Weak Potion"},{"floor":9,"key":"Ancient Potion"},{"floor":13,"key":"sneckomod:MuddlingPotion"},{"floor":15,"key":"FearPotion"}],"is_trial":false,"path_per_floor":["R","M","?","?","M","M","T","R","M","M","R","$","M","?","M","B"],"character_chosen":"THE_CHAMP","items_purchased":[],"campfire_rested":0,"item_purchase_floors":[],"current_hp_per_floor":[90,80,80,80,80,85,67,67,67,66,66,67,67,67,67,0,0,0],"gold":116,"neow_bonus":"UPGRADE_CARD","is_daily":false,"chose_seed":false,"campfire_upgraded":3,"win_rate":0.0,"timestamp":1613851996,"path_taken":["R","M","?","?","M","M","T","R","M","M","R","?","?","?","M","BOSS"],"items_purchased_type":[],"build_version":"2020-12-22","purchased_purges":1,"victory":false,"max_hp_per_floor":[90,90,90,90,90,90,67,67,67,67,67,67,67,67,67,67,67,67],"card_choices":[{"not_picked":["champ:GutPunch","champ:RisingSlash"],"picked":"champ:FalseCounter","floor":2},{"not_picked":["champ:FanOfKnives","champ:Endure"],"picked":"champ:BringItOn","floor":5},{"not_picked":["champ:HeartStrike","champ:BerserkersShout"],"picked":"champ:Circumvent","floor":6},{"not_picked":["champ:TripleStrike","Heavy Blade"],"picked":"champ:Backstep","floor":9},{"not_picked":["champ:PreemptiveStrike","champ:CrownThrow"],"picked":"champ:DefensiveShout","floor":10},{"not_picked":["champ:AdrenalArmor","champ:GutPunch","champ:Endure"],"picked":"SKIP","floor":12},{"not_picked":["champ:FanOfKnives","champ:TornadoPunch"],"picked":"champ:FocusedDefense","floor":13},{"not_picked":["champ:StrikeOfGenius","champ:AdrenalArmor","champ:Parry"],"picked":"SKIP","floor":15}],"player_experience":116088,"relics_obtained":[{"floor":7,"key":"infinitespire:Lychee Nut"}],"event_choices":[],"is_beta":false,"boss_relics":[],"items_purged_floors":[12],"is_endless":false,"potions_floor_spawned":[6,9,13,15],"killed_by":"WA_ARCHETYPE_RETAIN","ascension_level":0}}