{"host":"y76clbnovzmw9ubx","time":1613839031,"event":{"mods":["AchievementEnabler","BaseMod","Minty Spire (QoL Compilation)","Permanent Neow","Relic Stats"],"gold_per_floor":[118,128,21,34,54,54,71,102,129,129,162,162,162,179,179,252,252,266,266,266],"floor_reached":19,"language":"ENG","playtime":1009,"items_purged":[],"score":358,"play_id":"2bc2a6c5-5421-4ef5-adf7-0466144634b4","local_time":"20210220113711","is_ascension_mode":true,"campfire_choices":[{"data":"Catalyst","floor":6,"key":"SMITH"},{"floor":10,"key":"REST"},{"floor":12,"key":"REST"},{"data":"Strike_G","floor":15,"key":"PURGE"}],"circlet_count":0,"master_deck":["AscendersBane","Strike_G","Strike_G","Strike_G","Defend_G","Defend_G","Defend_G","Defend_G","Survivor","Neutralize","Caltrops","Trip","Catalyst+1","Dagger Spray","Backstab","Crippling Poison","Dodge and Roll","Envenom"],"relics":["Ring of the Snake","Peace Pipe","Happy Flower","Art of War","Black Star"],"acts_visited":["Exordium","TheCity"],"potions_floor_usage":[8,11,16,18,19],"damage_taken":[{"damage":0,"enemies":"Cultist","floor":1,"turns":4},{"damage":2,"enemies":"2 Louse","floor":2,"turns":3},{"damage":11,"enemies":"Small Slimes","floor":4,"turns":5},{"damage":7,"enemies":"3 Louse","floor":5,"turns":5},{"damage":0,"enemies":"2 Fungi Beasts","floor":7,"turns":3},{"damage":22,"enemies":"Lagavulin","floor":8,"turns":7},{"damage":25,"enemies":"3 Sentries","floor":11,"turns":7},{"damage":14,"enemies":"Exordium Wildlife","floor":14,"turns":5},{"damage":26,"enemies":"The Guardian","floor":16,"turns":10},{"damage":38,"enemies":"Spheric Guardian","floor":18,"turns":9},{"damage":20,"enemies":"Chosen","floor":19,"turns":4}],"seed_played":"8471605603416011006","potions_obtained":[{"floor":1,"key":"Weak Potion"},{"floor":4,"key":"Poison Potion"},{"floor":7,"key":"PowerPotion"},{"floor":8,"key":"SkillPotion"},{"floor":14,"key":"Poison Potion"},{"floor":18,"key":"Explosive Potion"}],"is_trial":false,"path_per_floor":["M","M","$","M","M","R","M","E","T","R","E","R","?","M","R","B",null,"M","M"],"character_chosen":"THE_SILENT","items_purchased":["Trip"],"campfire_rested":2,"item_purchase_floors":[3],"current_hp_per_floor":[59,57,57,46,39,39,39,17,17,35,10,28,60,46,46,20,50,12,0,0],"gold":266,"neow_bonus":"REMOVE_TWO","is_daily":false,"chose_seed":false,"campfire_upgraded":1,"win_rate":0.0,"timestamp":1613839031,"path_taken":["M","M","?","M","M","R","M","E","T","R","E","R","?","M","R","BOSS","M","M"],"items_purchased_type":["Card"],"build_version":"2020-12-22","purchased_purges":0,"victory":false,"max_hp_per_floor":[60,60,60,60,60,60,60,60,60,60,60,60,60,60,60,60,60,60,60,60],"relic_stats":{"Peace Pipe":1,"Happy Flower":[11],"counters":[11,62],"Art of War":[5],"Black Star":0,"obtain_stats":[{"Peace Pipe":8,"Happy Flower":9,"Art of War":11,"Black Star":17,"Ring of the Snake":0},{"Peace Pipe":6,"Happy Flower":6,"Art of War":7,"Black Star":9,"Ring of the Snake":0},{"Peace Pipe":27,"Happy Flower":27,"Art of War":34,"Black Star":49,"Ring of the Snake":0}],"Ring of the Snake":[23]},"card_choices":[{"not_picked":["Dash","Bane"],"picked":"Caltrops","floor":1},{"not_picked":["PiercingWail","Underhanded Strike","Flying Knee"],"picked":"SKIP","floor":2},{"not_picked":["Poisoned Stab","Grand Finale"],"picked":"Catalyst","floor":4},{"not_picked":["Heel Hook","Prepared"],"picked":"Dagger Spray","floor":5},{"not_picked":["Escape Plan","Predator"],"picked":"Backstab","floor":7},{"not_picked":["Flying Knee","Quick Slash"],"picked":"Endless Agony","floor":8},{"not_picked":["Grand Finale","Quick Slash"],"picked":"Crippling Poison","floor":11},{"not_picked":["Endless Agony","Bane"],"picked":"Dodge and Roll","floor":14},{"not_picked":["Wraith Form v2","Adrenaline"],"picked":"Envenom","floor":16},{"not_picked":["Calculated Gamble","Terror","Concentrate"],"picked":"SKIP","floor":18}],"player_experience":3266408,"relics_obtained":[{"floor":8,"key":"Peace Pipe"},{"floor":9,"key":"Happy Flower"},{"floor":11,"key":"Art of War"}],"event_choices":[{"cards_removed":["Endless Agony"],"damage_healed":32,"gold_gain":0,"player_choice":"Offered Uncommon","damage_taken":0,"max_hp_gain":0,"max_hp_loss":0,"event_name":"Bonfire Elementals","floor":13,"gold_loss":0}],"is_beta":false,"boss_relics":[{"not_picked":["Velvet Choker","Busted Crown"],"picked":"Black Star"}],"items_purged_floors":[],"is_endless":false,"potions_floor_spawned":[1,4,7,8,14,18],"killed_by":"Chosen","ascension_level":20}}