{"host":"o5jvvi5yapo90aia","time":1613841583,"event":{"mods":["BaseMod","CapriCore","Minty Spire (QoL Compilation)","MostiFishMod","Prisma Mod","Spicy Shops","StSLib","TestMod","The Immortal","Yakumo Yukari mod","【人物mod】游戏王New YuGiOh mod","【功能Mod】Neow奖励"],"gold_per_floor":[120,520,520,152,181,225,246,284,284,384,405,427,427,470,470,557,557,587,587,614,642,461,502,526,526,549,589,-1399,-1374,-1333,-1298,-1298,-1207,-1207,-1172,-1122,-1096,-1067,-1039,-995,-995,-970,-919,-887,-842,-842,-795,-795,-795,-780,-765,-765,-765,-765,-717,-717],"floor_reached":57,"language":"ZHS","playtime":1961,"items_purged":["Strike_B","Strike_B","Defend_B"],"score":3848,"play_id":"715c1263-fed2-45db-81c4-a8fa8a7aac48","local_time":"20210221011943","is_ascension_mode":true,"campfire_choices":[{"data":"HalloweenModCandy","floor":13.0,"key":"SMITH"},{"data":"Strike_B","floor":15.0,"key":"PURGE"},{"data":"HalloweenModTrick","floor":25.0,"key":"PURGE"},{"floor":32.0,"key":"RECALL"},{"data":"Defend_B","floor":41.0,"key":"PURGE"},{"data":"Dualcast","floor":46.0,"key":"PURGE"},{"data":"HalloweenModGhostCostume","floor":49.0,"key":"SMITH"},{"data":"MostiFishMod:Confrontation","floor":53.0,"key":"SMITH"}],"circlet_count":0,"master_deck":["AscendersBane","Rainbow","HalloweenModCandy+1","HalloweenModGhostCostume","HalloweenModGhostCostume+1","Skim","HalloweenModTrick+1","HalloweenModGhostCostume+1","MostiFishMod:Confrontation+1","HalloweenModGhostCostume+1","HalloweenModGhostCostume+1","HalloweenModGhostCostume+1","HalloweenModGhostCostume+1","HalloweenModGhostCostume+1","HalloweenModGhostCostume+1"],"relics":["testmod-TestBox","FeatherPendant","xbg","HalloweenModHalloween","Blue Candle","SynthV:TestCard","TungstenRod","Happy Flower","InkBottle","White Beast Statue","testmod-HeartOfDaVinci","testmod-Hope","RhineFirstAidKit","Bag of Marbles","Ancient Tea Set","Pear","The Specimen","testmod-Charity","testmod-AssaultLearning","SynthV:MejaisSoulstealer","Omamori","Empty Cage","Turnip","PreservedInsect","testmod-Justice","The Courier","Pen Nib"],"acts_visited":["Exordium","TheCity","TheBeyond","TheEnding"],"potions_floor_usage":[],"damage_taken":[{"damage":0.0,"enemies":"2 Louse","floor":1.0,"turns":2.0},{"damage":0.0,"enemies":"Small Slimes","floor":5.0,"turns":2.0},{"damage":5.0,"enemies":"Gremlin Nob","floor":6.0,"turns":3.0},{"damage":0.0,"enemies":"Cultist","floor":7.0,"turns":3.0},{"damage":0.0,"enemies":"3 Sentries","floor":8.0,"turns":3.0},{"damage":0.0,"enemies":"Large Slime","floor":11.0,"turns":2.0},{"damage":0.0,"enemies":"Exordium Thugs","floor":12.0,"turns":1.0},{"damage":0.0,"enemies":"Lagavulin","floor":14.0,"turns":3.0},{"damage":0.0,"enemies":"Slime Boss","floor":16.0,"turns":4.0},{"damage":0.0,"enemies":"Shell Parasite","floor":18.0,"turns":3.0},{"damage":0.0,"enemies":"2 Thieves","floor":20.0,"turns":2.0},{"damage":6.0,"enemies":"Snake Plant","floor":21.0,"turns":3.0},{"damage":6.0,"enemies":"Gremlin Leader","floor":23.0,"turns":2.0},{"damage":0.0,"enemies":"Chosen and Byrds","floor":24.0,"turns":2.0},{"damage":0.0,"enemies":"Book of Stabbing","floor":27.0,"turns":2.0},{"damage":0.0,"enemies":"Snecko","floor":29.0,"turns":3.0},{"damage":0.0,"enemies":"Gremlin Leader","floor":30.0,"turns":3.0},{"damage":0.0,"enemies":"3 Cultists","floor":31.0,"turns":3.0},{"damage":0.0,"enemies":"Champ","floor":33.0,"turns":4.0},{"damage":0.0,"enemies":"3 Darklings","floor":35.0,"turns":1.0},{"damage":12.0,"enemies":"Orb Walker","floor":37.0,"turns":3.0},{"damage":0.0,"enemies":"Spire Growth","floor":38.0,"turns":4.0},{"damage":0.0,"enemies":"4 Shapes","floor":39.0,"turns":4.0},{"damage":0.0,"enemies":"Nemesis","floor":40.0,"turns":3.0},{"damage":0.0,"enemies":"Transient","floor":42.0,"turns":3.0},{"damage":17.0,"enemies":"Spire Growth","floor":44.0,"turns":4.0},{"damage":0.0,"enemies":"Reptomancer","floor":45.0,"turns":2.0},{"damage":0.0,"enemies":"Nemesis","floor":47.0,"turns":3.0},{"damage":0.0,"enemies":"Time Eater","floor":50.0,"turns":4.0},{"damage":1.0,"enemies":"Awakened One","floor":51.0,"turns":5.0},{"damage":0.0,"enemies":"Shield and Spear","floor":55.0,"turns":3.0},{"damage":54,"enemies":"The Heart","floor":56,"turns":2}],"seed_played":"8743225550540751276","potions_obtained":[{"floor":6.0,"key":"Block Potion"},{"floor":16.0,"key":"testmod-EscapePotion"},{"floor":18.0,"key":"Fruit Juice"},{"floor":20.0,"key":"DuplicationPotion"}],"is_trial":false,"path_per_floor":["M","?","?","$","M","E","M","E","T","?","M","M","R","E","R","B",null,"M","?","M","M","$","E","M","R","T","E","$","M","E","M","R","B",null,"M","?","M","M","M","E","R","M","T","M","E","R","E","?","R","B","B",null,"R","$","E","B",null],"character_chosen":"DEFECT","items_purchased":["TungstenRod","Happy Flower","Skim","The Specimen","testmod-Charity","testmod-AssaultLearning","SynthV:MejaisSoulstealer"],"campfire_rested":0,"item_purchase_floors":[4,4,22,28,28,28,28],"current_hp_per_floor":[66,66,66,66,68,71,71,71,71,71,71,71,71,71,71,71,71,71,71,76,76,76,70,76,76,76,86,86,88,90,92,92,94,94,96,97,87,101,103,105,105,107,108,105,112,112,114,114,114,115,116,116,116,116,118,118],"gold":-717,"neow_bonus":"BOSS_RELIC","is_daily":false,"chose_seed":false,"campfire_upgraded":3,"win_rate":0.0,"timestamp":1613841583,"path_taken":["M","?","?","$","M","E","M","E","T","?","M","?","R","E","R","BOSS","M","?","M","M","$","E","?","R","T","E","$","M","E","M","R","BOSS","M","?","M","M","M","E","R","M","T","?","E","R","E","?","R","BOSS","BOSS","R","$","E","BOSS"],"items_purchased_type":["Relic","Relic","Card","Relic","Relic","Relic","Relic"],"build_version":"2020-12-22","purchased_purges":3,"victory":true,"max_hp_per_floor":[71,71,71,71,71,71,71,71,71,71,71,71,71,71,71,71,71,71,71,76,76,76,76,76,76,76,86,86,88,90,92,92,94,94,96,97,99,101,103,105,105,107,108,110,112,112,114,114,114,115,116,116,116,116,118,118],"card_choices":[{"not_picked":["HalloweenModCandy","HalloweenModGhostCostume"],"picked":"HalloweenModTrick","floor":1.0},{"not_picked":["HalloweenModGhostCostume","HalloweenModTrick","HalloweenModGhostCostume","HalloweenModTrick"],"picked":"HalloweenModCandy","floor":5.0},{"not_picked":["HalloweenModTrick","HalloweenModCandy","HalloweenModTrick","HalloweenModGhostCostume"],"picked":"HalloweenModGhostCostume","floor":6.0},{"not_picked":["HalloweenModCandy","HalloweenModTrick","HalloweenModGhostCostume","HalloweenModGhostCostume","HalloweenModTrick"],"picked":"SKIP","floor":7.0},{"not_picked":["HalloweenModTrick","HalloweenModCandy","HalloweenModGhostCostume","HalloweenModGhostCostume","HalloweenModCandy"],"picked":"SKIP","floor":8.0},{"not_picked":["HalloweenModTrick","HalloweenModGhostCostume","HalloweenModCandy","HalloweenModGhostCostume","HalloweenModCandy"],"picked":"SKIP","floor":11.0},{"not_picked":["HalloweenModTrick","HalloweenModGhostCostume","HalloweenModCandy","HalloweenModTrick","HalloweenModGhostCostume"],"picked":"SKIP","floor":12.0},{"not_picked":["HalloweenModGhostCostume","HalloweenModCandy","HalloweenModTrick","HalloweenModGhostCostume","HalloweenModCandy"],"picked":"SKIP","floor":14.0},{"not_picked":["HalloweenModCandy","HalloweenModTrick","HalloweenModGhostCostume","HalloweenModTrick","HalloweenModCandy"],"picked":"SKIP","floor":18.0},{"not_picked":["HalloweenModGhostCostume","HalloweenModCandy","HalloweenModTrick","HalloweenModGhostCostume"],"picked":"HalloweenModGhostCostume","floor":20.0},{"not_picked":["HalloweenModCandy","HalloweenModTrick","HalloweenModGhostCostume","HalloweenModCandy"],"picked":"HalloweenModGhostCostume+1","floor":21.0},{"not_picked":["HalloweenModTrick+1","HalloweenModGhostCostume","HalloweenModCandy","HalloweenModCandy"],"picked":"HalloweenModTrick+1","floor":23.0},{"not_picked":["HalloweenModCandy","HalloweenModTrick","HalloweenModGhostCostume","HalloweenModTrick","HalloweenModTrick"],"picked":"SKIP","floor":24.0},{"not_picked":["HalloweenModTrick","HalloweenModCandy","HalloweenModTrick","HalloweenModCandy"],"picked":"HalloweenModGhostCostume","floor":27.0},{"not_picked":["HalloweenModGhostCostume","HalloweenModTrick+1","HalloweenModCandy+1","HalloweenModTrick"],"picked":"HalloweenModGhostCostume+1","floor":29.0},{"not_picked":["HalloweenModGhostCostume","HalloweenModCandy","HalloweenModTrick","HalloweenModGhostCostume","HalloweenModGhostCostume"],"picked":"SKIP","floor":30.0},{"not_picked":["HalloweenModCandy","HalloweenModGhostCostume","HalloweenModTrick","HalloweenModTrick","HalloweenModTrick"],"picked":"SKIP","floor":31.0},{"not_picked":["HalloweenModGhostCostume","HalloweenModCandy","HalloweenModTrick","HalloweenModGhostCostume"],"picked":"HalloweenModGhostCostume+1","floor":33.0},{"not_picked":["HalloweenModGhostCostume","HalloweenModTrick+1","HalloweenModCandy","HalloweenModCandy+1","HalloweenModGhostCostume"],"picked":"SKIP","floor":35.0},{"not_picked":["HalloweenModGhostCostume","HalloweenModTrick","HalloweenModCandy","HalloweenModTrick+1","HalloweenModCandy"],"picked":"SKIP","floor":37.0},{"not_picked":["HalloweenModCandy","HalloweenModTrick","HalloweenModCandy","HalloweenModTrick"],"picked":"HalloweenModGhostCostume+1","floor":38.0},{"not_picked":["HalloweenModTrick","HalloweenModCandy","HalloweenModTrick","HalloweenModGhostCostume"],"picked":"HalloweenModGhostCostume+1","floor":39.0},{"not_picked":["HalloweenModCandy","HalloweenModTrick","HalloweenModGhostCostume","HalloweenModTrick","HalloweenModGhostCostume"],"picked":"SKIP","floor":40.0},{"not_picked":["HalloweenModTrick","HalloweenModCandy","HalloweenModCandy","HalloweenModCandy+1"],"picked":"HalloweenModGhostCostume+1","floor":42.0},{"not_picked":["HalloweenModTrick+1","HalloweenModCandy+1","HalloweenModGhostCostume","HalloweenModCandy","HalloweenModCandy"],"picked":"SKIP","floor":44.0},{"not_picked":["HalloweenModCandy","HalloweenModTrick","HalloweenModCandy","HalloweenModGhostCostume"],"picked":"HalloweenModGhostCostume+1","floor":45.0},{"not_picked":["HalloweenModGhostCostume","HalloweenModCandy","HalloweenModTrick+1","HalloweenModGhostCostume","HalloweenModCandy+1"],"picked":"SKIP","floor":47.0},{"not_picked":["HalloweenModTrick","HalloweenModCandy+1","HalloweenModGhostCostume","HalloweenModTrick+1","HalloweenModGhostCostume"],"picked":"SKIP","floor":55.0}],"player_experience":1584832,"relics_obtained":[{"floor":1.0,"key":"SynthV:TestCard"},{"floor":6.0,"key":"InkBottle"},{"floor":8.0,"key":"White Beast Statue"},{"floor":9.0,"key":"testmod-HeartOfDaVinci"},{"floor":14.0,"key":"testmod-Hope"},{"floor":23.0,"key":"Ancient Tea Set"},{"floor":27.0,"key":"Pear"},{"floor":30.0,"key":"Omamori"},{"floor":40.0,"key":"Turnip"},{"floor":43.0,"key":"PreservedInsect"},{"floor":45.0,"key":"testmod-Justice"},{"floor":47.0,"key":"The Courier"},{"floor":55.0,"key":"Pen Nib"}],"event_choices":[{"damage_healed":0.0,"max_hp_gain":0.0,"max_hp_loss":0.0,"gold_gain":400.0,"event_name":"恩洛斯的盘子","player_choice":"Sell","floor":2.0,"relics_lost":["DaveBox"],"gold_loss":0.0,"damage_taken":0.0},{"damage_healed":0.0,"max_hp_gain":0.0,"max_hp_loss":0.0,"gold_gain":0.0,"cards_transformed":["Strike_B"],"event_name":"Living Wall","player_choice":"Change","floor":3.0,"gold_loss":0.0,"damage_taken":0.0,"cards_obtained":["Rainbow"]},{"damage_healed":0.0,"max_hp_gain":0.0,"max_hp_loss":0.0,"gold_gain":100.0,"event_name":"Wheel of Change","player_choice":"Gold","floor":10.0,"gold_loss":0.0,"damage_taken":0.0},{"cards_removed":["HalloweenModGhostCostume"],"damage_healed":0.0,"max_hp_gain":0.0,"max_hp_loss":0.0,"gold_gain":0.0,"event_name":"WeMeetAgain","player_choice":"Gave Card","floor":19.0,"gold_loss":0.0,"damage_taken":0.0,"relics_obtained":["Bag of Marbles"]},{"damage_healed":0.0,"max_hp_gain":0.0,"max_hp_loss":0.0,"gold_gain":50.0,"event_name":"Golden Shrine","player_choice":"Pray","floor":36.0,"gold_loss":0.0,"damage_taken":0.0},{"cards_removed":["Zap"],"damage_healed":0.0,"max_hp_gain":0.0,"max_hp_loss":0.0,"gold_gain":0.0,"event_name":"Falling","player_choice":"Removed Skill","floor":48.0,"gold_loss":0.0,"damage_taken":0.0}],"is_beta":false,"boss_relics":[{"not_picked":["EE1DDrone","Seventeenyearold_girl_Forever"],"picked":"RhineFirstAidKit"},{"not_picked":["testmod-Nine","Inserter"],"picked":"Empty Cage"}],"items_purged_floors":[4,22,28],"is_endless":false,"potions_floor_spawned":[6,8,11,12,14,16,18,20,21,23,24,27,29,30,31,33,35,37,38,39,40,42,44,45,47,55],"ascension_level":20}}