{"host":"fuszjwm6fqgjjp4d","time":1613791588,"event":{"mods":["BaseMod","Colored Map","Minty Spire (QoL Compilation)","Permanent Neow","Relic Sorter","Relic Stats","StSLib"],"gold_per_floor":[219,144,156,156,172,172,204,204,284,309,324,24,24,42,42,119,119,136,136,154,69,83,83,83],"floor_reached":23,"language":"ENG","playtime":603,"items_purged":["Strike_B"],"score":402,"play_id":"d6ab0138-c5e8-481b-9c17-f4677ee42edb","local_time":"20210219212628","is_ascension_mode":true,"campfire_choices":[{"data":"Beam Cell","floor":6,"key":"SMITH"},{"data":"Core Surge","floor":8,"key":"SMITH"},{"data":"Fission","floor":15,"key":"SMITH"}],"circlet_count":0,"master_deck":["AscendersBane","Strike_B","Strike_B","Defend_B","Defend_B","Defend_B","Defend_B","Zap+1","Dualcast","Cold Snap","Beam Cell+1","Gash","Core Surge+1","Fission+1","Static Discharge","Capacitor","Coolheaded","Discovery","Ball Lightning","All For One","Glacier","Sweeping Beam","Coolheaded"],"relics":["Cracked Core","Juzu Bracelet","Symbiotic Virus","Meat on the Bone","Sozu","Mummified Hand"],"acts_visited":["Exordium","TheCity"],"potions_floor_usage":[23],"damage_taken":[{"damage":1,"enemies":"2 Louse","floor":1,"turns":2},{"damage":0,"enemies":"Cultist","floor":3,"turns":3},{"damage":2,"enemies":"Small Slimes","floor":5,"turns":3},{"damage":28,"enemies":"3 Sentries","floor":7,"turns":10},{"damage":4,"enemies":"Gremlin Nob","floor":10,"turns":3},{"damage":4,"enemies":"2 Fungi Beasts","floor":11,"turns":3},{"damage":3,"enemies":"3 Louse","floor":14,"turns":3},{"damage":25,"enemies":"Hexaghost","floor":16,"turns":8},{"damage":24,"enemies":"2 Thieves","floor":18,"turns":3},{"damage":0,"enemies":"Chosen","floor":20,"turns":3},{"damage":22,"enemies":"Centurion and Healer","floor":22,"turns":5},{"damage":56,"enemies":"Slavers","floor":23,"turns":3}],"seed_played":"1117415581986841216","potions_obtained":[{"floor":7,"key":"SneckoOil"},{"floor":11,"key":"DuplicationPotion"},{"floor":14,"key":"FairyPotion"}],"is_trial":false,"path_per_floor":["M","?","M","?","M","R","E","R","T","E","M","$","?","M","R","B",null,"M","?","M","?","M","E"],"character_chosen":"DEFECT","items_purchased":["Capacitor","Coolheaded","Discovery"],"campfire_rested":0,"item_purchase_floors":[12,12,12],"current_hp_per_floor":[63,63,63,63,61,61,33,33,33,29,37,37,37,46,46,33,62,38,38,38,38,28,0,0],"gold":83,"neow_bonus":"HUNDRED_GOLD","is_daily":false,"chose_seed":false,"campfire_upgraded":3,"win_rate":0.0,"timestamp":1613791588,"path_taken":["M","?","M","?","?","R","E","R","T","E","M","$","?","M","R","BOSS","M","?","M","?","M","E"],"items_purchased_type":["Card","Card","Card"],"build_version":"2020-12-22","purchased_purges":1,"victory":false,"max_hp_per_floor":[71,71,71,71,71,71,71,71,71,71,71,71,71,71,71,71,71,71,71,71,71,71,71,71],"relic_stats":{"Sozu":2,"counters":[12,49],"Mummified Hand":[5],"Juzu Bracelet":0,"obtain_stats":[{"Sozu":17,"Mummified Hand":21,"Juzu Bracelet":7,"Cracked Core":0,"Symbiotic Virus":9,"Meat on the Bone":10},{"Sozu":8,"Mummified Hand":10,"Juzu Bracelet":4,"Cracked Core":0,"Symbiotic Virus":4,"Meat on the Bone":5},{"Sozu":35,"Mummified Hand":41,"Juzu Bracelet":18,"Cracked Core":0,"Symbiotic Virus":18,"Meat on the Bone":21}],"Meat on the Bone":48},"card_choices":[{"not_picked":["Barrage","Steam"],"picked":"Cold Snap","floor":1},{"not_picked":["Conserve Battery","Redo"],"picked":"Beam Cell","floor":3},{"not_picked":["Force Field","Steam"],"picked":"Gash","floor":5},{"not_picked":["Coolheaded","Hello World"],"picked":"Core Surge","floor":7},{"not_picked":["Scrape","Turbo"],"picked":"Fission","floor":10},{"not_picked":["Stack","Hello World"],"picked":"Static Discharge","floor":11},{"not_picked":["Cold Snap","Melter"],"picked":"Ball Lightning","floor":14},{"not_picked":["Core Surge","Machine Learning"],"picked":"All For One","floor":16},{"not_picked":["Turbo","Skim"],"picked":"Glacier","floor":18},{"not_picked":["Darkness","Beam Cell"],"picked":"Coolheaded","floor":20},{"not_picked":["Hello World","Stack","Force Field"],"picked":"SKIP","floor":22}],"player_experience":1503710,"relics_obtained":[{"floor":7,"key":"Juzu Bracelet"},{"floor":9,"key":"Symbiotic Virus"},{"floor":10,"key":"Meat on the Bone"}],"event_choices":[{"cards_removed":["Strike_B"],"damage_healed":0,"gold_gain":0,"player_choice":"Card Removal","damage_taken":0,"max_hp_gain":0,"max_hp_loss":0,"event_name":"The Cleric","floor":2,"gold_loss":75},{"damage_healed":0,"gold_gain":0,"player_choice":"Upgraded","damage_taken":0,"max_hp_gain":0,"max_hp_loss":0,"event_name":"Upgrade Shrine","floor":4,"gold_loss":0,"cards_upgraded":["Zap"]},{"damage_healed":0,"gold_gain":0,"player_choice":"Ignored","damage_taken":0,"max_hp_gain":0,"max_hp_loss":0,"event_name":"Liars Game","floor":13,"gold_loss":0},{"damage_healed":0,"gold_gain":0,"player_choice":"Read","damage_taken":0,"max_hp_gain":0,"max_hp_loss":0,"event_name":"The Library","floor":19,"gold_loss":0,"cards_obtained":["Sweeping Beam"]},{"damage_healed":0,"gold_gain":0,"player_choice":"Obtained Relic","damage_taken":0,"relics_obtained":["Mummified Hand"],"max_hp_gain":0,"max_hp_loss":0,"event_name":"Addict","floor":21,"gold_loss":85}],"is_beta":false,"boss_relics":[{"not_picked":["Empty Cage","Pandora\u0027s Box"],"picked":"Sozu"}],"items_purged_floors":[12],"is_endless":false,"potions_floor_spawned":[7,11,14,18,20],"killed_by":"Slavers","ascension_level":20}}