{"host":"eqoc4xtxwtie1mw2","time":1613791720,"event":{"mods":["2.2 Compatiblity","AchievementEnabler","Act Like it!","BaseMod","Bestiary","Better Altar","Better Match","Better Note","Better Sensory Stone","Better Skull","Better Third Choice","BetterRewards","Block Reminder","Colored Map","Colored Powertips","Curses Come First","Downfall","Hallownest","Hubris","Infinite Spire","Minty Spire (QoL Compilation)","Rare Cards Sparkle","Relic Stats","Reliquary","Replay The Spire","Spicy Shops","StSLib","The Bug Knight"],"gold_per_floor":[110,121,121,140,140,140,65,65,65,65,65,88,105,131,131,232,232,242,256,16,16,16,41,54,54,54,69,69,86,105,105,105,102,102,117,37,37,37,37,37,37],"floor_reached":40,"language":"ENG","playtime":8723,"items_purged":[],"score":477,"play_id":"88487ada-aa12-4241-b3b1-ecca8380adeb","local_time":"20210219212840","is_ascension_mode":false,"campfire_choices":[{"data":"HollowMod:FocusHealStart","floor":6.0,"key":"SMITH"},{"floor":15.0,"key":"REST"},{"floor":25,"key":"REST"}],"circlet_count":0,"master_deck":["HollowMod:NailStrikeStart","HollowMod:NailStrikeStart+1","HollowMod:NailStrikeStart","HollowMod:QuickDashStart","HollowMod:QuickDashStart","HollowMod:QuickDashStart","HollowMod:QuickDashStart","HollowMod:FocusHealStart+1","HollowMod:PogoStrike","HollowMod:FallenFury","HollowMod:SoulSplash","infinitespire:Starlight","HollowMod:DreamGate","Writhe","hubris:InfiniteBlow","HollowMod:SiblingsSouls","HollowMod:SoulMaster","HollowMod:ElderbugsWisdom","HollowMod:ChannelNail+1","HollowMod:SiblingsShadow","HollowMod:SoulStrike+1","HollowMod:VengefulVoid","HollowMod:DungDefenderAura","HollowMod:BaldurShell","HollowMod:ChannelNail+1","HollowMod:DoubleDash+1","HollowMod:Hiveblood+1","HollowMod:HowlingWraiths+1","Hallownest:attackMasterDashSlash","HollowMod:QuickDashStart","HollowMod:QuickDashStart"],"relics":["HollowMod:VesselMask","Art of War","Pear","hubris:FruitBowl","hubris:KleinBottle","Regal Pillow","Orichalcum","Replay:Bronze Core","Replay:Wax Seal","Golden Egg","hubris:Towel","Ring of Panic","Ring of Peace","Snack Pack","Mercury Hourglass","infinitespire:Beetle Shell","Black Star","hubris:HollowSoul","hubris:Icosahedron","HollowMod:MantisClawRelic"],"acts_visited":["Hallownest:Greenpath","Hallownest:CityofTears","Hallownest:KingdomsEdge"],"potions_floor_usage":[23,23,30,33,35],"damage_taken":[{"damage":13.0,"enemies":"Hallownest:monsterHuskGuard","floor":1.0,"turns":5.0},{"damage":12.0,"enemies":"Hallownest:2_Tiktiks_and_1_Crawlid","floor":2.0,"turns":6.0},{"damage":0.0,"enemies":"Hallownest:2_MossCreeps","floor":4.0,"turns":6.0},{"damage":24.0,"enemies":"Hallownest:2_Tiktiks_1_Baldur_1_Crawlid","floor":13.0,"turns":7.0},{"damage":28.0,"enemies":"Hallownest:eliteMossKnight","floor":14.0,"turns":14.0},{"damage":51.0,"enemies":"Hallownest:BossFalseKnight","floor":16.0,"turns":15.0},{"damage":26,"enemies":"Hallownest:Guard_and_Sentry","floor":18,"turns":6},{"damage":14,"enemies":"Hallownest:2_Mistakes","floor":19,"turns":6},{"damage":73,"enemies":"Hallownest:eliteWatcherKnight","floor":23,"turns":16},{"damage":44,"enemies":"Hallownest:Warrior_and_Youth","floor":24,"turns":12},{"damage":15,"enemies":"Hallownest:monsterShrumalOgre","floor":27,"turns":7},{"damage":34,"enemies":"Hallownest:Master_and_Novice","floor":29,"turns":7},{"damage":14,"enemies":"Hallownest:2_Husk_Sentries","floor":30,"turns":7},{"damage":54,"enemies":"Hallownest:BossGrimm","floor":33,"turns":10},{"damage":48,"enemies":"Hallownest:Shield_Heavy","floor":35,"turns":12},{"damage":40,"enemies":"Hallownest:eliteCollector","floor":40,"turns":6}],"seed_played":"-7504105853840607838","potions_obtained":[{"floor":13.0,"key":"Fire Potion"},{"floor":16.0,"key":"PowerPotion"},{"floor":19,"key":"Languid Potion"},{"floor":24,"key":"infinitespire:BlackPotion"},{"floor":33,"key":"LifebloodPotion"},{"floor":35,"key":"EssenceOfSteel"}],"is_trial":false,"path_per_floor":["M","M","?","M","?","R","?","?","T","$","?","T","M","E","R","B",null,"M","M","$","?","?","E","M","R","T","M","?","M","M","AVR","R_BF","B",null,"M","?","?","?","T","E"],"character_chosen":"THE_BUGKNIGHT","items_purchased":["Pear","hubris:FruitBowl","hubris:KleinBottle","Replay:Wax Seal","Golden Egg","HollowMod:SoulStrike"],"campfire_rested":2,"item_purchase_floors":[10,10,10,20,20,20],"current_hp_per_floor":[69,67,48,68,68,68,73,83,83,38,64,64,62,62,107,76,107,92,94,94,94,94,43,41,88,88,101,101,85,97,97,107,71,107,87,87,87,87,87,77,77],"gold":37,"neow_bonus":"TEN_PERCENT_HP_BONUS","is_daily":false,"chose_seed":false,"campfire_upgraded":1,"win_rate":0.0,"timestamp":1613791720,"path_taken":["M","M","?","?","?","R","?","?","T","?","?","?","?","E","R","BOSS","M","M","$","?","?","E","M","R","T","M","?","M","M","AVR","R_BF","BOSS","M","?","?","?","?","E"],"items_purchased_type":["Relic","Relic","Relic","Relic","Relic","Card"],"build_version":"2020-12-22","purchased_purges":0,"victory":false,"max_hp_per_floor":[82,82,82,82,82,82,87,97,97,107,107,107,107,107,107,107,107,107,107,107,107,107,107,107,107,107,107,107,107,107,107,107,107,107,107,107,107,107,107,107,107],"relic_stats":{"Regal Pillow":28,"counters":[16,142],"Art of War":[9],"Black Star":0,"Orichalcum":[318],"obtain_stats":[{"hubris:KleinBottle":10,"Golden Egg":20,"Regal Pillow":12,"Pear":10,"HollowMod:VesselMask":0,"hubris:FruitBowl":10,"infinitespire:Beetle Shell":31,"hubris:HollowSoul":34,"Orichalcum":14,"hubris:Towel":21,"Mercury Hourglass":26,"hubris:Icosahedron":38,"Replay:Bronze Core":17,"Ring of Peace":22,"Art of War":9,"Snack Pack":23,"Black Star":31,"Replay:Wax Seal":20,"Ring of Panic":22,"HollowMod:MantisClawRelic":39},{"hubris:KleinBottle":3,"Golden Egg":8,"Regal Pillow":3,"Pear":3,"HollowMod:VesselMask":0,"hubris:FruitBowl":3,"infinitespire:Beetle Shell":13,"hubris:HollowSoul":14,"Orichalcum":5,"hubris:Towel":8,"Mercury Hourglass":10,"hubris:Icosahedron":15,"Replay:Bronze Core":6,"Ring of Peace":8,"Art of War":3,"Snack Pack":9,"Black Star":13,"Replay:Wax Seal":8,"Ring of Panic":8,"HollowMod:MantisClawRelic":15},{"hubris:KleinBottle":17,"Golden Egg":65,"Regal Pillow":17,"Pear":17,"HollowMod:VesselMask":0,"hubris:FruitBowl":17,"infinitespire:Beetle Shell":114,"hubris:HollowSoul":124,"Orichalcum":38,"hubris:Towel":65,"Mercury Hourglass":93,"hubris:Icosahedron":136,"Replay:Bronze Core":53,"Ring of Peace":65,"Art of War":17,"Snack Pack":81,"Black Star":114,"Replay:Wax Seal":65,"Ring of Panic":65,"HollowMod:MantisClawRelic":136}],"Mercury Hourglass":[199]},"card_choices":[{"not_picked":["HollowMod:DescendingDark","HollowMod:ChannelNail"],"picked":"HollowMod:FallenFury","floor":1.0},{"not_picked":["HollowMod:SoulShaman","HollowMod:GrimmsGift"],"picked":"HollowMod:SoulSplash","floor":2.0},{"not_picked":["infinitespire:Collect","ReplayTheSpireMod:Echoes of Time"],"picked":"infinitespire:Starlight","floor":3.0},{"not_picked":["HollowMod:DescendingDark","HollowMod:WraithStrike"],"picked":"HollowMod:DreamGate","floor":4.0},{"not_picked":["Replay:Fractal Strike","infinitespire:Execution"],"picked":"hubris:InfiniteBlow","floor":10.0},{"not_picked":["HollowMod:InfectionAssault","HollowMod:SiblingsShadow"],"picked":"HollowMod:SiblingsSouls","floor":13.0},{"not_picked":["HollowMod:SiblingsShadow","HollowMod:SoulSplash"],"picked":"HollowMod:SoulMaster","floor":14.0},{"not_picked":["HollowMod:NewInfectedGuardian","HollowMod:LifebloodCore"],"picked":"HollowMod:ElderbugsWisdom","floor":16.0},{"not_picked":["HollowMod:SharpenedShadows","HollowMod:SharpenedNail"],"picked":"HollowMod:ChannelNail+1","floor":18},{"not_picked":["HollowMod:PerfectDash","HollowMod:ChannelNail"],"picked":"HollowMod:SiblingsShadow","floor":19},{"not_picked":["HollowMod:HeavyBlow","HollowMod:CycloneSlash"],"picked":"HollowMod:VengefulVoid","floor":23},{"not_picked":["HollowMod:SharpenedNail","HollowMod:NewGlowingWomb"],"picked":"HollowMod:DungDefenderAura","floor":24},{"not_picked":["HollowMod:Grubsong","HollowMod:MothsMistake"],"picked":"HollowMod:BaldurShell","floor":27},{"not_picked":["HollowMod:CloakDash+1","HollowMod:InfectedCysts+1"],"picked":"HollowMod:ChannelNail+1","floor":29},{"not_picked":["HollowMod:TaintedHusks+1","HollowMod:NewInfectedGuardian"],"picked":"HollowMod:DoubleDash+1","floor":30},{"not_picked":["HollowMod:ElderbugsWisdom","HollowMod:AwokenDreamNail"],"picked":"HollowMod:Hiveblood","floor":33},{"not_picked":["HollowMod:ChannelNail+1","HollowMod:SiblingsSouls+1"],"picked":"HollowMod:HowlingWraiths+1","floor":35}],"player_experience":264111,"relics_obtained":[{"floor":9.0,"key":"Art of War"},{"floor":12.0,"key":"Regal Pillow"},{"floor":14.0,"key":"Orichalcum"},{"floor":22,"key":"Ring of Panic"},{"floor":22,"key":"Ring of Peace"},{"floor":23,"key":"Snack Pack"},{"floor":26,"key":"Mercury Hourglass"},{"floor":39,"key":"HollowMod:MantisClawRelic"}],"event_choices":[],"is_beta":false,"boss_relics":[{"not_picked":["Sozu","Calling Bell"],"picked":"Replay:Bronze Core"},{"not_picked":["hubris:RunicObelisk","Tiny House"],"picked":"hubris:HollowSoul"}],"items_purged_floors":[],"is_endless":false,"potions_floor_spawned":[13,16,19,24,33,35],"killed_by":"Hallownest:eliteCollector","ascension_level":0}}