{"host":"bxzomvt4ag86nh1n","time":1613847728,"event":{"mods":["BaseMod","Bestiary","Colored Map","Highlight Path","Minty Spire (QoL Compilation)","Relic Stats"],"gold_per_floor":[162,174,191,208,208,208,235,253,280,280,308,308,323,337,337,438,438,456,456,9,9,24,24,56,56,56,83,83,83],"floor_reached":28,"language":"ENG","playtime":2389,"items_purged":[],"score":281,"play_id":"d545a066-b272-451d-b344-a6d94cbd00dd","local_time":"20210220200208","is_ascension_mode":true,"campfire_choices":[{"data":"Fasting2","floor":6,"key":"SMITH"},{"data":"Eruption","floor":10,"key":"SMITH"},{"floor":12,"key":"REST"},{"data":"Adaptation","floor":15,"key":"SMITH"},{"data":"Madness","floor":23,"key":"SMITH"},{"data":"Perseverance","floor":25,"key":"SMITH"}],"circlet_count":0,"master_deck":["Strike_P","Strike_P","Strike_P","Strike_P+1","Defend_P","Defend_P","Defend_P","Defend_P","Eruption+1","Vigilance","SashWhip","Fasting2+1","Protect","CutThroughFate","Madness+1","CarveReality","Prostrate+1","JustLucky","Adaptation+1","Consecrate","DeusExMachina","Conclude+1","Decay","Perseverance+1","Study+1"],"relics":["Tiny House","Darkstone Periapt","Oddly Smooth Stone","Pen Nib","Philosopher\u0027s Stone","Damaru","PreservedInsect","ClockworkSouvenir","Omamori","Mercury Hourglass","Bag of Marbles"],"acts_visited":["Exordium","TheCity"],"potions_floor_usage":[7,11,16,27],"damage_taken":[{"damage":0,"enemies":"Cultist","floor":1,"turns":2},{"damage":3,"enemies":"Jaw Worm","floor":2,"turns":4},{"damage":5,"enemies":"Small Slimes","floor":3,"turns":4},{"damage":29,"enemies":"Exordium Thugs","floor":4,"turns":4},{"damage":13,"enemies":"Lagavulin","floor":7,"turns":8},{"damage":5,"enemies":"Looter","floor":8,"turns":3},{"damage":20,"enemies":"3 Sentries","floor":11,"turns":7},{"damage":4,"enemies":"Gremlin Gang","floor":13,"turns":4},{"damage":3,"enemies":"2 Fungi Beasts","floor":14,"turns":2},{"damage":2,"enemies":"Hexaghost","floor":16,"turns":7},{"damage":22,"enemies":"2 Thieves","floor":18,"turns":4},{"damage":13,"enemies":"Shell Parasite","floor":22,"turns":4},{"damage":2,"enemies":"Gremlin Leader","floor":24,"turns":2},{"damage":36,"enemies":"Slavers","floor":27,"turns":4},{"damage":10,"enemies":"Chosen and Byrds","floor":28,"turns":1}],"seed_played":"-8164148302574940408","potions_obtained":[{"floor":0,"key":"Fire Potion"},{"floor":4,"key":"Regen Potion"},{"floor":7,"key":"Energy Potion"},{"floor":11,"key":"Weak Potion"},{"floor":14,"key":"BottledMiracle"}],"is_trial":false,"path_per_floor":["M","M","M","M","?","R","E","M","T","R","E","R","M","M","R","B",null,"M","?","$","?","M","R","E","R","T","E","M"],"character_chosen":"WATCHER","items_purchased":["Damaru","PreservedInsect","ClockworkSouvenir"],"campfire_rested":1,"item_purchase_floors":[20,20,20],"current_hp_per_floor":[77,74,69,40,40,40,42,37,37,37,17,40,36,33,33,31,77,55,61,61,61,48,48,46,46,46,10,0,0],"gold":83,"neow_bonus":"BOSS_RELIC","is_daily":false,"chose_seed":false,"campfire_upgraded":5,"win_rate":0.0,"timestamp":1613847728,"path_taken":["M","M","?","M","?","R","E","M","T","R","E","R","?","M","R","BOSS","M","?","?","?","?","R","E","R","T","E","?"],"items_purchased_type":["Relic","Relic","Relic"],"build_version":"2020-12-22","purchased_purges":0,"victory":false,"max_hp_per_floor":[77,77,77,77,77,77,77,77,77,77,77,77,77,77,77,77,77,77,83,83,83,83,83,83,83,83,83,83,83],"relic_stats":{"Darkstone Periapt":6,"counters":[15,60],"Pen Nib":[6],"PreservedInsect":88,"obtain_stats":[{"Darkstone Periapt":7,"Tiny House":0,"Oddly Smooth Stone":9,"Damaru":20,"Philosopher\u0027s Stone":17,"Pen Nib":11,"PreservedInsect":20,"Omamori":24,"Bag of Marbles":27,"PureWater":0,"ClockworkSouvenir":20,"Mercury Hourglass":26},{"Darkstone Periapt":5,"Tiny House":0,"Oddly Smooth Stone":6,"Damaru":11,"Philosopher\u0027s Stone":10,"Pen Nib":7,"PreservedInsect":11,"Omamori":13,"Bag of Marbles":14,"PureWater":0,"ClockworkSouvenir":11,"Mercury Hourglass":13},{"Darkstone Periapt":22,"Tiny House":0,"Oddly Smooth Stone":25,"Damaru":49,"Philosopher\u0027s Stone":45,"Pen Nib":32,"PreservedInsect":49,"Omamori":55,"Bag of Marbles":59,"PureWater":0,"ClockworkSouvenir":49,"Mercury Hourglass":55}],"Mercury Hourglass":[42]},"card_choices":[{"not_picked":["EmptyBody","BowlingBash"],"picked":"SashWhip","floor":0},{"not_picked":["ThirdEye","CarveReality"],"picked":"Fasting2","floor":1},{"not_picked":["Crescendo","BowlingBash"],"picked":"Protect","floor":2},{"not_picked":["EmptyBody","BowlingBash"],"picked":"CutThroughFate","floor":3},{"not_picked":["SashWhip","CrushJoints","WindmillStrike"],"picked":"SKIP","floor":4},{"not_picked":["Ragnarok","PathToVictory"],"picked":"Prostrate","floor":7},{"not_picked":["Protect","Prostrate"],"picked":"JustLucky","floor":8},{"not_picked":["ForeignInfluence","InnerPeace","Collect"],"picked":"SKIP","floor":11},{"not_picked":["EmptyBody","ForeignInfluence"],"picked":"Adaptation","floor":13},{"not_picked":["Study","LessonLearned"],"picked":"Consecrate","floor":14},{"not_picked":["Establishment","Omniscience"],"picked":"DeusExMachina","floor":16},{"not_picked":["MentalFortress","Vengeance"],"picked":"Conclude+1","floor":18},{"not_picked":["EmptyFist+1","ThirdEye","InnerPeace"],"picked":"SKIP","floor":22},{"not_picked":["SignatureMove","InnerPeace+1"],"picked":"Perseverance","floor":24},{"not_picked":["JustLucky","ForeignInfluence"],"picked":"Study+1","floor":27}],"player_experience":310766,"relics_obtained":[{"floor":7,"key":"Darkstone Periapt"},{"floor":9,"key":"Oddly Smooth Stone"},{"floor":11,"key":"Pen Nib"},{"floor":24,"key":"Omamori"},{"floor":26,"key":"Mercury Hourglass"},{"floor":27,"key":"Bag of Marbles"}],"event_choices":[{"damage_healed":0,"gold_gain":0,"player_choice":"2 cards matched","damage_taken":0,"max_hp_gain":0,"max_hp_loss":0,"event_name":"Match and Keep!","floor":5,"gold_loss":0,"cards_obtained":["Madness","CarveReality"]},{"damage_healed":0,"gold_gain":0,"player_choice":"Cursed","damage_taken":0,"max_hp_gain":0,"max_hp_loss":0,"event_name":"Wheel of Change","floor":19,"gold_loss":0,"cards_obtained":["Decay"]},{"damage_healed":0,"gold_gain":0,"player_choice":"Forge","damage_taken":0,"max_hp_gain":0,"max_hp_loss":0,"event_name":"Accursed Blacksmith","floor":21,"gold_loss":0,"cards_upgraded":["Prostrate"]}],"is_beta":false,"boss_relics":[{"not_picked":["Ectoplasm","Black Star"],"picked":"Philosopher\u0027s Stone"}],"items_purged_floors":[],"is_endless":false,"potions_floor_spawned":[4,7,11,14],"killed_by":"Chosen and Byrds","ascension_level":1}}