{"host":"fwdkxxz7291ipt0p","time":1613833630,"event":{"mods":["Act Like it!","BaseMod","Downfall","Minty Spire (QoL Compilation)","Relic Filter Mod","Relic Stats","StSLib","The Administrix","The Cursed","The Gatherer","Yakumo Yukari mod","Youmu£®ªÍ∆«—˝√Œ£©"],"gold_per_floor":[115,125,135,152,35,35,53,53,53,53,53,71,88,88,88,212,212,231,330,354,126,126,147,147,165,165,185,185,210,210,224,224,352,352,373,388,288,288,307,307,325,658,658,658,676,28,28,45,45,45],"floor_reached":51,"language":"ZHS","playtime":4589,"items_purged":["Gatherer:Strike_Gatherer","Gatherer:Strike_Gatherer","Gatherer:BambuSword"],"score":720,"play_id":"cccc2ce6-9648-4896-b40b-2d58d969dc86","local_time":"20210220230710","is_ascension_mode":false,"metric_token":789,"campfire_choices":[{"data":"Gatherer:Liquidism","floor":6.0,"key":"SMITH"},{"data":"Gatherer:FlowerBeam","floor":10.0,"key":"SMITH"},{"data":"Gatherer:Snatch","floor":15.0,"key":"SMITH"},{"data":"Gatherer:GrowBook","floor":24.0,"key":"SMITH"},{"data":"Gatherer:FlowerBeam+1","floor":28.0,"key":"SMITH"},{"data":"Gatherer:ScentOfRosmari","floor":32.0,"key":"SMITH"},{"data":"Gatherer:Centralize","floor":40,"key":"SMITH"},{"data":"Gatherer:WoolGloves","floor":49,"key":"SMITH"}],"circlet_count":0,"master_deck":["Gatherer:Defend_Gatherer","Gatherer:Defend_Gatherer","Gatherer:Defend_Gatherer","Gatherer:Centralize+1","Gatherer:FlowerWhip","Gatherer:DrugPower","Gatherer:Snatch+1","Gatherer:Frenzy","Gatherer:Liquidism+1","Gatherer:FlowerBeam+2","Gatherer:WitheringStrike","Gatherer:ScentOfRosmari+1","Gatherer:BalancedGrowth+1","Gatherer:Pollute","Gatherer:QuickSynthesis+1","Gatherer:Duplicator","Thinking Ahead","Gatherer:Herbalism+1","Gatherer:BlackTea","Gatherer:Convert+1","Gatherer:WoolGloves+1","Gatherer:EchoOfNature","Gatherer:ScrollOfPurity","Gatherer:SmartManeuver","Master of Strategy","Secret Weapon","Gatherer:TacticalStrike"],"relics":["Gatherer:AlchemyBag","Blood Vial","Runic Dome","ClockworkSouvenir","Blue Candle","Meat on the Bone","Empty Cage","InkBottle","Medical Kit","Pen Nib"],"acts_visited":["Exordium","TheCity","TheBeyond"],"potions_floor_usage":[50,50,50],"damage_taken":[{"damage":0.0,"enemies":"Cultist","floor":1.0,"turns":4.0},{"damage":0.0,"enemies":"Small Slimes","floor":2.0,"turns":3.0},{"damage":0.0,"enemies":"2 Louse","floor":3.0,"turns":2.0},{"damage":12.0,"enemies":"Large Slime","floor":4.0,"turns":6.0},{"damage":1.0,"enemies":"2 Fungi Beasts","floor":7.0,"turns":3.0},{"damage":12.0,"enemies":"Exordium Thugs","floor":12.0,"turns":3.0},{"damage":5.0,"enemies":"Looter","floor":13.0,"turns":2.0},{"damage":31.0,"enemies":"Hexaghost","floor":16.0,"turns":6.0},{"damage":15.0,"enemies":"2 Thieves","floor":18.0,"turns":3.0},{"damage":5.0,"enemies":"3 Byrds","floor":20.0,"turns":3.0},{"damage":0.0,"enemies":"Snecko","floor":23.0,"turns":4.0},{"damage":11.0,"enemies":"Chosen and Byrds","floor":25.0,"turns":5.0},{"damage":24.0,"enemies":"Shelled Parasite and Fungi","floor":27.0,"turns":3.0},{"damage":17.0,"enemies":"Snake Plant","floor":29.0,"turns":3.0},{"damage":0.0,"enemies":"Snecko","floor":31.0,"turns":2.0},{"damage":19.0,"enemies":"Collector","floor":33.0,"turns":7.0},{"damage":0.0,"enemies":"3 Shapes","floor":35.0,"turns":7.0},{"damage":8.0,"enemies":"Orb Walker","floor":36.0,"turns":3.0},{"damage":6,"enemies":"Sphere and 2 Shapes","floor":39,"turns":5},{"damage":9,"enemies":"3 Darklings","floor":41,"turns":3},{"damage":11,"enemies":"Jaw Worm Horde","floor":45,"turns":4},{"damage":7,"enemies":"Sphere and 2 Shapes","floor":48,"turns":5},{"damage":29,"enemies":"Awakened One","floor":50,"turns":10}],"seed_played":"-3446347549469764710","potions_obtained":[{"floor":4.0,"key":"ColorlessPotion"},{"floor":7.0,"key":"GhostInAJar"},{"floor":12.0,"key":"BottledMiracle"},{"floor":18.0,"key":"BloodPotion"},{"floor":23.0,"key":"FearPotion"},{"floor":35.0,"key":"Dexterity Potion"}],"is_trial":false,"path_per_floor":["M","M","M","M","$","R","M","?","T","R","?","M","M","?","R","B",null,"M","?","M","$","?","M","R","M","T","M","R","M","?","M","R","B",null,"M","M","$","?","M","R","M","?","T","?","M","$","?","M","R","B",null],"character_chosen":"THE_GATHERER","items_purchased":["Gatherer:Liquidism","Gatherer:FlowerBeam","ClockworkSouvenir","Gatherer:ScrollOfPurity","Medical Kit","Pen Nib","Gatherer:SmartManeuver"],"campfire_rested":0,"item_purchase_floors":[5,5,21,46,46,46,46],"current_hp_per_floor":[79,79,79,67,67,67,66,66,66,66,66,56,53,34,34,5,79,64,64,61,61,56,73,73,64,64,42,42,39,39,41,41,36,79,79,71,71,71,67,67,60,60,60,60,51,51,41,48,48,33],"gold":45,"neow_bonus":"TEN_PERCENT_HP_BONUS","is_daily":false,"chose_seed":false,"campfire_upgraded":8,"win_rate":0.0,"timestamp":1613833630,"path_taken":["M","M","?","M","$","R","M","?","T","R","?","M","M","?","R","BOSS","M","?","M","$","?","M","R","M","T","?","R","M","?","M","R","BOSS","M","M","$","?","?","R","M","?","T","?","M","$","?","M","R","BOSS"],"items_purchased_type":["Card","Card","Relic","Card","Relic","Relic","Card"],"build_version":"2020-12-22","purchased_purges":3,"victory":true,"max_hp_per_floor":[79,79,79,79,79,79,79,79,79,79,79,79,79,79,79,79,79,79,79,79,79,79,79,79,79,79,79,79,79,79,79,79,79,79,79,79,79,79,79,79,79,79,79,79,79,79,79,79,79,79],"relic_stats":{"Blood Vial":30,"counters":[23,96],"Blue Candle":[0],"Pen Nib":[2],"Medical Kit":[0],"obtain_stats":[{"Blood Vial":9,"Runic Dome":17,"Golden Idol":14,"Blue Candle":22,"Pen Nib":46,"Empty Cage":34,"Medical Kit":46,"Gatherer:AlchemyBag":0,"InkBottle":43,"ClockworkSouvenir":21,"Meat on the Bone":26},{"Blood Vial":5,"Runic Dome":8,"Golden Idol":7,"Blue Candle":10,"Pen Nib":21,"Empty Cage":16,"Medical Kit":21,"Gatherer:AlchemyBag":0,"InkBottle":20,"ClockworkSouvenir":10,"Meat on the Bone":12},{"Blood Vial":18,"Runic Dome":29,"Golden Idol":23,"Blue Candle":35,"Pen Nib":81,"Empty Cage":59,"Medical Kit":81,"Gatherer:AlchemyBag":0,"InkBottle":77,"ClockworkSouvenir":35,"Meat on the Bone":44}],"InkBottle":[8],"Meat on the Bone":48},"card_choices":[{"not_picked":["Gatherer:TacticalStrike","Gatherer:EnergyBasket"],"picked":"Gatherer:DrugPower","floor":1.0},{"not_picked":["Gatherer:CarefulStrike","Gatherer:WoolGloves","Gatherer:AcidicSpray"],"picked":"SKIP","floor":2.0},{"not_picked":["Gatherer:Misfortune","Gatherer:TacticalStrike"],"picked":"Gatherer:Snatch","floor":3.0},{"not_picked":["Gatherer:AromaProtection","Gatherer:ColorfulGarden"],"picked":"Gatherer:Frenzy","floor":4.0},{"not_picked":["Gatherer:Convert","Gatherer:BalancedGrowth"],"picked":"Gatherer:BambuSword","floor":7.0},{"not_picked":["Gatherer:Misfortune","Gatherer:Solidify"],"picked":"Gatherer:WitheringStrike","floor":12.0},{"not_picked":["Gatherer:DrugPower","Gatherer:BambuSword","Gatherer:SaveValuables"],"picked":"SKIP","floor":13.0},{"not_picked":["Gatherer:StoneFence","Gatherer:LuckyClover"],"picked":"Gatherer:GrowBook","floor":16.0},{"not_picked":["Gatherer:CollectorsShot+1","Gatherer:Polymorphism","Gatherer:CarefulStrike"],"picked":"SKIP","floor":18.0},{"not_picked":["Gatherer:FeelingFine","Gatherer:CarefulStrike"],"picked":"Gatherer:ScentOfRosmari","floor":20.0},{"not_picked":["Gatherer:Snatch","Gatherer:Convert"],"picked":"Gatherer:BalancedGrowth+1","floor":23.0},{"not_picked":["Gatherer:Herbalism+1","Gatherer:FragileHammer+1"],"picked":"Gatherer:Pollute","floor":25.0},{"not_picked":["Gatherer:Transmute","Gatherer:CursedBlade","Gatherer:EnergyBasket"],"picked":"SKIP","floor":27.0},{"not_picked":["Gatherer:ScentOfRosmari","Gatherer:Duality"],"picked":"Gatherer:QuickSynthesis+1","floor":29.0},{"not_picked":["Gatherer:BalancedGrowth","Gatherer:Frenzy"],"picked":"Gatherer:Herbalism+1","floor":31.0},{"not_picked":["Gatherer:HeartToFruit","Gatherer:FinishingStrike"],"picked":"Gatherer:BlackTea","floor":33.0},{"not_picked":["Gatherer:ScrollOfWall","Gatherer:ScherryThrow+1"],"picked":"Gatherer:Convert+1","floor":35.0},{"not_picked":["Gatherer:AcidicSpray","Gatherer:Solidify","Gatherer:PotentialSlash"],"picked":"SKIP","floor":36.0},{"not_picked":["Gatherer:MiningStrike+1","Gatherer:BambuSword+1","Gatherer:QuickSynthesis"],"picked":"SKIP","floor":39},{"not_picked":["Gatherer:SaveValuables+1","Gatherer:AromaProtection+1"],"picked":"Gatherer:WoolGloves","floor":41},{"not_picked":["Gatherer:ScrollOfWall","Gatherer:Duplicator"],"picked":"Gatherer:EchoOfNature","floor":45},{"not_picked":["Blind","Magnetism"],"picked":"Master of Strategy","floor":47},{"not_picked":["Impatience","The Bomb"],"picked":"Secret Weapon","floor":47},{"not_picked":["Gatherer:GlowingPlant","Gatherer:SaveValuables+1"],"picked":"Gatherer:TacticalStrike","floor":48}],"player_experience":568913,"relics_obtained":[{"floor":9.0,"key":"Blood Vial"},{"floor":26.0,"key":"Meat on the Bone"},{"floor":43,"key":"InkBottle"}],"event_choices":[{"cards_removed":["Gatherer:Strike_Gatherer"],"damage_healed":0.0,"max_hp_gain":0.0,"max_hp_loss":0.0,"gold_gain":0.0,"event_name":"Living Wall","player_choice":"Forget","floor":8.0,"gold_loss":0.0,"damage_taken":0.0},{"damage_healed":0.0,"max_hp_gain":0.0,"max_hp_loss":0.0,"gold_gain":0.0,"event_name":"Liars Game","player_choice":"Ignored","floor":11.0,"gold_loss":0.0,"damage_taken":0.0},{"damage_healed":0.0,"max_hp_gain":0.0,"max_hp_loss":0.0,"gold_gain":0.0,"event_name":"Golden Idol","player_choice":"Take Damage","floor":14.0,"gold_loss":0.0,"damage_taken":19.0,"relics_obtained":["Golden Idol"]},{"damage_healed":0.0,"max_hp_gain":0.0,"max_hp_loss":0.0,"gold_gain":99.0,"event_name":"Nest","player_choice":"Stole From Cult","floor":19.0,"gold_loss":0.0,"damage_taken":0.0},{"damage_healed":0.0,"max_hp_gain":0.0,"max_hp_loss":0.0,"gold_gain":0.0,"cards_transformed":["Gatherer:Strike_Gatherer","Dramatic Entrance"],"event_name":"Drug Dealer","player_choice":"Became Test Subject","floor":30.0,"gold_loss":0.0,"damage_taken":0.0,"cards_obtained":["Gatherer:Duplicator","Thinking Ahead"]},{"cards_removed":["Gatherer:Defend_Gatherer"],"damage_healed":0.0,"max_hp_gain":0.0,"max_hp_loss":0.0,"gold_gain":0.0,"event_name":"Purifier","player_choice":"Purged","floor":38.0,"gold_loss":0.0,"damage_taken":0.0},{"damage_healed":0,"gold_gain":333,"player_choice":"Gave Idol","damage_taken":0,"max_hp_gain":0,"max_hp_loss":0,"event_name":"The Moai Head","floor":42,"relics_lost":["Golden Idol"],"gold_loss":0},{"damage_healed":0,"gold_gain":0,"player_choice":"Ignored","damage_taken":0,"max_hp_gain":0,"max_hp_loss":0,"event_name":"Tomb of Lord Red Mask","floor":44,"gold_loss":0},{"damage_healed":0,"gold_gain":0,"player_choice":"Memory 3","damage_taken":10,"max_hp_gain":0,"max_hp_loss":0,"event_name":"SensoryStone","floor":47,"gold_loss":0}],"is_beta":false,"boss_relics":[{"not_picked":["SlaversCollar","Runic Pyramid"],"picked":"Runic Dome"},{"not_picked":["bronze:MakeshiftBattery","Pandora\u0027s Box"],"picked":"Empty Cage"}],"items_purged_floors":[21,37,46],"is_endless":false,"potions_floor_spawned":[4,7,12,18,23,27,35],"ascension_level":0}}