{"host":"xumidyqji6pg2yy3","time":1613842199,"event":{"mods":["BaseMod","Colored Map","Minty Spire (QoL Compilation)","Quick Restart","StSLib","The Construct"],"gold_per_floor":[114,39,109,184,204,204,236,236,236,256,291,310,310,325,325,422,422,435,401,401,401,247,276,201,214,262,262,281,281,292,292,292,397,397,413,215,215,232,248,273,273,253,305,305,323,336,336,336],"floor_reached":47,"language":"ZHS","playtime":2404,"items_purged":["construct:Strike_Gold","construct:Hazardproof","Decay"],"score":535,"play_id":"0d2d72e9-7144-4567-9331-f99744f3b491","local_time":"20210221012959","is_ascension_mode":false,"campfire_choices":[{"data":"construct:ReactiveShield","floor":6.0,"key":"SMITH"},{"data":"construct:DefenseMode","floor":15.0,"key":"SMITH"},{"data":"construct:Autoturret","floor":32.0,"key":"SMITH"},{"data":"construct:FlameCore","floor":41.0,"key":"SMITH"},{"data":"construct:LaserCore","floor":44.0,"key":"SMITH"}],"circlet_count":0,"master_deck":["construct:Strike_Gold","construct:Strike_Gold","construct:Strike_Gold","construct:Defend_Gold","construct:Defend_Gold","construct:Defend_Gold","construct:Defend_Gold+2","construct:Defend_Gold","construct:DefenseMode+1","construct:Autoturret+1","construct:ReactiveShield+1","construct:MetalShell","construct:ShieldGenerator","construct:LaserCore+1","construct:LaserCore","construct:ElectricArmor","construct:Reinforce","construct:PointDefense","construct:Forcefield+1","construct:PanicFire","construct:Impenetrable+1","construct:LaserCore+1","construct:Autoturret+1","Parasite","construct:FlameCore+1","construct:SuppressiveFire+1"],"relics":["construct:Cogwheel","NeowsBlessing","StrikeDummy","Question Card","Ginger","construct:MegaBattery","Bottled Lightning","Lantern","Philosopher\u0027s Stone","Nunchaku","Regal Pillow","Busted Crown","Toy Ornithopter","PreservedInsect"],"acts_visited":["Exordium","TheCity","TheBeyond"],"potions_floor_usage":[46],"damage_taken":[{"damage":0.0,"enemies":"Cultist","floor":1.0,"turns":1.0},{"damage":0.0,"enemies":"Jaw Worm","floor":5.0,"turns":1.0},{"damage":0.0,"enemies":"Gremlin Nob","floor":7.0,"turns":1.0},{"damage":3.0,"enemies":"2 Louse","floor":10.0,"turns":4.0},{"damage":22.0,"enemies":"3 Sentries","floor":11.0,"turns":9.0},{"damage":2.0,"enemies":"Looter","floor":12.0,"turns":3.0},{"damage":0.0,"enemies":"Large Slime","floor":14.0,"turns":5.0},{"damage":1.0,"enemies":"The Guardian","floor":16.0,"turns":17.0},{"damage":0.0,"enemies":"Chosen","floor":18.0,"turns":4.0},{"damage":28.0,"enemies":"2 Thieves","floor":19.0,"turns":5.0},{"damage":29.0,"enemies":"Book of Stabbing","floor":23.0,"turns":7.0},{"damage":5.0,"enemies":"Centurion and Healer","floor":25.0,"turns":7.0},{"damage":2.0,"enemies":"Shelled Parasite and Fungi","floor":28.0,"turns":6.0},{"damage":0.0,"enemies":"3 Cultists","floor":30.0,"turns":6.0},{"damage":2.0,"enemies":"Champ","floor":33.0,"turns":14.0},{"damage":7.0,"enemies":"3 Darklings","floor":35.0,"turns":6.0},{"damage":3.0,"enemies":"3 Shapes","floor":38.0,"turns":6.0},{"damage":7.0,"enemies":"Writhing Mass","floor":39.0,"turns":7.0},{"damage":36.0,"enemies":"Nemesis","floor":40.0,"turns":11.0},{"damage":6.0,"enemies":"4 Shapes","floor":45.0,"turns":7.0},{"damage":25,"enemies":"Transient","floor":46,"turns":5},{"damage":11,"enemies":"3 Darklings","floor":47,"turns":2}],"seed_played":"-3150859673531696205","potions_obtained":[{"floor":5.0,"key":"construct:ShiftPotion"},{"floor":10.0,"key":"SpeedPotion"},{"floor":12.0,"key":"Dexterity Potion"},{"floor":28.0,"key":"SpeedPotion"},{"floor":40.0,"key":"AttackPotion"},{"floor":42.0,"key":"ColorlessPotion"},{"floor":45.0,"key":"EssenceOfSteel"}],"is_trial":false,"path_per_floor":["M","$","T","?","M","R","E","?","T","M","E","M","?","M","R","B",null,"M","M","?","?","$","E","?","M","T","?","M","?","M","T","R","B",null,"M","$","?","M","M","E","R","?","T","R","M","M","M"],"character_chosen":"THE_CONSTRUCT_MOD","items_purchased":["construct:Reinforce","construct:LaserCore"],"campfire_rested":0,"item_purchase_floors":[22,36],"current_hp_per_floor":[85,85,85,74,74,74,74,74,74,71,49,47,29,29,29,28,85,85,57,57,57,57,28,28,23,23,51,49,49,49,49,49,47,85,78,78,78,75,68,32,32,32,32,32,26,6,0,0],"gold":336,"neow_bonus":"THREE_ENEMY_KILL","is_daily":false,"chose_seed":false,"campfire_upgraded":5,"win_rate":0.0,"timestamp":1613842199,"path_taken":["M","$","?","?","M","R","E","?","T","?","E","M","?","M","R","BOSS","M","M","?","?","$","E","?","M","T","?","M","?","?","?","R","BOSS","M","$","?","M","M","E","R","?","T","R","M","M","?"],"items_purchased_type":["Card","Card"],"build_version":"2020-12-22","purchased_purges":3,"victory":false,"max_hp_per_floor":[85,85,85,85,85,85,85,85,85,85,85,85,85,85,85,85,85,85,85,85,85,85,85,85,85,85,85,85,85,85,85,85,85,85,85,85,85,85,85,85,85,85,85,85,85,85,85,85],"card_choices":[{"not_picked":["construct:ScopeCore","construct:ShiftGuard"],"picked":"construct:Autoturret","floor":1.0},{"not_picked":["construct:Autoturret","construct:Overcharge"],"picked":"construct:ReactiveShield","floor":5.0},{"not_picked":["construct:ShiftStrike","construct:Antimatter"],"picked":"construct:Hazardproof","floor":7.0},{"not_picked":["construct:FocusedBeam","construct:Anticipate","construct:Backup"],"picked":"construct:ClusterMines","floor":10.0},{"not_picked":["construct:FocusedBeam","construct:SweepLaser","construct:Forcefield"],"picked":"construct:MetalShell","floor":11.0},{"not_picked":["construct:ShiftStrike","construct:Antimatter","construct:ScopeCore","construct:HeavyBolt"],"picked":"SKIP","floor":12.0},{"not_picked":["construct:FierceBash","construct:ScopeCore","construct:Chainstrike","construct:FocusedBeam"],"picked":"SKIP","floor":14.0},{"not_picked":["construct:MassProduction","construct:HammerDown","construct:MemoryTap"],"picked":"construct:ShieldGenerator","floor":16.0},{"not_picked":["construct:Boost","construct:Anticipate+1","construct:SaveState","construct:ScrapCannon"],"picked":"SKIP","floor":18.0},{"not_picked":["construct:Autoturret+1","construct:SyphonStrike+1","construct:Backfire"],"picked":"construct:LaserCore+1","floor":19.0},{"not_picked":["construct:SaveState+1","construct:ScrapCannon+1","construct:Dampening","construct:CriticalHit"],"picked":"SKIP","floor":23.0},{"not_picked":["construct:ModeShift+1","construct:Hazardproof","construct:ShieldGenerator"],"picked":"construct:PointDefense","floor":25.0},{"not_picked":["construct:HeavyBolt","construct:ModeShift","construct:ClusterMines"],"picked":"construct:Forcefield+1","floor":28.0},{"not_picked":["construct:Antimatter","construct:OmegaCannon","construct:Electrocute","construct:HardReboot"],"picked":"SKIP","floor":30.0},{"not_picked":["construct:HyperBeam","construct:Multistage","construct:GatlingGun"],"picked":"construct:PanicFire","floor":33.0},{"not_picked":["construct:Electrocute"],"picked":"construct:Impenetrable+1","floor":35.0},{"not_picked":["construct:FocusedBeam"],"picked":"construct:Autoturret+1","floor":38.0},{"not_picked":["construct:ScrapCannon"],"picked":"construct:FlameCore","floor":39.0},{"not_picked":["construct:FierceBash+1"],"picked":"construct:SuppressiveFire+1","floor":40.0},{"not_picked":["construct:Antimatter+1","construct:Stasis+1"],"picked":"SKIP","floor":45.0},{"not_picked":["construct:HeavyBolt","construct:Failsafe"],"picked":"SKIP","floor":46}],"player_experience":81397,"relics_obtained":[{"floor":3.0,"key":"StrikeDummy"},{"floor":7.0,"key":"Question Card"},{"floor":8.0,"key":"Ginger"},{"floor":9.0,"key":"construct:MegaBattery"},{"floor":11.0,"key":"Bottled Lightning"},{"floor":23.0,"key":"Nunchaku"},{"floor":26.0,"key":"Regal Pillow"},{"floor":40.0,"key":"Toy Ornithopter"},{"floor":43.0,"key":"PreservedInsect"}],"event_choices":[{"damage_healed":0.0,"max_hp_gain":0.0,"max_hp_loss":0.0,"gold_gain":75.0,"event_name":"World of Goop","player_choice":"Gather Gold","floor":4.0,"gold_loss":0.0,"damage_taken":11.0},{"damage_healed":0.0,"max_hp_gain":0.0,"max_hp_loss":0.0,"gold_gain":0.0,"event_name":"Wheel of Change","player_choice":"Relic","floor":8.0,"gold_loss":0.0,"damage_taken":0.0},{"damage_healed":0.0,"max_hp_gain":0.0,"max_hp_loss":0.0,"gold_gain":0.0,"event_name":"Scrap Ooze","player_choice":"Success","floor":13.0,"gold_loss":0.0,"damage_taken":18.0,"relics_obtained":["Lantern"]},{"damage_healed":0.0,"max_hp_gain":0.0,"max_hp_loss":0.0,"gold_gain":0.0,"cards_transformed":["construct:AttackMode","construct:ClusterMines"],"event_name":"Drug Dealer","player_choice":"Became Test Subject","floor":20.0,"gold_loss":0.0,"damage_taken":0.0,"cards_obtained":["construct:LaserCore","construct:ElectricArmor"]},{"damage_healed":0.0,"max_hp_gain":0.0,"max_hp_loss":0.0,"gold_gain":0.0,"event_name":"Vampires","player_choice":"Ignored","floor":21.0,"gold_loss":0.0,"damage_taken":0.0},{"cards_removed":["construct:Strike_Gold"],"damage_healed":0.0,"max_hp_gain":0.0,"max_hp_loss":0.0,"gold_gain":0.0,"event_name":"Beggar","player_choice":"Gave Gold","floor":24.0,"gold_loss":75.0,"damage_taken":0.0},{"damage_healed":28.0,"max_hp_gain":0.0,"max_hp_loss":0.0,"gold_gain":0.0,"event_name":"The Library","player_choice":"Heal","floor":27.0,"gold_loss":0.0,"damage_taken":0.0},{"damage_healed":0.0,"max_hp_gain":0.0,"max_hp_loss":0.0,"gold_gain":0.0,"event_name":"Wheel of Change","player_choice":"Cursed","floor":29.0,"gold_loss":0.0,"damage_taken":0.0,"cards_obtained":["Decay"]},{"damage_healed":0.0,"max_hp_gain":0.0,"max_hp_loss":0.0,"gold_gain":0.0,"event_name":"Tomb of Lord Red Mask","player_choice":"Ignored","floor":37.0,"gold_loss":0.0,"damage_taken":0.0},{"damage_healed":0.0,"max_hp_gain":0.0,"max_hp_loss":0.0,"gold_gain":0.0,"event_name":"The Woman in Blue","player_choice":"Bought 1 Potion","floor":42.0,"gold_loss":0.0,"damage_taken":0.0}],"is_beta":false,"boss_relics":[{"not_picked":["Fusion Hammer","Velvet Choker"],"picked":"Philosopher\u0027s Stone"},{"not_picked":["Cursed Key","SacredBark"],"picked":"Busted Crown"}],"items_purged_floors":[2,22,36],"is_endless":false,"potions_floor_spawned":[5,10,11,12,28,38,40,45],"killed_by":"3 Darklings","ascension_level":0}}