{"host":"og6lam4kt3nibbw0","time":1613846547,"event":{"mods":["AchievementEnabler","BaseMod","Colored Map","DeckTracker","Highlight Path","Keyboard Shortcuts","Minty Spire (QoL Compilation)","Permanent Neow","Quick Restart","StSLib","SuperFastMode"],"gold_per_floor":[118,138,188,58,76,76,96,129,429,429,447,447,463,18,18,95,95,106,137,137,137,137,163,163,173,173,173,198,198,224,238,238,313,313,333,343,359,359,374,399,10,38,38,38,64,64,96,116,116,116,116,116,116,9,44,44],"floor_reached":57,"language":"KOR","playtime":3566,"items_purged":["Strike_R","Strike_R","Strike_R"],"score":3131,"play_id":"1a59b4ed-e006-416d-8e53-e223f8fbc4b2","local_time":"20210221034227","is_ascension_mode":true,"campfire_choices":[{"data":"Searing Blow","floor":6.0,"key":"SMITH"},{"floor":10.0,"key":"REST"},{"floor":15.0,"key":"REST"},{"data":"Corruption","floor":27.0,"key":"SMITH"},{"data":"Warcry","floor":29.0,"key":"SMITH"},{"data":"Feel No Pain","floor":32.0,"key":"SMITH"},{"floor":44.0,"key":"RECALL"},{"data":"Havoc","floor":49.0,"key":"SMITH"},{"data":"Armaments","floor":53.0,"key":"SMITH"}],"circlet_count":0,"master_deck":["AscendersBane","Strike_R","Defend_R","Defend_R","Defend_R","Bash","Searing Blow+1","Armaments+1","Shrug It Off","Havoc+1","Shrug It Off","Feel No Pain+1","Warcry+1","Corruption+1","Sever Soul","Warcry+1","Ghostly+1","Ghostly+1","Ghostly+1","Disarm+1","Corruption+1","Havoc+1","Impervious+1","Flex+1","Armaments+1","Shockwave+1","Armaments+1","Deep Breath+1","Bandage Up+1","Purity+1","Warcry+1","Warcry+1","Fiend Fire+1"],"relics":["Black Blood","NeowsBlessing","Odd Mushroom","Dead Branch","Old Coin","Toxic Egg 2","SacredBark","Red Mask","Eternal Feather","Gremlin Horn","Boot","Molten Egg 2","Bottled Flame","Bottled Lightning","Red Skull","Centennial Puzzle","Oddly Smooth Stone","Ice Cream"],"acts_visited":["Exordium","TheCity","TheBeyond","TheEnding"],"potions_floor_usage":[56],"damage_taken":[{"damage":0.0,"enemies":"Jaw Worm","floor":1.0,"turns":1.0},{"damage":0.0,"enemies":"Cultist","floor":2.0,"turns":1.0},{"damage":0.0,"enemies":"2 Louse","floor":5.0,"turns":2.0},{"damage":37.0,"enemies":"The Mushroom Lair","floor":7.0,"turns":5.0},{"damage":42.0,"enemies":"Lagavulin","floor":8.0,"turns":7.0},{"damage":8.0,"enemies":"Looter","floor":11.0,"turns":4.0},{"damage":12.0,"enemies":"Large Slime","floor":13.0,"turns":5.0},{"damage":21.0,"enemies":"The Guardian","floor":16.0,"turns":7.0},{"damage":0.0,"enemies":"Spheric Guardian","floor":18.0,"turns":3.0},{"damage":8.0,"enemies":"Masked Bandits","floor":19.0,"turns":4.0},{"damage":1.0,"enemies":"Gremlin Leader","floor":23.0,"turns":4.0},{"damage":0.0,"enemies":"2 Thieves","floor":24.0,"turns":1.0},{"damage":29.0,"enemies":"3 Cultists","floor":25.0,"turns":6.0},{"damage":12.0,"enemies":"Slavers","floor":28.0,"turns":7.0},{"damage":13.0,"enemies":"Book of Stabbing","floor":30.0,"turns":5.0},{"damage":0.0,"enemies":"Centurion and Healer","floor":31.0,"turns":5.0},{"damage":14.0,"enemies":"Automaton","floor":33.0,"turns":6.0},{"damage":23.0,"enemies":"3 Shapes","floor":35.0,"turns":4.0},{"damage":6.0,"enemies":"Orb Walker","floor":36.0,"turns":3.0},{"damage":6.0,"enemies":"Transient","floor":37.0,"turns":6.0},{"damage":0.0,"enemies":"4 Shapes","floor":39.0,"turns":2.0},{"damage":37.0,"enemies":"Nemesis","floor":40.0,"turns":7.0},{"damage":2.0,"enemies":"Reptomancer","floor":42.0,"turns":2.0},{"damage":1.0,"enemies":"Giant Head","floor":45.0,"turns":8.0},{"damage":9.0,"enemies":"Nemesis","floor":47.0,"turns":3.0},{"damage":0.0,"enemies":"Maw","floor":48.0,"turns":5.0},{"damage":0.0,"enemies":"Awakened One","floor":50.0,"turns":10.0},{"damage":35.0,"enemies":"Time Eater","floor":51.0,"turns":9.0},{"damage":12.0,"enemies":"Shield and Spear","floor":55.0,"turns":6.0},{"damage":40,"enemies":"The Heart","floor":56,"turns":9}],"seed_played":"2378450102270358626","potions_obtained":[{"floor":1.0,"key":"Strength Potion"},{"floor":11.0,"key":"GamblersBrew"},{"floor":18.0,"key":"SmokeBomb"},{"floor":33.0,"key":"BloodPotion"},{"floor":36.0,"key":"Ancient Potion"},{"floor":47.0,"key":"SkillPotion"}],"is_trial":false,"path_per_floor":["M","M","?","$","M","R","?","E","T","R","M","?","M","$","R","B",null,"M","?","?","?","?","E","M","M","T","R","E","R","E","M","R","B",null,"M","M","M","?","M","E","$","E","T","R","E","?","E","M","R","B","B",null,"R","$","E","B",null],"character_chosen":"IRONCLAD","items_purchased":["Armaments","Warcry","Toxic Egg 2","Bottled Lightning","Warcry+1","ElixirPotion"],"campfire_rested":2,"item_purchase_floors":[4,14,14,41,54,54],"current_hp_per_floor":[74,75,75,75,75,75,44,8,8,30,28,28,22,22,44,29,64,70,68,37,29,29,34,40,17,17,29,23,35,28,34,42,34,40,29,35,41,41,42,17,17,27,27,42,42,32,35,42,42,42,25,38,42,42,42,36],"gold":44,"neow_bonus":"THREE_ENEMY_KILL","is_daily":false,"chose_seed":false,"campfire_upgraded":6,"win_rate":0.0,"timestamp":1613846547,"path_taken":["M","M","?","$","?","R","?","E","T","R","M","?","M","$","R","BOSS","M","?","?","?","?","E","?","M","T","R","E","R","E","M","R","BOSS","M","M","M","?","M","E","?","E","T","R","E","?","E","M","R","BOSS","BOSS","R","$","E","BOSS"],"items_purchased_type":["Card","Card","Relic","Relic","Card","Potion"],"build_version":"2020-12-22","purchased_purges":3,"victory":true,"max_hp_per_floor":[75,75,75,75,75,75,75,75,75,75,75,75,75,75,75,75,75,75,75,37,42,42,42,42,42,42,42,42,42,42,42,42,42,42,42,42,42,42,42,42,42,42,42,42,42,42,42,42,42,42,42,42,42,42,42,42],"card_choices":[{"not_picked":["Bloodletting","Headbutt","Thunderclap"],"picked":"SKIP","floor":1.0},{"not_picked":["Clothesline","Heavy Blade"],"picked":"Searing Blow","floor":2.0},{"not_picked":["Havoc","Sword Boomerang","Iron Wave"],"picked":"SKIP","floor":5.0},{"not_picked":["Burning Pact","Thunderclap"],"picked":"Shrug It Off","floor":7.0},{"not_picked":["Anger","Exhume"],"picked":"Havoc","floor":8.0},{"not_picked":["Reckless Charge","Second Wind"],"picked":"Shrug It Off","floor":11.0},{"not_picked":["True Grit","Twin Strike"],"picked":"Feel No Pain","floor":13.0},{"not_picked":["Reaper","Offering+1"],"picked":"Corruption","floor":16.0},{"not_picked":["Clash","Thunderclap"],"picked":"Sever Soul","floor":18.0},{"not_picked":["Cleave+1","Combust"],"picked":"Warcry+1","floor":19.0},{"not_picked":["Thunderclap","Uppercut","Feed"],"picked":"SKIP","floor":23.0},{"not_picked":["Combust","Wild Strike","Heavy Blade+1"],"picked":"SKIP","floor":25.0},{"not_picked":["Thunderclap","Flex+1","Entrench+1"],"picked":"SKIP","floor":28.0},{"not_picked":["Anger+1","Heavy Blade+1"],"picked":"Havoc+1","floor":30.0},{"not_picked":["Rage+1","Iron Wave+1","Dual Wield+1"],"picked":"SKIP","floor":31.0},{"not_picked":["Brutality","Immolate+1"],"picked":"Impervious+1","floor":33.0},{"not_picked":["Iron Wave+1","Sword Boomerang+1"],"picked":"Flex+1","floor":35.0},{"not_picked":["Dual Wield+1","Thunderclap+1"],"picked":"Armaments+1","floor":36.0},{"not_picked":["Dark Embrace","Hemokinesis+1","Evolve"],"picked":"SKIP","floor":37.0},{"not_picked":["Perfected Strike+1","Flex+1"],"picked":"Shockwave+1","floor":39.0},{"not_picked":["Demon Form","Blood for Blood+1","Anger+1"],"picked":"SKIP","floor":40.0},{"not_picked":["Feed+1","Fire Breathing","Disarm+1"],"picked":"SKIP","floor":42.0},{"not_picked":["Berserk","Thunderclap+1"],"picked":"Armaments+1","floor":45.0},{"not_picked":["PanicButton+1","Dramatic Entrance+1"],"picked":"Deep Breath+1","floor":46.0},{"not_picked":["Forethought+1","Trip+1"],"picked":"Bandage Up+1","floor":46.0},{"not_picked":["Good Instincts+1","Chrysalis+1"],"picked":"Purity+1","floor":46.0},{"not_picked":["Rampage+1","Intimidate+1"],"picked":"Warcry+1","floor":47.0},{"not_picked":["Perfected Strike+1","Clash+1","Armaments+1"],"picked":"SKIP","floor":48.0},{"not_picked":["Disarm+1","Reckless Charge+1"],"picked":"Fiend Fire+1","floor":55.0}],"player_experience":983205,"relics_obtained":[{"floor":7.0,"key":"Odd Mushroom"},{"floor":8.0,"key":"Dead Branch"},{"floor":9.0,"key":"Old Coin"},{"floor":19.0,"key":"Red Mask"},{"floor":23.0,"key":"Eternal Feather"},{"floor":26.0,"key":"Gremlin Horn"},{"floor":28.0,"key":"Boot"},{"floor":30.0,"key":"Molten Egg 2"},{"floor":40.0,"key":"Bottled Flame"},{"floor":42.0,"key":"Red Skull"},{"floor":45.0,"key":"Centennial Puzzle"},{"floor":47.0,"key":"Oddly Smooth Stone"},{"floor":55.0,"key":"Ice Cream"}],"event_choices":[{"damage_healed":0.0,"max_hp_gain":0.0,"max_hp_loss":0.0,"gold_gain":50.0,"event_name":"Golden Shrine","player_choice":"Pray","floor":3.0,"gold_loss":0.0,"damage_taken":0.0},{"damage_healed":0.0,"max_hp_gain":0.0,"max_hp_loss":0.0,"gold_gain":0.0,"event_name":"Mushrooms","player_choice":"Fought Mushrooms","floor":7.0,"gold_loss":0.0,"damage_taken":0.0},{"damage_healed":0.0,"max_hp_gain":0.0,"max_hp_loss":0.0,"gold_gain":0.0,"event_name":"Shining Light","player_choice":"Ignored","floor":12.0,"gold_loss":0.0,"damage_taken":0.0},{"damage_healed":0.0,"max_hp_gain":0.0,"max_hp_loss":0.0,"gold_gain":0.0,"event_name":"Masked Bandits","player_choice":"Fought Bandits","floor":19.0,"gold_loss":0.0,"damage_taken":0.0},{"damage_healed":0.0,"max_hp_gain":0.0,"max_hp_loss":38.0,"gold_gain":0.0,"event_name":"Ghosts","player_choice":"Became a Ghost","floor":20.0,"gold_loss":0.0,"damage_taken":0.0,"cards_obtained":["Ghostly","Ghostly","Ghostly"]},{"damage_healed":0.0,"max_hp_gain":5.0,"max_hp_loss":0.0,"gold_gain":0.0,"event_name":"Forgotten Altar","player_choice":"Shed Blood","floor":21.0,"gold_loss":0.0,"damage_taken":13.0},{"damage_healed":0.0,"max_hp_gain":0.0,"max_hp_loss":0.0,"gold_gain":0.0,"cards_transformed":["Defend_R","Strike_R"],"event_name":"Drug Dealer","player_choice":"Became Test Subject","floor":22.0,"gold_loss":0.0,"damage_taken":0.0,"cards_obtained":["Disarm","Corruption"]},{"damage_healed":0.0,"max_hp_gain":0.0,"max_hp_loss":0.0,"gold_gain":0.0,"event_name":"Upgrade Shrine","player_choice":"Upgraded","floor":38.0,"gold_loss":0.0,"damage_taken":0.0,"cards_upgraded":["Corruption"]},{"damage_healed":0.0,"max_hp_gain":0.0,"max_hp_loss":0.0,"gold_gain":0.0,"event_name":"SensoryStone","player_choice":"Memory 3","floor":46.0,"gold_loss":0.0,"damage_taken":10.0}],"is_beta":false,"boss_relics":[{"not_picked":["Mark of Pain","Busted Crown"],"picked":"SacredBark"},{"not_picked":["Velvet Choker","Runic Dome"],"picked":"Black Blood"}],"items_purged_floors":[4,14,41],"is_endless":false,"potions_floor_spawned":[1,11,18,19,24,33,36,37,47,48],"ascension_level":20}}