{"host":"08xvxt5w1s7zc7e5","time":1613815030,"event":{"mods":["AchievementEnabler","BaseMod","DeckTracker","Minty Spire (QoL Compilation)","Quick Restart","StSLib","SuperFastMode"],"gold_per_floor":[10,10,27,44,60,60,60,70,138,10,22,56,56,70,70,70,70],"floor_reached":16,"language":"KOR","playtime":550,"items_purged":[],"score":109,"play_id":"e5a08e06-e078-406c-ace2-c2287d9f748f","local_time":"20210220185710","is_ascension_mode":true,"campfire_choices":[{"data":"Strike_R","floor":6,"key":"PURGE"},{"data":"Body Slam","floor":13,"key":"SMITH"},{"floor":15,"key":"REST"}],"circlet_count":0,"master_deck":["Strike_R","Strike_R","Strike_R","Defend_R","Defend_R","Defend_R","Defend_R","Bash","Carnage","Flex","Shrug It Off","Barricade","Dark Embrace","Body Slam+1"],"relics":["Burning Blood","Peace Pipe","Shuriken","Dead Branch"],"acts_visited":["Exordium"],"potions_floor_usage":[12,14,16,16],"damage_taken":[{"damage":12,"enemies":"Jaw Worm","floor":1,"turns":6},{"damage":1,"enemies":"Cultist","floor":3,"turns":3},{"damage":0,"enemies":"2 Louse","floor":4,"turns":2},{"damage":3,"enemies":"2 Fungi Beasts","floor":5,"turns":3},{"damage":8,"enemies":"Red Slaver","floor":8,"turns":4},{"damage":41,"enemies":"Large Slime","floor":11,"turns":10},{"damage":12,"enemies":"3 Sentries","floor":12,"turns":14},{"damage":30,"enemies":"Gremlin Gang","floor":14,"turns":8},{"damage":53,"enemies":"Hexaghost","floor":16,"turns":15}],"seed_played":"-6955635963223935788","potions_obtained":[{"floor":4,"key":"BloodPotion"},{"floor":11,"key":"SpeedPotion"},{"floor":14,"key":"AttackPotion"}],"is_trial":false,"path_per_floor":["M","?","M","M","M","R","$","M","T","$","M","E","R","M","R","B"],"character_chosen":"IRONCLAD","items_purchased":["PowerPotion","Dark Embrace"],"campfire_rested":1,"item_purchase_floors":[10,10],"current_hp_per_floor":[74,74,79,80,80,80,80,78,78,78,43,37,37,29,53,0,0],"gold":70,"neow_bonus":"ONE_RARE_RELIC","is_daily":false,"chose_seed":false,"campfire_upgraded":1,"win_rate":0.0,"timestamp":1613815030,"path_taken":["M","?","M","M","M","R","$","M","T","$","?","E","R","?","R","BOSS"],"items_purchased_type":["Potion","Card"],"build_version":"2020-12-22","purchased_purges":0,"victory":false,"max_hp_per_floor":[80,80,80,80,80,80,80,80,80,80,80,80,80,80,80,80,80],"card_choices":[{"not_picked":["Perfected Strike","Searing Blow","Infernal Blade"],"picked":"SKIP","floor":1},{"not_picked":["Sword Boomerang","Clothesline"],"picked":"Carnage","floor":3},{"not_picked":["Pummel","Heavy Blade"],"picked":"Flex","floor":4},{"not_picked":["True Grit","Anger"],"picked":"Shrug It Off","floor":5},{"not_picked":["Pummel","Blood for Blood"],"picked":"Barricade","floor":8},{"not_picked":["Clothesline","Wild Strike"],"picked":"Body Slam","floor":11},{"not_picked":["Headbutt","Wild Strike","Iron Wave"],"picked":"SKIP","floor":12},{"not_picked":["Iron Wave","Dark Embrace","Twin Strike"],"picked":"SKIP","floor":14}],"player_experience":410205,"relics_obtained":[{"floor":9,"key":"Shuriken"},{"floor":12,"key":"Dead Branch"}],"event_choices":[{"cards_removed":["Strike_R"],"damage_healed":0,"gold_gain":0,"player_choice":"Offered Basic","damage_taken":0,"max_hp_gain":0,"max_hp_loss":0,"event_name":"Bonfire Elementals","floor":2,"gold_loss":0}],"is_beta":false,"boss_relics":[],"items_purged_floors":[],"is_endless":false,"potions_floor_spawned":[4,11,14],"killed_by":"Hexaghost","ascension_level":1}}