{"host":"2se5dq1do2gp0x9k","time":1613796360,"event":{"mods":["AchievementEnabler","BaseMod","Block Reminder","Colored Map","Colored Powertips","Minty Spire (QoL Compilation)","Relic Stats","StSLib","SuperFastMode"],"gold_per_floor":[118,135,154,154,174,174,174,205,205,205,24,39,74,91,91,91,91],"floor_reached":16,"language":"ENG","playtime":440,"items_purged":["Strike_B"],"score":224,"play_id":"57d1f1b2-9787-40d2-8e9f-ea857c14f760","local_time":"20210219204600","is_ascension_mode":true,"campfire_choices":[{"data":"Reinforced Body","floor":6.0,"key":"SMITH"},{"data":"Loop","floor":10.0,"key":"SMITH"},{"data":"Consume","floor":15,"key":"SMITH"}],"circlet_count":0,"master_deck":["AscendersBane","Strike_B+1","Strike_B","Strike_B+1","Defend_B","Defend_B","Defend_B","Defend_B","Zap","Dualcast","Ball Lightning","Reinforced Body+1","Ball Lightning","Glacier","Loop+1","Coolheaded","Hologram","Consume+1","Sweeping Beam+1","Skim"],"relics":["Cracked Core","NeowsBlessing","Molten Egg 2","Du-Vu Doll","Sundial","Bronze Scales","Whetstone"],"acts_visited":["Exordium"],"potions_floor_usage":[13,16,16],"damage_taken":[{"damage":0.0,"enemies":"Small Slimes","floor":1.0,"turns":1.0},{"damage":0.0,"enemies":"Jaw Worm","floor":2.0,"turns":1.0},{"damage":0.0,"enemies":"Cultist","floor":3.0,"turns":1.0},{"damage":0.0,"enemies":"Large Slime","floor":5.0,"turns":3.0},{"damage":13.0,"enemies":"Lagavulin","floor":8.0,"turns":7.0},{"damage":1.0,"enemies":"Exordium Wildlife","floor":12.0,"turns":2.0},{"damage":4,"enemies":"Gremlin Nob","floor":13,"turns":4},{"damage":0,"enemies":"Exordium Thugs","floor":14,"turns":3},{"damage":22,"enemies":"Slime Boss","floor":16,"turns":7}],"seed_played":"-2251416869390444963","potions_obtained":[{"floor":5.0,"key":"Fruit Juice"},{"floor":8.0,"key":"Fire Potion"},{"floor":13,"key":"Swift Potion"},{"floor":14,"key":"Block Potion"}],"is_trial":false,"path_per_floor":["M","M","M","?","M","R","T","E","T","R","$","M","E","M","R","B"],"character_chosen":"DEFECT","items_purchased":["Coolheaded","Hologram"],"campfire_rested":0,"item_purchase_floors":[11,11],"current_hp_per_floor":[64,64,64,29,29,29,29,16,16,16,16,15,16,16,16,0,0],"gold":91,"neow_bonus":"THREE_ENEMY_KILL","is_daily":false,"chose_seed":false,"campfire_upgraded":3,"win_rate":0.0,"timestamp":1613796360,"path_taken":["M","M","M","?","M","R","?","E","T","R","?","?","E","M","R","BOSS"],"items_purchased_type":["Card","Card"],"build_version":"2020-12-22","purchased_purges":1,"victory":false,"max_hp_per_floor":[71,71,71,71,71,71,71,71,71,71,71,71,76,76,76,76,76],"relic_stats":{"counters":[9,29],"Sundial":[2],"Bronze Scales":[31],"Whetstone":["Strike_B","Strike_B"],"obtain_stats":[{"Du-Vu Doll":7,"NeowsBlessing":0,"Sundial":8,"Bronze Scales":9,"Molten Egg 2":4,"Whetstone":13,"Cracked Core":0},{"Du-Vu Doll":4,"NeowsBlessing":0,"Sundial":5,"Bronze Scales":5,"Molten Egg 2":3,"Whetstone":7,"Cracked Core":0},{"Du-Vu Doll":6,"NeowsBlessing":0,"Sundial":13,"Bronze Scales":13,"Molten Egg 2":3,"Whetstone":19,"Cracked Core":0}]},"card_choices":[{"not_picked":["Compile Driver","Cold Snap"],"picked":"Ball Lightning","floor":1.0},{"not_picked":["Hologram","Compile Driver"],"picked":"Reinforced Body","floor":2.0},{"not_picked":["Sweeping Beam","Creative AI"],"picked":"Ball Lightning","floor":3.0},{"not_picked":["Go for the Eyes+1","Capacitor"],"picked":"Glacier","floor":5.0},{"not_picked":["BootSequence","Glacier"],"picked":"Loop","floor":8.0},{"not_picked":["Genetic Algorithm","Coolheaded"],"picked":"Consume","floor":12.0},{"not_picked":["Static Discharge","Hologram"],"picked":"Sweeping Beam+1","floor":13},{"not_picked":["Turbo","Darkness"],"picked":"Skim","floor":14}],"player_experience":4080853,"relics_obtained":[{"floor":7.0,"key":"Du-Vu Doll"},{"floor":8.0,"key":"Sundial"},{"floor":9.0,"key":"Bronze Scales"},{"floor":13,"key":"Whetstone"}],"event_choices":[{"damage_healed":0.0,"max_hp_gain":0.0,"max_hp_loss":0.0,"gold_gain":0.0,"event_name":"Scrap Ooze","player_choice":"Success","floor":4.0,"gold_loss":0.0,"damage_taken":35.0,"relics_obtained":["Molten Egg 2"]}],"is_beta":false,"boss_relics":[],"items_purged_floors":[11],"is_endless":false,"potions_floor_spawned":[5,8,13,14],"killed_by":"Slime Boss","ascension_level":20}}