{"host":"cvgfrai8nrtinf2y","time":1613841128,"event":{"mods":["A Magickal Journey","Act Like it!","BaseMod","Better Third Choice","Challenge The Spire","Colored Map","Gensokyo","Googly Eyes","Hermit","Highlight Path","Hubris","Infinite Spire","Minty Spire (QoL Compilation)","Rare Cards Sparkle","Relic Sorter","Remilia??????","Spicy Shops","StSLib","The Disciple","The Hierophant","The Necromancer","The Runesmith"],"gold_per_floor":[116,116,191,206,218,218,228,228,283,311,328,359,50,50,50,152,452,464,479,28,28,28,60,60,90,90,90,124,124,135,135,135,240,240,250,250,282,312,327,327,355,370,420,438,456,130,156,185,185,185],"floor_reached":51,"language":"ENG","playtime":2712,"items_purged":[],"score":1086,"play_id":"55d93827-e6c2-47ae-a00c-dffec741fdb0","local_time":"20210220181208","daily_mods":["SealedDeck","Heirloom","Time Dilation","Flight","DeadlyEvents","Elite Swarm"],"is_ascension_mode":false,"campfire_choices":[{"data":"Capacitor","floor":6.0,"key":"SMITH"},{"data":"Blizzard","floor":15.0,"key":"SMITH"},{"floor":24,"key":"REST"},{"data":"hubris:DuctTapeCard","floor":27,"key":"SMITH"},{"floor":29,"key":"REST"},{"floor":32,"key":"REST"},{"floor":40,"key":"REST"},{"data":"Defragment","floor":49,"key":"SMITH"}],"circlet_count":0,"master_deck":["Hologram","Hologram","Cold Snap","Capacitor+1","Conserve Battery","Coolheaded","Coolheaded","Cold Snap","Coolheaded","Coolheaded","Genetic Algorithm","Blizzard+1","CurseOfTheBell","hubris:DuctTapeCard+2","infinitespire:Collect+1","Biased Cognition","Cold Snap+1","Defragment+1"],"relics":["Cracked Core","hubris:SoftwareUpdate","hubris:DuctTape","Bird Faced Urn","Lantern","StoneCalendar","Peace Pipe","Orrery","Frozen Eye","Thread and Needle","Calling Bell","MealTicket","Shuriken","Old Coin","hubris:EmptyBottle","Strawberry","Art of War","Bottled Lightning","infinitespire:Bottled Soul","Busted Crown","Orichalcum","infinitespire:CheckeredPen","hubris:ToyBattleship","DataDisk","Cables","Toxic Egg 2","Akabeko"],"acts_visited":["Exordium","TheCity","TheBeyond"],"potions_floor_usage":[23,50,50],"damage_taken":[{"damage":0.0,"enemies":"2 Louse","floor":1.0,"turns":2.0},{"damage":0.0,"enemies":"Cultist","floor":4.0,"turns":4.0},{"damage":0.0,"enemies":"Small Slimes","floor":5.0,"turns":4.0},{"damage":1.0,"enemies":"Exordium Thugs","floor":7.0,"turns":5.0},{"damage":1.0,"enemies":"Lagavulin","floor":10.0,"turns":8.0},{"damage":8.0,"enemies":"3 Louse","floor":11.0,"turns":6.0},{"damage":11.0,"enemies":"3 Sentries","floor":12.0,"turns":7.0},{"damage":21.0,"enemies":"Hexaghost","floor":16.0,"turns":9.0},{"damage":0.0,"enemies":"Spheric Guardian","floor":18.0,"turns":7.0},{"damage":17.0,"enemies":"3 Byrds","floor":19.0,"turns":6.0},{"damage":45,"enemies":"Slavers","floor":23,"turns":7},{"damage":28,"enemies":"Gremlin Leader","floor":25,"turns":7},{"damage":42,"enemies":"Slavers","floor":28,"turns":6},{"damage":2,"enemies":"Centurion and Healer","floor":30,"turns":7},{"damage":4,"enemies":"Automaton","floor":33,"turns":14},{"damage":0,"enemies":"Orb Walker","floor":35,"turns":3},{"damage":6,"enemies":"Giant Head","floor":37,"turns":10},{"damage":0,"enemies":"Nemesis","floor":38,"turns":9},{"damage":0,"enemies":"3 Shapes","floor":39,"turns":3},{"damage":1,"enemies":"Giant Head","floor":41,"turns":10},{"damage":5,"enemies":"Maw","floor":42,"turns":7},{"damage":14,"enemies":"Jaw Worm Horde","floor":44,"turns":5},{"damage":0,"enemies":"Spire Growth","floor":45,"turns":6},{"damage":0,"enemies":"Nemesis","floor":47,"turns":7},{"damage":0,"enemies":"Giant Head","floor":48,"turns":10},{"damage":0,"enemies":"Donu and Deca","floor":50,"turns":8}],"seed_played":"-4316449169406749621","potions_obtained":[{"floor":5.0,"key":"Strength Potion"},{"floor":10.0,"key":"BlessingOfTheForge"},{"floor":12.0,"key":"FairyPotion"},{"floor":47,"key":"PotionOfCapacity"}],"is_trial":true,"path_per_floor":["M","?","?","M","M","R","M","$","T","E","M","E","$","$","R","B",null,"M","M","$","?","$","E","R","E","T","R","E","R","M","AVR","R","B",null,"M","?","E","E","M","R","E","M","T","M","M","$","E","E","R","B",null],"character_chosen":"DEFECT","items_purchased":["Orrery","Frozen Eye","Thread and Needle","hubris:EmptyBottle","Strawberry","Art of War","Defragment","Cables"],"campfire_rested":4,"item_purchase_floors":[13,13,13,20,20,20,46,46],"current_hp_per_floor":[75,75,68,74,75,75,75,75,75,74,72,67,67,67,67,52,75,75,62,82,66,81,42,68,46,46,46,8,34,36,36,62,62,87,87,87,81,85,87,87,86,82,82,74,78,87,87,87,87,87],"gold":185,"neow_bonus":"","is_daily":false,"chose_seed":false,"campfire_upgraded":4,"win_rate":0.0,"timestamp":1613841128,"path_taken":["M","?","?","M","?","R","M","$","T","E","M","E","?","$","R","BOSS","M","M","$","?","$","E","R","E","T","R","E","R","M","AVR","R","BOSS","M","?","?","?","M","R","E","M","T","M","M","$","E","E","R","BOSS"],"items_purchased_type":["Relic","Relic","Relic","Relic","Relic","Relic","Card","Relic"],"build_version":"2020-12-22","purchased_purges":0,"victory":true,"max_hp_per_floor":[75,75,75,75,75,75,75,75,75,75,75,75,75,75,75,75,75,75,75,82,87,87,87,87,87,87,87,87,87,87,87,87,87,87,87,87,87,87,87,87,87,87,87,87,87,87,87,87,87,87],"card_choices":[{"not_picked":["Ball Lightning","Steam","Beam Cell"],"picked":"SKIP","floor":1.0},{"not_picked":["Beam Cell","Cold Snap"],"picked":"Coolheaded","floor":4.0},{"not_picked":["hubris:PowerSurge","Steam Power","Go for the Eyes"],"picked":"SKIP","floor":5.0},{"not_picked":["Sweeping Beam","Self Repair"],"picked":"Coolheaded","floor":7.0},{"not_picked":["Amplify","hubris:Prefetch","All For One"],"picked":"SKIP","floor":10.0},{"not_picked":["Heatsinks","Sweeping Beam"],"picked":"Genetic Algorithm","floor":11.0},{"not_picked":["Hyperbeam","Thunder Strike","All For One"],"picked":"SKIP","floor":12.0},{"not_picked":["Chill","Go for the Eyes"],"picked":"Blizzard","floor":13.0},{"not_picked":["Streamline","Go for the Eyes","Stack"],"picked":"SKIP","floor":18.0},{"not_picked":["Hologram","Leap+1","Melter"],"picked":"SKIP","floor":19.0},{"not_picked":["Buffer","Multi-Cast","Meteor Strike"],"picked":"SKIP","floor":23},{"not_picked":["Electrodynamics","Thunder Strike","Meteor Strike"],"picked":"SKIP","floor":25},{"not_picked":["hubris:SpecializedCircuitry","Core Surge","All For One"],"picked":"SKIP","floor":28},{"not_picked":["hubris:PowerSurge","Scrape+1","Blizzard+1"],"picked":"SKIP","floor":30},{"not_picked":["Fission","Amplify"],"picked":"Biased Cognition","floor":33},{"not_picked":["Steam"],"picked":"SKIP","floor":35},{"not_picked":["Thunder Strike"],"picked":"SKIP","floor":37},{"not_picked":["Machine Learning"],"picked":"SKIP","floor":38},{"not_picked":["Genetic Algorithm+1"],"picked":"SKIP","floor":39},{"not_picked":["Buffer"],"picked":"SKIP","floor":41},{"not_picked":["Gash+1"],"picked":"SKIP","floor":42},{"not_picked":["Leap"],"picked":"SKIP","floor":44},{"not_picked":[],"picked":"Cold Snap+1","floor":45},{"not_picked":["Thunder Strike"],"picked":"SKIP","floor":47},{"not_picked":["Thunder Strike"],"picked":"SKIP","floor":48}],"player_experience":1255003,"relics_obtained":[{"floor":9.0,"key":"Lantern"},{"floor":10.0,"key":"StoneCalendar"},{"floor":12.0,"key":"Peace Pipe"},{"floor":17.0,"key":"MealTicket"},{"floor":17.0,"key":"Shuriken"},{"floor":17.0,"key":"Old Coin"},{"floor":23,"key":"Bottled Lightning"},{"floor":25,"key":"hubris:SoftwareUpdate"},{"floor":26,"key":"hubris:DuctTape"},{"floor":28,"key":"infinitespire:Bottled Soul"},{"floor":37,"key":"Orichalcum"},{"floor":38,"key":"infinitespire:CheckeredPen"},{"floor":41,"key":"hubris:ToyBattleship"},{"floor":43,"key":"DataDisk"},{"floor":47,"key":"Toxic Egg 2"},{"floor":48,"key":"Akabeko"}],"event_choices":[{"damage_healed":0.0,"max_hp_gain":0.0,"max_hp_loss":0.0,"gold_gain":0.0,"event_name":"The Cleric","player_choice":"Leave","floor":2.0,"gold_loss":0.0,"damage_taken":0.0},{"damage_healed":0.0,"max_hp_gain":0.0,"max_hp_loss":0.0,"gold_gain":75.0,"event_name":"FaceTrader","player_choice":"Touch","floor":3.0,"gold_loss":0.0,"damage_taken":7.0},{"damage_healed":0,"gold_gain":0,"player_choice":"Shed Blood","damage_taken":21,"max_hp_gain":5,"max_hp_loss":0,"event_name":"Forgotten Altar","floor":21,"gold_loss":0},{"damage_healed":0,"gold_gain":0,"player_choice":"Upgraded","damage_taken":0,"max_hp_gain":0,"max_hp_loss":0,"event_name":"Upgrade Shrine","floor":36,"gold_loss":0,"cards_upgraded":["infinitespire:Collect"]}],"is_beta":false,"boss_relics":[{"not_picked":["hubris:CrackedHourglass","hubris:HollowSoul"],"picked":"Calling Bell"},{"not_picked":["SacredBark","hubris:BlackHole"],"picked":"Busted Crown"}],"items_purged_floors":[],"is_endless":false,"potions_floor_spawned":[5,10,12,16,23,25,30,41,42,45,47],"ascension_level":0}}