{"host":"we8ay8el3o9pwc2d","time":1613842900,"event":{"mods":["Act Like it!","Aspiration","BaseMod","BetterRewards","Colored Map","Conspire","Elementarium","GungeonMod","Minty Spire (QoL Compilation)","Robot Space Explorer","StSLib","The Jungle","The Marked","Waifu the Spire"],"gold_per_floor":[113,129,145,163,163,163,182,182,208,208,208,224,254,107,107,210,210,225,240,240,259,273,307,319,319,319,319,330,330,430,441,441,541,541,551,601,612,631,631,631],"floor_reached":39,"language":"ENG","playtime":2949,"items_purged":[],"score":632,"play_id":"7b14f6ca-bf71-4199-a19c-8dc8f3fabe94","local_time":"20210220104140","is_ascension_mode":false,"campfire_choices":[{"floor":6,"key":"RECALL"},{"data":"1","floor":8,"key":"LIFT"},{"data":"2","floor":10,"key":"LIFT"},{"data":"3","floor":15,"key":"LIFT"},{"floor":29,"key":"REST"},{"data":"RobotSpaceExplorer:FreezeRay","floor":32,"key":"SMITH"}],"circlet_count":0,"master_deck":["RobotSpaceExplorer:Strike","RobotSpaceExplorer:Strike","RobotSpaceExplorer:Strike","RobotSpaceExplorer:Strike","RobotSpaceExplorer:Defend+1","RobotSpaceExplorer:Defend","RobotSpaceExplorer:Defend","RobotSpaceExplorer:Defend","RobotSpaceExplorer:Scan","RobotSpaceExplorer:MiniLasers+1","RobotSpaceExplorer:GearShield","RobotSpaceExplorer:MiniDrones+1","RobotSpaceExplorer:SurgingStrike","RobotSpaceExplorer:ScrapMissile+1","RobotSpaceExplorer:MiniBoosters","RobotSpaceExplorer:Probe+1","RobotSpaceExplorer:FreezeRay+1","RobotSpaceExplorer:FrostMissile","RobotSpaceExplorer:StunGrenade","RobotSpaceExplorer:DroneSwarm","RobotSpaceExplorer:GlueShot+1","RobotSpaceExplorer:Reload+1","RobotSpaceExplorer:Ammunition+1","RobotSpaceExplorer:TrailblazerForm","RobotSpaceExplorer:Pulsar+1"],"relics":["RobotSpaceExplorer:RoboCore","Girya","Whetstone","Strange Spoon","aspiration:RitualDagger","CultistMask","Bottled Lightning","Omamori","War Paint","MutagenicStrength","Lizard Tail","Eternal Feather","conspire:RoyalGoblet","aspiration:HatOfInfinitePower"],"acts_visited":["Exordium","TheCity","TheBeyond"],"potions_floor_usage":[16,21,31,35,36],"damage_taken":[{"damage":0,"enemies":"Small Slimes","floor":1,"turns":2},{"damage":0,"enemies":"2 Louse","floor":2,"turns":2},{"damage":0,"enemies":"Cultist","floor":3,"turns":3},{"damage":1,"enemies":"conspire:2 RoseBushes","floor":4,"turns":5},{"damage":0,"enemies":"Exordium Thugs","floor":7,"turns":4},{"damage":0,"enemies":"Looter","floor":12,"turns":2},{"damage":0,"enemies":"Gremlin Nob","floor":13,"turns":3},{"damage":0,"enemies":"Slime Boss","floor":16,"turns":6},{"damage":21,"enemies":"2 Thieves","floor":18,"turns":3},{"damage":12,"enemies":"Shell Parasite","floor":19,"turns":4},{"damage":21,"enemies":"conspire:HollyBat","floor":21,"turns":7},{"damage":21,"enemies":"Centurion and Healer","floor":22,"turns":5},{"damage":29,"enemies":"Book of Stabbing","floor":23,"turns":5},{"damage":26,"enemies":"Chosen and Byrds","floor":24,"turns":6},{"damage":18,"enemies":"conspire:HollyBat","floor":28,"turns":6},{"damage":15,"enemies":"Colosseum Slavers","floor":30,"turns":2},{"damage":24,"enemies":"Colosseum Nobs","floor":30,"turns":4},{"damage":12,"enemies":"3 Cultists","floor":31,"turns":4},{"damage":47,"enemies":"conspire:MysteriousRune","floor":33,"turns":9},{"damage":54,"enemies":"3 Darklings","floor":35,"turns":5},{"damage":24,"enemies":"Mind Bloom Boss Battle","floor":36,"turns":8},{"damage":26,"enemies":"3 Shapes","floor":37,"turns":3},{"damage":60,"enemies":"3 Darklings","floor":38,"turns":8},{"damage":34,"enemies":"Writhing Mass","floor":39,"turns":3}],"seed_played":"-3934544231122838381","potions_obtained":[{"floor":2,"key":"SteroidPotion"},{"floor":7,"key":"Swift Potion"},{"floor":13,"key":"Swift Potion"},{"floor":21,"key":"SpeedPotion"},{"floor":28,"key":"RobotSpaceExplorer:RecyclePotion"},{"floor":30,"key":"Energy Potion"},{"floor":31,"key":"Swift Potion"},{"floor":36,"key":"Strength Potion"}],"is_trial":false,"path_per_floor":["M","M","M","M","?","R","M","R","T","R","?","M","E","$","R","B",null,"M","M","?","M","M","E","M","T","T","?","M","R","?","M","R","B",null,"M","?","M","M","M"],"character_chosen":"RobotSpaceExplorer","items_purchased":["RobotSpaceExplorer:GearShield","Strange Spoon"],"campfire_rested":1,"item_purchase_floors":[0,14],"current_hp_per_floor":[61,61,61,60,60,60,60,60,60,60,45,45,45,45,45,45,75,54,42,42,21,75,65,49,49,49,49,40,62,49,50,62,49,75,36,36,20,26,0,0],"gold":631,"neow_bonus":"","is_daily":false,"chose_seed":false,"campfire_upgraded":1,"win_rate":0.0,"timestamp":1613842900,"path_taken":["M","M","M","M","?","R","M","R","T","R","?","M","E","$","R","BOSS","M","M","?","?","?","E","M","?","T","?","M","R","?","M","R","BOSS","M","?","M","M","M"],"items_purchased_type":["Card","Relic"],"build_version":"2020-12-22","purchased_purges":0,"victory":false,"max_hp_per_floor":[75,75,75,75,75,75,75,75,75,75,75,75,75,75,75,75,75,75,75,75,75,75,75,75,75,75,75,75,75,75,75,75,75,75,75,75,75,75,75,75],"card_choices":[{"not_picked":["RobotSpaceExplorer:GearShield","RobotSpaceExplorer:Probe"],"picked":"RobotSpaceExplorer:SurgingStrike","floor":1},{"not_picked":["RobotSpaceExplorer:ScrapToss","RobotSpaceExplorer:GlueShot"],"picked":"RobotSpaceExplorer:ScrapMissile","floor":2},{"not_picked":["RobotSpaceExplorer:Counterblock","RobotSpaceExplorer:ShockKick"],"picked":"RobotSpaceExplorer:MiniBoosters","floor":3},{"not_picked":["RobotSpaceExplorer:StarDust","RobotSpaceExplorer:ShovelStrike"],"picked":"RobotSpaceExplorer:Probe","floor":4},{"not_picked":["RobotSpaceExplorer:SwiftStep","RobotSpaceExplorer:MiniDrones"],"picked":"RobotSpaceExplorer:FreezeRay","floor":7},{"not_picked":["RobotSpaceExplorer:StarDust","RobotSpaceExplorer:StunGrenade"],"picked":"RobotSpaceExplorer:FrostMissile","floor":12},{"not_picked":["RobotSpaceExplorer:Pulsar","RobotSpaceExplorer:GlueSpray"],"picked":"RobotSpaceExplorer:StunGrenade","floor":13},{"not_picked":["RobotSpaceExplorer:Explosion","RobotSpaceExplorer:Exploration"],"picked":"RobotSpaceExplorer:DroneSwarm","floor":16},{"not_picked":["RobotSpaceExplorer:Probe","RobotSpaceExplorer:GlueSpray"],"picked":"RobotSpaceExplorer:GlueShot","floor":18},{"not_picked":["RobotSpaceExplorer:ShovelStrike","RobotSpaceExplorer:StunGrenade","RobotSpaceExplorer:SurgingShield"],"picked":"SKIP","floor":19},{"not_picked":["RobotSpaceExplorer:SwiftStep+1","RobotSpaceExplorer:BlastShield","RobotSpaceExplorer:StunGrenade"],"picked":"SKIP","floor":21},{"not_picked":["RobotSpaceExplorer:FranticSearch","RobotSpaceExplorer:Probe","RobotSpaceExplorer:SurgingShield"],"picked":"SKIP","floor":22},{"not_picked":["RobotSpaceExplorer:SlimeMissile","RobotSpaceExplorer:RigExplosive","RobotSpaceExplorer:ScrapMissile"],"picked":"SKIP","floor":23},{"not_picked":["RobotSpaceExplorer:RigExplosive","RobotSpaceExplorer:SelfCleaning"],"picked":"RobotSpaceExplorer:Reload+1","floor":24},{"not_picked":["RobotSpaceExplorer:ShovelStrike","RobotSpaceExplorer:Blitz","RobotSpaceExplorer:FranticSearch"],"picked":"SKIP","floor":28},{"not_picked":["RobotSpaceExplorer:SwiftStep","RobotSpaceExplorer:Smokescreen+1"],"picked":"RobotSpaceExplorer:Ammunition+1","floor":30},{"not_picked":["RobotSpaceExplorer:ToxicBomb","RobotSpaceExplorer:FranticSearch","RobotSpaceExplorer:SurgingStrike"],"picked":"SKIP","floor":31},{"not_picked":["RobotSpaceExplorer:Accelerator","RobotSpaceExplorer:HighVoltage"],"picked":"RobotSpaceExplorer:TrailblazerForm","floor":33},{"not_picked":["RobotSpaceExplorer:Pulsar","RobotSpaceExplorer:RigExplosive","RobotSpaceExplorer:LaserBurst"],"picked":"SKIP","floor":35},{"not_picked":["RobotSpaceExplorer:Counterblock","RobotSpaceExplorer:ExhaustFan+1"],"picked":"RobotSpaceExplorer:Pulsar+1","floor":37},{"not_picked":["RobotSpaceExplorer:DroneSwarm","RobotSpaceExplorer:ScrapShield+1","RobotSpaceExplorer:ImprovisedAttack"],"picked":"SKIP","floor":38}],"player_experience":1821029,"relics_obtained":[{"floor":13,"key":"Whetstone"},{"floor":23,"key":"Bottled Lightning"},{"floor":25,"key":"Omamori"},{"floor":26,"key":"War Paint"},{"floor":30,"key":"Lizard Tail"},{"floor":30,"key":"Eternal Feather"},{"floor":36,"key":"aspiration:HatOfInfinitePower"}],"event_choices":[{"damage_healed":0,"gold_gain":0,"player_choice":"Leave","damage_taken":0,"max_hp_gain":0,"max_hp_loss":0,"event_name":"conspire:Investor","floor":5,"gold_loss":0},{"damage_healed":0,"gold_gain":0,"player_choice":"Entered Light","damage_taken":15,"max_hp_gain":0,"max_hp_loss":0,"event_name":"Shining Light","floor":11,"gold_loss":0,"cards_upgraded":["RobotSpaceExplorer:MiniLasers","RobotSpaceExplorer:MiniDrones"]},{"damage_healed":0,"gold_gain":0,"player_choice":"Trade","damage_taken":0,"relics_obtained":["CultistMask"],"max_hp_gain":0,"max_hp_loss":0,"event_name":"FaceTrader","floor":20,"gold_loss":0},{"damage_healed":0,"gold_gain":0,"player_choice":"Inject Mutagens","damage_taken":0,"relics_obtained":["MutagenicStrength"],"max_hp_gain":0,"max_hp_loss":0,"event_name":"Drug Dealer","floor":27,"gold_loss":0},{"damage_healed":0,"gold_gain":0,"player_choice":"Fight","damage_taken":0,"max_hp_gain":0,"max_hp_loss":0,"event_name":"Colosseum","floor":30,"gold_loss":0},{"damage_healed":0,"gold_gain":0,"player_choice":"Fought Nobs","damage_taken":0,"max_hp_gain":0,"max_hp_loss":0,"event_name":"Colosseum","floor":30,"gold_loss":0},{"damage_healed":0,"gold_gain":0,"player_choice":"Fight","damage_taken":0,"max_hp_gain":0,"max_hp_loss":0,"event_name":"MindBloom","floor":36,"gold_loss":0}],"is_beta":false,"boss_relics":[{"not_picked":["Empty Cage","aspiration:WatcherSkillbook"],"picked":"aspiration:RitualDagger"},{"not_picked":["Astrolabe","Black Star"],"picked":"conspire:RoyalGoblet"}],"items_purged_floors":[],"is_endless":false,"potions_floor_spawned":[2,7,13,21,28,30,30,31,36],"killed_by":"Writhing Mass","ascension_level":0}}