{"host":"1dhlu4qzehvrzpot","time":1613861029,"event":{"mods":["2.2 Compatiblity","AchievementEnabler","BaseMod","Block Reminder","Minty Spire (QoL Compilation)","Permanent Neow","Quick Restart","Rare Cards Sparkle","Relic Stats","Say the Spire","Slay-I","StSLib","SuperFastMode"],"gold_per_floor":[115,129,129,304,324,359,377,377,377],"floor_reached":8,"language":"ENG","playtime":139,"items_purged":[],"score":93,"play_id":"fba02fd3-926c-4802-93e0-abd66bcbf8ee","local_time":"20210220234349","is_ascension_mode":true,"campfire_choices":[],"circlet_count":0,"master_deck":["AscendersBane","Strike_B","Strike_B","Strike_B","Strike_B","Defend_B","Defend_B","Defend_B","Defend_B","Zap","Dualcast+1","Ball Lightning","Coolheaded","Doubt","Genetic Algorithm","Steam","White Noise"],"relics":["Cracked Core","FossilizedHelix","Akabeko"],"acts_visited":["Exordium"],"potions_floor_usage":[6,8],"damage_taken":[{"damage":0,"enemies":"Cultist","floor":1,"turns":4},{"damage":0,"enemies":"2 Louse","floor":2,"turns":3},{"damage":7,"enemies":"Jaw Worm","floor":5,"turns":3},{"damage":31,"enemies":"3 Sentries","floor":6,"turns":8},{"damage":0,"enemies":"Exordium Wildlife","floor":7,"turns":2},{"damage":16,"enemies":"Gremlin Nob","floor":8,"turns":3}],"seed_played":"-7602730900981288071","potions_obtained":[{"floor":2,"key":"Strength Potion"},{"floor":5,"key":"Swift Potion"}],"is_trial":false,"path_per_floor":["M","M","?","?","M","E","M","E"],"character_chosen":"DEFECT","items_purchased":[],"campfire_rested":0,"item_purchase_floors":[],"current_hp_per_floor":[50,50,50,50,43,12,12,0,0],"gold":377,"neow_bonus":"ONE_RARE_RELIC","is_daily":false,"chose_seed":false,"campfire_upgraded":0,"win_rate":0.0,"timestamp":1613861029,"path_taken":["M","?","?","?","M","E","M","E"],"items_purchased_type":[],"build_version":"2020-12-22","purchased_purges":0,"victory":false,"max_hp_per_floor":[75,75,75,75,75,75,75,75,75],"relic_stats":{"counters":[6,23],"obtain_stats":[{"Cracked Core":0,"FossilizedHelix":0,"Akabeko":6},{"Cracked Core":0,"FossilizedHelix":0,"Akabeko":4},{"Cracked Core":0,"FossilizedHelix":0,"Akabeko":18}]},"card_choices":[{"not_picked":["Stack","Force Field"],"picked":"Ball Lightning","floor":1},{"not_picked":["Cold Snap","Melter"],"picked":"Coolheaded","floor":2},{"not_picked":["Rebound","Conserve Battery"],"picked":"Genetic Algorithm","floor":5},{"not_picked":["Static Discharge","Fusion"],"picked":"Steam","floor":6},{"not_picked":["Heatsinks","Rip and Tear"],"picked":"White Noise","floor":7}],"player_experience":558832,"relics_obtained":[{"floor":6,"key":"Akabeko"}],"event_choices":[{"damage_healed":0,"gold_gain":0,"player_choice":"Grow","damage_taken":0,"max_hp_gain":0,"max_hp_loss":0,"event_name":"Living Wall","floor":3,"gold_loss":0,"cards_upgraded":["Dualcast"]},{"damage_healed":0,"gold_gain":175,"player_choice":"AGREE","damage_taken":0,"max_hp_gain":0,"max_hp_loss":0,"event_name":"Liars Game","floor":4,"gold_loss":0,"cards_obtained":["Doubt"]}],"is_beta":false,"boss_relics":[],"items_purged_floors":[],"is_endless":false,"potions_floor_spawned":[2,5],"killed_by":"Gremlin Nob","ascension_level":12}}