{"host":"vk2xyavtylxbvrfq","time":1613799743,"event":{"mods":["Bard","BaseMod","Bestiary","Better Altar","Better Match","Better Note","Better Sensory Stone","Better Skull","Better Vampires","Block Reminder","Bossed Relics","Colored Map","Curses Come First","Displayed Cursed Tome","Downfall","Extra Virgin Snecko Oil","Fox Events","Hermit","Ironclad Rager","Marked Mod","Minty Spire (QoL Compilation)","Quick Restart","Rare Cards Sparkle","Relic Sorter","Reliquary","Robot Space Explorer","Shapeshifter Mod","StSLib","The Hayseed","The Marked","The Runesmith","Unceasing Turn Reminder"],"gold_per_floor":[111,111,125,179,208,243,243,418,495,495,523,87,118,132,132,237,314,332,348,3,3,3,3,19,29,133,133,153,428,447,44,44,148,225,243,255,255,265,314,314,324,343,445,1,11,11,38,138,138,138,138,138,16,41,41,41],"floor_reached":55,"language":"ENG","playtime":3394,"items_purged":[],"score":1157,"play_id":"70236bc8-9881-46ae-821f-9a86b6e0935c","local_time":"20210220004223","is_ascension_mode":true,"campfire_choices":[{"floor":7.0,"key":"REST"},{"floor":10.0,"key":"REST"},{"floor":15.0,"key":"REST"},{"floor":23.0,"key":"REST"},{"floor":27.0,"key":"REST"},{"floor":32.0,"key":"REST"},{"floor":40.0,"key":"REST"},{"floor":46.0,"key":"RECALL"},{"data":"downfall:Bewildered","floor":49.0,"key":"PURGE"},{"floor":52.0,"key":"REST"}],"circlet_count":0,"master_deck":["hermit:Strike_Hermit+1","hermit:Strike_Hermit+1","hermit:Strike_Hermit+1","hermit:Strike_Hermit+1","hermit:Defend_Hermit+1","hermit:Defend_Hermit+1","hermit:Defend_Hermit+1","hermit:Defend_Hermit+1","hermit:Snapshot+1","hermit:Covet","hermit:Determination","hermit:Quickdraw+1","hermit:FlashPowder","hermit:Manifest","hermit:Determination","Doubt","hermit:FlashPowder","hermit:Vantage","hermit:Dive","hermit:ShadowCloak","hermit:RoundhouseKick","hermit:Malice","hermit:FlashPowder","hermit:SprayPray","hermit:Dissolve","hermit:LoneWolf+1","hermit:Coalescence","hermit:Grudge+1","hermit:Quickdraw","hermit:Spite","Regret","hermit:Quickdraw+1","hermit:Coalescence","hermit:Determination","hermit:FatalDesire","hermit:ShadowCloak+1","hermit:Quickdraw+1","hermit:Vantage+1","hermit:BigShot","hermit:ShadowCloak","downfall:Haunted","downfall:Haunted","hermit:Roughhouse","TheSimpletonMod:Spoilage","downfall:Malfunctioning","hermit:FromBeyond","hermit:Quickdraw","hermit:HeroicBravado"],"relics":["hermit:Momento","Art of War","foxEvents:LuckyCharm","Happy Flower","White Beast Statue","reliquary:Aerogel","Bird Faced Urn","Orrery","reliquary:IridiumChain","Astrolabe","reliquary:Bookmark","Lantern","Ancient Tea Set","Medical Kit","Whetstone","Sozu","Lizard Tail","hermit:PetGhost","Peace Pipe","reliquary:FeatherDuster","Darkstone Periapt","Ice Cream"],"acts_visited":["Exordium","TheCity","TheBeyond","TheEnding"],"potions_floor_usage":[],"damage_taken":[{"damage":12.0,"enemies":"Jaw Worm","floor":1.0,"turns":4.0},{"damage":7.0,"enemies":"2 Louse","floor":3.0,"turns":3.0},{"damage":8.0,"enemies":"Colosseum Slavers","floor":5.0,"turns":5.0},{"damage":17.0,"enemies":"Lagavulin","floor":6.0,"turns":9.0},{"damage":15.0,"enemies":"3 Sentries","floor":11.0,"turns":8.0},{"damage":49.0,"enemies":"Gremlin Nob","floor":13.0,"turns":6.0},{"damage":0.0,"enemies":"Small Slimes","floor":14.0,"turns":3.0},{"damage":37.0,"enemies":"The Guardian","floor":16.0,"turns":15.0},{"damage":27.0,"enemies":"Chosen","floor":18.0,"turns":8.0},{"damage":31.0,"enemies":"2 Thieves","floor":19.0,"turns":5.0},{"damage":17.0,"enemies":"Centurion and Healer","floor":24.0,"turns":9.0},{"damage":13.0,"enemies":"Snake Plant","floor":25.0,"turns":4.0},{"damage":6.0,"enemies":"3 Cultists","floor":28.0,"turns":4.0},{"damage":0.0,"enemies":"Snecko","floor":30.0,"turns":5.0},{"damage":10.0,"enemies":"Champ","floor":33.0,"turns":10.0},{"damage":10.0,"enemies":"3 Shapes","floor":35.0,"turns":6.0},{"damage":6.0,"enemies":"Orb Walker","floor":36.0,"turns":5.0},{"damage":7.0,"enemies":"3 Darklings","floor":38.0,"turns":5.0},{"damage":52.0,"enemies":"2 Orb Walkers","floor":39.0,"turns":8.0},{"damage":22.0,"enemies":"Jaw Worm Horde","floor":41.0,"turns":6.0},{"damage":7.0,"enemies":"Maw","floor":42.0,"turns":11.0},{"damage":1.0,"enemies":"3 Darklings","floor":45.0,"turns":9.0},{"damage":31.0,"enemies":"Reptomancer","floor":47.0,"turns":7.0},{"damage":90.0,"enemies":"Time Eater","floor":50.0,"turns":14.0},{"damage":88.0,"enemies":"Shield and Spear","floor":54.0,"turns":18.0},{"damage":100330,"enemies":"The Heart","floor":55,"turns":15}],"seed_played":"-4211218406490136234","potions_obtained":[{"floor":1.0,"key":"hermit:Tonic"},{"floor":6.0,"key":"Explosive Potion"},{"floor":11.0,"key":"PowerPotion"},{"floor":13.0,"key":"Swift Potion"},{"floor":14.0,"key":"champ:CounterPotion"},{"floor":16.0,"key":"Fire Potion"},{"floor":18.0,"key":"Ancient Potion"},{"floor":19.0,"key":"Guardian:BlockOnCardUsePotion"},{"floor":24.0,"key":"champ:CounterPotion"},{"floor":25.0,"key":"Explosive Potion"},{"floor":28.0,"key":"Weak Potion"},{"floor":30.0,"key":"hexamod:SoulburnPotion"},{"floor":33.0,"key":"Energy Potion"}],"is_trial":false,"path_per_floor":["M","?","M","T","?","E","R","?","T","R","E","$","E","M","R","B",null,"M","M","$","?","?","R","M","M","T","R","M","?","M","$","R","B",null,"M","M","?","M","?","R","M","M","T","$","M","R","E","?","R","B",null,"R","$","E","B"],"character_chosen":"HERMIT","items_purchased":["Bird Faced Urn","Orrery","reliquary:Bookmark","Lantern","hermit:Coalescence","Medical Kit","Whetstone","hermit:Coalescence","hermit:Determination","hermit:PetGhost","Peace Pipe","hermit:FromBeyond","hermit:Quickdraw"],"campfire_rested":8,"item_purchase_floors":[12,12,20,20,20,31,31,31,31,44,44,53,53],"current_hp_per_floor":[56,56,49,49,41,24,46,46,46,68,53,53,12,16,38,9,59,42,17,17,17,17,39,32,27,27,49,49,49,53,53,75,71,74,69,75,75,74,38,60,52,75,75,75,75,75,55,90,90,24,89,110,110,58,0,0],"gold":41,"neow_bonus":"THREE_CARDS","is_daily":false,"chose_seed":false,"campfire_upgraded":0,"win_rate":0.0,"timestamp":1613799743,"path_taken":["M","?","M","?","?","E","R","?","T","R","E","$","E","M","R","BOSS","M","M","$","?","?","R","M","?","T","R","M","?","M","?","R","BOSS","M","?","?","?","?","R","M","M","T","$","M","R","E","?","R","BOSS","R","$","E","BOSS"],"items_purchased_type":["Relic","Relic","Relic","Relic","Card","Relic","Relic","Card","Card","Relic","Relic","Card","Card"],"build_version":"2020-12-22","purchased_purges":0,"victory":false,"max_hp_per_floor":[75,75,75,75,75,75,75,75,75,75,75,75,75,75,75,75,75,75,75,75,75,75,75,75,75,75,75,75,75,75,75,75,75,75,75,75,75,75,75,75,75,75,75,75,75,75,75,110,110,110,110,110,110,110,110,110],"card_choices":[{"not_picked":["hermit:Desperado","hermit:Brawl"],"picked":"hermit:Determination","floor":0.0},{"not_picked":["hermit:Virtue","hermit:WideOpen"],"picked":"hermit:Quickdraw","floor":1.0},{"not_picked":["hermit:Ricochet","hermit:Enervate"],"picked":"hermit:Manifest","floor":3.0},{"not_picked":["hermit:Grudge","hermit:HighCaliber"],"picked":"hermit:Determination","floor":6.0},{"not_picked":["hermit:ShadowCloak","hermit:Manifest"],"picked":"hermit:FlashPowder","floor":11.0},{"not_picked":["hermit:CursedWeapon","hermit:Headshot"],"picked":"hermit:Vantage","floor":12.0},{"not_picked":["hermit:BodyArmor","hermit:ItchyTrigger"],"picked":"hermit:Dive","floor":12.0},{"not_picked":["hermit:PistolWhip","hermit:NoHoldsBarred"],"picked":"hermit:ShadowCloak","floor":12.0},{"not_picked":["hermit:Manifest","hermit:Maintenance"],"picked":"hermit:RoundhouseKick","floor":12.0},{"not_picked":["hermit:Horror","hermit:Ricochet"],"picked":"hermit:Malice","floor":12.0},{"not_picked":["hermit:HighCaliber","hermit:HoleUp"],"picked":"hermit:FlashPowder","floor":13.0},{"not_picked":["hermit:Ricochet","hermit:Enervate"],"picked":"hermit:SprayPray","floor":14.0},{"not_picked":["hermit:FatalDesire","hermit:Adapt"],"picked":"hermit:Dissolve","floor":16.0},{"not_picked":["hermit:CursedWeapon+1","hermit:Headshot+1","hermit:Showdown"],"picked":"SKIP","floor":18.0},{"not_picked":["hermit:ItchyTrigger","hermit:Showdown"],"picked":"hermit:LoneWolf","floor":19.0},{"not_picked":["hermit:NoHoldsBarred","hermit:Spite"],"picked":"hermit:Grudge+1","floor":24.0},{"not_picked":["hermit:Roulette","hermit:PistolWhip"],"picked":"hermit:Quickdraw","floor":25.0},{"not_picked":["hermit:LowProfile","hermit:PistolWhip"],"picked":"hermit:Spite","floor":28.0},{"not_picked":["hermit:TrackingShot","hermit:PistolWhip"],"picked":"hermit:Quickdraw+1","floor":30.0},{"not_picked":["hermit:Roughhouse","hermit:OverwhelmingPower"],"picked":"hermit:FatalDesire","floor":33.0},{"not_picked":["hermit:Feint","hermit:Misfire"],"picked":"hermit:ShadowCloak+1","floor":35.0},{"not_picked":["hermit:DeadMansHand","hermit:Roulette+1","hermit:Misfire"],"picked":"SKIP","floor":36.0},{"not_picked":["hermit:BodyArmor","hermit:CalledShot+1"],"picked":"hermit:Quickdraw+1","floor":38.0},{"not_picked":["hermit:Misfire+1","hermit:PistolWhip+1"],"picked":"hermit:Vantage+1","floor":41.0},{"not_picked":["hermit:Manifest+1","hermit:TrackingShot+1"],"picked":"hermit:BigShot","floor":42.0},{"not_picked":["hermit:Ricochet","hermit:Brawl+1"],"picked":"hermit:ShadowCloak","floor":45.0},{"not_picked":["hermit:Feint","hermit:Desperado+1","hermit:Ricochet"],"picked":"SKIP","floor":47.0},{"not_picked":["hermit:BigShot","hermit:Feint+1"],"picked":"hermit:HeroicBravado","floor":54.0}],"player_experience":1445407,"relics_obtained":[{"floor":4.0,"key":"Art of War"},{"floor":5.0,"key":"foxEvents:LuckyCharm"},{"floor":6.0,"key":"Happy Flower"},{"floor":9.0,"key":"White Beast Statue"},{"floor":11.0,"key":"reliquary:Aerogel"},{"floor":13.0,"key":"reliquary:IridiumChain"},{"floor":26.0,"key":"Ancient Tea Set"},{"floor":39.0,"key":"Lizard Tail"},{"floor":47.0,"key":"reliquary:FeatherDuster"},{"floor":54.0,"key":"Ice Cream"}],"event_choices":[{"damage_healed":0.0,"max_hp_gain":0.0,"max_hp_loss":0.0,"gold_gain":1.0,"event_name":"betterStone:BetterStone","player_choice":"4","floor":2.0,"gold_loss":0.0,"damage_taken":0.0,"cards_obtained":["hermit:FlashPowder"]},{"damage_healed":0.0,"max_hp_gain":0.0,"max_hp_loss":0.0,"gold_gain":175.0,"event_name":"Liars Game","player_choice":"AGREE","floor":8.0,"gold_loss":0.0,"damage_taken":0.0,"cards_obtained":["Doubt"]},{"damage_healed":0.0,"max_hp_gain":0.0,"max_hp_loss":0.0,"gold_gain":0.0,"event_name":"Back to Basics","player_choice":"Simplicity","floor":21.0,"gold_loss":0.0,"damage_taken":0.0,"cards_upgraded":["hermit:Strike_Hermit","hermit:Strike_Hermit","hermit:Strike_Hermit","hermit:Strike_Hermit","hermit:Defend_Hermit","hermit:Defend_Hermit","hermit:Defend_Hermit","hermit:Defend_Hermit"]},{"damage_healed":0.0,"max_hp_gain":0.0,"max_hp_loss":0.0,"gold_gain":0.0,"event_name":"Upgrade Shrine","player_choice":"Upgraded","floor":22.0,"gold_loss":0.0,"damage_taken":0.0,"cards_upgraded":["hermit:LoneWolf"]},{"damage_healed":0.0,"max_hp_gain":0.0,"max_hp_loss":0.0,"gold_gain":275.0,"event_name":"Golden Shrine","player_choice":"Desecrate","floor":29.0,"gold_loss":0.0,"damage_taken":0.0,"cards_obtained":["Regret"]},{"damage_healed":0.0,"max_hp_gain":0.0,"max_hp_loss":0.0,"gold_gain":0.0,"event_name":"Lab","player_choice":"Got Potions","floor":37.0,"gold_loss":0.0,"damage_taken":0.0},{"damage_healed":0.0,"max_hp_gain":0.0,"max_hp_loss":0.0,"gold_gain":0.0,"event_name":"Mysterious Sphere","player_choice":"Fight","floor":39.0,"gold_loss":0.0,"damage_taken":0.0}],"is_beta":false,"boss_relics":[{"not_picked":["Snecko Eye","Empty Cage"],"picked":"Astrolabe"},{"not_picked":["Philosopher\u0027s Stone","hermit:BartenderGlass"],"picked":"Sozu"}],"items_purged_floors":[],"is_endless":false,"potions_floor_spawned":[1,6,11,13,14,16,18,19,24,25,28,30,33,35,36,38,39,41,42,45,47,54],"killed_by":"The Heart","ascension_level":7}}