{"host":"78edkx97cmgws1r9","time":1613786428,"event":{"mods":["Act Like it!","BaseMod","Better Note","Better Sensory Stone","Colored Map","Colored Powertips","Hermit","Minty Spire (QoL Compilation)","Rare Cards Sparkle","Replay The Spire","StSLib"],"gold_per_floor":[116,39,57,232,41,41,58,83,83,100,129,139,156,183,183,283,333,344,312,45,62,62,91,91,91,91,91,91],"floor_reached":27,"language":"ENG","playtime":3028,"items_purged":["Doubt","Defend_G"],"score":266,"play_id":"645b7a5c-4d61-42d7-991a-3c7f6bc132f5","local_time":"20210220030028","is_ascension_mode":true,"campfire_choices":[{"floor":6,"key":"RECALL"},{"floor":15,"key":"REST"},{"floor":24,"key":"REST"}],"circlet_count":0,"master_deck":["Strike_G","Strike_G","Strike_G","Strike_G","Strike_G","Defend_G","Defend_G","Defend_G","Defend_G","Survivor","Neutralize","Footwork+1","Deflect","Replay:Bootleg Shield Generator","Poisoned Stab","Poisoned Stab","Deadly Poison","Acrobatics","Backflip","Burst","Deadly Poison","Toxin Wave","Deflect","Caltrops","Replay:Bootleg Shield Generator","Noxious Fumes","Catalyst","Finesse","Flash of Steel"],"relics":["Ring of the Snake","The Courier","ReplayFunnel","Juzu Bracelet","Tiny House","Bottled Flame","Molten Egg 2"],"acts_visited":["Exordium","TheCity"],"potions_floor_usage":[11,14,14,14,19,19,21,23,23,27],"damage_taken":[{"damage":0,"enemies":"Small Slimes","floor":1,"turns":3},{"damage":1,"enemies":"Cultist","floor":3,"turns":4},{"damage":1,"enemies":"2 Louse","floor":7,"turns":2},{"damage":26,"enemies":"3 Sentries","floor":8,"turns":12},{"damage":4,"enemies":"Large Slime","floor":10,"turns":6},{"damage":6,"enemies":"Lagavulin","floor":11,"turns":9},{"damage":0,"enemies":"2 Fungi Beasts","floor":12,"turns":4},{"damage":1,"enemies":"Blue Slaver","floor":13,"turns":5},{"damage":9,"enemies":"3 Sentries","floor":14,"turns":6},{"damage":33,"enemies":"Hexaghost","floor":16,"turns":12},{"damage":6,"enemies":"3 Byrds","floor":18,"turns":6},{"damage":13,"enemies":"2 Thieves","floor":19,"turns":5},{"damage":8,"enemies":"Centurion and Healer","floor":21,"turns":8},{"damage":17,"enemies":"Book of Stabbing","floor":23,"turns":7},{"damage":62,"enemies":"Gremlin Leader","floor":27,"turns":4}],"seed_played":"5116640662248440810","potions_obtained":[{"floor":10,"key":"Dexterity Potion"},{"floor":11,"key":"SkillPotion"},{"floor":12,"key":"Regen Potion"},{"floor":13,"key":"PowerPotion"},{"floor":16,"key":"EntropicBrew"},{"floor":17,"key":"Block Potion"},{"floor":21,"key":"Weak Potion"}],"is_trial":false,"path_per_floor":["M","$","M","?","$","R","M","E","T","M","E","M","M","E","R","B",null,"M","M","$","M","?","E","R","?","T","E"],"character_chosen":"THE_SILENT","items_purchased":["Footwork","Replay:Bootleg Shield Generator","Poisoned Stab","Caltrops","Replay:Bootleg Shield Generator","Noxious Fumes"],"campfire_rested":2,"item_purchase_floors":[2,5,5,20,20,20],"current_hp_per_floor":[77,77,76,76,76,76,75,49,49,45,39,39,38,44,67,34,82,76,63,63,55,55,38,62,62,62,0,0],"gold":91,"neow_bonus":"TEN_PERCENT_HP_BONUS","is_daily":false,"chose_seed":false,"campfire_upgraded":0,"win_rate":0.0,"timestamp":1613786428,"path_taken":["M","$","M","?","$","R","M","E","T","M","E","M","M","E","R","BOSS","M","M","$","M","?","E","R","?","T","E"],"items_purchased_type":["Card","Card","Card","Card","Card","Card"],"build_version":"2020-12-22","purchased_purges":2,"victory":false,"max_hp_per_floor":[77,77,77,77,77,77,77,77,77,77,77,77,77,77,77,77,82,82,82,82,82,82,82,82,82,82,82,82],"card_choices":[{"not_picked":["Flying Knee","Acrobatics","Dodge and Roll"],"picked":"SKIP","floor":1},{"not_picked":["ReplayTheSpireMod:Tripwire","All Out Attack"],"picked":"Deflect","floor":3},{"not_picked":["Reflex","Dagger Throw","Blade Dance"],"picked":"SKIP","floor":7},{"not_picked":["Blade Dance","Underhanded Strike"],"picked":"Deadly Poison","floor":8},{"not_picked":["ReplayTheSpireMod:Scrap Shanks","Slice","Cloak And Dagger"],"picked":"SKIP","floor":10},{"not_picked":["Toxin Wave","Prepared","ReplayTheSpireMod:From All Sides"],"picked":"SKIP","floor":11},{"not_picked":["Heel Hook","Infinite Blades"],"picked":"Acrobatics","floor":12},{"not_picked":["Dagger Spray","Underhanded Strike","Dodge and Roll"],"picked":"SKIP","floor":13},{"not_picked":["Bane","Dagger Spray"],"picked":"Backflip","floor":14},{"not_picked":["Tools of the Trade","Night Terror"],"picked":"Burst","floor":16},{"not_picked":["Calculated Gamble","Flying Knee"],"picked":"Deadly Poison","floor":17},{"not_picked":["ReplayTheSpireMod:Shiv Toss","Dagger Throw"],"picked":"Toxin Wave","floor":18},{"not_picked":["Flying Knee","Underhanded Strike"],"picked":"Deflect","floor":19},{"not_picked":["Corpse Explosion","Skewer"],"picked":"Catalyst","floor":21},{"not_picked":["Bane","Choke","ReplayTheSpireMod:The Works+1"],"picked":"SKIP","floor":23},{"not_picked":["Specialist","Replay:Sssssssssshield"],"picked":"Finesse","floor":25},{"not_picked":["Survey Options","Deep Breath"],"picked":"Flash of Steel","floor":25}],"player_experience":150242,"relics_obtained":[{"floor":8,"key":"The Courier"},{"floor":11,"key":"ReplayFunnel"},{"floor":14,"key":"Juzu Bracelet"},{"floor":23,"key":"Bottled Flame"},{"floor":26,"key":"Molten Egg 2"}],"event_choices":[{"damage_healed":0,"gold_gain":175,"player_choice":"AGREE","damage_taken":0,"max_hp_gain":0,"max_hp_loss":0,"event_name":"Liars Game","floor":4,"gold_loss":0,"cards_obtained":["Doubt"]},{"cards_removed":["Defend_G"],"damage_healed":0,"gold_gain":0,"player_choice":"Give","damage_taken":0,"max_hp_gain":0,"max_hp_loss":0,"event_name":"betterNote:BetterNote","floor":22,"gold_loss":0,"cards_obtained":["Strike_G"]},{"damage_healed":0,"gold_gain":2,"player_choice":"1","damage_taken":0,"max_hp_gain":0,"max_hp_loss":0,"event_name":"betterStone:BetterStone","floor":25,"gold_loss":0}],"is_beta":false,"boss_relics":[{"not_picked":["Cursed Key","ChewingGum"],"picked":"Tiny House"}],"items_purged_floors":[5,20],"is_endless":false,"potions_floor_spawned":[10,11,12,13,16,19,21],"killed_by":"Gremlin Leader","ascension_level":1}}