{"host":"7vsti54a9aip3o1e","time":1613806208,"event":{"mods":["AchievementEnabler","BaseMod","Colored Map","Colored Powertips","Highlight Path","Minty Spire (QoL Compilation)","Quick Restart","Rare Cards Sparkle","SuperFastMode"],"gold_per_floor":[111,111,111,111,130,130,130,163,218,69,33,50,63,86,86,162,162,179,198,48,48,68,68,84,84,84,114,134,134,148,160,160,234,234,251,26,45,45,45,45,80,80,104,117,142,142,152,169,169,169],"floor_reached":51,"language":"ENG","playtime":1892,"items_purged":["Strike_B"],"score":1286,"play_id":"3e5d9738-3487-4a0d-984e-f38a6e06cf7a","local_time":"20210220023008","is_ascension_mode":true,"campfire_choices":[{"data":"Streamline","floor":6.0,"key":"SMITH"},{"data":"Conserve Battery","floor":15.0,"key":"SMITH"},{"floor":23.0,"key":"REST"},{"floor":29.0,"key":"REST"},{"data":"Chill","floor":32.0,"key":"SMITH"},{"data":"Steam","floor":40.0,"key":"SMITH"},{"floor":42.0,"key":"REST"},{"floor":46.0,"key":"REST"},{"floor":49.0,"key":"REST"}],"circlet_count":0,"master_deck":["AscendersBane","Strike_B","Strike_B","Defend_B+1","Defend_B+1","Defend_B","Defend_B","Zap","Dualcast+1","Conserve Battery+1","Streamline+1","Gash+1","Self Repair","Go for the Eyes+1","Scrape+1","All For One+1","RitualDagger+1","Gash+1","Steam+1","Chill+1","Coolheaded","Gash+1","Machine Learning","Coolheaded"],"relics":["Cracked Core","NeowsBlessing","Molten Egg 2","Potion Belt","Anchor","ClockworkSouvenir","Odd Mushroom","Black Star","Nunchaku","Pantograph","Strawberry","Akabeko","Inserter","Strange Spoon","Oddly Smooth Stone","Orichalcum","Pen Nib","Happy Flower","Toy Ornithopter","Symbiotic Virus"],"acts_visited":["Exordium","TheCity","TheBeyond"],"potions_floor_usage":[50],"damage_taken":[{"damage":0.0,"enemies":"Jaw Worm","floor":1.0,"turns":1.0},{"damage":0.0,"enemies":"Small Slimes","floor":5.0,"turns":1.0},{"damage":0.0,"enemies":"Lagavulin","floor":8.0,"turns":1.0},{"damage":0.0,"enemies":"2 Louse","floor":12.0,"turns":2.0},{"damage":0.0,"enemies":"Blue Slaver","floor":13.0,"turns":3.0},{"damage":6.0,"enemies":"The Mushroom Lair","floor":14.0,"turns":4.0},{"damage":31.0,"enemies":"Slime Boss","floor":16.0,"turns":8.0},{"damage":2.0,"enemies":"Chosen","floor":18.0,"turns":5.0},{"damage":26.0,"enemies":"3 Byrds","floor":19.0,"turns":5.0},{"damage":0.0,"enemies":"Centurion and Healer","floor":22.0,"turns":8.0},{"damage":27.0,"enemies":"Snake Plant","floor":24.0,"turns":4.0},{"damage":5.0,"enemies":"Gremlin Leader","floor":27.0,"turns":4.0},{"damage":21.0,"enemies":"Sentry and Sphere","floor":28.0,"turns":6.0},{"damage":7.0,"enemies":"3 Cultists","floor":30.0,"turns":6.0},{"damage":0.0,"enemies":"Chosen and Byrds","floor":31.0,"turns":7.0},{"damage":59.0,"enemies":"Collector","floor":33.0,"turns":12.0},{"damage":14.0,"enemies":"3 Shapes","floor":35.0,"turns":4.0},{"damage":1.0,"enemies":"Orb Walker","floor":37.0,"turns":3.0},{"damage":18.0,"enemies":"Giant Head","floor":41.0,"turns":8.0},{"damage":0.0,"enemies":"Sphere and 2 Shapes","floor":44.0,"turns":7.0},{"damage":76.0,"enemies":"Nemesis","floor":45.0,"turns":13.0},{"damage":0.0,"enemies":"Transient","floor":47.0,"turns":5.0},{"damage":0.0,"enemies":"Writhing Mass","floor":48.0,"turns":3.0},{"damage":65,"enemies":"Time Eater","floor":50,"turns":13}],"seed_played":"6451605077071610344","potions_obtained":[{"floor":1.0,"key":"Strength Potion"},{"floor":5.0,"key":"FocusPotion"},{"floor":8.0,"key":"FocusPotion"},{"floor":16.0,"key":"AttackPotion"},{"floor":19.0,"key":"Swift Potion"},{"floor":24.0,"key":"Ancient Potion"},{"floor":25.0,"key":"SneckoOil"},{"floor":25.0,"key":"BlessingOfTheForge"},{"floor":25.0,"key":"GamblersBrew"},{"floor":27.0,"key":"FearPotion"},{"floor":31.0,"key":"Block Potion"},{"floor":41.0,"key":"AttackPotion"},{"floor":44.0,"key":"DistilledChaos"},{"floor":48.0,"key":"Explosive Potion"}],"is_trial":false,"path_per_floor":["M","?","$","?","M","R","?","E","T","$","$","M","M","?","R","B",null,"M","M","$","?","M","R","M","?","T","E","M","R","M","M","R","B",null,"M","$","M","T","?","R","E","R","T","M","E","R","M","M","R","B",null],"character_chosen":"DEFECT","items_purchased":["ClockworkSouvenir","Self Repair","Nunchaku","Strange Spoon"],"campfire_rested":5,"item_purchase_floors":[10,11,20,36],"current_hp_per_floor":[64,50,50,50,50,50,43,43,43,43,43,50,57,58,58,34,62,67,41,41,35,42,63,43,43,43,52,38,61,61,68,68,26,65,58,58,64,64,64,64,53,76,76,78,9,32,44,44,67,13],"gold":169,"neow_bonus":"THREE_ENEMY_KILL","is_daily":false,"chose_seed":false,"campfire_upgraded":4,"win_rate":0.0,"timestamp":1613806208,"path_taken":["M","?","$","?","M","R","?","E","T","?","$","?","M","?","R","BOSS","M","M","$","?","M","R","M","?","T","E","M","R","M","M","R","BOSS","M","$","?","?","?","R","E","R","T","M","E","R","M","M","R","BOSS"],"items_purchased_type":["Relic","Card","Relic","Relic"],"build_version":"2020-12-22","purchased_purges":1,"victory":true,"max_hp_per_floor":[71,71,71,71,71,71,71,71,71,71,71,71,71,71,71,71,71,71,71,71,71,71,71,71,71,71,78,78,78,78,78,78,78,78,78,78,78,78,78,78,78,78,78,78,78,78,78,78,78,78],"card_choices":[{"not_picked":["Self Repair","White Noise"],"picked":"Conserve Battery","floor":1.0},{"not_picked":["Conserve Battery","Cold Snap"],"picked":"Streamline","floor":5.0},{"not_picked":["Thunder Strike+1","Static Discharge"],"picked":"Gash+1","floor":8.0},{"not_picked":["Streamline+1","Coolheaded","Melter+1"],"picked":"SKIP","floor":12.0},{"not_picked":["Chill","Aggregate"],"picked":"Go for the Eyes+1","floor":13.0},{"not_picked":["Beam Cell+1","Redo"],"picked":"Scrape+1","floor":14.0},{"not_picked":["Core Surge+1","Multi-Cast"],"picked":"All For One+1","floor":16.0},{"not_picked":["Barrage+1","Undo","Leap"],"picked":"SKIP","floor":18.0},{"not_picked":["Hologram","Steam Power+1","Sunder+1"],"picked":"SKIP","floor":19.0},{"not_picked":["Loop","Blizzard+1"],"picked":"Gash+1","floor":22.0},{"not_picked":["Stack","Thunder Strike+1"],"picked":"Steam","floor":24.0},{"not_picked":["Rebound+1","Sweeping Beam+1"],"picked":"Chill","floor":27.0},{"not_picked":["Steam","Hologram"],"picked":"Coolheaded","floor":28.0},{"not_picked":["Leap","Rebound+1","Cold Snap+1"],"picked":"SKIP","floor":30.0},{"not_picked":["Core Surge+1","Barrage+1"],"picked":"Gash+1","floor":31.0},{"not_picked":["Seek","Multi-Cast"],"picked":"Machine Learning","floor":33.0},{"not_picked":["Rip and Tear+1","Melter+1","Gash+1"],"picked":"SKIP","floor":35.0},{"not_picked":["Barrage+1","Turbo"],"picked":"Coolheaded","floor":37.0},{"not_picked":["Cold Snap+1","Reboot","Tempest"],"picked":"SKIP","floor":41.0},{"not_picked":["Sunder+1","Sweeping Beam+1","Cold Snap+1"],"picked":"SKIP","floor":44.0},{"not_picked":["White Noise","Hyperbeam+1","Heatsinks"],"picked":"SKIP","floor":45.0},{"not_picked":["Blizzard+1","Rebound+1","Compile Driver+1"],"picked":"SKIP","floor":47.0},{"not_picked":["Compile Driver+1","Skim","Turbo"],"picked":"SKIP","floor":48.0}],"player_experience":568079,"relics_obtained":[{"floor":8.0,"key":"Potion Belt"},{"floor":9.0,"key":"Anchor"},{"floor":14.0,"key":"Odd Mushroom"},{"floor":26.0,"key":"Pantograph"},{"floor":27.0,"key":"Strawberry"},{"floor":27.0,"key":"Akabeko"},{"floor":38.0,"key":"Oddly Smooth Stone"},{"floor":41.0,"key":"Orichalcum"},{"floor":41.0,"key":"Pen Nib"},{"floor":43.0,"key":"Happy Flower"},{"floor":45.0,"key":"Toy Ornithopter"},{"floor":45.0,"key":"Symbiotic Virus"}],"event_choices":[{"damage_healed":0.0,"max_hp_gain":0.0,"max_hp_loss":0.0,"gold_gain":0.0,"event_name":"Shining Light","player_choice":"Entered Light","floor":2.0,"gold_loss":0.0,"damage_taken":14.0,"cards_upgraded":["Defend_B","Defend_B"]},{"damage_healed":0.0,"max_hp_gain":0.0,"max_hp_loss":0.0,"gold_gain":0.0,"event_name":"Living Wall","player_choice":"Grow","floor":4.0,"gold_loss":0.0,"damage_taken":0.0,"cards_upgraded":["Dualcast"]},{"damage_healed":0.0,"max_hp_gain":0.0,"max_hp_loss":0.0,"gold_gain":0.0,"event_name":"Scrap Ooze","player_choice":"Success","floor":7.0,"gold_loss":0.0,"damage_taken":7.0,"relics_obtained":["Molten Egg 2"]},{"damage_healed":0.0,"max_hp_gain":0.0,"max_hp_loss":0.0,"gold_gain":0.0,"event_name":"Mushrooms","player_choice":"Fought Mushrooms","floor":14.0,"gold_loss":0.0,"damage_taken":0.0},{"damage_healed":0.0,"max_hp_gain":0.0,"max_hp_loss":0.0,"gold_gain":0.0,"event_name":"Nest","player_choice":"Joined the Cult","floor":21.0,"gold_loss":0.0,"damage_taken":6.0,"cards_obtained":["RitualDagger"]},{"damage_healed":0.0,"max_hp_gain":0.0,"max_hp_loss":0.0,"gold_gain":0.0,"event_name":"Lab","player_choice":"Got Potions","floor":25.0,"gold_loss":0.0,"damage_taken":0.0},{"cards_removed":["Strike_B"],"damage_healed":0.0,"max_hp_gain":0.0,"max_hp_loss":0.0,"gold_gain":0.0,"event_name":"Purifier","player_choice":"Purged","floor":39.0,"gold_loss":0.0,"damage_taken":0.0}],"is_beta":false,"boss_relics":[{"not_picked":["SacredBark","Runic Pyramid"],"picked":"Black Star"},{"not_picked":["Coffee Dripper","Pandora\u0027s Box"],"picked":"Inserter"}],"items_purged_floors":[36],"is_endless":false,"potions_floor_spawned":[1,5,8,16,19,24,27,31,41,44,48],"ascension_level":14}}