{"host":"khwpnvgc3av0w6xd","time":1613828263,"event":{"mods":["BaseMod","Block Reminder","Colored Map","DeckTracker","Highlight Path","Minty Spire (QoL Compilation)","Quick Restart"],"gold_per_floor":[115,115,65,80,80,80,100,100,100,133,164,186,118,131,131,131,131],"floor_reached":16,"language":"DEU","playtime":519,"items_purged":[],"score":117,"play_id":"61102a2e-6de6-47a5-84ca-34aa69a75a2e","local_time":"20210220143743","is_ascension_mode":true,"campfire_choices":[{"data":"Seeing Red","floor":6,"key":"SMITH"},{"data":"Shockwave","floor":8,"key":"SMITH"},{"data":"Rampage","floor":15,"key":"SMITH"}],"circlet_count":0,"master_deck":["Strike_R","Strike_R","Strike_R","Defend_R","Defend_R","Defend_R","Bash","Uppercut","Whirlwind","Seeing Red+1","Shockwave+1","Flex","Metallicize","Spot Weakness","Rampage+1"],"relics":["Burning Blood","Gremlin Horn","MawBank"],"acts_visited":["Exordium"],"potions_floor_usage":[10,16],"damage_taken":[{"damage":0,"enemies":"Cultist","floor":1,"turns":3},{"damage":9,"enemies":"2 Louse","floor":4,"turns":2},{"damage":10,"enemies":"Small Slimes","floor":7,"turns":3},{"damage":18,"enemies":"Gremlin Nob","floor":10,"turns":4},{"damage":13,"enemies":"3 Louse","floor":11,"turns":4},{"damage":9,"enemies":"Blue Slaver","floor":12,"turns":4},{"damage":20,"enemies":"Exordium Wildlife","floor":14,"turns":3},{"damage":35,"enemies":"Slime Boss","floor":16,"turns":3}],"seed_played":"6163851729218848769","potions_obtained":[{"floor":7,"key":"Energy Potion"},{"floor":10,"key":"GamblersBrew"},{"floor":12,"key":"LiquidBronze"}],"is_trial":false,"path_per_floor":["M","?","?","M","?","R","M","R","T","E","M","M","$","M","R","B"],"character_chosen":"IRONCLAD","items_purchased":["Spot Weakness"],"campfire_rested":0,"item_purchase_floors":[13],"current_hp_per_floor":[62,80,80,77,70,70,66,66,66,54,47,44,44,30,30,0,0],"gold":131,"neow_bonus":"TRANSFORM_TWO_CARDS","is_daily":false,"chose_seed":false,"campfire_upgraded":3,"win_rate":0.0,"timestamp":1613828263,"path_taken":["M","?","?","M","?","R","M","R","T","E","M","M","$","M","R","BOSS"],"items_purchased_type":["Card"],"build_version":"2020-12-22","purchased_purges":0,"victory":false,"max_hp_per_floor":[80,80,80,80,80,80,80,80,80,80,80,80,80,80,80,80,80],"card_choices":[{"not_picked":["Havoc","Cleave"],"picked":"Whirlwind","floor":1},{"not_picked":["Combust","Sever Soul"],"picked":"Seeing Red","floor":4},{"not_picked":["Clash","Twin Strike"],"picked":"Shockwave","floor":7},{"not_picked":["Fire Breathing","Power Through"],"picked":"Flex","floor":10},{"not_picked":["Dark Embrace","Fiend Fire"],"picked":"Metallicize","floor":11},{"not_picked":["Cleave","Pommel Strike","Warcry"],"picked":"SKIP","floor":12},{"not_picked":["Clash","Battle Trance"],"picked":"Rampage","floor":14}],"player_experience":108002,"relics_obtained":[{"floor":9,"key":"Gremlin Horn"},{"floor":10,"key":"MawBank"}],"event_choices":[{"damage_healed":26,"gold_gain":0,"player_choice":"Banana","damage_taken":0,"max_hp_gain":0,"max_hp_loss":0,"event_name":"Big Fish","floor":2,"gold_loss":0},{"cards_removed":["Body Slam"],"damage_healed":0,"gold_gain":0,"player_choice":"Card Removal","damage_taken":0,"max_hp_gain":0,"max_hp_loss":0,"event_name":"The Cleric","floor":3,"gold_loss":50},{"cards_removed":["Defend_R"],"damage_healed":0,"gold_gain":0,"player_choice":"Card Removal","damage_taken":7,"max_hp_gain":0,"max_hp_loss":0,"event_name":"Golden Wing","floor":5,"gold_loss":0}],"is_beta":false,"boss_relics":[],"items_purged_floors":[],"is_endless":false,"potions_floor_spawned":[7,10,12],"killed_by":"Slime Boss","ascension_level":3}}