{"host":"ywif2ugnepgiw45s","time":1613835026,"event":{"mods":["Act Like it!","BaseMod","Better Skull","Bossed Relics","Downfall","GifTheSpireLib","Gremlin Mod","Hermit","Lobotomy","Mimic Mod","Minty Spire (QoL Compilation)","Quick Restart","READ ME - Guardian Mod","Replay The Spire","Shade Mod","Shapeshifter Mod","Shop Mod","StSLib","The Cursed","The Exalted","The Hierophant","The Jungle","The Necromancer","The Servant 0.9.4"],"gold_per_floor":[16,16,26,26,56,56,102,102,144,202,250,250,250],"floor_reached":12,"language":"ENG","playtime":776,"items_purged":[],"score":80,"play_id":"08f043d3-a7cd-42db-ba8b-6c62780d7fa4","local_time":"20210220103026","is_ascension_mode":false,"campfire_choices":[{"data":"hierophant:Punish","floor":6,"key":"SMITH"},{"data":"hierophant:Doubloon","floor":8,"key":"SMITH"}],"circlet_count":0,"master_deck":["hierophant:Strike_Hierophant","hierophant:Strike_Hierophant","hierophant:Strike_Hierophant","hierophant:Strike_Hierophant","hierophant:Punish+1","hierophant:Defend_Hierophant","hierophant:Defend_Hierophant","hierophant:Defend_Hierophant","hierophant:Defend_Hierophant+1","hierophant:ChurchCoffers","ReplayTheSpireMod:Brewmster+1","hierophant:RustyCrate","hierophant:Doubloon+1","hierophant:Doubloon","hierophant:Doubloon","hierophant:ConvertCurrency","hierophant:Endure","hierophant:PristineSoul"],"relics":["hierophant:PropheticMaskRelic","Pear","CeramicFish"],"acts_visited":["Exordium"],"potions_floor_usage":[1,3,3,3,5,7,7,7,9,9,9,9,12],"damage_taken":[{"damage":0,"enemies":"Small Slimes","floor":1,"turns":6},{"damage":0,"enemies":"Jaw Worm","floor":3,"turns":6},{"damage":0,"enemies":"Cultist","floor":5,"turns":4},{"damage":21,"enemies":"Lagavulin","floor":7,"turns":7},{"damage":5,"enemies":"3 Louse","floor":9,"turns":13},{"damage":4,"enemies":"3 Louse","floor":10,"turns":4},{"damage":2,"enemies":"Blue Slaver","floor":11,"turns":6},{"damage":56,"enemies":"Gremlin Nob","floor":12,"turns":5}],"seed_played":"-5280063591980662514","potions_obtained":[{"floor":3,"key":"Energy Potion"},{"floor":7,"key":"Flashbang"}],"is_trial":false,"path_per_floor":["M","?","M","?","M","R","E","R","MIM","M","M","E"],"character_chosen":"HIEROPHANT","items_purchased":[],"campfire_rested":0,"item_purchase_floors":[],"current_hp_per_floor":[75,75,75,75,75,75,64,64,59,55,53,0,0],"gold":250,"neow_bonus":"RANDOM_COLORLESS_2","is_daily":false,"chose_seed":false,"campfire_upgraded":2,"win_rate":0.0,"timestamp":1613835026,"path_taken":["M","?","M","?","M","R","E","R","MIM","M","M","E"],"items_purchased_type":[],"build_version":"2020-12-22","purchased_purges":0,"victory":false,"max_hp_per_floor":[75,75,75,75,75,75,85,85,85,85,85,85,85],"card_choices":[{"not_picked":["Apotheosis","ReplayUltimateDefense"],"picked":"ReplayTheSpireMod:Brewmster","floor":0},{"not_picked":["hierophant:SealAway","hierophant:Remorse"],"picked":"hierophant:RustyCrate","floor":1},{"not_picked":["hierophant:Zeal","hierophant:EyeForCoin"],"picked":"hierophant:ConvertCurrency","floor":3},{"not_picked":["hierophant:Doomsaying","hierophant:EyeForCoin","hierophant:ConvertCurrency"],"picked":"SKIP","floor":5},{"not_picked":["hierophant:EyeForCoin","hierophant:PassingBell","hierophant:Charity"],"picked":"SKIP","floor":7},{"not_picked":["hierophant:HolyVerse","hierophant:TollTheBells"],"picked":"hierophant:Endure","floor":9},{"not_picked":["hierophant:Embezzle","hierophant:RustyCrate"],"picked":"hierophant:PristineSoul","floor":10},{"not_picked":["hierophant:ConvertCurrency","hierophant:Doubloon","hierophant:Zeal"],"picked":"SKIP","floor":11}],"player_experience":1822703,"relics_obtained":[{"floor":7,"key":"Pear"},{"floor":9,"key":"CeramicFish"}],"event_choices":[{"damage_healed":0,"gold_gain":0,"player_choice":"Grow","damage_taken":0,"max_hp_gain":0,"max_hp_loss":0,"event_name":"Living Wall","floor":4,"gold_loss":0,"cards_upgraded":["ReplayTheSpireMod:Brewmster"]}],"is_beta":false,"boss_relics":[],"items_purged_floors":[],"is_endless":false,"potions_floor_spawned":[3,7,10,11],"killed_by":"Gremlin Nob","ascension_level":0}}