{"host":"w1l5t0a1l2lkq6my","time":1613798226,"event":{"mods":["100% Spire Juice","Bartender","BaseMod","KinomotoSakuraMod(ñÿîVñ{?)","Lobotomy","LobotomyExtend","Magitek Elite","MarisaÅiñ∂âJÅ@ñÇóùçπÅj","Minty Spire (QoL Compilation)","StSLib","The Gatherer","The Senshi","Yuyuko"],"gold_per_floor":[114,114,131,56,70,70,81,81,81,81,101,119,131,131,131,231,231,231,231,245,272,272,272],"floor_reached":22,"language":"ENG","playtime":1278,"items_purged":["Normality"],"score":226,"play_id":"28865feb-f6ec-42d6-b368-0d043c68eeb3","local_time":"20210219221706","is_ascension_mode":false,"campfire_choices":[],"circlet_count":0,"master_deck":["Apo_SoulSlash","Apo_Charge","Apo_Charge","Apo_Charge","Apo_Charge","Apo_Beam","Apo_Beam","Apo_Beam","Apo_Execute","Apo_Slash","Apo_Slash","Apo_SoulSlash","SpecialBullet","QueenOfHatred"],"relics":["CogitoBucket","LetterFromLob","Whetstone","AdjustmentMirror","Fusion Hammer","ApostleMask","Bag of Preparation"],"acts_visited":["Exordium","TheCity"],"potions_floor_usage":[16,18,22],"damage_taken":[{"damage":5,"enemies":"2 Louse","floor":1,"turns":3},{"damage":9,"enemies":"Cultist","floor":3,"turns":4},{"damage":0,"enemies":"Small Slimes","floor":5,"turns":3},{"damage":33,"enemies":"Exordium Thugs","floor":7,"turns":7},{"damage":0,"enemies":"3 Louse","floor":11,"turns":4},{"damage":4,"enemies":"Exordium Wildlife","floor":12,"turns":3},{"damage":6,"enemies":"2 Fungi Beasts","floor":13,"turns":2},{"damage":63,"enemies":"Hexaghost","floor":16,"turns":11},{"damage":15,"enemies":"3 Byrds","floor":20,"turns":3},{"damage":24,"enemies":"Shell Parasite","floor":22,"turns":1}],"seed_played":"-853852242612067498","potions_obtained":[{"floor":5,"key":"Dexterity Potion"},{"floor":7,"key":"LiquidBronze"},{"floor":12,"key":"Block Potion"},{"floor":13,"key":"Regen Potion"}],"is_trial":false,"path_per_floor":["M","?","M","$","M","R","M","R","T","R","M","M","M","?","R","B",null,"M","?","M","T","M"],"character_chosen":"Angela","items_purchased":[],"campfire_rested":0,"item_purchase_floors":[],"current_hp_per_floor":[70,70,69,69,70,70,45,45,45,45,53,61,67,60,60,58,70,36,36,21,21,0,0],"gold":272,"neow_bonus":"THREE_RARE_CARDS","is_daily":false,"chose_seed":false,"campfire_upgraded":0,"win_rate":0.0,"timestamp":1613798226,"path_taken":["M","?","M","$","M","R","M","R","T","R","?","M","M","?","R","BOSS","M","?","M","?","M"],"items_purchased_type":[],"build_version":"2020-12-22","purchased_purges":1,"victory":false,"max_hp_per_floor":[70,70,70,70,70,70,70,70,70,70,70,70,70,70,70,70,70,70,70,70,70,70,70],"card_choices":[{"not_picked":["CENSORED_ego","DaCapo"],"picked":"ParadiseLost","floor":0},{"not_picked":["Tough"],"picked":"FeatherOfHonor","floor":1},{"not_picked":["BeautyBeast","VoidDream"],"picked":"SpiderBud","floor":3},{"not_picked":["Lantern"],"picked":"Laetitia_ego","floor":3},{"not_picked":["SomewhereSpear"],"picked":"Diffraction","floor":5},{"not_picked":["ShedSkin"],"picked":"TodaysExpression","floor":7},{"not_picked":["WallGazer","MeatLantern"],"picked":"PlagueDoctor","floor":11},{"not_picked":["Loneliness"],"picked":"Ecstasy","floor":11},{"not_picked":["Gaze","RedEyes"],"picked":"SKIP","floor":12},{"not_picked":["WallGazer","BigBird"],"picked":"OSAHOGD","floor":13},{"not_picked":["SomewhereSpear"],"picked":"Soda","floor":13},{"not_picked":["Twilight"],"picked":"TheSmile","floor":16},{"not_picked":["SilentOrchestra","MeatLantern"],"picked":"QueenOfHatred","floor":20},{"not_picked":["TodaysExpression+1","SomewhereSpear"],"picked":"SKIP","floor":20}],"player_experience":135588,"relics_obtained":[{"floor":1,"key":"LetterFromLob"},{"floor":9,"key":"Whetstone"},{"floor":21,"key":"Bag of Preparation"}],"event_choices":[{"damage_healed":0,"gold_gain":0,"player_choice":"Forge","damage_taken":0,"max_hp_gain":0,"max_hp_loss":0,"event_name":"Accursed Blacksmith","floor":2,"gold_loss":0,"cards_upgraded":["FeatherOfHonor"]},{"cards_removed":["Laetitia_ego"],"damage_healed":0,"gold_gain":0,"player_choice":"Card Removal","damage_taken":7,"max_hp_gain":0,"max_hp_loss":0,"event_name":"Golden Wing","floor":14,"gold_loss":0}],"is_beta":false,"boss_relics":[{"not_picked":["SacredBark","Tiny House"],"picked":"Fusion Hammer"}],"items_purged_floors":[4],"is_endless":false,"potions_floor_spawned":[5,7,12,13],"killed_by":"Shell Parasite","ascension_level":0}}