{"host":"gm50ke85n5jz306u","time":1613835916,"event":{"mods":["AchievementEnabler","AlwaysNeverKeys","Aspiration","BaseMod","Bestiary","Better Altar","Better Match","Better Note","Better Sensory Stone","Better Skull","Better Third Choice","Better Vampires","Better-Laid Plans","BetterRewards","Colored Powertips","Curses Come First","DNKmod","Decade(???)","Defuse TimeMaze Blight","Disable Question Mark Monsters","Displayed Cursed Tome","Downfall","Emptier Cage","Extra Virgin Snecko Oil","Filter the Spire","Friendly Minions","Gremlin Skip","Hermit","Hubris","Hyrulean Relics","Ironclad Rager","Jorbs\u0027s Wanderer Trilogy","KinomotoSakuraMod(????)","Koishi","Lobotomy","Marisa????????","Marked Mod","Minty Spire (QoL Compilation)","Permanent Neow","Poor People Problems","Quick Restart","Reimu??????","Relic Filter Mod","Relic Sorter","Remilia??????","Remove Card Discount Mod","Reorder Act Four","Replay The Spire","Shop Mod","StSLib","Synergy Search","Td1madao Mod","The Administrix","The Animator","The Blue Laboratory","The Bug Knight","The Construct","The Cursed","The Disciple","The Hierophant","The Necromancer","The Poker Player","The Runesmith","The Senshi","The Servant 0.9.4","Thieving Mod","Transform Curses","WarShipGirlsR/????R mod","Youmu??????"],"gold_per_floor":[9800,9811,9826,9839,9415,9415,9415,9415,9415,9425,9425,9436,9436,8867,8878,8982,8982,8982,8997,9014,9034,9046,8776,8776,8876,8876,8876,8876],"floor_reached":26,"language":"ENG","playtime":2376,"items_purged":["hexamod:Strike","hexamod:Strike","hexamod:Strike","hexamod:Strike","hexamod:StepThrough+1"],"score":200,"play_id":"677143ab-8965-4c0c-b8e1-351055e8fae1","local_time":"20210220164516","is_ascension_mode":false,"campfire_choices":[{"data":"hexamod:Float","floor":1.0,"key":"SMITH"},{"data":"hexamod:FastForward","floor":9.0,"key":"SMITH"},{"data":"Finesse","floor":11.0,"key":"SMITH"},{"data":"hexamod:ThermalTransfer","floor":13.0,"key":"SMITH"},{"data":"hexamod:ForkedFlame","floor":18.0,"key":"SMITH"}],"circlet_count":0,"master_deck":["hexamod:Defend","hexamod:Defend","hexamod:Defend","hexamod:Defend","hexamod:Sear","hexamod:Float+1","hexamod:Firestarter","hexamod:FastForward+1","hexamod:ThermalTransfer+1","hexamod:InspiringFlames","Finesse+1","hexamod:ThermalTransfer","hexamod:ThermalTransfer","hexamod:GhostflameInferno","hexamod:ForkedFlame+1","hexamod:FastForward","hexamod:Firestarter+1","hexamod:PhantomFireball","hexamod:TimeWarp","hexamod:GhostOfSpireFuture","hexamod:ChargedBarrage","hexamod:Firestarter","hexamod:RadiantFlame","hexamod:RadiantFlame"],"relics":["hexamod:SpiritBrand","hubris:Icosahedron","hubris:BundleOfHerbs","MerchantsRug","Membership Card","MealTicket","downfall:HeartBlessingRed","downfall:HeartBlessingGreen","Shovel","Medical Kit","hubris:Towel","Turnip","aspiration:SeaSaltIceCream","Replay:Bottled Eggs","Pantograph"],"acts_visited":["Exordium","TheCity"],"potions_floor_usage":[],"damage_taken":[{"damage":0.0,"enemies":"2 Louse","floor":2.0,"turns":3.0},{"damage":0.0,"enemies":"Small Slimes","floor":3.0,"turns":3.0},{"damage":1.0,"enemies":"Cultist","floor":4.0,"turns":3.0},{"damage":0.0,"enemies":"downfall:FleeingMerchant","floor":5.0,"turns":4.0},{"damage":3.0,"enemies":"Large Slime","floor":10.0,"turns":5.0},{"damage":0.0,"enemies":"Exordium Wildlife","floor":12.0,"turns":3.0},{"damage":0.0,"enemies":"downfall:FleeingMerchant","floor":14.0,"turns":4.0},{"damage":0.0,"enemies":"Red Slaver","floor":15.0,"turns":3.0},{"damage":3.0,"enemies":"DF_ARCHETYPE_STREAMLINE","floor":16.0,"turns":9.0},{"damage":0.0,"enemies":"Chosen","floor":19.0,"turns":3.0},{"damage":11.0,"enemies":"Snake Plant","floor":20.0,"turns":3.0},{"damage":8.0,"enemies":"Cultist and Chosen","floor":21.0,"turns":5.0},{"damage":11.0,"enemies":"Snecko","floor":22.0,"turns":4.0},{"damage":0.0,"enemies":"downfall:FleeingMerchant","floor":23.0,"turns":4.0},{"damage":45,"enemies":"Slavers","floor":26,"turns":3}],"seed_played":"-8344212903448005075","potions_obtained":[{"floor":3.0,"key":"blueLaboratory:FruitPunch"},{"floor":4.0,"key":"ColorlessPotion"},{"floor":16.0,"key":"Elixir"},{"floor":20.0,"key":"SkillPotion"},{"floor":22.0,"key":"blueLaboratory:TrueEctoplasm"}],"is_trial":false,"path_per_floor":["R","M","M","M","$","?","T","?","R","M","R","M","R","$","M","B",null,"R","M","M","M","M","$","T","?","E"],"character_chosen":"THE_SPIRIT","items_purchased":["MerchantsRug","Medical Kit","hexamod:InspiringFlames","Finesse","hexamod:ThermalTransfer","Membership Card","Turnip","hexamod:GhostflameInferno","Bottled Flame","hexamod:ChargedBarrage","hexamod:Firestarter","hexamod:RadiantFlame","MealTicket","hubris:BundleOfHerbs"],"campfire_rested":0,"item_purchase_floors":[5,5,5,5,14,14,14,14,14,23,23,23,23,23],"current_hp_per_floor":[49,49,49,48,48,48,48,48,48,45,45,45,45,45,45,42,70,70,70,61,53,42,42,42,42,0,0,0],"gold":8876,"neow_bonus":"ONE_RARE_RELIC","is_daily":false,"chose_seed":false,"campfire_upgraded":5,"win_rate":0.0,"timestamp":1613835916,"path_taken":["R","M","M","M","$","?","T","?","R","M","R","M","R","$","M","BOSS","R","M","M","M","M","$","T","?","E"],"items_purchased_type":["Relic","Relic","Card","Card","Card","Relic","Relic","Card","Relic","Card","Card","Card","Relic","Relic"],"build_version":"2020-12-22","purchased_purges":5,"victory":false,"max_hp_per_floor":[70,70,70,70,70,70,70,70,70,70,70,70,70,70,70,70,70,70,70,72,72,72,72,72,72,72,72,72],"card_choices":[{"not_picked":["hexamod:SwordOfDarkness","hexamod:SpectersWail"],"picked":"hexamod:Firestarter","floor":2.0},{"not_picked":["hexamod:ThermalTransfer","hexamod:HauntingEcho"],"picked":"hexamod:StepThrough","floor":3.0},{"not_picked":["hexamod:GhostLash","hexamod:NightmareStrike"],"picked":"hexamod:FastForward","floor":4.0},{"not_picked":["hexamod:Hexaguard","hexamod:FastForward"],"picked":"hexamod:ThermalTransfer","floor":5.0},{"not_picked":["hexamod:NightmareStrike","hexamod:HeatMetal","hexamod:SpectersWail"],"picked":"SKIP","floor":10.0},{"not_picked":["hexamod:HeatMetal","hexamod:Hexaguard","hexamod:GhostOfSpirePast"],"picked":"SKIP","floor":12.0},{"not_picked":["hexamod:FastForward","hexamod:BurningTouch"],"picked":"hexamod:ThermalTransfer","floor":14.0},{"not_picked":["hexamod:ShieldOfDarkness","hexamod:SecondSeal","hexamod:HauntingEcho"],"picked":"SKIP","floor":15.0},{"not_picked":["hexamod:SixthSeal","hexamod:TimeOfNeed"],"picked":"hexamod:ForkedFlame","floor":16.0},{"not_picked":["hexamod:SwordOfDarkness+1","hexamod:BacktrackSmack"],"picked":"hexamod:FastForward","floor":19.0},{"not_picked":["hexamod:FourthSeal","hexamod:ShieldOfDarkness"],"picked":"hexamod:Firestarter+1","floor":20.0},{"not_picked":["hexamod:EtherealExpedition","hexamod:BurningTouch"],"picked":"hexamod:PhantomFireball","floor":21.0},{"not_picked":["hexamod:BacktrackSmack","hexamod:NightmareStrike+1"],"picked":"hexamod:TimeWarp","floor":22.0},{"not_picked":["hexamod:HauntingEcho","hexamod:AdvancingGuard+1"],"picked":"hexamod:GhostOfSpireFuture","floor":23}],"player_experience":322872,"relics_obtained":[{"floor":7.0,"key":"aspiration:SeaSaltIceCream"},{"floor":24,"key":"Pantograph"}],"event_choices":[],"is_beta":false,"boss_relics":[{"not_picked":["Fusion Hammer","Calling Bell","hubris:TerracottaHorce"]}],"items_purged_floors":[5,5,14,14,23],"is_endless":false,"potions_floor_spawned":[3,4,16,20,22],"killed_by":"Slavers","ascension_level":0}}