{"host":"63beink0jfv5ch5g","time":1613791848,"event":{"mods":["ATMod(°¢èªMod)","AchievementEnabler","Act Like it!","Aspiration","BaseMod","CapriCore","Conspire","Gensokyo","GungeonMod","Hallownest","Marisa£¨ìFÓê¡¡Ä§ÀíÉ³£©","Minty Spire (QoL Compilation)","MostiFishMod","Pale of the Ancients","Quick Restart","Reimu£¨²©ÀöÁéÃÎ£©","Replay The Spire","SOS£¨Ë¹°Í´ïÖ®×Ó£©","Shop Mod","StSLib","The Bug Knight","Waifu the Spire","óô»ðÖ¸ÄÏ"],"gold_per_floor":[118,118,129,129,59,85,112,112,112,112,37,55,0,0,0,105,105,116,116,606,606,606,635,635,1019,1019,1019,1038,1063,1454,1824,923,1020,1020,1657,1004,1349,1259,1259,1285,389,389,389,406,406,735,1223,409,99,987,987,987,987,463,86,114,985],"floor_reached":58,"language":"ZHS","playtime":3194,"items_purged":["Strike_Lin:ReiMu","Strike_Lin:ReiMu","YinYangSange:ReiMu","Defend_Lin:ReiMu","Defend_Lin:ReiMu","conspire:Banana","Defend_Lin:ReiMu"],"score":2029,"play_id":"446c0eac-d2da-4c04-b97b-41a8be0a27e0","local_time":"20210220113048","is_ascension_mode":true,"campfire_choices":[{"data":"SpreadBorder2:ReiMu","floor":8.0,"key":"SMITH"},{"data":"Meditation:ReiMu","floor":10.0,"key":"SMITH"},{"data":"FoulBorder2:ReiMu","floor":15.0,"key":"SMITH"},{"data":"Gensokyo:MonkeysPaw","floor":24.0,"key":"SMITH"},{"data":"OctopathBindingBorder2:ReiMu","floor":27.0,"key":"SMITH"},{"floor":51,"key":"RECALL"}],"circlet_count":0,"master_deck":["Defend_Lin:ReiMu","NB:ReiMu","Stagnation:ReiMu","AT_FamilyPortrait+1","Meditation:ReiMu+1","SpreadBorder2:ReiMu+1","FoulBorder2:ReiMu+1","TightArray:ReiMu+1","HakureiPhantom:ReiMu+1","BarrageOfMoneybags:ReiMu","Determination:ReiMu+1","OctopathBindingBorder2:ReiMu+1","Gensokyo:MonkeysPaw+1","SpreadBorder2:ReiMu+1","Shading:ReiMu+1","RainPray2:ReiMu+1","Intuition:ReiMu+1","InherentArray:ReiMu+1","SpringWay:ReiMu+1","Free:ReiMu+1","Gensokyo:CustomPotion","SubcavityFantasy:ReiMu+1","UniversalSpiritual:ReiMu+1","SubAcupoint:ReiMu+1","Metamorphosis+1","YinYangSange:ReiMu+1","MostiFishMod:ButterFly+1","DependentForm:ReiMu+1","ReplayTheSpireMod:Private Reserves+1","Meditation:ReiMu+1","RainPray2:ReiMu+1","ShadowOfCrow2:ReiMu+1","Panache+1","Panache+1"],"relics":["FlyPower:ReiMu","DaveBox","AT_ATBox","ArrowTower","NeowsBlessing","SynthV:TestCard","Hallownest:StagBellRelic1","Golden Egg","Boot","Snack Pack","DemoMod:PoisonVial","FeatherPendant","Mango","CaptainsWheel","DemoMod:GlassGuonStoneRelic","AT_GreenNoBalance","Anchor","Replay:Bottled Steam","aspiration:FrozenJewel","ClockworkSouvenir","conspire:TopHat","AT_BellowingDragoncrestRing","MerchantsRug","RedLine:ReiMu","Technique","DemoMod:MeatBun","MetatronsCube","Blue Doll","AT_SunfireAegis","Strawberry","Dodecahedron","Juzu Bracelet","Smiling Mask","Civilization","Pear","DemoMod:ChaffGrenade","HandDrill","Medical Kit","AT_SilvercatRing","OrangePellets","AT_GoldPhoenixTree"],"acts_visited":["Exordium","Hallownest:Greenpath","Gensokyo:Gensokyoer","TheEnding"],"potions_floor_usage":[50,57],"damage_taken":[{"damage":0.0,"enemies":"Hallownest:2_Tiktiks_and_1_Crawlid","floor":1.0,"turns":1.0},{"damage":0.0,"enemies":"Hallownest:monsterHuskGuard","floor":3.0,"turns":1.0},{"damage":0.0,"enemies":"Hallownest:eliteMossKnight","floor":6.0,"turns":1.0},{"damage":11.0,"enemies":"conspire:MimicChest","floor":7.0,"turns":5.0},{"damage":0.0,"enemies":"Hallownest:2_Baldur","floor":12.0,"turns":3.0},{"damage":18.0,"enemies":"Hallownest:BossBrokenVessel","floor":16.0,"turns":8.0},{"damage":8.0,"enemies":"Gensokyo:AngelMirror","floor":18.0,"turns":3.0},{"damage":41.0,"enemies":"Gensokyo:AngelMirror","floor":20.0,"turns":5.0},{"damage":0.0,"enemies":"Gensokyo:Tenshi","floor":23.0,"turns":1.0},{"damage":27.0,"enemies":"Gensokyo:Koishi","floor":25.0,"turns":3.0},{"damage":0.0,"enemies":"Gensokyo:CosmicMonolith","floor":28.0,"turns":3.0},{"damage":0.0,"enemies":"Gensokyo:Tenshi","floor":29.0,"turns":3.0},{"damage":27.0,"enemies":"Gensokyo:Swordslinger","floor":30.0,"turns":4.0},{"damage":27.0,"enemies":"Gensokyo:Chomper_and_Gloop","floor":31.0,"turns":3.0},{"damage":0.0,"enemies":"Gensokyo:Eiki","floor":33.0,"turns":5.0},{"damage":48.0,"enemies":"Gensokyo:3_Bats","floor":35.0,"turns":4.0},{"damage":25.0,"enemies":"Gensokyo:3_Boulders","floor":37.0,"turns":2.0},{"damage":0,"enemies":"Gensokyo:Doremy","floor":40,"turns":4},{"damage":0,"enemies":"Gensokyo:Rafflesia","floor":44,"turns":2},{"damage":0,"enemies":"Gensokyo:Kasen","floor":46,"turns":3},{"damage":21,"enemies":"Gensokyo:Sharpion","floor":47,"turns":2},{"damage":67,"enemies":"Gensokyo:AtlasGolem","floor":50,"turns":3},{"damage":0,"enemies":"Gensokyo:Scarlet_Devils","floor":52,"turns":2},{"damage":0,"enemies":"Shield and Spear","floor":56,"turns":2},{"damage":79,"enemies":"The Heart","floor":57,"turns":4}],"seed_played":"3171677240300865932","potions_obtained":[{"floor":1.0,"key":"Toxic Potion"},{"floor":7.0,"key":"Weak Potion"},{"floor":20.0,"key":"ZuzhouPotion:ReiMu"},{"floor":25.0,"key":"Adrenaline Potion"},{"floor":29.0,"key":"PinkPotion:ReiMu"}],"is_trial":false,"path_per_floor":["M","?","M","?","?","E","?","R","T","R","$","M","?","?","R","B",null,"M","?","?","?","?","E","R","E","T","R","M","E","M","M","R","B",null,"M","COS","M","?","?","E","$","PTL","PTL","M","T","E","M","R","$","M","R","B",null,"R","$","E","B",null],"character_chosen":"REIMU","items_purchased":["ClockworkSouvenir","conspire:TopHat","AT_BellowingDragoncrestRing","MerchantsRug","Purity","AT_SunfireAegis","Strawberry","Dodecahedron","Metamorphosis","YinYangSange:ReiMu+1","MostiFishMod:ButterFly","Civilization","Pear","conspire:Banana","DemoMod:ChaffGrenade","HandDrill","ReplayTheSpireMod:Private Reserves","Meditation:ReiMu+1","Medical Kit","AT_SilvercatRing","BottledKami:ReiMu","ShadowOfCrow2:ReiMu+1","Panache","OrangePellets"],"campfire_rested":0,"item_purchase_floors":[32,32,32,32,32,41,41,41,41,41,41,48,48,48,48,49,49,49,54,54,54,55,55,55],"current_hp_per_floor":[65,65,65,65,65,65,54,54,54,54,54,54,54,54,54,36,58,52,52,27,27,34,34,34,9,9,9,38,38,9,11,11,36,64,16,30,9,9,9,11,18,18,18,22,22,28,25,35,35,36,36,86,94,94,94,98,84],"gold":985,"neow_bonus":"THREE_ENEMY_KILL","is_daily":false,"chose_seed":false,"campfire_upgraded":5,"win_rate":0.0,"timestamp":1613791848,"path_taken":["M","?","M","?","?","E","?","R","T","R","?","M","?","?","R","BOSS","M","?","?","?","?","E","R","E","T","R","M","E","M","?","R","BOSS","M","COS","M","?","?","E","?","PTL","PTL","M","T","E","M","R","$","M","R","BOSS","R","$","E","BOSS"],"items_purchased_type":["Relic","Relic","Relic","Relic","Card","Relic","Relic","Relic","Card","Card","Card","Relic","Relic","Card","Relic","Relic","Card","Card","Relic","Relic","Potion","Card","Card","Relic"],"build_version":"2020-12-22","purchased_purges":7,"victory":true,"max_hp_per_floor":[65,65,65,65,65,65,65,65,65,65,65,65,65,65,65,65,65,65,59,73,73,73,73,73,73,73,73,73,73,73,73,73,73,73,73,73,73,73,73,73,80,80,80,80,80,80,80,90,90,93,93,97,97,97,97,101,106],"card_choices":[{"not_picked":["Dreaming2:ReiMu","OrbThrow:ReiMu"],"picked":"Meditation:ReiMu","floor":1.0},{"not_picked":["Amulet:ReiMu","Conquer:ReiMu","EmergencyTakeOff:ReiMu","Intuition:ReiMu"],"picked":"SpreadBorder2:ReiMu","floor":3.0},{"not_picked":["MountainWay:ReiMu","SpreadBorder2:ReiMu","Enchanting:ReiMu","OrbThrow:ReiMu"],"picked":"FoulBorder2:ReiMu","floor":6.0},{"not_picked":["Conquer:ReiMu","EmergencyTakeOff:ReiMu","SpreadBorder2:ReiMu","OrbThrow:ReiMu"],"picked":"TightArray:ReiMu","floor":7.0},{"not_picked":["Intuition:ReiMu","SubcavityInstant:ReiMu","PrepareRite:ReiMu","CareerPray:ReiMu"],"picked":"HakureiPhantom:ReiMu","floor":12.0},{"not_picked":["DependentForm:ReiMu","KyokaiOfKami:ReiMu","PrayRite:ReiMu","CleanRite:ReiMu"],"picked":"Determination:ReiMu","floor":16.0},{"not_picked":["RainPray2:ReiMu","TightArray:ReiMu+1","ForcedLanding:ReiMu","AirStrike:ReiMu"],"picked":"OctopathBindingBorder2:ReiMu","floor":18.0},{"not_picked":["Gensokyo:ManorOfTheDishes","Gensokyo:Kunekune","Gensokyo:HAARP","Gensokyo:GapWoman"],"picked":"Gensokyo:MonkeysPaw","floor":19.0},{"not_picked":["SpringWay:ReiMu","Crusade:ReiMu","WonderfulDomain:ReiMu","DoubleButterfly:ReiMu+1"],"picked":"SpreadBorder2:ReiMu+1","floor":20.0},{"not_picked":["AirManeuver:ReiMu","OctopathBindingBorder2:ReiMu","OrbThrow:ReiMu","SubcavityInstant:ReiMu","Intuition:ReiMu"],"picked":"SKIP","floor":23.0},{"not_picked":["SafetyPray:ReiMu","FoulBorder2:ReiMu+1","CareerPray:ReiMu","SubcavityInstant:ReiMu"],"picked":"Shading:ReiMu","floor":25.0},{"not_picked":["Crusade:ReiMu","FineLineFantasy:ReiMu","ManaGlint:ReiMu","Amulet:ReiMu"],"picked":"RainPray2:ReiMu","floor":28.0},{"not_picked":["CeremonyResonance:ReiMu","PhosphorusFlame:ReiMu","OctopathBindingBorder2:ReiMu","PrepareRite:ReiMu+1"],"picked":"Intuition:ReiMu+1","floor":29.0},{"not_picked":["PayForSelf:ReiMu+1","RainPray2:ReiMu","OrbThrow:ReiMu+1","ForcedLanding:ReiMu"],"picked":"InherentArray:ReiMu+1","floor":30.0},{"not_picked":["KamiSacrifice:ReiMu","AirStrike:ReiMu","YinYang:ReiMu","PhosphorusFlame:ReiMu"],"picked":"SpringWay:ReiMu+1","floor":31.0},{"not_picked":["CleanRite:ReiMu","YinYang:ReiMu","KamiRite:ReiMu","OctopathSalyBorderN:ReiMu"],"picked":"Free:ReiMu","floor":33.0},{"not_picked":["CareerPray:ReiMu","CollectionFlower2:ReiMu","SafetyPray:ReiMu","OrbThrow:ReiMu","InherentArray:ReiMu"],"picked":"SKIP","floor":35.0},{"not_picked":["InherentArray:ReiMu","SubcavityInstant:ReiMu+1","FantasyBorder:ReiMu+1","SubAcupoint:ReiMu+1"],"picked":"YinYangSange:ReiMu","floor":37.0},{"not_picked":["AirManeuver:ReiMu+1","LearningPray:ReiMu+1","ForcedLanding:ReiMu+1","Crusade:ReiMu+1"],"picked":"UniversalSpiritual:ReiMu+1","floor":40},{"not_picked":["SubcavityInstant:ReiMu","LearningPray:ReiMu+1","InherentArray:ReiMu+1","RainPray2:ReiMu+1"],"picked":"SubAcupoint:ReiMu+1","floor":40},{"not_picked":["SubAcupoint:ReiMu+1","InherentArray:ReiMu","LearningPray:ReiMu","Intuition:ReiMu+1","HakureiPhantom:ReiMu"],"picked":"SKIP","floor":44},{"not_picked":["ManaGlint:ReiMu+1","FantasyBorder:ReiMu+1","InherentArray:ReiMu","BlastKick2:ReiMu"],"picked":"DependentForm:ReiMu","floor":46},{"not_picked":["OrbThrow:ReiMu+1","TakeOff:ReiMu+1","SpringWay:ReiMu+1","Amulet:ReiMu","YinYangSange:ReiMu"],"picked":"SKIP","floor":47},{"not_picked":["FantasyMoon:ReiMu","SealNeedle:ReiMu","BarrageOfMoneybags:ReiMu+1","MikOfLucky:ReiMu"],"picked":"RainPray2:ReiMu","floor":50},{"not_picked":["BarrageOfMoneybags:ReiMu+1","YinYangSign:ReiMu","Intuition:ReiMu+1","YinYangSange:ReiMu+1","SubAcupoint:ReiMu+1"],"picked":"SKIP","floor":56}],"player_experience":175392,"relics_obtained":[{"floor":1.0,"key":"SynthV:TestCard"},{"floor":6.0,"key":"Golden Egg"},{"floor":7.0,"key":"Boot"},{"floor":9.0,"key":"Snack Pack"},{"floor":20.0,"key":"Mango"},{"floor":20.0,"key":"CaptainsWheel"},{"floor":23.0,"key":"AT_SilverBalance"},{"floor":25.0,"key":"Anchor"},{"floor":26.0,"key":"Replay:Bottled Steam"},{"floor":29.0,"key":"aspiration:FrozenJewel"},{"floor":40,"key":"Blue Doll"},{"floor":46,"key":"Smiling Mask"},{"floor":56,"key":"AT_GoldPhoenixTree"}],"event_choices":[{"damage_healed":0.0,"max_hp_gain":0.0,"max_hp_loss":0.0,"gold_gain":0.0,"event_name":"conspire:Investor","player_choice":"Leave","floor":4.0,"gold_loss":0.0,"damage_taken":0.0}],"is_beta":false,"boss_relics":[{"not_picked":["aspiration:MarisaSkillbook","SacredBark"],"picked":"FeatherPendant"},{"not_picked":["Ring of Chaos","NightmareShop"],"picked":"RedLine:ReiMu"}],"items_purged_floors":[11,32,41,48,49,54,55],"is_endless":false,"potions_floor_spawned":[1,7,20,25,29,31,33,35,47,56],"ascension_level":5}}