{"host":"3zb2ho7bzwxq1psp","time":1613798915,"event":{"mods":["AchievementEnabler","AlwaysNeverKeys","Aspiration","BaseMod","BetterRewards","CatGirl Mod","Colored Map","Hubris","Minty Spire (QoL Compilation)","Permanent Neow","Quick Restart","Rare Cards Sparkle","Replay The Spire","Shop Mod","StSLib","The Judge","The Jungle","Unceasing Turn Reminder"],"gold_per_floor":[111,121,135,135,150,181,181,181,181,192,208,227,244,271,271,345,345,362,375,389,389,389,389,401,431,431,431,442,467,309,327,327,404,404,414,426,426,446,801,827,842,842,866,574,656,656,715,763,763,797,797,797,177,261,305],"floor_reached":56,"language":"ENG","playtime":4894,"items_purged":["Strike_P","Strike_P","Strike_P","Strike_P","Defend_P","Defend_P","Defend_P","Defend_P","Overencumbered","theJungle:PetSnecko"],"score":2436,"play_id":"df0289ee-6413-49fb-9963-96e3f7db2a1d","local_time":"20210219212835","is_ascension_mode":true,"campfire_choices":[{"data":"Consecrate","floor":7,"key":"SMITH"},{"floor":15,"key":"REST"},{"floor":23,"key":"REST"},{"floor":32,"key":"REST"},{"data":"Eruption","floor":42,"key":"SMITH"},{"data":"TalkToTheHand","floor":49,"key":"SMITH"},{"data":"Infinite Blades","floor":52,"key":"SMITH"}],"circlet_count":0,"master_deck":["AscendersBane","Eruption+1","Vigilance","TalkToTheHand+1","ClearTheMind+1","Ragnarok+1","InnerPeace","LikeWater+1","Prostrate+1","Conclude+1","EmptyFist+1","EmptyFist+1","LikeWater+1","Tantrum+1","Dramatic Entrance+1","BattleHymn+1","Prostrate","Consecrate+1","Replay:AllIn+1","Establishment+1","Prostrate","JustLucky+1","Consecrate","Devotion+1","Conclude+1","FollowUp+1","EmptyFist+1","Devotion+1","Infinite Blades+1","Accuracy","Envenom+1","Catalyst","Dagger Spray+1","TalkToTheHand+1","Jack Of All Trades+1","Outmaneuver+1","Wireheading+1"],"relics":["PureWater","ClockworkSouvenir","Nunchaku","Guide Book","Golden Egg","Bottled Flame","Bronze Scales","MerchantsRug","Membership Card","Blood Vial","Vajra","Mummified Hand","aspiration:Nostalgia","WordoMod:Effigy","Pen Nib","Gremlin Food","Eternal Feather","CaptainsWheel","aspiration:ChemicalBlood","hubris:GrandSneckoEye","ReplayTheSpireMod:Shallot","InkBottle","ReplayTheSpireMod:Ring of Addiction","hubris:EmptyBottle","Toy Ornithopter","ReplayTheSpireMod:Ring of Challenge","Snack Pack","Bag of Marbles","ReplayTheSpireMod:TigerMarble","aspiration:SilentSkillbook","Old Coin","Happy Flower","Replay:Bandana","Pet Ghost","Ice Cream","hubris:Towel","hubris:SlimyHat","hubris:SphereOfDissonance","Bag of Preparation","PrismaticShard","GoldenEye"],"acts_visited":["Exordium","Exordium","TheBeyond","TheEnding"],"potions_floor_usage":[11,16,28,33,39,39,40,47,47,50,50,55,55,55],"damage_taken":[{"damage":0,"enemies":"2 Louse","floor":1,"turns":1},{"damage":0,"enemies":"Small Slimes","floor":2,"turns":1},{"damage":0,"enemies":"Jaw Worm","floor":3,"turns":1},{"damage":0,"enemies":"Gremlin Gang","floor":5,"turns":1},{"damage":2,"enemies":"Replay:BlueRogue","floor":6,"turns":2},{"damage":6,"enemies":"Exordium Wildlife","floor":11,"turns":2},{"damage":10,"enemies":"Blue Slaver","floor":12,"turns":2},{"damage":0,"enemies":"3 Louse","floor":13,"turns":1},{"damage":0,"enemies":"Slime Boss","floor":16,"turns":3},{"damage":11,"enemies":"Shell Parasite","floor":18,"turns":2},{"damage":0,"enemies":"theJungle:GiantWrat","floor":19,"turns":2},{"damage":7,"enemies":"theJungle:SlimyTreeVines","floor":20,"turns":3},{"damage":8,"enemies":"theJungle:2_Flameangoes","floor":24,"turns":3},{"damage":0,"enemies":"theJungle:2_Phrogs","floor":25,"turns":3},{"damage":21,"enemies":"theJungle:Snecko_Cultist_And_Trap","floor":28,"turns":3},{"damage":17,"enemies":"theJungle:Cassacara","floor":29,"turns":5},{"damage":0,"enemies":"theJungle:SlimyTreeVines","floor":31,"turns":4},{"damage":1,"enemies":"theJungle:QueenSpyder","floor":33,"turns":7},{"damage":7,"enemies":"3 Darklings","floor":35,"turns":2},{"damage":18,"enemies":"3 Shapes","floor":36,"turns":2},{"damage":11,"enemies":"Transient","floor":38,"turns":5},{"damage":9,"enemies":"2 Orb Walkers","floor":39,"turns":2},{"damage":0,"enemies":"Giant Head","floor":40,"turns":4},{"damage":0,"enemies":"Maw","floor":41,"turns":4},{"damage":0,"enemies":"R_Hoarder","floor":45,"turns":3},{"damage":0,"enemies":"Nemesis","floor":47,"turns":1},{"damage":0,"enemies":"Spire Growth","floor":48,"turns":2},{"damage":0,"enemies":"Replay:Hell Engine","floor":50,"turns":5},{"damage":0,"enemies":"Shield and Spear","floor":54,"turns":3},{"damage":18,"enemies":"The Heart","floor":55,"turns":6}],"seed_played":"-6903744651224703299","potions_obtained":[{"floor":12,"key":"Ancient Potion"},{"floor":13,"key":"BottledMiracle"},{"floor":19,"key":"FearPotion"},{"floor":25,"key":"Swift Potion"},{"floor":54,"key":"BlessingOfTheForge"}],"is_trial":false,"path_per_floor":["M","M","M","?","M","E","R","?","T","?","M","M","M","T","R","B",null,"M","M","M","?","?","R","M","E","T","?","M","E","$","M","R","B",null,"M","M","?","M","?","E","M","R","T","$","E","?","E","M","R","B",null,"R","$","E","B",null],"character_chosen":"WATCHER","items_purchased":["ClockworkSouvenir","Nunchaku","TalkToTheHand","ColorlessPotion","SpeedPotion","Mango","ClearTheMind+1","Ragnarok","InnerPeace","ClearTheMind","Guide Book","LikeWater","Golden Egg","Bottled Flame","Prostrate","Bronze Scales","Lee\u0027s Waffle","MerchantsRug","Membership Card","Blood Vial","Conclude","Vajra","Mummified Hand","aspiration:Nostalgia","EmptyFist","Pen Nib","LikeWater","Tantrum","Dramatic Entrance","BattleHymn","Bag of Marbles","ReplayTheSpireMod:TigerMarble","Pet Ghost","ColorlessPotion","Dexterity Potion","Dagger Spray","hubris:SphereOfDissonance","Bag of Preparation","Weak Potion","Explosive Potion","Jack Of All Trades","Outmaneuver","Wireheading","PrismaticShard"],"campfire_rested":3,"item_purchase_floors":[0,0,0,0,0,0,0,0,0,0,0,0,0,0,0,0,0,0,0,0,0,0,0,0,0,0,0,0,0,0,30,30,44,44,44,44,53,53,53,53,53,53,53,53],"current_hp_per_floor":[89,89,89,89,89,87,87,89,89,54,50,42,44,44,82,84,88,78,80,75,87,87,89,81,83,83,83,69,54,54,65,87,86,87,82,66,61,64,69,85,85,85,85,83,83,83,81,81,81,81,81,81,81,79,76],"gold":305,"neow_bonus":"","is_daily":false,"chose_seed":false,"campfire_upgraded":4,"win_rate":0.0,"timestamp":1613798915,"path_taken":["M","M","M","?","M","E","R","?","T","?","M","M","?","?","R","BOSS","M","M","M","?","?","R","M","E","T","?","M","E","$","M","R","BOSS","M","M","?","?","?","E","M","R","T","$","E","?","E","M","R","BOSS","R","$","E","BOSS"],"items_purchased_type":["Relic","Relic","Card","Potion","Potion","Relic","Card","Card","Card","Card","Relic","Card","Relic","Relic","Card","Relic","Relic","Relic","Relic","Relic","Card","Relic","Relic","Relic","Card","Relic","Card","Card","Card","Card","Relic","Relic","Relic","Potion","Potion","Card","Relic","Relic","Potion","Potion","Card","Card","Card","Relic"],"build_version":"2020-12-22","purchased_purges":10,"victory":true,"max_hp_per_floor":[89,89,89,89,89,89,89,89,89,89,89,89,89,89,89,89,89,89,89,89,89,89,89,89,89,89,89,89,89,89,89,87,87,87,87,87,85,85,85,85,85,85,85,83,83,83,81,81,81,81,81,81,81,79,79],"card_choices":[{"not_picked":["CarveReality","ForeignInfluence","MentalFortress"],"picked":"SKIP","floor":1},{"not_picked":["ThirdEye","EmptyBody"],"picked":"Prostrate","floor":2},{"not_picked":["Study","Worship"],"picked":"Consecrate","floor":3},{"not_picked":["Replay:DivineShield","EmptyBody","ThirdEye"],"picked":"SKIP","floor":5},{"not_picked":["ClearTheMind","Protect"],"picked":"Establishment","floor":6},{"not_picked":["FlurryOfBlows","FearNoEvil"],"picked":"Prostrate","floor":10},{"not_picked":["ReachHeaven","Ragnarok"],"picked":"JustLucky","floor":11},{"not_picked":["Replay:Hum","WheelKick","SashWhip"],"picked":"SKIP","floor":12},{"not_picked":["Evaluate","BowlingBash"],"picked":"Consecrate","floor":13},{"not_picked":["Wish","Omniscience"],"picked":"Devotion","floor":16},{"not_picked":["Fasting2","Replay:BluntJabs","Meditate"],"picked":"SKIP","floor":18},{"not_picked":["Perseverance","Replay:ManipulateFuture","CarveReality"],"picked":"SKIP","floor":19},{"not_picked":["EmptyBody","CrushJoints+1","CutThroughFate+1"],"picked":"SKIP","floor":20},{"not_picked":["Indignation","Halt","CutThroughFate"],"picked":"SKIP","floor":24},{"not_picked":["WreathOfFlame+1","Replay:AtTheReady"],"picked":"Conclude+1","floor":25},{"not_picked":["Study","ThirdEye","Blasphemy"],"picked":"SKIP","floor":28},{"not_picked":["CrushJoints","Replay:AtTheReady"],"picked":"FollowUp","floor":29},{"not_picked":["ClearTheMind","EmptyBody"],"picked":"EmptyFist+1","floor":31},{"not_picked":["Brilliance","Alpha"],"picked":"Devotion","floor":33},{"not_picked":["Cloak And Dagger","Protect","Replay:Vibes","Acrobatics"],"picked":"SKIP","floor":35},{"not_picked":["Calculated Gamble","Hidden Blade","Cloak And Dagger","InnerPeace"],"picked":"SKIP","floor":36},{"not_picked":["ThirdEye+1","Well Laid Plans","Calculated Gamble+1"],"picked":"Infinite Blades","floor":38},{"not_picked":["Riddle With Holes+1","PathToVictory","Replay:AtTheReady"],"picked":"Accuracy","floor":39},{"not_picked":["hubris:SlightOfHand","Nirvana","Underhanded Strike"],"picked":"Envenom","floor":40},{"not_picked":["Sneak Up","MentalFortress","Caltrops+1"],"picked":"Catalyst","floor":41},{"not_picked":["Dash","Quick Slash+1","WheelKick","ReplayTheSpireMod:Shiv Toss"],"picked":"SKIP","floor":45},{"not_picked":["FlurryOfBlows","Protect+1","EmptyBody","Perseverance"],"picked":"SKIP","floor":47},{"not_picked":["Prepared+1","Flying Knee","hubris:SlightOfHand"],"picked":"TalkToTheHand","floor":48},{"not_picked":["Blade Dance","Reckless Charge","JustLucky","Judgement"],"picked":"SKIP","floor":54}],"player_experience":202842,"relics_obtained":[{"floor":6,"key":"Gremlin Food"},{"floor":9,"key":"Eternal Feather"},{"floor":10,"key":"CaptainsWheel"},{"floor":14,"key":"aspiration:ChemicalBlood"},{"floor":25,"key":"ReplayTheSpireMod:Shallot"},{"floor":26,"key":"InkBottle"},{"floor":27,"key":"ReplayTheSpireMod:Ring of Addiction"},{"floor":27,"key":"hubris:EmptyBottle"},{"floor":27,"key":"Toy Ornithopter"},{"floor":27,"key":"ReplayTheSpireMod:Ring of Challenge"},{"floor":29,"key":"Snack Pack"},{"floor":39,"key":"Old Coin"},{"floor":40,"key":"Happy Flower"},{"floor":43,"key":"Replay:Bandana"},{"floor":45,"key":"Ice Cream"},{"floor":47,"key":"hubris:SlimyHat"},{"floor":54,"key":"GoldenEye"}],"event_choices":[{"damage_healed":0,"gold_gain":0,"player_choice":"Bought 0 Potions","damage_taken":0,"max_hp_gain":0,"max_hp_loss":0,"event_name":"The Woman in Blue","floor":37,"gold_loss":0},{"damage_healed":0,"gold_gain":0,"player_choice":"Fight","damage_taken":0,"max_hp_gain":0,"max_hp_loss":0,"event_name":"Mysterious Sphere","floor":39,"gold_loss":0}],"is_beta":false,"boss_relics":[{"not_picked":["Calling Bell","hubris:CrackedHourglass"],"picked":"hubris:GrandSneckoEye"},{"not_picked":["Replay:Ancient Bell","Cursed Key"],"picked":"aspiration:SilentSkillbook"}],"items_purged_floors":[0,0,0,0,0,0,0,0,44,53],"is_endless":false,"potions_floor_spawned":[2,3,5,12,13,19,25,31,36,39,54],"ascension_level":16}}