{"host":"i0m6ffz3lpe3z1ky","time":1613833995,"event":{"mods":["Aspiration","BaseMod","Bestiary","BetterRewards","Colored Map","Conspire","Energized Spire","Highlight Path","Hubris","Ironclad Rager","Minty Spire (QoL Compilation)","Quick Restart","Reliquary","Shop Mod","Spicy Shops","StSLib","Thieving Mod"],"gold_per_floor":[113,113,288,307,307,332,332,345,345,345,362,374,401,420,420,522,522,539,123,123,135,154,186,201,26,81,81,108,1,1,33,33,133,133,150,1,1,19,36,36,48,48,75,108,58,58,93,104,104,104,104,104,54,89,89],"floor_reached":56,"language":"KOR","playtime":2012,"items_purged":["Strike_R","Injury","Strike_R","Defend_R","Defend_R"],"score":1920,"play_id":"677962d9-9d2c-4426-af46-3c09db9b85c2","local_time":"20210221001315","is_ascension_mode":true,"campfire_choices":[{"data":"Metallicize","floor":7.0,"key":"SMITH"},{"data":"Spot Weakness","floor":15.0,"key":"SMITH"},{"data":"Night Terror","floor":30.0,"key":"SMITH"},{"data":"Twin Strike","floor":32.0,"key":"SMITH"},{"floor":40.0,"key":"RECALL"},{"data":"Shrug It Off","floor":42.0,"key":"SMITH"},{"data":"Bash","floor":49,"key":"SMITH"},{"data":"Defend_R","floor":52,"key":"SMITH"}],"circlet_count":0,"master_deck":["Strike_R","Defend_R+1","Bash+1","Metallicize+1","Shrug It Off+1","Twin Strike+1","Shrug It Off+1","Pommel Strike+1","Spot Weakness+1","Metallicize+1","hubris:StunningStrike+1","Juggernaut+1","Sword Boomerang+1","Body Slam+1","hubris:Counter+1","Riddle With Holes+1","Night Terror+1","conspire:ExplosiveBarrier+1","Body Slam+1","Feel No Pain+1","Twin Strike+1","Berserk+1","Metallicize+1","Carnage+1","Metallicize+1","Sadistic Nature+1","Body Slam+1","Twin Strike+1","Twin Strike+1","Body Slam+1"],"relics":["Burning Blood","Medical Kit","reliquary:TridentHead","Letter Opener","HandDrill","CaptainsWheel","MealTicket","Lantern","reliquary:Stiletto","Sling","Frozen Egg 2","hubris:CuriousFeather","Molten Egg 2","Incense Burner","reliquary:PartyBalloon","energizedSpire:MagnifyingGlass","Membership Card","hubris:GlazedTorus","Self Forming Clay","Shuriken","hubris:Reverence","MutagenicStrength","Smiling Mask","hubris:AstralHammer","Eternal Feather","hubris:CrackedHourglass","Ginger","Omamori","Happy Flower","Question Card","Charon\u0027s Ashes","PreservedInsect","OrangePellets","reliquary:CitrusReamer","reliquary:SilkGlove","conspire:DecoderRing","reliquary:Boomerang"],"acts_visited":["Exordium","TheCity","TheBeyond","TheEnding"],"potions_floor_usage":[45,55,55,55],"damage_taken":[{"damage":0.0,"enemies":"2 Louse","floor":1.0,"turns":2.0},{"damage":2.0,"enemies":"Jaw Worm","floor":4.0,"turns":4.0},{"damage":12.0,"enemies":"Lagavulin","floor":6.0,"turns":4.0},{"damage":3.0,"enemies":"Small Slimes","floor":8.0,"turns":3.0},{"damage":3.0,"enemies":"2 Fungi Beasts","floor":11.0,"turns":4.0},{"damage":7.0,"enemies":"Exordium Thugs","floor":12.0,"turns":5.0},{"damage":4.0,"enemies":"Gremlin Nob","floor":13.0,"turns":3.0},{"damage":0.0,"enemies":"Large Slime","floor":14.0,"turns":5.0},{"damage":5.0,"enemies":"The Guardian","floor":16.0,"turns":9.0},{"damage":0.0,"enemies":"Chosen","floor":18.0,"turns":5.0},{"damage":4.0,"enemies":"3 Byrds","floor":21.0,"turns":5.0},{"damage":14.0,"enemies":"Shelled Parasite and Fungi","floor":22.0,"turns":2.0},{"damage":1.0,"enemies":"Book of Stabbing","floor":23.0,"turns":6.0},{"damage":20.0,"enemies":"Snake Plant","floor":24.0,"turns":2.0},{"damage":0.0,"enemies":"conspire:Head Lice","floor":28.0,"turns":3.0},{"damage":2.0,"enemies":"Book of Stabbing","floor":31.0,"turns":3.0},{"damage":12.0,"enemies":"conspire:MysteriousRune","floor":33.0,"turns":7.0},{"damage":35.0,"enemies":"3 Darklings","floor":35.0,"turns":3.0},{"damage":21.0,"enemies":"3 Shapes","floor":38.0,"turns":3.0},{"damage":29.0,"enemies":"Maw","floor":39.0,"turns":5.0},{"damage":0.0,"enemies":"Sphere and 2 Shapes","floor":41.0,"turns":3.0},{"damage":13.0,"enemies":"Reptomancer","floor":44.0,"turns":3.0},{"damage":0,"enemies":"Giant Head","floor":47,"turns":4},{"damage":0,"enemies":"Transient","floor":48,"turns":5},{"damage":0,"enemies":"hubris:GrandSnecko","floor":50,"turns":7},{"damage":44,"enemies":"Shield and Spear","floor":54,"turns":4},{"damage":15,"enemies":"The Heart","floor":55,"turns":7}],"seed_played":"8422610065035082640","potions_obtained":[{"floor":4.0,"key":"LiquidMemories"},{"floor":12.0,"key":"Weak Potion"},{"floor":13.0,"key":"Regen Potion"},{"floor":14.0,"key":"Block Potion"},{"floor":16.0,"key":"DuplicationPotion"},{"floor":35.0,"key":"CultistPotion"}],"is_trial":false,"path_per_floor":["M","?","?","M","?","E","R","M","T","?","M","M","E","M","R","B",null,"M","$","?","M","M","E","M","$","T","?","E","$","R","E","R","B",null,"M","$","?","M","M","R","M","R","T","E","$","?","E","M","R","B",null,"R","$","E","B",null],"character_chosen":"IRONCLAD","items_purchased":["Medical Kit","reliquary:TridentHead","Letter Opener","HandDrill","CaptainsWheel","MealTicket","Lantern","reliquary:Stiletto","Sling","Metallicize","Shrug It Off","Membership Card","Body Slam+1","hubris:GlazedTorus","Self Forming Clay","hubris:Reverence","hubris:AstralHammer","Feel No Pain+1","Ginger","ThievingMod:ThievingPotion"],"campfire_rested":0,"item_purchase_floors":[0,0,0,0,0,0,0,0,0,0,0,19,19,19,19,25,29,29,36,36],"current_hp_per_floor":[38,38,38,42,35,29,29,32,32,29,32,31,33,39,39,40,80,80,80,80,80,72,77,63,78,78,78,80,80,80,80,80,74,80,51,66,66,51,28,43,49,64,64,57,72,72,78,80,80,80,80,80,80,42,33],"gold":89,"neow_bonus":"","is_daily":false,"chose_seed":false,"campfire_upgraded":7,"win_rate":0.0,"timestamp":1613833995,"path_taken":["M","?","?","M","?","E","R","M","T","?","M","M","E","M","R","BOSS","M","$","?","M","?","E","M","$","T","?","E","$","R","E","R","BOSS","M","$","?","M","M","R","M","R","T","E","$","?","E","M","R","BOSS","R","$","E","BOSS"],"items_purchased_type":["Relic","Relic","Relic","Relic","Relic","Relic","Relic","Relic","Relic","Card","Card","Relic","Card","Relic","Relic","Relic","Relic","Card","Relic","Potion"],"build_version":"2020-12-22","purchased_purges":5,"victory":true,"max_hp_per_floor":[80,80,80,80,80,80,80,80,80,80,80,80,80,80,80,80,80,80,80,80,80,80,80,80,80,80,80,80,80,80,80,80,80,80,80,80,80,80,80,80,80,80,80,80,80,80,80,80,80,80,80,80,80,80,80],"card_choices":[{"not_picked":["Fire Breathing","Shockwave","Clash"],"picked":"SKIP","floor":1.0},{"not_picked":["Bloodletting","Warcry"],"picked":"Twin Strike","floor":4.0},{"not_picked":["Iron Wave","Havoc","Clothesline"],"picked":"SKIP","floor":6.0},{"not_picked":["Pummel","Evolve+1"],"picked":"Shrug It Off","floor":8.0},{"not_picked":["Havoc","Armaments"],"picked":"Pommel Strike+1","floor":11.0},{"not_picked":["Fire Breathing+1","Dual Wield"],"picked":"Spot Weakness","floor":12.0},{"not_picked":["Headbutt+1","Uppercut+1"],"picked":"Metallicize+1","floor":13.0},{"not_picked":["Thunderclap+1","hubris:ReadiedAction"],"picked":"hubris:StunningStrike+1","floor":14.0},{"not_picked":["Impervious","Corruption+1"],"picked":"Juggernaut+1","floor":16.0},{"not_picked":["Clothesline+1","Rampage+1"],"picked":"Sword Boomerang+1","floor":18.0},{"not_picked":["hubris:ReadiedAction","Blood for Blood+1","Iron Wave+1"],"picked":"SKIP","floor":21.0},{"not_picked":["Rage","Sentinel"],"picked":"conspire:ExplosiveBarrier+1","floor":22.0},{"not_picked":["Twin Strike+1","Wild Strike+1"],"picked":"Body Slam+1","floor":23.0},{"not_picked":["Flex+1","Perfected Strike+1","Disarm"],"picked":"SKIP","floor":24.0},{"not_picked":["Cleave+1","Iron Wave+1","Flex"],"picked":"SKIP","floor":28.0},{"not_picked":["Anger+1","Perfected Strike+1"],"picked":"Twin Strike+1","floor":31.0},{"not_picked":["Fiend Fire+1","conspire:Purge"],"picked":"Berserk+1","floor":33.0},{"not_picked":["Intimidate+1","Dark Embrace+1"],"picked":"Metallicize+1","floor":35.0},{"not_picked":["Carnage+1","conspire:ExplosiveBarrier+1","Dark Embrace+1"],"picked":"SKIP","floor":38.0},{"not_picked":["conspire:ExplosiveBarrier+1","Dark Embrace+1"],"picked":"Carnage+1","floor":38.0},{"not_picked":["Power Through+1","True Grit+1","Clothesline+1"],"picked":"SKIP","floor":39.0},{"not_picked":["Rampage+1","Thunderclap+1","Wild Strike+1"],"picked":"SKIP","floor":41.0},{"not_picked":["Carnage+1","Clash+1"],"picked":"Metallicize+1","floor":44.0},{"not_picked":["Sever Soul+1","Inflame+1","Dropkick+1","Dual Wield"],"picked":"SKIP","floor":47},{"not_picked":["Seeing Red","hubris:ReadiedAction","Armaments+1"],"picked":"Twin Strike+1","floor":48},{"not_picked":["Disarm","Carnage+1","Feel No Pain+1"],"picked":"Body Slam+1","floor":54}],"player_experience":400367,"relics_obtained":[{"floor":6.0,"key":"hubris:CuriousFeather"},{"floor":9.0,"key":"Molten Egg 2"},{"floor":13.0,"key":"reliquary:PartyBalloon"},{"floor":23.0,"key":"Shuriken"},{"floor":28.0,"key":"Smiling Mask"},{"floor":31.0,"key":"Eternal Feather"},{"floor":43.0,"key":"Omamori"},{"floor":44.0,"key":"Happy Flower"},{"floor":47,"key":"conspire:DecoderRing"},{"floor":54,"key":"reliquary:Boomerang"}],"event_choices":[{"damage_healed":0.0,"max_hp_gain":0.0,"max_hp_loss":0.0,"gold_gain":175.0,"event_name":"Liars Game","player_choice":"AGREE","floor":3.0,"gold_loss":0.0,"damage_taken":0.0,"cards_obtained":["Doubt"]},{"cards_removed":["Doubt"],"damage_healed":0.0,"max_hp_gain":0.0,"max_hp_loss":0.0,"gold_gain":0.0,"event_name":"Golden Wing","player_choice":"Card Removal","floor":5.0,"gold_loss":0.0,"damage_taken":7.0},{"damage_healed":0.0,"max_hp_gain":0.0,"max_hp_loss":0.0,"gold_gain":0.0,"event_name":"Scrap Ooze","player_choice":"Success","floor":10.0,"gold_loss":0.0,"damage_taken":3.0,"relics_obtained":["Incense Burner"]},{"damage_healed":0.0,"max_hp_gain":0.0,"max_hp_loss":0.0,"gold_gain":0.0,"event_name":"Drug Dealer","player_choice":"Inject Mutagens","floor":27.0,"gold_loss":0.0,"damage_taken":0.0,"relics_obtained":["MutagenicStrength"]},{"damage_healed":0.0,"max_hp_gain":0.0,"max_hp_loss":0.0,"gold_gain":0.0,"event_name":"conspire:Investor","player_choice":"Leave","floor":37.0,"gold_loss":0.0,"damage_taken":0.0},{"damage_healed":0,"gold_gain":0,"player_choice":"Upgraded","damage_taken":0,"max_hp_gain":0,"max_hp_loss":0,"event_name":"Upgrade Shrine","floor":46,"gold_loss":0,"cards_upgraded":["Shrug It Off"]}],"is_beta":false,"boss_relics":[{"not_picked":["hubris:GrandSneckoEye","hubris:ScarierMask"],"picked":"energizedSpire:MagnifyingGlass"},{"not_picked":["aspiration:DefectSkillbook","aspiration:SecretTechniqueScroll"],"picked":"hubris:CrackedHourglass"}],"items_purged_floors":[19,25,29,45,53],"is_endless":false,"potions_floor_spawned":[4,12,13,14,16,22,23,33,35,48],"ascension_level":3}}