{"host":"r6z36w6seh15s9tg","time":1613839403,"event":{"mods":["ATMod(∞¢Ë™Mod)","Act Like it!","Arknights","BaseMod","Gensokyo","KomeijiMod","Marisa£®ÏF”Í°°ƒß¿Ì…≥£©","Minty Spire (QoL Compilation)","Reimu£®≤©¿ˆ¡È√Œ£©","Remilia£®¿Ÿ√◊¿Ú—«£©","Spicy Shops","StSLib","The Marked","The Senshi","The Servant 0.9.4","WarShipGirlsR/’ΩΩ¢…Ÿ≈ÆR mod","Youmu£®ªÍ∆«—˝√Œ£©","Yuri Mod","°æ“≈ŒÔø®≈∆°øREMEMod"],"gold_per_floor":[119,119,133,133,32,32,60,77,77,77,109,127,145,163,163,258,258,270,270,282,162,162,162,187,187,187,187,187],"floor_reached":27,"language":"ZHS","playtime":1938,"items_purged":[],"score":291,"play_id":"76072da5-9fa0-433a-b0f1-a7538344d3a7","local_time":"20210221004323","is_ascension_mode":false,"campfire_choices":[{"data":"AT_ShrugMaster","floor":6,"key":"SMITH"},{"data":"Seek","floor":10,"key":"SMITH"},{"data":"ats:Serious Mode","floor":15,"key":"SMITH"},{"data":"ats:Thorns","floor":23,"key":"SMITH"},{"data":"ats:Roar Of Ursus","floor":25,"key":"SMITH"}],"circlet_count":0,"master_deck":["ats:Strike C","ats:Strike S","ats:Strike V","ats:Armor Crushing Shot","ats:Defend","ats:Defend","ats:Defend","ats:Emotion Absorption","AT_ShrugMaster+1","Seek+1","ats:Closed Bolt Burst Fire","ats:Cat Scratch","Regret","ats:Hammer On","ats:Very Hot Blade","ats:Serious Mode+1","ats:Roar Of Ursus+1","ats:Thorns+1","ats:Guard Mode","ats:Fractured Body","ats:Chain Hook+1","Gensokyo:FourOfAKind","Gensokyo:FourOfAKind","Gensokyo:FourOfAKind","Gensokyo:FourOfAKind","ats:Leaping Hammer+1","ats:Collapsing Strike+1"],"relics":["ats:Sanity","AT_ATBox","REME_ComplimentaryCards","NeowsBlessing","TungstenRod","theSenshi:FeatherClipsRelic","ats:Originium","ats:Rhine Circuitry","Dead Branch","AT_EbonyIvory","SacredBark","Gensokyo:LionMask","RuthlessExorcism:ReiMu","Art of War","Frozen Egg 2"],"acts_visited":["Gensokyo:Gensokyo","Gensokyo:Gensokyoer"],"potions_floor_usage":[14,14,16,24,27,27],"damage_taken":[{"damage":0,"enemies":"Gensokyo:2_Kodama","floor":1,"turns":1},{"damage":0,"enemies":"Gensokyo:3_Fairies","floor":3,"turns":2},{"damage":5,"enemies":"Gensokyo:Cirno","floor":7,"turns":2},{"damage":2,"enemies":"Gensokyo:Gryphon","floor":8,"turns":3},{"damage":24,"enemies":"Gensokyo:Aya","floor":11,"turns":7},{"damage":1,"enemies":"Gensokyo:LivingMonolith","floor":12,"turns":2},{"damage":1,"enemies":"Gensokyo:VengefulSpirit","floor":13,"turns":3},{"damage":8,"enemies":"Gensokyo:5_Fairies","floor":14,"turns":3},{"damage":18,"enemies":"Gensokyo:Yukari","floor":16,"turns":6},{"damage":14,"enemies":"Gensokyo:3_Dogs","floor":18,"turns":6},{"damage":14,"enemies":"Gensokyo:CosmicMonolith","floor":20,"turns":3},{"damage":41,"enemies":"Gensokyo:Koishi","floor":24,"turns":4},{"damage":12,"enemies":"Gensokyo:Reisen","floor":27,"turns":2}],"seed_played":"-5307000395643032760","potions_obtained":[{"floor":1,"key":"SpeedPotion"},{"floor":7,"key":"RedTea"},{"floor":8,"key":"LiquidBronze"},{"floor":14,"key":"Energy Potion"},{"floor":18,"key":"LiquidBronze"},{"floor":20,"key":"ats:Burn Small Potion"},{"floor":24,"key":"GrandPatriotsElixir:ReiMu"}],"is_trial":false,"path_per_floor":["M","?","M","?","$","R","E","M","T","R","E","M","M","M","R","B",null,"M","?","M","?","?","R","E","R","T","E"],"character_chosen":"DOCTOR_CLASS","items_purchased":["theSenshi:FeatherClipsRelic"],"campfire_rested":0,"item_purchase_floors":[5],"current_hp_per_floor":[72,72,72,45,45,45,46,50,50,50,32,37,42,40,40,28,72,64,51,43,43,43,43,8,8,8,0,0],"gold":187,"neow_bonus":"THREE_ENEMY_KILL","is_daily":false,"chose_seed":false,"campfire_upgraded":5,"win_rate":0.0,"timestamp":1613839403,"path_taken":["M","?","?","?","$","R","E","M","T","R","E","?","M","M","R","BOSS","M","?","M","?","?","R","E","R","T","E"],"items_purchased_type":["Relic"],"build_version":"2020-12-22","purchased_purges":0,"victory":false,"max_hp_per_floor":[72,72,72,72,72,72,72,72,72,72,72,72,72,72,72,72,72,72,51,51,51,47,47,47,47,47,47,47],"card_choices":[{"not_picked":["ats:Assault Order","ats:Sashimi Platter"],"picked":"ats:Closed Bolt Burst Fire","floor":1},{"not_picked":["ats:Consecutive Shot Auto","ats:Ignite"],"picked":"ats:Cat Scratch","floor":3},{"not_picked":["ats:Echo Reverb","ats:Steam Pump"],"picked":"ats:Hammer On","floor":7},{"not_picked":["ats:Blood Oath","ats:Revitalization"],"picked":"ats:Very Hot Blade","floor":8},{"not_picked":["ats:Magnetic Hammer","ats:Very Hot Blade"],"picked":"ats:Serious Mode","floor":11},{"not_picked":["ats:Hook Shot","ats:Assault Order"],"picked":"ats:Roar Of Ursus","floor":12},{"not_picked":["ats:Consecutive Shot Auto","ats:Flexible Camouflage"],"picked":"ats:Thorns","floor":13},{"not_picked":["ats:Consecutive Shot Auto","ats:Closed Bolt Burst Fire"],"picked":"ats:Guard Mode","floor":14},{"not_picked":["ats:Calcification","ats:Wolf Pack"],"picked":"ats:Fractured Body","floor":16},{"not_picked":["ats:Guard Mode+1","ats:Flexible Camouflage"],"picked":"ats:Chain Hook+1","floor":18},{"not_picked":["ats:Cat Scratch","ats:Revitalization"],"picked":"ats:Leaping Hammer+1","floor":20},{"not_picked":["ats:Guard Mode","ats:Flexible Camouflage"],"picked":"ats:Collapsing Strike+1","floor":24}],"player_experience":108543,"relics_obtained":[{"floor":7,"key":"ats:Originium"},{"floor":7,"key":"ats:Rhine Circuitry"},{"floor":9,"key":"Dead Branch"},{"floor":11,"key":"ats:Originium"},{"floor":11,"key":"AT_EbonyIvory"},{"floor":24,"key":"ats:Originium"},{"floor":24,"key":"Art of War"},{"floor":26,"key":"Frozen Egg 2"}],"event_choices":[],"is_beta":false,"boss_relics":[{"not_picked":["Ectoplasm","Runic Dome"],"picked":"SacredBark"}],"items_purged_floors":[],"is_endless":false,"potions_floor_spawned":[1,7,8,14,18,20,24],"killed_by":"Gensokyo:Reisen","ascension_level":0}}