{"host":"rjfefv2ruvigm2gb","time":1613788091,"event":{"mods":["Act Like it!","AlwaysNeverKeys","BaseMod","Better Note","Better Third Choice","BetterRewards","Block Reminder","Bossed Relics","Colored Map","Colored Powertips","Conspire","Curses Come First","Displayed Cursed Tome","Downfall","Fox Events","GifTheSpireLib","Gold Saver","Googly Eyes","Highlight Path","Hubris","Ironclad Rager","Minty Spire (QoL Compilation)","Monster B Gone","Permanent Neow","Poor People Problems","Quick Restart","Relic Filter","Relic Stats","Reliquary","Replay The Spire","Retaliation","Ruina","Shop Mod","Small Relic Pack","Spire Arcade","StS++","StSLib","Stuff the Spire","SuperFastMode","The Blue Laboratory","Transform Curses","Uncapped","Virulent Crown"],"gold_per_floor":[58,71,88,99,99,119,119,151,1,1,14,34,34,54,67,170,170,70,89,99,84,101,86,86,88,88,88],"floor_reached":25,"language":"ENG","playtime":1269,"items_purged":[],"score":325,"play_id":"c6190ac9-b5bf-4818-8e62-65e09f9589d8","local_time":"20210219202811","is_ascension_mode":true,"campfire_choices":[{"data":"bronze:Shield","floor":1,"key":"SMITH"},{"data":"bronze:Iterate","floor":10,"key":"SMITH"},{"data":"bronze:Boost","floor":13,"key":"SMITH"},{"data":"bronze:FindAndReplace","floor":18,"key":"SMITH"}],"circlet_count":0,"master_deck":["bronze:Strike","bronze:Strike","bronze:Strike","bronze:Defend","bronze:Defend","bronze:Defend","bronze:Defend","bronze:Replicate","bronze:Goto","bronze:Shield+1","bronze:Iterate+1","bronze:Boost+1","bronze:FineTuning","bronze:BuggyMess","bronze:FindAndReplace+1","bronze:Refactor+1","bronze:MaxOutput"],"relics":["bronze:BronzeCore","downfall:HeartBlessingGreen","downfall:HeartBlessingRed","Shuriken","reliquary:QuartzCube","reliquary:WritOfMandamus","downfall:HeartBlessingBlue","ReplayTheSpireMod:Shallot"],"acts_visited":["Exordium","TheCity"],"potions_floor_usage":[16,16,16,19,25,25],"damage_taken":[{"damage":0,"enemies":"conspire:RoseBush","floor":2,"turns":4},{"damage":0,"enemies":"Jaw Worm","floor":3,"turns":3},{"damage":0,"enemies":"Cultist","floor":4,"turns":2},{"damage":0,"enemies":"Large Slime","floor":6,"turns":4},{"damage":12,"enemies":"3 Sentries","floor":8,"turns":8},{"damage":2,"enemies":"Red Slaver","floor":11,"turns":5},{"damage":6,"enemies":"Gremlin Gang","floor":12,"turns":6},{"damage":1,"enemies":"Lots of Slimes","floor":14,"turns":4},{"damage":0,"enemies":"3 Louse","floor":15,"turns":3},{"damage":18,"enemies":"DF_ARCHETYPE_STREAMLINE","floor":16,"turns":9},{"damage":8,"enemies":"conspire:FuzzyDice","floor":19,"turns":7},{"damage":35,"enemies":"Chosen","floor":20,"turns":5},{"damage":0,"enemies":"downfall:FleeingMerchant","floor":21,"turns":4},{"damage":20,"enemies":"conspire:HollyBat","floor":22,"turns":9},{"damage":7,"enemies":"downfall:FleeingMerchant","floor":23,"turns":4},{"damage":29,"enemies":"Snecko","floor":25,"turns":3}],"seed_played":"2842940638619619027","potions_obtained":[{"floor":3,"key":"GamblersBrew"},{"floor":8,"key":"blueLaboratory:FrostheartPotion"},{"floor":15,"key":"Venom Potion"},{"floor":16,"key":"ColorlessPotion"},{"floor":20,"key":"bronze:CleanCodePotion"},{"floor":22,"key":"DuplicationPotion"}],"is_trial":false,"path_per_floor":["R","M","M","M","?","M","T","E","?","R","M","M","R","M","M","B",null,"R","M","M","$","M","$","T","M"],"character_chosen":"THE_AUTOMATON","items_purchased":[],"campfire_rested":0,"item_purchase_floors":[],"current_hp_per_floor":[63,63,63,63,63,63,63,51,80,80,78,72,72,71,71,53,73,83,75,40,40,20,13,13,0,0,0],"gold":88,"neow_bonus":"THREE_CARDS","is_daily":false,"chose_seed":false,"campfire_upgraded":4,"win_rate":0.0,"timestamp":1613788091,"path_taken":["R","M","M","?","?","?","T","E","?","R","M","?","R","?","M","BOSS","R","M","M","$","M","?","T","M"],"items_purchased_type":[],"build_version":"2020-12-22","purchased_purges":0,"victory":false,"max_hp_per_floor":[70,70,70,70,70,70,70,70,80,80,80,80,80,80,80,80,80,90,90,90,90,90,90,90,90,90,90],"relic_stats":{"counters":[16,80],"Shuriken":[17],"obtain_stats":[{"bronze:BronzeCore":0,"downfall:HeartBlessingRed":1,"ReplayTheSpireMod:Shallot":24,"Shuriken":7,"downfall:HeartBlessingBlue":18,"downfall:HeartBlessingGreen":1,"reliquary:WritOfMandamus":17,"reliquary:QuartzCube":8},{"bronze:BronzeCore":0,"downfall:HeartBlessingRed":0,"ReplayTheSpireMod:Shallot":15,"Shuriken":4,"downfall:HeartBlessingBlue":10,"downfall:HeartBlessingGreen":0,"reliquary:WritOfMandamus":10,"reliquary:QuartzCube":5},{"bronze:BronzeCore":0,"downfall:HeartBlessingRed":0,"ReplayTheSpireMod:Shallot":77,"Shuriken":13,"downfall:HeartBlessingBlue":48,"downfall:HeartBlessingGreen":0,"reliquary:WritOfMandamus":48,"reliquary:QuartzCube":21}]},"card_choices":[{"not_picked":["bronze:Flail","bronze:Turbo"],"picked":"bronze:Shield","floor":0},{"not_picked":["bronze:Invalidate","bronze:Separator"],"picked":"bronze:Iterate","floor":2},{"not_picked":["bronze:Shield","bronze:Deprecate","bronze:Separator"],"picked":"SKIP","floor":3},{"not_picked":["bronze:BronzeArmor","bronze:Terminator","bronze:Deprecate"],"picked":"SKIP","floor":4},{"not_picked":["bronze:DelayedSlice","bronze:Safeguard","bronze:Boost"],"picked":"SKIP","floor":6},{"not_picked":["bronze:DigitalCarnage","bronze:Backtrace","bronze:FollowUp"],"picked":"SKIP","floor":8},{"not_picked":["bronze:WhirlingStrike","bronze:DelayedGuard"],"picked":"bronze:Boost","floor":11},{"not_picked":["bronze:Shield","bronze:Branch","bronze:Flail"],"picked":"SKIP","floor":12},{"not_picked":["bronze:Separator","bronze:WhirlingStrike"],"picked":"bronze:FineTuning","floor":14},{"not_picked":["bronze:Library","bronze:DelayedGuard"],"picked":"bronze:BuggyMess","floor":15},{"not_picked":["bronze:Format","bronze:TinkerersToolbox"],"picked":"bronze:FindAndReplace","floor":16},{"not_picked":["bronze:Invalidate+1","bronze:Branch"],"picked":"bronze:Refactor+1","floor":19},{"not_picked":["bronze:Branch","bronze:WildBeam","bronze:ForLoop"],"picked":"SKIP","floor":20},{"not_picked":["bronze:DelayedGuard","bronze:Flail","bronze:Overheat"],"picked":"SKIP","floor":21},{"not_picked":["bronze:GetLatest+1","bronze:Iterate"],"picked":"bronze:MaxOutput","floor":22},{"not_picked":["bronze:Frontload","bronze:CutThrough","bronze:Refactor"],"picked":"SKIP","floor":23}],"player_experience":1136813,"relics_obtained":[{"floor":7,"key":"Shuriken"},{"floor":8,"key":"reliquary:QuartzCube"},{"floor":24,"key":"ReplayTheSpireMod:Shallot"}],"event_choices":[],"is_beta":false,"boss_relics":[{"not_picked":["hubris:VirtuousBlindfold","reliquary:RedCape"],"picked":"reliquary:WritOfMandamus"}],"items_purged_floors":[],"is_endless":false,"potions_floor_spawned":[3,8,15,16,20,22],"killed_by":"Snecko","ascension_level":9}}