{"host":"fbdlh90rovbiajun","time":1613809262,"event":{"mods":["AchievementEnabler","BaseMod","Colored Map","Keyboard Shortcuts","Minty Spire (QoL Compilation)","SuperFastMode"],"gold_per_floor":[117,192,192,192,208,208,233,233,233,233,15,15,28,43,43,166,166,187,208,233,258,6,6,41,64,64,64,82,82,103,142,142,272,272,297,324,10,73,73,73],"floor_reached":41,"language":"KOR","playtime":1338,"items_purged":["Strike_P","Strike_P","Defend_P"],"score":1095,"play_id":"7e84f872-3989-4a2e-aefa-03f48a4bd0df","local_time":"20210220172102","is_ascension_mode":true,"campfire_choices":[{"data":"Eruption","floor":6,"key":"SMITH"},{"data":"FearNoEvil","floor":8,"key":"SMITH"},{"floor":10,"key":"REST"},{"data":"Adaptation","floor":15,"key":"SMITH"},{"data":"Vigilance","floor":23,"key":"SMITH"},{"data":"MentalFortress","floor":29,"key":"SMITH"},{"floor":32,"key":"RECALL"}],"circlet_count":0,"master_deck":["Eruption+1","Vigilance+1","FearNoEvil+1","InnerPeace+1","Adaptation+1","MentalFortress+1"],"relics":["PureWater","Golden Idol","Lantern","Membership Card","Empty Cage","Singing Bowl","ClockworkSouvenir","GoldenEye","Pantograph","Darkstone Periapt","Black Star","Boot","Yang","Bottled Tornado","WingedGreaves"],"acts_visited":["Exordium","TheCity","TheBeyond"],"potions_floor_usage":[16],"damage_taken":[{"damage":0,"enemies":"Jaw Worm","floor":1,"turns":2},{"damage":11,"enemies":"Small Slimes","floor":5,"turns":3},{"damage":0,"enemies":"Cultist","floor":7,"turns":2},{"damage":2,"enemies":"3 Louse","floor":13,"turns":2},{"damage":1,"enemies":"Lots of Slimes","floor":14,"turns":3},{"damage":17,"enemies":"The Guardian","floor":16,"turns":4},{"damage":0,"enemies":"2 Thieves","floor":18,"turns":1},{"damage":0,"enemies":"Spheric Guardian","floor":19,"turns":1},{"damage":0,"enemies":"Snecko","floor":20,"turns":2},{"damage":0,"enemies":"Snake Plant","floor":21,"turns":1},{"damage":0,"enemies":"Book of Stabbing","floor":24,"turns":1},{"damage":0,"enemies":"Chosen and Byrds","floor":25,"turns":1},{"damage":0,"enemies":"Shelled Parasite and Fungi","floor":28,"turns":1},{"damage":0,"enemies":"Snake Plant","floor":30,"turns":1},{"damage":0,"enemies":"Slavers","floor":31,"turns":1},{"damage":0,"enemies":"Champ","floor":33,"turns":2},{"damage":0,"enemies":"3 Shapes","floor":35,"turns":1},{"damage":0,"enemies":"Mind Bloom Boss Battle","floor":38,"turns":2},{"damage":0,"enemies":"Time Eater","floor":40,"turns":8}],"seed_played":"2913923659292014683","potions_obtained":[{"floor":1,"key":"Weak Potion"},{"floor":5,"key":"SkillPotion"},{"floor":14,"key":"SteroidPotion"},{"floor":16,"key":"Swift Potion"}],"is_trial":false,"path_per_floor":["M","?","?","?","M","R","M","R","T","R","$","?","M","M","R","B",null,"M","M","M","M","$","R","E","M","T","?","M","R","M","E","R","B",null,"M","T","$","?","?","B",null],"character_chosen":"WATCHER","items_purchased":["Membership Card","InnerPeace","Singing Bowl","ClockworkSouvenir","Yang","Bottled Tornado"],"campfire_rested":1,"item_purchase_floors":[11,11,22,22,37,37],"current_hp_per_floor":[51,40,22,22,11,11,11,11,11,32,32,32,30,29,29,12,72,72,72,72,72,72,72,74,76,76,76,76,76,78,80,80,82,82,84,84,84,86,86,86],"gold":73,"neow_bonus":"REMOVE_TWO","is_daily":false,"chose_seed":false,"campfire_upgraded":5,"win_rate":0.0,"timestamp":1613809262,"path_taken":["M","?","?","?","M","R","?","R","T","R","$","?","M","?","R","BOSS","M","M","M","M","$","R","E","M","T","?","M","R","M","E","R","BOSS","M","?","$","?","?","BOSS"],"items_purchased_type":["Relic","Card","Relic","Relic","Relic","Relic"],"build_version":"2020-12-22","purchased_purges":3,"victory":true,"max_hp_per_floor":[72,72,72,72,72,72,72,72,72,72,72,72,72,72,72,72,72,72,72,72,72,72,72,74,76,76,76,76,76,78,80,80,82,82,84,84,84,86,86,86],"card_choices":[{"not_picked":["FollowUp","Vengeance","SashWhip"],"picked":"SKIP","floor":1},{"not_picked":["Vengeance","Crescendo","Evaluate"],"picked":"SKIP","floor":5},{"not_picked":["SandsOfTime","CrushJoints"],"picked":"FearNoEvil","floor":7},{"not_picked":["ThirdEye","FollowUp"],"picked":"Adaptation","floor":13},{"not_picked":["Prostrate","CrushJoints","DeceiveReality"],"picked":"SKIP","floor":14},{"not_picked":["WreathOfFlame","EmptyBody+1","CutThroughFate"],"picked":"SKIP","floor":18},{"not_picked":["Meditate","Wallop","Perseverance"],"picked":"SKIP","floor":19},{"not_picked":["LikeWater","JustLucky","InnerPeace"],"picked":"SKIP","floor":20},{"not_picked":["EmptyBody","EmptyMind","JustLucky+1"],"picked":"SKIP","floor":21},{"not_picked":["Swivel+1","WheelKick","JustLucky"],"picked":"Singing Bowl","floor":24},{"not_picked":["InnerPeace","Protect","Vengeance"],"picked":"Singing Bowl","floor":25},{"not_picked":["Evaluate","Consecrate"],"picked":"MentalFortress","floor":28},{"not_picked":["BowlingBash","WaveOfTheHand","FlurryOfBlows"],"picked":"Singing Bowl","floor":30},{"not_picked":["Protect+1","ForeignInfluence","Wish"],"picked":"Singing Bowl","floor":31},{"not_picked":["Ragnarok","DevaForm","Scrawl"],"picked":"Singing Bowl","floor":33},{"not_picked":["JustLucky","Pray","ThirdEye"],"picked":"Singing Bowl","floor":35},{"not_picked":["Tantrum","Study","Collect"],"picked":"Singing Bowl","floor":38}],"player_experience":109512,"relics_obtained":[{"floor":9,"key":"Lantern"},{"floor":24,"key":"GoldenEye"},{"floor":26,"key":"Pantograph"},{"floor":31,"key":"Darkstone Periapt"},{"floor":36,"key":"Boot"},{"floor":38,"key":"WingedGreaves"}],"event_choices":[{"damage_healed":0,"gold_gain":75,"player_choice":"Gather Gold","damage_taken":11,"max_hp_gain":0,"max_hp_loss":0,"event_name":"World of Goop","floor":2,"gold_loss":0},{"damage_healed":0,"gold_gain":0,"player_choice":"Take Damage","damage_taken":18,"relics_obtained":["Golden Idol"],"max_hp_gain":0,"max_hp_loss":0,"event_name":"Golden Idol","floor":3,"gold_loss":0},{"cards_removed":["Defend_P"],"damage_healed":0,"gold_gain":0,"player_choice":"Offered Basic","damage_taken":0,"max_hp_gain":0,"max_hp_loss":0,"event_name":"Bonfire Elementals","floor":4,"gold_loss":0},{"damage_healed":0,"gold_gain":0,"player_choice":"Forge","damage_taken":0,"max_hp_gain":0,"max_hp_loss":0,"event_name":"Accursed Blacksmith","floor":12,"gold_loss":0,"cards_upgraded":["InnerPeace"]},{"damage_healed":0,"gold_gain":0,"player_choice":"Got Potions","damage_taken":0,"max_hp_gain":0,"max_hp_loss":0,"event_name":"Lab","floor":27,"gold_loss":0},{"damage_healed":0,"gold_gain":0,"player_choice":"Fight","damage_taken":0,"max_hp_gain":0,"max_hp_loss":0,"event_name":"MindBloom","floor":38,"gold_loss":0},{"damage_healed":0,"gold_gain":0,"player_choice":"Took Portal","damage_taken":0,"max_hp_gain":0,"max_hp_loss":0,"event_name":"SecretPortal","floor":39,"gold_loss":0}],"is_beta":false,"boss_relics":[{"not_picked":["Busted Crown","SlaversCollar"],"picked":"Empty Cage"},{"not_picked":["Astrolabe","Snecko Eye"],"picked":"Black Star"}],"items_purged_floors":[11,22,37],"is_endless":false,"potions_floor_spawned":[1,5,14,16,19,20,24,30,33,38],"ascension_level":4}}