{"host":"rolltorest","time":1613782045,"event":{"mods":["BaseMod","Minty Spire (QoL Compilation)","Relic Stats","Slay the Relics Exporter","StSLib"],"gold_per_floor":[112,112,187,197,197,197,197],"floor_reached":6,"language":"ENG","playtime":366,"items_purged":[],"score":68,"play_id":"923885ed-a607-4cd2-9bb9-211ca4b9be2b","local_time":"20210219164725","is_ascension_mode":true,"campfire_choices":[],"circlet_count":0,"master_deck":["AscendersBane","Strike_G","Strike_G","Strike_G","Strike_G","Defend_G","Defend_G","Defend_G","Defend_G","Defend_G","Survivor","Neutralize","Skewer","Blade Dance"],"relics":["Ring of the Snake","Bronze Scales"],"acts_visited":["Exordium"],"potions_floor_usage":[],"damage_taken":[{"damage":15,"enemies":"Jaw Worm","floor":1,"turns":10},{"damage":1,"enemies":"Small Slimes","floor":4,"turns":5},{"damage":6,"enemies":"Gremlin Nob","floor":6,"turns":3}],"seed_played":"-3778614198069332723","potions_obtained":[],"is_trial":false,"path_per_floor":["M","?","?","M","?","E"],"character_chosen":"THE_SILENT","items_purchased":[],"campfire_rested":0,"item_purchase_floors":[],"current_hp_per_floor":[44,37,26,25,25,19,19],"gold":197,"neow_bonus":"RANDOM_COLORLESS","is_daily":false,"chose_seed":false,"campfire_upgraded":0,"win_rate":0.0,"timestamp":1613782045,"path_taken":["M","?","?","M","?","E"],"items_purchased_type":[],"build_version":"2020-12-18","purchased_purges":0,"victory":false,"max_hp_per_floor":[66,66,66,66,66,66,66],"relic_stats":{"counters":[3,18],"Bronze Scales":[3],"obtain_stats":[{"Bronze Scales":5,"Ring of the Snake":0},{"Bronze Scales":2,"Ring of the Snake":0},{"Bronze Scales":15,"Ring of the Snake":0}],"Ring of the Snake":[6]},"card_choices":[{"not_picked":["Madness","Panacea"],"picked":"Impatience","floor":0},{"not_picked":["Underhanded Strike","Cloak And Dagger"],"picked":"Skewer","floor":1},{"not_picked":["Deflect","Caltrops"],"picked":"Blade Dance","floor":4}],"player_experience":2008420,"relics_obtained":[],"event_choices":[{"cards_removed":["Strike_G"],"damage_healed":0,"gold_gain":0,"player_choice":"Card Removal","damage_taken":7,"max_hp_gain":0,"max_hp_loss":0,"event_name":"Golden Wing","floor":2,"gold_loss":0},{"damage_healed":0,"gold_gain":75,"player_choice":"Gather Gold","damage_taken":11,"max_hp_gain":0,"max_hp_loss":0,"event_name":"World of Goop","floor":3,"gold_loss":0},{"cards_removed":["Impatience"],"damage_healed":0,"gold_gain":0,"player_choice":"Gave Card","damage_taken":0,"relics_obtained":["Bronze Scales"],"max_hp_gain":0,"max_hp_loss":0,"event_name":"WeMeetAgain","floor":5,"gold_loss":0}],"is_beta":true,"boss_relics":[],"items_purged_floors":[],"is_endless":false,"potions_floor_spawned":[],"killed_by":"Gremlin Nob","ascension_level":20}}