{"host":"xkc7tfemhzdc5j5t","time":1613842247,"event":{"mods":["AchievementEnabler","Act Like it!","BaseMod","BetterRewards","Colored Map","Colored Powertips","Downfall","Gensokyo","Hallownest","Hermit","Highlight Path","Infinite Spire","Marisa£®ÏF”Í°°ƒß¿Ì…≥£©","Minty Spire (QoL Compilation)","Prisma Mod","Quick Restart","Reimu£®≤©¿ˆ¡È√Œ£©","Replay The Spire","Shop Mod","StSLib","SuperFastMode","The Bug Knight","The Construct","The Cursed","The Disciple","The Hierophant","The Jungle","The Necromancer","The Runesmith","The Servant 0.9.4","Youmu£®ªÍ∆«—˝√Œ£©"],"gold_per_floor":[114,128,148,198,123,148,148,63,63,63,83,83,105,105,105,176,176,191,191,211,111,125,125,125,125,125,138,149,168,43,58,58,132,132,148,148,148,148,148,161,173,173,205,205,205],"floor_reached":44,"language":"ZHS","playtime":2127,"items_purged":["Defend_B","Strike_B","Defend_B","Strike_B","Defend_B"],"score":878,"play_id":"005930cc-39e3-4ba2-8a33-a37a90d55bef","local_time":"20210221013047","is_ascension_mode":true,"campfire_choices":[{"data":"Zap","floor":7.0,"key":"SMITH"},{"data":"Dualcast","floor":12.0,"key":"SMITH"},{"data":"ReplayTheSpireMod:Calculation Training","floor":15.0,"key":"SMITH"},{"data":"Chill","floor":23.0,"key":"SMITH"},{"data":"Steam","floor":25.0,"key":"SMITH"},{"data":"Heatsinks","floor":32.0,"key":"SMITH"},{"data":"Consume","floor":42.0,"key":"SMITH"}],"circlet_count":0,"master_deck":["AscendersBane","Strike_B","Strike_B","Defend_B","Zap+1","Dualcast+1","Electrodynamics","Steam+1","FIFO Queue","Chill+1","ReplayTheSpireMod:Calculation Training+1","Ball Lightning","BootSequence","Loop","Turbo","Heatsinks+1","Consume+1","Loop","Coolheaded+1","Hologram","Coolheaded","Machine Learning","BasicCrystalCard+1","Crystallizer"],"relics":["Cracked Core","Prayer Wheel","infinitespire:BottledMercury","Odd Mushroom","Coffee Dripper","ReplayTheSpireMod:EnergyBall","Replay:Mystery Machine","Question Card","SlaversCollar","Toolbox","HollowMod:StagPassRelic"],"acts_visited":["Exordium","TheCity","TheBeyond"],"potions_floor_usage":[43,44],"damage_taken":[{"damage":1.0,"enemies":"Cultist","floor":1.0,"turns":4.0},{"damage":14.0,"enemies":"Jaw Worm","floor":2.0,"turns":3.0},{"damage":3.0,"enemies":"2 Louse","floor":3.0,"turns":2.0},{"damage":9.0,"enemies":"3 Sentries","floor":6.0,"turns":3.0},{"damage":0.0,"enemies":"Looter","floor":11.0,"turns":3.0},{"damage":1.0,"enemies":"The Mushroom Lair","floor":13.0,"turns":2.0},{"damage":0.0,"enemies":"Slime Boss","floor":16.0,"turns":6.0},{"damage":28.0,"enemies":"2 Thieves","floor":18.0,"turns":4.0},{"damage":6.0,"enemies":"Spheric Guardian","floor":20.0,"turns":3.0},{"damage":14.0,"enemies":"Snake Plant","floor":22.0,"turns":2.0},{"damage":1.0,"enemies":"3 Cultists","floor":27.0,"turns":3.0},{"damage":2.0,"enemies":"Cultist and Chosen","floor":28.0,"turns":6.0},{"damage":4.0,"enemies":"Sentry and Sphere","floor":29.0,"turns":5.0},{"damage":0.0,"enemies":"Snake Plant","floor":31.0,"turns":2.0},{"damage":1.0,"enemies":"Champ","floor":33.0,"turns":13.0},{"damage":7.0,"enemies":"3 Shapes","floor":35.0,"turns":3.0},{"damage":2.0,"enemies":"Orb Walker","floor":40.0,"turns":3.0},{"damage":9.0,"enemies":"Transient","floor":41.0,"turns":5.0},{"damage":19,"enemies":"Nemesis","floor":43,"turns":5},{"damage":19,"enemies":"3 Darklings","floor":44,"turns":2}],"seed_played":"-4713192570911918005","potions_obtained":[{"floor":1.0,"key":"Energy Potion"},{"floor":2.0,"key":"Flashbang"},{"floor":6.0,"key":"Guardian:BlockOnCardUsePotion"},{"floor":14.0,"key":"SneckoOil"},{"floor":18.0,"key":"Fire Potion"},{"floor":22.0,"key":"Energy Potion"},{"floor":28.0,"key":"AttackPotion"},{"floor":31.0,"key":"MagicPotion:ReiMu"},{"floor":33.0,"key":"FearPotion"},{"floor":43,"key":"Swift Potion"}],"is_trial":false,"path_per_floor":["M","M","M","?","$","E","R","$","T","$","M","R","?","?","R","B",null,"M","AVR","M","$","M","R","?","R","T","M","M","M","$","M","R","B",null,"M","AVR","PTL","PTL","$","M","M","R","E","M"],"character_chosen":"DEFECT","items_purchased":["ReplayTheSpireMod:Calculation Training"],"campfire_rested":0,"item_purchase_floors":[8],"current_hp_per_floor":[63,49,46,46,46,37,37,37,37,37,37,37,36,36,36,36,62,34,34,28,28,14,14,14,14,14,13,11,7,7,7,7,6,55,48,48,48,48,48,46,37,37,18,0,0],"gold":205,"neow_bonus":"ONE_RANDOM_RARE_CARD","is_daily":false,"chose_seed":false,"campfire_upgraded":7,"win_rate":0.0,"timestamp":1613842247,"path_taken":["M","?","M","?","?","E","R","$","T","$","M","R","?","?","R","BOSS","M","AVR","M","$","M","R","?","R","T","M","?","M","$","M","R","BOSS","M","AVR","PTL","PTL","$","M","M","R","E","M"],"items_purchased_type":["Card"],"build_version":"2020-12-22","purchased_purges":5,"victory":false,"max_hp_per_floor":[71,71,71,71,71,71,71,71,71,71,71,71,71,71,71,71,71,71,71,71,71,71,71,71,71,71,71,71,71,71,71,71,71,71,71,71,71,71,71,71,71,71,71,71,71],"card_choices":[{"not_picked":["Static Discharge","Sweeping Beam","Skim"],"picked":"SKIP","floor":1.0},{"not_picked":["Stack","Beam Cell"],"picked":"Steam","floor":2.0},{"not_picked":["Steam","Turbo"],"picked":"FIFO Queue","floor":3.0},{"not_picked":["BootSequence","FIFO Queue"],"picked":"Chill","floor":6.0},{"not_picked":["Stack","Gash"],"picked":"Ball Lightning","floor":11.0},{"not_picked":["Scrape","Streamline","BasicCrystalCard"],"picked":"SKIP","floor":11.0},{"not_picked":["Streamline","Stack+1"],"picked":"BootSequence","floor":18.0},{"not_picked":["Go for the Eyes","Rebound","Sunder"],"picked":"SKIP","floor":18.0},{"not_picked":["Consume","Rip and Tear","BasicCrystalCard+1"],"picked":"SKIP","floor":20.0},{"not_picked":["Rebound+1","Rainbow","Redo"],"picked":"SKIP","floor":20.0},{"not_picked":["Capacitor+1","Force Field+1"],"picked":"Loop","floor":22.0},{"not_picked":["Ball Lightning","Double Energy"],"picked":"Turbo","floor":22.0},{"not_picked":["Compile Driver","Scrape","Cold Snap"],"picked":"Heatsinks","floor":27.0},{"not_picked":["Aggregate","Compile Driver","Stack"],"picked":"Consume","floor":27.0},{"not_picked":["Conserve Battery","Rebound","Reinforced Body"],"picked":"Loop","floor":28.0},{"not_picked":["Panic Button","Cold Snap","Steam","BasicCrystalCard"],"picked":"SKIP","floor":28.0},{"not_picked":["Steam Power","Chill+1","Streamline"],"picked":"Coolheaded+1","floor":29.0},{"not_picked":["Core Surge","Steam","Go for the Eyes"],"picked":"Hologram","floor":29.0},{"not_picked":["Streamline","Gash","Panic Button"],"picked":"Coolheaded","floor":31.0},{"not_picked":["Rebound","Blizzard","Aggregate","Hello World+1"],"picked":"SKIP","floor":31.0},{"not_picked":["Multi-Cast","ReplayTheSpireMod:Fabricate Wheel","Core Surge"],"picked":"Machine Learning","floor":33.0},{"not_picked":["Reinforced Body+1","Panic Button","Cold Snap"],"picked":"BasicCrystalCard+1","floor":35.0},{"not_picked":["Leap","Steam Power","ReplayTheSpireMod:GoodbyeWorld+1","Gash"],"picked":"SKIP","floor":35.0},{"not_picked":["Steam","Machine Learning","Doom and Gloom","Streamline"],"picked":"SKIP","floor":40.0},{"not_picked":["Sweeping Beam","Steam","Ball Lightning","Compile Driver+1"],"picked":"SKIP","floor":40.0},{"not_picked":["Thunder Strike","ReplayTheSpireMod:Calculation Training","Streamline","Stack"],"picked":"SKIP","floor":41.0},{"not_picked":["Conserve Battery+1","Sweeping Beam","Hologram","Stack"],"picked":"SKIP","floor":41.0},{"not_picked":["Undo+1","Sunder","Ball Lightning"],"picked":"Crystallizer","floor":43}],"player_experience":793618,"relics_obtained":[{"floor":6.0,"key":"Prayer Wheel"},{"floor":9.0,"key":"infinitespire:BottledMercury"},{"floor":13.0,"key":"Odd Mushroom"},{"floor":26.0,"key":"Question Card"},{"floor":43,"key":"HollowMod:StagPassRelic"}],"event_choices":[{"damage_healed":0.0,"max_hp_gain":0.0,"max_hp_loss":0.0,"gold_gain":50.0,"event_name":"Golden Shrine","player_choice":"Pray","floor":4.0,"gold_loss":0.0,"damage_taken":0.0},{"damage_healed":0.0,"max_hp_gain":0.0,"max_hp_loss":0.0,"gold_gain":0.0,"event_name":"Mushrooms","player_choice":"Fought Mushrooms","floor":13.0,"gold_loss":0.0,"damage_taken":0.0},{"damage_healed":0.0,"max_hp_gain":0.0,"max_hp_loss":0.0,"gold_gain":0.0,"event_name":"Lab","player_choice":"Got Potions","floor":14.0,"gold_loss":0.0,"damage_taken":0.0},{"damage_healed":0.0,"max_hp_gain":0.0,"max_hp_loss":0.0,"gold_gain":0.0,"event_name":"WeMeetAgain","player_choice":"Gave Potion","floor":24.0,"gold_loss":0.0,"damage_taken":0.0,"relics_obtained":["Replay:Mystery Machine"]}],"is_beta":false,"boss_relics":[{"not_picked":["Ectoplasm","Calling Bell"],"picked":"Coffee Dripper"},{"not_picked":["ReplayTheSpireMod:DimensionalGlitch","Kintsugi"],"picked":"SlaversCollar"}],"items_purged_floors":[5,19,21,30,36],"is_endless":false,"potions_floor_spawned":[1,2,6,18,22,28,31,33,35,43],"killed_by":"3 Darklings","ascension_level":16}}