{"host":"6dypmz777xraikqf","time":1613833813,"event":{"mods":["AchievementEnabler","BaseMod","BetterRewards","Colored Map","Colored Powertips","Downfall","Highlight Path","Hubris","Infinite Spire","Minty Spire (QoL Compilation)","Replay The Spire","StSLib"],"gold_per_floor":[114,189,189,205,223,223,257,257,309,327,327,337,355,386,386,487,487,506,541,466,466],"floor_reached":20,"language":"ENG","playtime":897,"items_purged":["WindmillStrike+1"],"score":454,"play_id":"49f31e08-37b4-4210-8e68-450702cd0a6c","local_time":"20210220151013","is_ascension_mode":true,"campfire_choices":[{"data":"Neutralize","floor":6,"key":"SMITH"},{"floor":8,"key":"REST"},{"data":"Skewer","floor":11,"key":"SMITH"},{"floor":15,"key":"REST"}],"circlet_count":0,"master_deck":["AscendersBane","WindmillStrike+1","Strike_G","Strike_G","Strike_G","Defend_G","Defend_G","Defend_G","Defend_G","Defend_G","Survivor","Neutralize+1","Deadly Poison+1","ReplayTheSpireMod:Scrap Shanks","Blade Dance","Skewer+1","Corpse Explosion","Masterful Stab","ReplayTheSpireMod:Speed Training","Blade Dance","Accuracy","ReplayTheSpireMod:Necrosis","After Image","Replay:Poison Smokescreen","Infinite Blades+1"],"relics":["Ring of the Snake","Bird Faced Urn","Replay:PocketPolymizer","Gremlin Food","hubris:AstralHammer","Philosopher\u0027s Stone","Red Mask"],"acts_visited":["Exordium","TheCity"],"potions_floor_usage":[7,7,16,19],"damage_taken":[{"damage":5,"enemies":"Jaw Worm","floor":1,"turns":4},{"damage":0,"enemies":"Cultist","floor":4,"turns":4},{"damage":1,"enemies":"2 Louse","floor":5,"turns":3},{"damage":24,"enemies":"3 Sentries","floor":7,"turns":9},{"damage":2,"enemies":"2 Fungi Beasts","floor":10,"turns":3},{"damage":11,"enemies":"Large Slime","floor":12,"turns":6},{"damage":0,"enemies":"Red Slaver","floor":13,"turns":1},{"damage":9,"enemies":"Lagavulin","floor":14,"turns":7},{"damage":18,"enemies":"Slime Boss","floor":16,"turns":8},{"damage":5,"enemies":"Chosen","floor":18,"turns":4},{"damage":41,"enemies":"Masked Bandits","floor":19,"turns":4},{"damage":26,"enemies":"2 Thieves","floor":20,"turns":3}],"seed_played":"-4242243207360860093","potions_obtained":[{"floor":3,"key":"DuplicationPotion"},{"floor":3,"key":"bronze:BurnAndBuffPotion"},{"floor":7,"key":"bronze:BurnAndBuffPotion"},{"floor":14,"key":"AttackPotion"},{"floor":16,"key":"Dexterity Potion"},{"floor":19,"key":"SteroidPotion"}],"is_trial":false,"path_per_floor":["M","?","?","M","M","R","E","R","T","M","R","M","M","E","R","B",null,"M","?","M"],"character_chosen":"THE_SILENT","items_purchased":[],"campfire_rested":2,"item_purchase_floors":[],"current_hp_per_floor":[51,40,40,40,41,41,19,40,40,38,38,29,29,22,43,29,60,61,20,0,0],"gold":466,"neow_bonus":"","is_daily":false,"chose_seed":false,"campfire_upgraded":2,"win_rate":0.0,"timestamp":1613833813,"path_taken":["M","?","?","M","?","R","E","R","T","M","R","M","M","E","R","BOSS","M","?","M"],"items_purchased_type":[],"build_version":"2020-12-22","purchased_purges":1,"victory":false,"max_hp_per_floor":[70,70,70,70,70,70,70,70,70,70,70,70,70,70,70,70,70,70,70,70,70],"card_choices":[{"not_picked":["Dagger Spray","ReplayTheSpireMod:Scrap Shanks"],"picked":"Deadly Poison","floor":1},{"not_picked":["All Out Attack","Setup"],"picked":"ReplayTheSpireMod:Scrap Shanks","floor":4},{"not_picked":["Deadly Poison","Prepared"],"picked":"Blade Dance","floor":5},{"not_picked":["Masterful Stab","Hidden Blade"],"picked":"Sucker Punch","floor":7},{"not_picked":["Deadly Poison","Bane"],"picked":"Corpse Explosion","floor":10},{"not_picked":["Finisher","Flying Knee"],"picked":"ReplayTheSpireMod:Speed Training","floor":12},{"not_picked":["Quick Slash","Terror"],"picked":"Blade Dance","floor":13},{"not_picked":["Riddle With Holes","Hidden Blade"],"picked":"Accuracy","floor":14},{"not_picked":["Replay:Bag of Tricks","Doppelganger"],"picked":"After Image","floor":16},{"not_picked":["Masterful Stab","Slice"],"picked":"Replay:Poison Smokescreen","floor":18},{"not_picked":["Deflect","Dagger Throw"],"picked":"Infinite Blades+1","floor":19}],"player_experience":272757,"relics_obtained":[{"floor":7,"key":"Replay:PocketPolymizer"},{"floor":9,"key":"Gremlin Food"},{"floor":14,"key":"hubris:AstralHammer"},{"floor":19,"key":"Red Mask"}],"event_choices":[{"damage_healed":0,"gold_gain":75,"player_choice":"Gather Gold","damage_taken":11,"max_hp_gain":0,"max_hp_loss":0,"event_name":"World of Goop","floor":2,"gold_loss":0},{"damage_healed":0,"gold_gain":0,"player_choice":"Got Potions","damage_taken":0,"max_hp_gain":0,"max_hp_loss":0,"event_name":"Lab","floor":3,"gold_loss":0},{"damage_healed":0,"gold_gain":0,"player_choice":"Fought Bandits","damage_taken":0,"max_hp_gain":0,"max_hp_loss":0,"event_name":"Masked Bandits","floor":19,"gold_loss":0}],"is_beta":false,"boss_relics":[{"not_picked":["hubris:GrandSneckoEye","ChewingGum"],"picked":"Philosopher\u0027s Stone"}],"items_purged_floors":[0],"is_endless":false,"potions_floor_spawned":[4,7,14,16,19],"killed_by":"2 Thieves","ascension_level":12}}