{"host":"31s8hzukbhz1k6i6","time":1613784361,"event":{"mods":["AchievementEnabler","BaseMod","Bestiary","Colored Map","Filter the Spire","Minty Spire (QoL Compilation)","Relic Stats"],"gold_per_floor":[114,134,134,149,168,168,197,197,224,259,259,259,259],"floor_reached":12,"language":"ENG","playtime":565,"items_purged":[],"score":176,"play_id":"0e664be7-73c5-49fc-a2a8-b82e879d0b1a","local_time":"20210219172601","is_ascension_mode":true,"campfire_choices":[{"data":"Eruption","floor":6.0,"key":"SMITH"},{"data":"TalkToTheHand","floor":8.0,"key":"SMITH"},{"data":"Tantrum","floor":11,"key":"SMITH"}],"circlet_count":0,"master_deck":["AscendersBane","Strike_P","Strike_P","Strike_P","Strike_P","Defend_P+1","Defend_P","Defend_P","Eruption+1","Vigilance+1","ReachHeaven","FlurryOfBlows","TalkToTheHand+1","Wallop","CutThroughFate","Shame","Tantrum+1"],"relics":["Cursed Key","Pen Nib","War Paint"],"acts_visited":["Exordium"],"potions_floor_usage":[10],"damage_taken":[{"damage":7.0,"enemies":"2 Louse","floor":1.0,"turns":3.0},{"damage":12.0,"enemies":"Small Slimes","floor":2.0,"turns":3.0},{"damage":7.0,"enemies":"Jaw Worm","floor":4.0,"turns":2.0},{"damage":2.0,"enemies":"3 Louse","floor":5.0,"turns":3.0},{"damage":2.0,"enemies":"Gremlin Nob","floor":7.0,"turns":3.0},{"damage":1,"enemies":"3 Sentries","floor":10,"turns":3},{"damage":40,"enemies":"Lagavulin","floor":12,"turns":2}],"seed_played":"5634070702527550754","potions_obtained":[{"floor":4.0,"key":"Ambrosia"}],"is_trial":false,"path_per_floor":["M","M","?","M","M","R","E","R","T","E","R","E"],"character_chosen":"WATCHER","items_purchased":[],"campfire_rested":0,"item_purchase_floors":[],"current_hp_per_floor":[54,42,35,28,26,26,24,24,24,23,23,0,0],"gold":259,"neow_bonus":"BOSS_RELIC","is_daily":false,"chose_seed":false,"campfire_upgraded":3,"win_rate":0.0,"timestamp":1613784361,"path_taken":["M","M","?","M","M","R","E","R","T","E","R","E"],"items_purchased_type":[],"build_version":"2020-12-22","purchased_purges":0,"victory":false,"max_hp_per_floor":[68,68,68,68,68,68,68,68,68,68,68,68,68],"relic_stats":{"counters":[7,19],"Pen Nib":[1],"War Paint":["Defend_P","Vigilance"],"Cursed Key":1,"obtain_stats":[{"Pen Nib":7,"PureWater":0,"War Paint":10,"Cursed Key":0},{"Pen Nib":5,"PureWater":0,"War Paint":6,"Cursed Key":0},{"Pen Nib":14,"PureWater":0,"War Paint":17,"Cursed Key":0}]},"card_choices":[{"not_picked":["Halt","ForeignInfluence"],"picked":"ReachHeaven","floor":1.0},{"not_picked":["FlyingSleeves","ThirdEye"],"picked":"FlurryOfBlows","floor":2.0},{"not_picked":["Swivel","PathToVictory"],"picked":"TalkToTheHand","floor":4.0},{"not_picked":["ClearTheMind","EmptyBody"],"picked":"Wallop","floor":5.0},{"not_picked":["Prostrate","Evaluate"],"picked":"CutThroughFate","floor":7.0},{"not_picked":["Meditate","Adaptation"],"picked":"Tantrum","floor":10}],"player_experience":232614,"relics_obtained":[{"floor":7.0,"key":"Pen Nib"},{"floor":10,"key":"War Paint"}],"event_choices":[{"cards_removed":["Defend_P"],"damage_healed":0.0,"max_hp_gain":0.0,"max_hp_loss":0.0,"gold_gain":0.0,"event_name":"Golden Wing","player_choice":"Card Removal","floor":3.0,"gold_loss":0.0,"damage_taken":7.0}],"is_beta":false,"boss_relics":[],"items_purged_floors":[],"is_endless":false,"potions_floor_spawned":[4],"killed_by":"Lagavulin","ascension_level":20}}