{"host":"nug5xkek4sujf8as","time":1613838357,"event":{"mods":["Act Like it!","Aspiration","BaseMod","Booster Modes","CapriCore","Colored Powertips","Conspire","Energized Spire","Gensokyo","Minty Spire (QoL Compilation)","Permanent Neow","Quick Restart","Replay The Spire","Shop Mod","Spicy Shops","StSLib","【功能Mod】混沌之环修复补丁","【遗物卡牌】REMEMod","篝火指南"],"gold_per_floor":[117,117,131,150,150,185,197,214,214,214,64,64,64,83,83,413,413],"floor_reached":16,"language":"ZHS","playtime":494,"items_purged":[],"score":194,"play_id":"2e86bb63-0433-4944-8787-1800ecedf9b2","local_time":"20210221002557","is_ascension_mode":true,"campfire_choices":[{"floor":10.0,"key":"REST"},{"data":"Abandon","floor":13.0,"key":"SMITH"},{"floor":15,"key":"REST"}],"circlet_count":0,"master_deck":["AscendersBane","Strike_R","Strike_R","Strike_R","Strike_R","Strike_R","Defend_R","Bash","Doom and Gloom","BowlingBash","Night Terror","Burst","Abandon+1","Thunderclap","Gensokyo:Shovel"],"relics":["Burning Blood","REME_ComplimentaryCards","aspiration:Nostalgia","Replay:M_SmolderingBlood","Gensokyo:Justice","aspiration:ChemicalBlood","Singing Bowl","Pear"],"acts_visited":["Gensokyo:Gensokyo"],"potions_floor_usage":[14,14,16],"damage_taken":[{"damage":10.0,"enemies":"Gensokyo:3_Fairies","floor":1.0,"turns":4.0},{"damage":12.0,"enemies":"Gensokyo:2_Kodama","floor":3.0,"turns":3.0},{"damage":15.0,"enemies":"Gensokyo:Gryphon","floor":4.0,"turns":3.0},{"damage":5.0,"enemies":"Gensokyo:Cirno","floor":6.0,"turns":4.0},{"damage":15.0,"enemies":"Gensokyo:2_Rabbits","floor":7.0,"turns":4.0},{"damage":19.0,"enemies":"Gensokyo:CorruptedTreant","floor":8.0,"turns":4.0},{"damage":23,"enemies":"Gensokyo:VengefulSpirit","floor":14,"turns":5},{"damage":53,"enemies":"Gensokyo:Yukari","floor":16,"turns":6}],"seed_played":"-1974521497453851078","potions_obtained":[{"floor":4.0,"key":"SteroidPotion"},{"floor":6.0,"key":"HeartOfIron"},{"floor":16,"key":"FairyPotion"}],"is_trial":false,"path_per_floor":["M","?","M","M","?","E","M","M","T","R","COS","?","R","M","R","B"],"character_chosen":"IRONCLAD","items_purchased":[],"campfire_rested":2,"item_purchase_floors":[],"current_hp_per_floor":[64,64,58,49,49,50,41,28,28,50,50,40,40,25,51,26,26],"gold":413,"neow_bonus":"NOSTALGIA","is_daily":false,"chose_seed":false,"campfire_upgraded":1,"win_rate":0.0,"timestamp":1613838357,"path_taken":["M","?","M","?","?","E","M","M","T","R","COS","?","R","M","R","BOSS"],"items_purchased_type":[],"build_version":"2020-12-22","purchased_purges":0,"victory":false,"max_hp_per_floor":[75,75,75,75,75,75,75,75,75,75,75,85,85,87,87,87,87],"card_choices":[{"not_picked":["Dropkick","Sword Boomerang"],"picked":"BowlingBash","floor":1.0},{"not_picked":["Iron Wave","Hemokinesis","Halt"],"picked":"SKIP","floor":3.0},{"not_picked":["Sentinel","Run Through"],"picked":"Abandon","floor":4.0},{"not_picked":["WreathOfFlame","Run Through","Searing Blow"],"picked":"SKIP","floor":6.0},{"not_picked":["Sever Soul","ReplayTheSpireMod:LeadingStrike"],"picked":"Thunderclap","floor":7.0},{"not_picked":["Warcry","ReplayTheSpireMod:Strike From Hell","Halt"],"picked":"SKIP","floor":8.0},{"not_picked":["Rampage","Headbutt","FollowUp"],"picked":"Singing Bowl","floor":14}],"player_experience":829522,"relics_obtained":[{"floor":6.0,"key":"aspiration:ChemicalBlood"},{"floor":9.0,"key":"Singing Bowl"}],"event_choices":[],"is_beta":false,"boss_relics":[],"items_purged_floors":[],"is_endless":false,"potions_floor_spawned":[4,6],"killed_by":"Gensokyo:Yukari","ascension_level":20}}