{"host":"l5xpox9cbdko122s","time":1613848744,"event":{"mods":["AchievementEnabler","BaseMod","Better Skull","Colored Map","Colored Powertips","Curses Come First","Displayed Cursed Tome","Hermit","Highlight Path","Minty Spire (QoL Compilation)","Quick Restart","Shop Mod","StSLib"],"gold_per_floor":[12,12,12,30,45,70,70,102,102,102,102,150,150,163,163,163,163],"floor_reached":16,"language":"ENG","playtime":720,"items_purged":[],"score":133,"play_id":"0c7e4cea-8a41-41e1-91b5-1de4cbdfc556","local_time":"20210220141904","is_ascension_mode":false,"campfire_choices":[{"floor":7,"key":"RECALL"},{"data":"hermit:GoldenBullet","floor":13,"key":"SMITH"},{"data":"hermit:Snapshot","floor":15,"key":"SMITH"}],"circlet_count":0,"master_deck":["hermit:Strike_Hermit","hermit:Strike_Hermit","hermit:Strike_Hermit","hermit:Strike_Hermit","hermit:Defend_Hermit","hermit:Defend_Hermit","hermit:Defend_Hermit","hermit:Defend_Hermit","hermit:Snapshot+1","hermit:Covet","hermit:BlackWind+1","hermit:GoldenBullet+1","Regret","Forethought","Injury"],"relics":["hermit:Momento","FossilizedHelix","Bottled Flame","Golden Idol"],"acts_visited":["Exordium"],"potions_floor_usage":[16,16],"damage_taken":[{"damage":2,"enemies":"Small Slimes","floor":1,"turns":3},{"damage":17,"enemies":"Cultist","floor":4,"turns":6},{"damage":0,"enemies":"2 Louse","floor":5,"turns":1},{"damage":55,"enemies":"Lagavulin","floor":6,"turns":8},{"damage":0,"enemies":"Gremlin Nob","floor":8,"turns":3},{"damage":0,"enemies":"Looter","floor":14,"turns":1},{"damage":1,"enemies":"The Guardian","floor":16,"turns":3}],"seed_played":"-8601933258799181779","potions_obtained":[{"floor":6,"key":"hermit:Tonic"},{"floor":8,"key":"AttackPotion"}],"is_trial":false,"path_per_floor":["M","?","$","M","M","E","R","E","T","?","?","T","R","M","R","B"],"character_chosen":"HERMIT","items_purchased":[],"campfire_rested":0,"item_purchase_floors":[],"current_hp_per_floor":[73,73,73,56,56,1,1,1,1,1,1,1,1,1,1,0,0],"gold":163,"neow_bonus":"THREE_RARE_CARDS","is_daily":false,"chose_seed":false,"campfire_upgraded":2,"win_rate":0.0,"timestamp":1613848744,"path_taken":["M","?","$","?","M","E","R","E","T","?","?","?","R","?","R","BOSS"],"items_purchased_type":[],"build_version":"2020-12-22","purchased_purges":0,"victory":false,"max_hp_per_floor":[75,75,75,75,75,75,75,75,75,75,75,75,75,75,75,75,75],"card_choices":[{"not_picked":["hermit:FinalCanter","hermit:EternalForm"],"picked":"hermit:BlackWind","floor":0},{"not_picked":["hermit:Glare","hermit:WideOpen"],"picked":"hermit:GoldenBullet","floor":1},{"not_picked":["hermit:Manifest","hermit:EyeOfTheStorm","hermit:GhostlyPresence"],"picked":"SKIP","floor":4},{"not_picked":["hermit:GhostlyPresence","hermit:Gestalt","hermit:Spite"],"picked":"SKIP","floor":5},{"not_picked":["hermit:TakeAim","hermit:Reprieve","hermit:ItchyTrigger"],"picked":"SKIP","floor":6},{"not_picked":["hermit:Brawl","hermit:Malice","hermit:Virtue"],"picked":"SKIP","floor":8},{"not_picked":["hermit:Vantage","hermit:Headshot","hermit:Showdown"],"picked":"SKIP","floor":14}],"player_experience":204594,"relics_obtained":[{"floor":6,"key":"FossilizedHelix"},{"floor":9,"key":"Bottled Flame"}],"event_choices":[{"damage_healed":0,"gold_gain":0,"player_choice":"2 cards matched","damage_taken":0,"max_hp_gain":0,"max_hp_loss":0,"event_name":"Match and Keep!","floor":2,"gold_loss":0,"cards_obtained":["Regret","Forethought"]},{"damage_healed":0,"gold_gain":0,"player_choice":"Grow","damage_taken":0,"max_hp_gain":0,"max_hp_loss":0,"event_name":"Living Wall","floor":10,"gold_loss":0,"cards_upgraded":["hermit:BlackWind"]},{"damage_healed":0,"gold_gain":0,"player_choice":"Take Wound","damage_taken":0,"relics_obtained":["Golden Idol"],"max_hp_gain":0,"max_hp_loss":0,"event_name":"Golden Idol","floor":11,"gold_loss":0,"cards_obtained":["Injury"]}],"is_beta":false,"boss_relics":[],"items_purged_floors":[],"is_endless":false,"potions_floor_spawned":[6,8],"killed_by":"The Guardian","ascension_level":0}}