{"host":"l2lylj0omvglf5x0","time":1613839285,"event":{"mods":["2.2 Compatiblity","BaseMod","Bestiary","Block Reminder","Colored Map","Colored Powertips","Curses Come First","Highlight Path","Keyboard Shortcuts","Minty Spire (QoL Compilation)","Relic Sorter","Relic Stats","Slay the Relics Exporter","StSLib","SuperFastMode"],"gold_per_floor":[112,62,62,82,97,97,132,132,132,57,57,57,90,149,149,251,251,267,182,27,0,10,10,38,38,38,73,88,88,13,42,42,145,145,155,155,0,0,15,15,15],"floor_reached":40,"language":"ENG","playtime":4795,"items_purged":["Injury"],"score":739,"play_id":"7b9cc4ca-ae4a-4e3e-8a8c-b39fbe45abc3","local_time":"20210220174125","is_ascension_mode":true,"campfire_choices":[{"data":"Rupture","floor":6,"key":"SMITH"},{"data":"Limit Break","floor":8,"key":"SMITH"},{"data":"Uppercut","floor":12,"key":"SMITH"},{"data":"Offering","floor":15,"key":"SMITH"},{"data":"Combust","floor":23,"key":"SMITH"},{"data":"Impervious","floor":25,"key":"SMITH"},{"data":"Defend_R","floor":32,"key":"SMITH"}],"circlet_count":0,"master_deck":["AscendersBane","Strike_R","Strike_R+1","Strike_R","Strike_R","Defend_R+1","Defend_R+1","Defend_R+1","Defend_R","Bash+1","Limit Break+1","Uppercut+1","Rupture+1","Combust+1","Reaper+1","Offering+1","Cleave+1","Twin Strike+1","Impervious+1","Offering","Madness","Madness"],"relics":["Burning Blood","Molten Egg 2","Gremlin Horn","Pantograph","War Paint","Cursed Key","Singing Bowl","Orichalcum","Whetstone","Bottled Flame","Enchiridion","Question Card","Sozu","Red Mask"],"acts_visited":["Exordium","TheCity","TheBeyond"],"potions_floor_usage":[14,33,33],"damage_taken":[{"damage":10,"enemies":"Small Slimes","floor":1,"turns":4},{"damage":5,"enemies":"Jaw Worm","floor":4,"turns":4},{"damage":0,"enemies":"Cultist","floor":5,"turns":3},{"damage":24,"enemies":"Lagavulin","floor":7,"turns":7},{"damage":23,"enemies":"Gremlin Nob","floor":13,"turns":3},{"damage":28,"enemies":"Gremlin Nob","floor":14,"turns":4},{"damage":46,"enemies":"Hexaghost","floor":16,"turns":6},{"damage":19,"enemies":"Chosen","floor":18,"turns":3},{"damage":14,"enemies":"3 Byrds","floor":22,"turns":3},{"damage":48,"enemies":"Book of Stabbing","floor":24,"turns":6},{"damage":21,"enemies":"Slavers","floor":27,"turns":3},{"damage":7,"enemies":"Snecko","floor":28,"turns":3},{"damage":15,"enemies":"Book of Stabbing","floor":31,"turns":4},{"damage":11,"enemies":"Automaton","floor":33,"turns":6},{"damage":31,"enemies":"3 Shapes","floor":35,"turns":3},{"damage":22,"enemies":"3 Darklings","floor":39,"turns":3},{"damage":92,"enemies":"Nemesis","floor":40,"turns":4}],"seed_played":"381519765046891167","potions_obtained":[{"floor":1,"key":"SteroidPotion"},{"floor":5,"key":"Regen Potion"},{"floor":7,"key":"DistilledChaos"},{"floor":13,"key":"CultistPotion"},{"floor":24,"key":"PowerPotion"}],"is_trial":false,"path_per_floor":["M","?","?","M","M","R","E","R","T","$","?","R","E","?","R","B",null,"M","?","$","?","M","R","E","R","T","E","M","?","$","E","R","B",null,"M","?","?","?","M","E"],"character_chosen":"IRONCLAD","items_purchased":["Offering","Orichalcum"],"campfire_rested":0,"item_purchase_floors":[10,20],"current_hp_per_floor":[68,68,60,61,67,67,49,49,49,49,49,49,51,42,42,61,75,72,72,72,72,82,82,42,42,42,60,61,45,45,57,57,90,90,92,94,94,82,81,0,0],"gold":15,"neow_bonus":"ONE_RANDOM_RARE_CARD","is_daily":false,"chose_seed":false,"campfire_upgraded":7,"win_rate":0.0,"timestamp":1613839285,"path_taken":["M","?","?","?","M","R","E","R","T","$","?","R","E","?","R","BOSS","M","?","$","?","M","R","E","R","T","E","M","?","?","E","R","BOSS","M","?","?","?","M","E"],"items_purchased_type":["Card","Relic"],"build_version":"2020-12-22","purchased_purges":1,"victory":false,"max_hp_per_floor":[80,80,80,80,80,80,80,80,80,80,80,80,80,80,80,80,80,80,80,80,80,82,82,84,84,84,86,88,88,88,90,90,90,90,92,94,94,94,96,96,96],"relic_stats":{"Sozu":0,"Gremlin Horn":[9,9],"Singing Bowl":16,"counters":[17,69],"Pantograph":50,"Whetstone":["Bash","Strike_R"],"War Paint":["Defend_R","Defend_R"],"Orichalcum":[66],"Cursed Key":1,"Question Card":4,"obtain_stats":[{"Gremlin Horn":9,"Singing Bowl":19,"Enchiridion":29,"Whetstone":24,"War Paint":14,"Orichalcum":20,"Cursed Key":17,"Question Card":31,"Burning Blood":0,"Sozu":34,"Bottled Flame":27,"Pantograph":13,"Molten Egg 2":7,"Red Mask":37},{"Gremlin Horn":4,"Singing Bowl":8,"Enchiridion":12,"Whetstone":10,"War Paint":5,"Orichalcum":8,"Cursed Key":7,"Question Card":13,"Burning Blood":0,"Sozu":14,"Bottled Flame":11,"Pantograph":5,"Molten Egg 2":4,"Red Mask":15},{"Gremlin Horn":18,"Singing Bowl":34,"Enchiridion":49,"Whetstone":43,"War Paint":21,"Orichalcum":34,"Cursed Key":31,"Question Card":53,"Burning Blood":0,"Sozu":59,"Bottled Flame":46,"Pantograph":21,"Molten Egg 2":18,"Red Mask":62}],"Burning Blood":84},"card_choices":[{"not_picked":["Reckless Charge","Dropkick"],"picked":"Uppercut","floor":1},{"not_picked":["Dark Embrace","Perfected Strike"],"picked":"Rupture","floor":4},{"not_picked":["Hemokinesis","Uppercut"],"picked":"Combust","floor":5},{"not_picked":["Combust","Warcry"],"picked":"Reaper+1","floor":7},{"not_picked":["Dual Wield","Dropkick+1"],"picked":"Cleave+1","floor":13},{"not_picked":["Flex","Uppercut+1"],"picked":"Twin Strike+1","floor":14},{"not_picked":["Corruption","Immolate+1"],"picked":"Impervious","floor":16},{"not_picked":["Perfected Strike+1","Infernal Blade","Dark Embrace"],"picked":"SKIP","floor":18},{"not_picked":["Headbutt+1","Clothesline+1","Warcry"],"picked":"Singing Bowl","floor":22},{"not_picked":["Seeing Red","Fire Breathing","Exhume"],"picked":"Singing Bowl","floor":24},{"not_picked":["Reckless Charge+1","Burning Pact","Shockwave"],"picked":"Singing Bowl","floor":27},{"not_picked":["Seeing Red","Armaments","Heavy Blade+1"],"picked":"Singing Bowl","floor":28},{"not_picked":["Armaments","Inflame","Flex"],"picked":"Singing Bowl","floor":31},{"not_picked":["Bludgeon+1","Immolate+1","Impervious"],"picked":"Offering","floor":33},{"not_picked":["Pommel Strike+1","Battle Trance+1","Clash+1","Clothesline+1"],"picked":"Singing Bowl","floor":35},{"not_picked":["Bandage Up","Dramatic Entrance+1","Blind","Impatience"],"picked":"Singing Bowl","floor":36},{"not_picked":["Headbutt+1","Pommel Strike+1","Clash+1","Sword Boomerang+1"],"picked":"Singing Bowl","floor":39}],"player_experience":1008256,"relics_obtained":[{"floor":7,"key":"Molten Egg 2"},{"floor":9,"key":"Gremlin Horn"},{"floor":13,"key":"Pantograph"},{"floor":24,"key":"Whetstone"},{"floor":27,"key":"Bottled Flame"},{"floor":29,"key":"Enchiridion"},{"floor":31,"key":"Question Card"}],"event_choices":[{"cards_removed":["Strike_R"],"damage_healed":0,"gold_gain":0,"player_choice":"Card Removal","damage_taken":0,"max_hp_gain":0,"max_hp_loss":0,"event_name":"The Cleric","floor":2,"gold_loss":50},{"damage_healed":0,"gold_gain":0,"player_choice":"Damaged","damage_taken":8,"max_hp_gain":0,"max_hp_loss":0,"event_name":"Wheel of Change","floor":3,"gold_loss":0},{"damage_healed":0,"gold_gain":0,"player_choice":"Ignored","damage_taken":0,"max_hp_gain":0,"max_hp_loss":0,"event_name":"Liars Game","floor":11,"gold_loss":0},{"damage_healed":0,"gold_gain":0,"player_choice":"Searched \u00272\u0027 times","damage_taken":0,"relics_obtained":["War Paint"],"max_hp_gain":0,"max_hp_loss":0,"event_name":"Dead Adventurer","floor":14,"gold_loss":0},{"damage_healed":0,"gold_gain":0,"player_choice":"Obtained Relic","damage_taken":0,"relics_obtained":["Singing Bowl"],"max_hp_gain":0,"max_hp_loss":0,"event_name":"Addict","floor":19,"gold_loss":85},{"damage_healed":0,"gold_gain":0,"player_choice":"Paid Fearfully","damage_taken":0,"max_hp_gain":0,"max_hp_loss":0,"event_name":"Masked Bandits","floor":21,"gold_loss":27},{"damage_healed":0,"gold_gain":0,"player_choice":"Obtained Book","damage_taken":16,"max_hp_gain":0,"max_hp_loss":0,"event_name":"Cursed Tome","floor":29,"gold_loss":0},{"damage_healed":0,"gold_gain":0,"player_choice":"Memory 1","damage_taken":0,"max_hp_gain":0,"max_hp_loss":0,"event_name":"SensoryStone","floor":36,"gold_loss":0},{"damage_healed":0,"gold_gain":0,"player_choice":"Paid","damage_taken":0,"relics_obtained":["Red Mask"],"max_hp_gain":0,"max_hp_loss":0,"event_name":"Tomb of Lord Red Mask","floor":37,"gold_loss":155},{"damage_healed":0,"gold_gain":0,"player_choice":"Embrace Madness","damage_taken":12,"max_hp_gain":0,"max_hp_loss":0,"event_name":"Winding Halls","floor":38,"gold_loss":0,"cards_obtained":["Madness","Madness"]}],"is_beta":false,"boss_relics":[{"not_picked":["Busted Crown","Astrolabe"],"picked":"Cursed Key"},{"not_picked":["Runic Pyramid","Tiny House"],"picked":"Sozu"}],"items_purged_floors":[30],"is_endless":false,"potions_floor_spawned":[1,5,7,13,24],"killed_by":"Nemesis","ascension_level":12}}