{"host":"188x3om7sf6mgxv1","time":1613802956,"event":{"mods":["BaseMod","Block Reminder","Downfall","Jorbs\u0027s Wanderer Trilogy","Minty Spire (QoL Compilation)","Relic Stats","StSLib"],"gold_per_floor":[11,11,36,36,36,36,49,73,73,104,129,164,0,40,40,159,159,177,126,145,95,113,113,153,173,173,30,74,74,110,137,137,260,260,276,276,609,620,632,632,661,661,661,694,714,714,378,411,411,411,411,411,6,37,37],"floor_reached":56,"language":"ENG","playtime":2831,"items_purged":["Strike_G"],"score":1764,"play_id":"6d847318-5396-48ef-813c-40c739a9b028","local_time":"20210220013556","is_ascension_mode":true,"campfire_choices":[{"data":"Corpse Explosion","floor":6,"key":"SMITH"},{"data":"Deadly Poison","floor":15,"key":"SMITH"},{"data":"Wraith Form v2","floor":23,"key":"SMITH"},{"data":"Noxious Fumes","floor":32,"key":"SMITH"},{"data":"Well Laid Plans","floor":40,"key":"SMITH"},{"floor":42,"key":"RECALL"},{"data":"Wraith Form v2","floor":46,"key":"SMITH"},{"data":"Well Laid Plans","floor":49,"key":"SMITH"},{"data":"Neutralize","floor":52,"key":"SMITH"}],"circlet_count":0,"master_deck":["Defend_G","Defend_G","Defend_G","Defend_G","Survivor","Neutralize+1","Die Die Die","Corpse Explosion+1","Slice","PiercingWail","Escape Plan","Deadly Poison+1","Quick Slash","Tactician+1","Well Laid Plans+1","Acrobatics+1","Calculated Gamble+1","Wraith Form v2+1","Adrenaline+1","After Image+1","Burst+1","Noxious Fumes+1","Blade Dance+1","Sucker Punch+1","Blade Dance+1","Calculated Gamble+1","Catalyst+1","Bouncing Flask+1","Wraith Form v2+1","Acrobatics+1","Well Laid Plans+1","Catalyst+1","Well Laid Plans"],"relics":["Ring of the Snake","Toxic Egg 2","Blue Candle","Pear","Paper Crane","Astrolabe","TungstenRod","Tiny Chest","Singing Bowl","Lee\u0027s Waffle","Potion Belt","Red Mask","Boot","Busted Crown","Eternal Feather","Centennial Puzzle","Lantern","Happy Flower","Letter Opener","CaptainsWheel","Bronze Scales"],"acts_visited":["Exordium","TheCity","TheBeyond","TheEnding"],"potions_floor_usage":[11,14,18,30,33,55,55,55,55,55,55],"damage_taken":[{"damage":0,"enemies":"Small Slimes","floor":1,"turns":2},{"damage":0,"enemies":"2 Louse","floor":3,"turns":2},{"damage":0,"enemies":"Jaw Worm","floor":7,"turns":3},{"damage":0,"enemies":"Red Slaver","floor":8,"turns":5},{"damage":18,"enemies":"Gremlin Nob","floor":10,"turns":4},{"damage":11,"enemies":"Exordium Thugs","floor":11,"turns":2},{"damage":2,"enemies":"Lagavulin","floor":12,"turns":5},{"damage":2,"enemies":"3 Sentries","floor":14,"turns":2},{"damage":7,"enemies":"The Guardian","floor":16,"turns":10},{"damage":6,"enemies":"3 Byrds","floor":18,"turns":3},{"damage":0,"enemies":"Spheric Guardian","floor":20,"turns":4},{"damage":3,"enemies":"Centurion and Healer","floor":22,"turns":4},{"damage":22,"enemies":"Slavers","floor":24,"turns":2},{"damage":0,"enemies":"Shelled Parasite and Fungi","floor":25,"turns":6},{"damage":0,"enemies":"Gremlin Leader","floor":28,"turns":6},{"damage":0,"enemies":"Masked Bandits","floor":30,"turns":1},{"damage":18,"enemies":"Collector","floor":33,"turns":4},{"damage":0,"enemies":"3 Darklings","floor":35,"turns":4},{"damage":0,"enemies":"3 Shapes","floor":38,"turns":5},{"damage":8,"enemies":"Maw","floor":39,"turns":5},{"damage":0,"enemies":"Giant Head","floor":41,"turns":4},{"damage":16,"enemies":"Nemesis","floor":44,"turns":5},{"damage":0,"enemies":"4 Shapes","floor":45,"turns":1},{"damage":19,"enemies":"Reptomancer","floor":48,"turns":3},{"damage":33,"enemies":"Time Eater","floor":50,"turns":6},{"damage":5,"enemies":"Shield and Spear","floor":54,"turns":4},{"damage":41,"enemies":"The Heart","floor":55,"turns":6}],"seed_played":"6972119234888769896","potions_obtained":[{"floor":8,"key":"Weak Potion"},{"floor":10,"key":"AttackPotion"},{"floor":11,"key":"DuplicationPotion"},{"floor":24,"key":"Regen Potion"},{"floor":25,"key":"Energy Potion"},{"floor":28,"key":"SkillPotion"},{"floor":30,"key":"EntropicBrew"},{"floor":38,"key":"CultistPotion"},{"floor":44,"key":"SteroidPotion"},{"floor":48,"key":"Dexterity Potion"}],"is_trial":false,"path_per_floor":["M","?","M","?","$","R","M","M","T","E","M","E","$","E","R","B",null,"M","?","M","$","M","R","E","M","T","$","E","?","?","T","R","B",null,"M","?","?","M","M","R","E","R","T","E","M","R","$","E","R","B",null,"R","$","E","B",null],"character_chosen":"THE_SILENT","items_purchased":["Well Laid Plans","Acrobatics+1","Blade Dance+1","Lee\u0027s Waffle","Lantern","Happy Flower","Well Laid Plans","Catalyst+1","CaptainsWheel","Well Laid Plans"],"campfire_rested":0,"item_purchase_floors":[13,13,21,27,47,47,47,53,53,53],"current_hp_per_floor":[63,63,63,68,68,68,68,68,68,50,39,47,47,45,45,38,70,64,64,64,64,61,61,39,39,39,87,89,89,89,89,89,71,85,87,86,86,88,82,82,84,92,92,78,78,94,94,77,95,62,88,96,96,93,64],"gold":37,"neow_bonus":"TRANSFORM_TWO_CARDS","is_daily":false,"chose_seed":false,"campfire_upgraded":8,"win_rate":0.0,"timestamp":1613802956,"path_taken":["M","?","M","?","?","R","M","?","T","E","M","E","$","E","R","BOSS","M","?","M","$","M","R","E","?","T","$","E","?","?","?","R","BOSS","M","?","?","M","M","R","E","R","T","E","M","R","$","E","R","BOSS","R","$","E","BOSS"],"items_purchased_type":["Card","Card","Card","Relic","Relic","Relic","Card","Card","Relic","Card"],"build_version":"2020-12-22","purchased_purges":1,"victory":true,"max_hp_per_floor":[70,65,65,70,70,70,70,70,70,70,70,80,80,80,80,80,80,80,80,80,80,80,80,80,80,80,87,89,89,89,89,89,89,89,91,86,86,88,90,90,92,92,92,94,94,94,94,96,96,96,96,96,96,98,98],"relic_stats":{"Lee\u0027s Waffle":48,"Singing Bowl":16,"Happy Flower":[6],"counters":[27,108],"Blue Candle":[0],"Astrolabe":["Adrenaline","After Image","Burst"],"Eternal Feather":50,"Letter Opener":[74],"Boot":[152],"Centennial Puzzle":[12],"Busted Crown":16,"Bronze Scales":[51],"Tiny Chest":1,"obtain_stats":[{"Potion Belt":28,"Lee\u0027s Waffle":27,"Lantern":47,"Pear":12,"Singing Bowl":26,"Happy Flower":47,"Golden Idol":2,"Blue Candle":10,"Astrolabe":17,"Eternal Feather":41,"Letter Opener":48,"Paper Crane":14,"Boot":31,"Centennial Puzzle":44,"CaptainsWheel":53,"Busted Crown":34,"Bronze Scales":54,"Tiny Chest":24,"Red Mask":30,"Toxic Egg 2":9,"TungstenRod":19,"Ring of the Snake":0},{"Potion Belt":15,"Lee\u0027s Waffle":14,"Lantern":23,"Pear":7,"Singing Bowl":14,"Happy Flower":23,"Golden Idol":1,"Blue Candle":5,"Astrolabe":9,"Eternal Feather":21,"Letter Opener":24,"Paper Crane":8,"Boot":16,"Centennial Puzzle":22,"CaptainsWheel":25,"Busted Crown":17,"Bronze Scales":26,"Tiny Chest":13,"Red Mask":16,"Toxic Egg 2":4,"TungstenRod":10,"Ring of the Snake":0},{"Potion Belt":60,"Lee\u0027s Waffle":54,"Lantern":89,"Pear":23,"Singing Bowl":54,"Happy Flower":89,"Golden Idol":2,"Blue Candle":16,"Astrolabe":35,"Eternal Feather":83,"Letter Opener":92,"Paper Crane":25,"Boot":61,"Centennial Puzzle":88,"CaptainsWheel":98,"Busted Crown":65,"Bronze Scales":102,"Tiny Chest":48,"Red Mask":61,"Toxic Egg 2":12,"TungstenRod":38,"Ring of the Snake":0}],"TungstenRod":36,"Ring of the Snake":[54]},"card_choices":[{"not_picked":["Backflip","Underhanded Strike"],"picked":"Slice","floor":1},{"not_picked":["Infinite Blades","Acrobatics"],"picked":"PiercingWail","floor":3},{"not_picked":["Deflect","Acrobatics"],"picked":"Escape Plan","floor":7},{"not_picked":["Quick Slash","Distraction"],"picked":"Deadly Poison","floor":8},{"not_picked":["Quick Slash","Slice","Concentrate+1"],"picked":"SKIP","floor":10},{"not_picked":["Expertise+1","Accuracy"],"picked":"Quick Slash","floor":11},{"not_picked":["Skewer","Riddle With Holes"],"picked":"Tactician+1","floor":12},{"not_picked":["Setup+1","Backflip+1"],"picked":"Calculated Gamble+1","floor":14},{"not_picked":["Venomology+1","Bullet Time+1"],"picked":"Wraith Form v2","floor":16},{"not_picked":["Deadly Poison+1","Footwork+1"],"picked":"Noxious Fumes","floor":18},{"not_picked":["Outmaneuver+1","Prepared+1","Setup+1"],"picked":"SKIP","floor":20},{"not_picked":["Flechettes","Sucker Punch+1","Distraction+1"],"picked":"SKIP","floor":22},{"not_picked":["Flechettes","Distraction+1"],"picked":"Sucker Punch+1","floor":22},{"not_picked":["Dash","Glass Knife"],"picked":"Blade Dance+1","floor":24},{"not_picked":["Riddle With Holes","Well Laid Plans+1"],"picked":"Calculated Gamble+1","floor":25},{"not_picked":["Prepared+1","Cloak And Dagger+1","Dodge and Roll+1"],"picked":"Singing Bowl","floor":28},{"not_picked":["PiercingWail+1","Underhanded Strike"],"picked":"Bouncing Flask+1","floor":30},{"not_picked":["Glass Knife","A Thousand Cuts"],"picked":"Wraith Form v2","floor":33},{"not_picked":["Backstab"],"picked":"Singing Bowl","floor":35},{"not_picked":["Deflect+1"],"picked":"Singing Bowl","floor":38},{"not_picked":["Bane+1"],"picked":"Singing Bowl","floor":39},{"not_picked":["Dagger Throw"],"picked":"Singing Bowl","floor":41},{"not_picked":["Bane+1"],"picked":"Singing Bowl","floor":44},{"not_picked":[],"picked":"Acrobatics+1","floor":45},{"not_picked":["Underhanded Strike"],"picked":"Singing Bowl","floor":48},{"not_picked":["Footwork"],"picked":"Singing Bowl","floor":54}],"player_experience":131546,"relics_obtained":[{"floor":9,"key":"Toxic Egg 2"},{"floor":10,"key":"Blue Candle"},{"floor":12,"key":"Pear"},{"floor":14,"key":"Paper Crane"},{"floor":24,"key":"Tiny Chest"},{"floor":26,"key":"Singing Bowl"},{"floor":28,"key":"Potion Belt"},{"floor":30,"key":"Red Mask"},{"floor":31,"key":"Boot"},{"floor":41,"key":"Eternal Feather"},{"floor":44,"key":"Centennial Puzzle"},{"floor":48,"key":"Letter Opener"},{"floor":54,"key":"Bronze Scales"}],"event_choices":[{"damage_healed":0,"gold_gain":0,"player_choice":"Lose Max HP","damage_taken":0,"relics_obtained":["Golden Idol"],"max_hp_gain":0,"max_hp_loss":5,"event_name":"Golden Idol","floor":2,"gold_loss":0},{"damage_healed":0,"gold_gain":0,"player_choice":"Donut","damage_taken":0,"max_hp_gain":5,"max_hp_loss":0,"event_name":"Big Fish","floor":4,"gold_loss":0},{"damage_healed":0,"gold_gain":0,"player_choice":"Paid Gold","damage_taken":0,"relics_obtained":["TungstenRod"],"max_hp_gain":0,"max_hp_loss":0,"event_name":"WeMeetAgain","floor":19,"gold_loss":51},{"damage_healed":0,"gold_gain":0,"player_choice":"Read","damage_taken":0,"max_hp_gain":0,"max_hp_loss":0,"event_name":"The Library","floor":29,"gold_loss":0,"cards_obtained":["Catalyst"]},{"damage_healed":0,"gold_gain":0,"player_choice":"Fought Bandits","damage_taken":0,"max_hp_gain":0,"max_hp_loss":0,"event_name":"Masked Bandits","floor":30,"gold_loss":0},{"damage_healed":0,"gold_gain":0,"player_choice":"Max HP","damage_taken":0,"max_hp_gain":0,"max_hp_loss":5,"event_name":"Winding Halls","floor":36,"gold_loss":0},{"damage_healed":0,"gold_gain":333,"player_choice":"Gave Idol","damage_taken":0,"max_hp_gain":0,"max_hp_loss":0,"event_name":"The Moai Head","floor":37,"relics_lost":["Golden Idol"],"gold_loss":0}],"is_beta":false,"boss_relics":[{"not_picked":["SacredBark","WristBlade"],"picked":"Astrolabe"},{"not_picked":["Black Star","Snecko Eye"],"picked":"Busted Crown"}],"items_purged_floors":[13],"is_endless":false,"potions_floor_spawned":[8,10,11,24,25,28,30,38,44,48],"ascension_level":7}}