{"host":"d6oxvn0vsgxeumax","time":1613839392,"event":{"mods":["BaseMod","Better Altar","Better Match","Better Note","Better Sensory Stone","Better Skull","Better Third Choice","BetterRewards","Bossed Relics","Colored Map","Colored Powertips","Defuse TimeMaze Blight","Downfall","Hubris","Infinite Spire","Minty Spire (QoL Compilation)","Relic Sorter","Replay The Spire","Shop Mod","Spicy Shops","Spire Arcade","StSLib","The Bug Knight","Uncapped"],"gold_per_floor":[99,110,110,123,204,215,215,248,265,279,307,207,219,30,50,50,50,50],"floor_reached":16,"language":"ENG","playtime":799,"items_purged":[],"score":145,"play_id":"e10b24c8-880f-4044-a61c-72581a1f9c72","local_time":"20210220104312","is_ascension_mode":true,"campfire_choices":[{"data":"hexamod:Sear","floor":1,"key":"SMITH"},{"floor":12,"key":"REST"}],"circlet_count":0,"master_deck":["hexamod:Strike","hexamod:Strike","hexamod:Strike+1","hexamod:Strike","hexamod:Defend","hexamod:Defend","hexamod:Defend","hexamod:Defend","hexamod:Sear+1","hexamod:Float","hexamod:FastForward","hexamod:ExtraCrispy","hexamod:SwordOfDarkness","hexamod:FastForward","hexamod:ThirdSeal","hexamod:FastForward","hexamod:DynamicBlow","hexamod:Toasty","hexamod:RainOfEmbers","hexamod:SoulSteal"],"relics":["hexamod:SpiritBrand","Bottled Tornado","Smiling Mask","Pet Ghost","downfall:HeartBlessingBlue","Gremlin Food"],"acts_visited":["Exordium"],"potions_floor_usage":[11,13],"damage_taken":[{"damage":2,"enemies":"Jaw Worm","floor":2,"turns":4},{"damage":0,"enemies":"Cultist","floor":4,"turns":3},{"damage":5,"enemies":"2 Louse","floor":6,"turns":4},{"damage":27,"enemies":"Gremlin Nob","floor":8,"turns":5},{"damage":7,"enemies":"2 Fungi Beasts","floor":9,"turns":3},{"damage":2,"enemies":"Blue Slaver","floor":10,"turns":4},{"damage":12,"enemies":"Replay:BlueRogue","floor":11,"turns":4},{"damage":10,"enemies":"Exordium Thugs","floor":13,"turns":3},{"damage":0,"enemies":"downfall:FleeingMerchant","floor":14,"turns":4},{"damage":11,"enemies":"Exordium Wildlife","floor":15,"turns":4},{"damage":31,"enemies":"DF_ARCHETYPE_STREAMLINE","floor":16,"turns":6}],"seed_played":"-1479810834330249475","potions_obtained":[{"floor":8,"key":"Toxic Potion"},{"floor":10,"key":"Explosive Potion"},{"floor":11,"key":"Fire Potion"}],"is_trial":false,"path_per_floor":["R","M","?","M","T","M","T","E","M","M","E","R","M","$","M","B"],"character_chosen":"THE_SPIRIT","items_purchased":["Gremlin Food","hexamod:RainOfEmbers"],"campfire_rested":1,"item_purchase_floors":[14,14],"current_hp_per_floor":[63,61,61,61,61,56,56,29,22,20,8,46,36,36,25,0,0,0],"gold":50,"neow_bonus":"TWENTY_PERCENT_HP_BONUS","is_daily":false,"chose_seed":false,"campfire_upgraded":1,"win_rate":0.0,"timestamp":1613839392,"path_taken":["R","M","?","M","?","M","T","E","M","?","E","R","M","$","M","BOSS"],"items_purchased_type":["Relic","Card"],"build_version":"2020-12-22","purchased_purges":0,"victory":false,"max_hp_per_floor":[84,84,84,84,84,84,84,84,84,84,84,94,94,94,94,94,94,94],"card_choices":[{"not_picked":["hexamod:PhantomFireball","hexamod:Haunt","hexamod:SpectralSpark"],"picked":"SKIP","floor":2},{"not_picked":["hexamod:GhostLash","hexamod:BacktrackSmack"],"picked":"hexamod:FastForward","floor":4},{"not_picked":["hexamod:HauntingEcho","hexamod:Haunt"],"picked":"hexamod:ExtraCrispy","floor":6},{"not_picked":["hexamod:NightmareGuise","hexamod:ApocalypseNow"],"picked":"hexamod:SwordOfDarkness","floor":8},{"not_picked":["hexamod:ThermalTransfer","hexamod:BurningTouch"],"picked":"hexamod:FastForward","floor":9},{"not_picked":["hexamod:Hexaguard","hexamod:RainOfEmbers"],"picked":"hexamod:ThirdSeal","floor":10},{"not_picked":["hexamod:NecessarySacrifice","hexamod:Hexaguard"],"picked":"hexamod:FastForward","floor":11},{"not_picked":["hexamod:ApocalypseNow","hexamod:HauntingEcho"],"picked":"hexamod:DynamicBlow","floor":11},{"not_picked":["hexamod:ThermalTransfer","hexamod:SwordOfDarkness","hexamod:HauntingEcho"],"picked":"SKIP","floor":13},{"not_picked":["hexamod:SwordOfDarkness","hexamod:GiftsFromTheDead","hexamod:FlamesFromBeyond"],"picked":"SKIP","floor":13},{"not_picked":["hexamod:BurningTouch","hexamod:Haunt"],"picked":"hexamod:Toasty","floor":14},{"not_picked":["hexamod:FastForward","hexamod:SwordOfDarkness","hexamod:RetreatToShadows"],"picked":"SKIP","floor":14},{"not_picked":["hexamod:SecondSeal","hexamod:Hexaguard"],"picked":"hexamod:SoulSteal","floor":15},{"not_picked":["hexamod:Hexaguard","hexamod:ShieldOfDarkness","hexamod:SpectralSpark"],"picked":"SKIP","floor":15},{"not_picked":["hexamod:Hexaguard","hexamod:ShieldOfDarkness","hexamod:SpectralSpark"],"picked":"SKIP","floor":15},{"not_picked":["hexamod:Hexaguard","hexamod:ShieldOfDarkness","hexamod:SpectralSpark"],"picked":"SKIP","floor":15}],"player_experience":1131314,"relics_obtained":[{"floor":7,"key":"Bottled Tornado"},{"floor":8,"key":"Smiling Mask"},{"floor":11,"key":"Pet Ghost"}],"event_choices":[],"is_beta":false,"boss_relics":[],"items_purged_floors":[],"is_endless":false,"potions_floor_spawned":[8,10,11],"killed_by":"DF_ARCHETYPE_STREAMLINE","ascension_level":1}}