{"host":"8is2j71l4wmybkoi","time":1613806834,"event":{"mods":["AchievementEnabler","BaseMod","Colored Map","DeckTracker","Minty Spire (QoL Compilation)","Rare Cards Sparkle","Relic Stats","StSLib","SuperFastMode"],"gold_per_floor":[110,110,110,128,146,173,173,200,200,219,219,8,18,43,43,120,120,139,189,189,209,229,254,254,254,254],"floor_reached":25,"language":"KOR","playtime":803,"items_purged":["Pain"],"score":422,"play_id":"20d676e7-7513-48b5-8c3f-3523a88c6342","local_time":"20210220164034","is_ascension_mode":true,"campfire_choices":[{"data":"Blade Dance","floor":7,"key":"SMITH"},{"floor":11,"key":"REST"},{"data":"Bouncing Flask","floor":15,"key":"SMITH"},{"data":"Catalyst","floor":24,"key":"SMITH"}],"circlet_count":0,"master_deck":["AscendersBane","Strike_G","Strike_G","Strike_G","Strike_G","Strike_G","Defend_G","Defend_G","Defend_G","Defend_G","Defend_G","Survivor","Neutralize","Bouncing Flask+1","Blade Dance+1","Slice","Leg Sweep","Deadly Poison","Dagger Spray","Adrenaline","Backflip","Die Die Die","Blade Dance+1","Blur+1","Finisher","Catalyst+1"],"relics":["Ring of the Serpent","NeowsBlessing","Potion Belt","WarpedTongs","Ornamental Fan","Singing Bowl","Art of War","Matryoshka"],"acts_visited":["Exordium","TheCity"],"potions_floor_usage":[6,8,14,25],"damage_taken":[{"damage":0,"enemies":"Cultist","floor":1,"turns":1},{"damage":0,"enemies":"Jaw Worm","floor":4,"turns":1},{"damage":0,"enemies":"Small Slimes","floor":5,"turns":1},{"damage":13,"enemies":"Gremlin Nob","floor":6,"turns":3},{"damage":10,"enemies":"Lagavulin","floor":8,"turns":5},{"damage":6,"enemies":"2 Fungi Beasts","floor":10,"turns":4},{"damage":0,"enemies":"Looter","floor":13,"turns":3},{"damage":14,"enemies":"Gremlin Nob","floor":14,"turns":4},{"damage":2,"enemies":"The Guardian","floor":16,"turns":9},{"damage":1,"enemies":"Shell Parasite","floor":18,"turns":4},{"damage":0,"enemies":"3 Byrds","floor":21,"turns":3},{"damage":1,"enemies":"Cultist and Chosen","floor":22,"turns":6},{"damage":23,"enemies":"Book of Stabbing","floor":23,"turns":6},{"damage":37,"enemies":"Gremlin Leader","floor":25,"turns":4}],"seed_played":"-753380874912420317","potions_obtained":[{"floor":1,"key":"Swift Potion"},{"floor":4,"key":"Swift Potion"},{"floor":5,"key":"GamblersBrew"},{"floor":10,"key":"Ancient Potion"}],"is_trial":false,"path_per_floor":["M","?","?","M","M","E","R","E","T","M","R","$","M","E","R","B",null,"M","?","?","M","M","E","R","E"],"character_chosen":"THE_SILENT","items_purchased":["Adrenaline"],"campfire_rested":1,"item_purchase_floors":[12],"current_hp_per_floor":[59,41,41,41,41,28,28,18,18,12,31,31,31,19,19,17,55,54,54,54,54,53,30,30,0,0],"gold":254,"neow_bonus":"THREE_ENEMY_KILL","is_daily":false,"chose_seed":false,"campfire_upgraded":3,"win_rate":0.0,"timestamp":1613806834,"path_taken":["M","?","?","M","?","E","R","E","T","M","R","$","M","E","R","BOSS","M","?","?","M","M","E","R","E"],"items_purchased_type":["Card"],"build_version":"2020-12-22","purchased_purges":1,"victory":false,"max_hp_per_floor":[66,66,66,66,66,66,66,66,66,66,66,66,66,68,68,68,68,68,68,68,68,68,68,68,68,68],"relic_stats":{"Singing Bowl":2,"counters":[14,54],"Ornamental Fan":[124],"Art of War":[6],"obtain_stats":[{"Potion Belt":2,"Matryoshka":23,"NeowsBlessing":0,"Singing Bowl":8,"Ornamental Fan":6,"Art of War":14,"Ring of the Serpent":17,"Ring of the Snake":0,"WarpedTongs":3},{"Potion Belt":1,"Matryoshka":13,"NeowsBlessing":0,"Singing Bowl":5,"Ornamental Fan":4,"Art of War":8,"Ring of the Serpent":9,"Ring of the Snake":0,"WarpedTongs":1},{"Potion Belt":1,"Matryoshka":50,"NeowsBlessing":0,"Singing Bowl":11,"Ornamental Fan":6,"Art of War":22,"Ring of the Serpent":31,"Ring of the Snake":0,"WarpedTongs":1}],"WarpedTongs":[53]},"card_choices":[{"not_picked":["Setup","Backstab"],"picked":"Bouncing Flask","floor":1},{"not_picked":["Outmaneuver","Predator"],"picked":"Blade Dance","floor":4},{"not_picked":["Reflex","Concentrate"],"picked":"Slice","floor":5},{"not_picked":["Flying Knee","Deflect"],"picked":"Leg Sweep","floor":6},{"not_picked":["Concentrate","Quick Slash"],"picked":"Deadly Poison","floor":8},{"not_picked":["Cloak And Dagger","Deflect"],"picked":"Dagger Spray","floor":10},{"not_picked":["Sucker Punch","Deadly Poison"],"picked":"Backflip","floor":13},{"not_picked":["Deflect","Deadly Poison","Flechettes"],"picked":"Singing Bowl","floor":14},{"not_picked":["Phantasmal Killer","Bullet Time"],"picked":"Die Die Die","floor":16},{"not_picked":["Deflect","Flechettes+1"],"picked":"Blade Dance+1","floor":18},{"not_picked":["Deflect","Poisoned Stab"],"picked":"Blur+1","floor":21},{"not_picked":["Skewer","Deflect"],"picked":"Finisher","floor":22},{"not_picked":["Cloak And Dagger","All Out Attack"],"picked":"Catalyst","floor":23}],"player_experience":1262534,"relics_obtained":[{"floor":6,"key":"Ornamental Fan"},{"floor":8,"key":"Singing Bowl"},{"floor":14,"key":"Art of War"},{"floor":23,"key":"Matryoshka"}],"event_choices":[{"damage_healed":0,"gold_gain":0,"player_choice":"Success","damage_taken":18,"relics_obtained":["Potion Belt"],"max_hp_gain":0,"max_hp_loss":0,"event_name":"Scrap Ooze","floor":2,"gold_loss":0},{"damage_healed":0,"gold_gain":0,"player_choice":"Rummage","damage_taken":0,"relics_obtained":["WarpedTongs"],"max_hp_gain":0,"max_hp_loss":0,"event_name":"Accursed Blacksmith","floor":3,"gold_loss":0,"cards_obtained":["Pain"]},{"damage_healed":0,"gold_gain":50,"player_choice":"Stole From Cult","damage_taken":0,"max_hp_gain":0,"max_hp_loss":0,"event_name":"Nest","floor":19,"gold_loss":0},{"damage_healed":0,"gold_gain":0,"player_choice":"Ignored","damage_taken":0,"max_hp_gain":0,"max_hp_loss":0,"event_name":"Ghosts","floor":20,"gold_loss":0}],"is_beta":false,"boss_relics":[{"not_picked":["SacredBark","Ectoplasm"],"picked":"Ring of the Serpent"}],"items_purged_floors":[12],"is_endless":false,"potions_floor_spawned":[1,4,5,10],"killed_by":"Gremlin Leader","ascension_level":15}}