{"host":"tf5skwcwe0vlu2md","time":1613818970,"event":{"mods":["BaseMod","Downfall","Highlight Path","Minty Spire (QoL Compilation)","Quick Restart","StSLib","The Hierophant"],"gold_per_floor":[119,134,153,171,184,213,213,213,238,273,291,316,328,354,366,477,489,484,496,7,24,44,44,44],"floor_reached":23,"playtime":1466,"items_purged":[],"score":247,"play_id":"e7bf1230-5632-4c90-ac10-4d8bf749a1e9","local_time":"20210220220250","is_ascension_mode":true,"campfire_choices":[{"data":"Blizzard","floor":8,"key":"SMITH"},{"floor":13,"key":"REST"},{"data":"Defragment","floor":15,"key":"SMITH"}],"circlet_count":0,"master_deck":["Strike_B","Strike_B","Strike_B+1","Strike_B","Defend_B","Defend_B","Zap","Dualcast","Blizzard+1","Glacier","Lockon","Defragment","Hologram+1","Barrage","Core Surge","Sweeping Beam","Cold Snap+1","Defragment+1","Hyperbeam","Glacier","Chill+1","Apotheosis","Redo+1"],"relics":["Cracked Core","Smiling Mask","Regal Pillow","Juzu Bracelet","MawBank","Empty Cage","War Paint","Whetstone"],"acts_visited":["Exordium","TheCity"],"potions_floor_usage":[6,10,10,12,12,14,23],"damage_taken":[{"damage":3,"enemies":"2 Louse","floor":1,"turns":3},{"damage":1,"enemies":"Cultist","floor":2,"turns":3},{"damage":7,"enemies":"Jaw Worm","floor":3,"turns":3},{"damage":2,"enemies":"2 Fungi Beasts","floor":4,"turns":5},{"damage":0,"enemies":"Large Slime","floor":5,"turns":5},{"damage":20,"enemies":"Lagavulin","floor":6,"turns":10},{"damage":24,"enemies":"Gremlin Nob","floor":10,"turns":4},{"damage":2,"enemies":"Gremlin Gang","floor":11,"turns":6},{"damage":15,"enemies":"3 Sentries","floor":12,"turns":7},{"damage":10,"enemies":"Exordium Wildlife","floor":14,"turns":5},{"damage":28,"enemies":"Hexaghost","floor":16,"turns":11},{"damage":31,"enemies":"2 Thieves","floor":18,"turns":4},{"damage":7,"enemies":"Chosen","floor":21,"turns":4},{"damage":22,"enemies":"Snake Plant","floor":22,"turns":6},{"damage":22,"enemies":"Book of Stabbing","floor":23,"turns":5}],"seed_played":"6529437260011771784","potions_obtained":[{"floor":1,"key":"FearPotion"},{"floor":3,"key":"Fire Potion"},{"floor":4,"key":"ColorlessPotion"},{"floor":5,"key":"Swift Potion"},{"floor":7,"key":"Block Potion"},{"floor":7,"key":"SkillPotion"},{"floor":10,"key":"Energy Potion"},{"floor":11,"key":"SkillPotion"},{"floor":21,"key":"BlessingOfTheForge"}],"is_trial":false,"path_per_floor":["M","M","M","M","M","E","?","R","T","E","M","E","R","M","R","B",null,"M","?","$","M","M","E"],"character_chosen":"DEFECT","items_purchased":["Chill","War Paint","Whetstone","Apotheosis"],"campfire_rested":1,"item_purchase_floors":[20,20,20,20],"current_hp_per_floor":[79,78,71,69,69,49,49,49,49,25,23,8,47,37,37,9,82,51,51,51,44,22,0,0],"gold":44,"neow_bonus":"TEN_PERCENT_HP_BONUS","is_daily":false,"chose_seed":false,"campfire_upgraded":2,"win_rate":0.0,"timestamp":1613818970,"path_taken":["M","M","M","M","M","E","?","R","T","E","M","E","R","M","R","BOSS","M","?","$","M","M","E"],"items_purchased_type":["Card","Relic","Relic","Card"],"build_version":"2020-12-13","purchased_purges":0,"victory":false,"max_hp_per_floor":[82,82,82,82,82,82,82,82,82,82,82,82,82,82,82,82,82,82,82,82,82,82,82,82],"card_choices":[{"not_picked":["Hello World","Heatsinks"],"picked":"Blizzard","floor":1},{"not_picked":["Recycle","Gash"],"picked":"Glacier","floor":2},{"not_picked":["Ball Lightning","Compile Driver"],"picked":"Lockon","floor":3},{"not_picked":["Stack","Gash"],"picked":"Defragment","floor":4},{"not_picked":["Loop","Lockon"],"picked":"Hologram","floor":5},{"not_picked":["Force Field","Consume"],"picked":"Barrage","floor":6},{"not_picked":["Redo","Hologram"],"picked":"Core Surge","floor":10},{"not_picked":["Double Energy","Stack"],"picked":"Sweeping Beam","floor":11},{"not_picked":["Coolheaded","Conserve Battery"],"picked":"Cold Snap","floor":12},{"not_picked":["BootSequence","Go for the Eyes"],"picked":"Defragment","floor":14},{"not_picked":["All For One","Multi-Cast"],"picked":"Hyperbeam","floor":16},{"not_picked":["Reprogram","Steam"],"picked":"Glacier","floor":18},{"not_picked":["Compile Driver","Ball Lightning"],"picked":"Redo+1","floor":21},{"not_picked":["Sweeping Beam","Heatsinks","Stack+1"],"picked":"SKIP","floor":22}],"player_experience":292241,"relics_obtained":[{"floor":6,"key":"Smiling Mask"},{"floor":9,"key":"Regal Pillow"},{"floor":10,"key":"Juzu Bracelet"},{"floor":12,"key":"MawBank"}],"event_choices":[{"damage_healed":0,"gold_gain":0,"player_choice":"Got Potions","damage_taken":0,"max_hp_gain":0,"max_hp_loss":0,"event_name":"Lab","floor":7,"gold_loss":0},{"damage_healed":0,"gold_gain":0,"player_choice":"Ignored","damage_taken":0,"max_hp_gain":0,"max_hp_loss":0,"event_name":"Beggar","floor":19,"gold_loss":0}],"is_beta":false,"boss_relics":[{"not_picked":["Runic Pyramid","Snecko Eye"],"picked":"Empty Cage"}],"items_purged_floors":[],"is_endless":false,"potions_floor_spawned":[1,3,4,5,10,11,21],"killed_by":"Book of Stabbing","ascension_level":3}}