{"host":"jngeqill3bw7azzz","time":1613787987,"event":{"mods":["BaseMod","Highlight Path","Minty Spire (QoL Compilation)","Permanent Neow","Relic Stats"],"gold_per_floor":[118,128,139,23,23,53,64,64,116,136,161,173,189,218,218,291,291,311,311,311,322,265,281,309,359,359,371,48,48,81,99,99,173,173,187,127,144,154,14,47,57,71,96,96,129,141,179,206,218,230,242,254,266,57,88,88],"floor_reached":57,"language":"ENG","playtime":6090,"items_purged":["Brilliance+1","CarveReality+1"],"score":3262,"play_id":"30dc282a-30bd-48af-9147-587f260b0bfe","local_time":"20210219212627","is_ascension_mode":true,"campfire_choices":[{"data":"Eruption","floor":8.0,"key":"SMITH"},{"data":"FlurryOfBlows","floor":15.0,"key":"SMITH"},{"data":"WheelKick","floor":29.0,"key":"SMITH"},{"floor":32.0,"key":"RECALL"},{"data":"FearNoEvil","floor":44,"key":"SMITH"},{"data":"Wallop","floor":49,"key":"SMITH"}],"circlet_count":0,"master_deck":["AscendersBane","Eruption+1","Vigilance+1","LessonLearned+1","Study+1","Protect+1","MasterReality+1","WheelKick+1","Tantrum+1","FlurryOfBlows+1","Flash of Steel+1","FlurryOfBlows+1","EmptyBody+1","FlurryOfBlows+1","WaveOfTheHand+1","Meditate+1","EmptyMind+1","Meditate+1","Vault+1","FlurryOfBlows+1","EmptyBody+1","LikeWater+1","EmptyMind+1","Establishment+1","Adaptation+1","Wallop+1","Evaluate+1","FearNoEvil+1","Wallop+1","InnerPeace+1","MentalFortress+1","Halt+1"],"relics":["Pandora\u0027s Box","Toxic Egg 2","Happy Flower","Bag of Preparation","Blue Candle","Coffee Dripper","Akabeko","Singing Bowl","TungstenRod","The Courier","Black Star","Darkstone Periapt","Nunchaku","MawBank","Vajra","Eternal Feather","Ancient Tea Set","Orrery","Centennial Puzzle","Du-Vu Doll"],"acts_visited":["Exordium","TheCity","TheBeyond","TheEnding"],"potions_floor_usage":[38,56,56],"damage_taken":[{"damage":4.0,"enemies":"Jaw Worm","floor":1.0,"turns":4.0},{"damage":8.0,"enemies":"2 Louse","floor":2.0,"turns":4.0},{"damage":0.0,"enemies":"Small Slimes","floor":3.0,"turns":4.0},{"damage":0.0,"enemies":"3 Sentries","floor":6.0,"turns":3.0},{"damage":11.0,"enemies":"Exordium Thugs","floor":7.0,"turns":3.0},{"damage":6.0,"enemies":"Lots of Slimes","floor":10.0,"turns":3.0},{"damage":0.0,"enemies":"Gremlin Nob","floor":11.0,"turns":2.0},{"damage":1.0,"enemies":"Large Slime","floor":12.0,"turns":2.0},{"damage":0.0,"enemies":"2 Fungi Beasts","floor":13.0,"turns":2.0},{"damage":8.0,"enemies":"Lagavulin","floor":14.0,"turns":5.0},{"damage":10.0,"enemies":"Hexaghost","floor":16.0,"turns":7.0},{"damage":0.0,"enemies":"3 Byrds","floor":18.0,"turns":2.0},{"damage":0.0,"enemies":"Shell Parasite","floor":21.0,"turns":1.0},{"damage":1.0,"enemies":"3 Cultists","floor":23.0,"turns":5.0},{"damage":0.0,"enemies":"Gremlin Leader","floor":24.0,"turns":3.0},{"damage":14.0,"enemies":"Snake Plant","floor":27.0,"turns":4.0},{"damage":4.0,"enemies":"Book of Stabbing","floor":30.0,"turns":4.0},{"damage":0.0,"enemies":"Snecko","floor":31.0,"turns":2.0},{"damage":0.0,"enemies":"Automaton","floor":33.0,"turns":4.0},{"damage":0.0,"enemies":"3 Shapes","floor":35.0,"turns":4.0},{"damage":10,"enemies":"Orb Walker","floor":37,"turns":2},{"damage":1,"enemies":"Sphere and 2 Shapes","floor":38,"turns":3},{"damage":24,"enemies":"Nemesis","floor":40,"turns":3},{"damage":0,"enemies":"Maw","floor":41,"turns":4},{"damage":4,"enemies":"4 Shapes","floor":42,"turns":4},{"damage":0,"enemies":"Giant Head","floor":45,"turns":2},{"damage":0,"enemies":"Nemesis","floor":47,"turns":5},{"damage":8,"enemies":"Sphere and 2 Shapes","floor":48,"turns":5},{"damage":0,"enemies":"Awakened One","floor":50,"turns":6},{"damage":5,"enemies":"Donu and Deca","floor":51,"turns":4},{"damage":20,"enemies":"Shield and Spear","floor":55,"turns":6},{"damage":30,"enemies":"The Heart","floor":56,"turns":9}],"seed_played":"2178459204116210354","potions_obtained":[{"floor":2.0,"key":"Energy Potion"},{"floor":6.0,"key":"AttackPotion"},{"floor":11.0,"key":"SneckoOil"},{"floor":12.0,"key":"Regen Potion"},{"floor":13.0,"key":"StancePotion"},{"floor":18.0,"key":"StancePotion"},{"floor":42,"key":"Dexterity Potion"},{"floor":48,"key":"Weak Potion"}],"is_trial":false,"path_per_floor":["M","M","M","$","?","E","M","R","T","M","E","M","M","E","R","B",null,"M","?","?","M","$","M","E","?","T","M","$","R","E","M","R","B",null,"M","$","M","M","$","E","M","M","T","R","E","R","E","M","R","B","B",null,"R","$","E","B",null],"character_chosen":"WATCHER","items_purchased":["FlurryOfBlows","Flash of Steel","EmptyBody+1","TungstenRod","Wallop","Orrery","Ambrosia"],"campfire_rested":0,"item_purchase_floors":[4,4,22,28,39,54,54],"current_hp_per_floor":[57,49,49,49,54,54,43,43,43,37,37,36,36,28,28,33,63,63,63,63,63,63,62,62,62,62,50,50,50,46,46,46,46,68,70,70,60,61,61,37,39,35,35,35,37,37,37,29,47,47,42,73,83,89,71,41],"gold":88,"neow_bonus":"BOSS_RELIC","is_daily":false,"chose_seed":false,"campfire_upgraded":5,"win_rate":0.0,"timestamp":1613787987,"path_taken":["M","M","M","$","?","E","M","R","T","M","E","M","M","E","R","BOSS","M","?","?","M","$","M","E","?","T","?","$","R","E","M","R","BOSS","M","?","M","M","$","E","?","M","T","R","E","R","E","M","R","BOSS","BOSS","R","$","E","BOSS"],"items_purchased_type":["Card","Card","Card","Relic","Card","Relic","Potion"],"build_version":"2020-12-22","purchased_purges":2,"victory":true,"max_hp_per_floor":[68,68,68,68,73,73,73,73,73,73,73,73,73,73,73,73,73,73,73,73,73,73,73,73,73,73,75,75,75,75,75,75,75,75,77,77,77,79,79,79,81,81,81,81,83,83,83,83,83,83,83,83,83,89,91,91],"relic_stats":{"Darkstone Periapt":0,"Happy Flower":[34],"Singing Bowl":18,"counters":[32,121],"Blue Candle":[0],"Eternal Feather":28,"Bag of Preparation":[50],"MawBank":108,"Nunchaku":[36],"Centennial Puzzle":[3],"Pandora\u0027s Box":["CarveReality","LessonLearned","Study","Protect","MasterReality","WheelKick","CrushJoints","Brilliance"],"Black Star":4,"obtain_stats":[{"Darkstone Periapt":40,"Happy Flower":9,"Singing Bowl":26,"Blue Candle":14,"Vajra":45,"Eternal Feather":47,"The Courier":30,"Bag of Preparation":11,"MawBank":45,"Ancient Tea Set":47,"Akabeko":24,"Du-Vu Doll":55,"Nunchaku":40,"Centennial Puzzle":55,"Orrery":54,"Pandora\u0027s Box":0,"Coffee Dripper":17,"Black Star":34,"PureWater":0,"Toxic Egg 2":6,"TungstenRod":28},{"Darkstone Periapt":23,"Happy Flower":5,"Singing Bowl":15,"Blue Candle":10,"Vajra":26,"Eternal Feather":27,"The Courier":17,"Bag of Preparation":7,"MawBank":26,"Ancient Tea Set":27,"Akabeko":15,"Du-Vu Doll":31,"Nunchaku":23,"Centennial Puzzle":31,"Orrery":30,"Pandora\u0027s Box":0,"Coffee Dripper":11,"Black Star":19,"PureWater":0,"Toxic Egg 2":4,"TungstenRod":16},{"Darkstone Periapt":76,"Happy Flower":18,"Singing Bowl":50,"Blue Candle":32,"Vajra":86,"Eternal Feather":91,"The Courier":58,"Bag of Preparation":23,"MawBank":86,"Ancient Tea Set":91,"Akabeko":50,"Du-Vu Doll":112,"Nunchaku":76,"Centennial Puzzle":112,"Orrery":106,"Pandora\u0027s Box":0,"Coffee Dripper":39,"Black Star":64,"PureWater":0,"Toxic Egg 2":15,"TungstenRod":54}],"TungstenRod":30},"card_choices":[{"not_picked":["Crescendo","CrushJoints","FlyingSleeves"],"picked":"SKIP","floor":1.0},{"not_picked":["ClearTheMind","Vengeance"],"picked":"Tantrum","floor":2.0},{"not_picked":["ClearTheMind","BattleHymn","BowlingBash"],"picked":"SKIP","floor":3.0},{"not_picked":["Vengeance+1","Alpha+1"],"picked":"FlurryOfBlows","floor":6.0},{"not_picked":["Worship+1","Consecrate"],"picked":"EmptyBody+1","floor":7.0},{"not_picked":["Weave","BowlingBash"],"picked":"FlurryOfBlows","floor":10.0},{"not_picked":["BattleHymn","CrushJoints"],"picked":"WaveOfTheHand+1","floor":11.0},{"not_picked":["EmptyFist","CutThroughFate"],"picked":"Meditate+1","floor":12.0},{"not_picked":["Collect+1","SashWhip"],"picked":"EmptyMind+1","floor":13.0},{"not_picked":["WheelKick","Swivel+1"],"picked":"Meditate+1","floor":14.0},{"not_picked":["Devotion","Brilliance"],"picked":"Vault+1","floor":16.0},{"not_picked":["EmptyFist","SashWhip","PathToVictory+1"],"picked":"SKIP","floor":18.0},{"not_picked":["WheelKick","Crescendo+1"],"picked":"FlurryOfBlows","floor":21.0},{"not_picked":["Vengeance+1","ConjureBlade+1","EmptyFist"],"picked":"SKIP","floor":23.0},{"not_picked":["Protect+1","Blasphemy+1","Alpha+1"],"picked":"SKIP","floor":24.0},{"not_picked":["FlurryOfBlows","WindmillStrike","Crescendo+1"],"picked":"Singing Bowl","floor":27.0},{"not_picked":["EmptyMind+1","EmptyFist"],"picked":"LikeWater+1","floor":30.0},{"not_picked":["CarveReality","CrushJoints+1"],"picked":"EmptyMind+1","floor":31.0},{"not_picked":["Devotion","MasterReality"],"picked":"Establishment","floor":33.0},{"not_picked":["CutThroughFate","Protect+1","Perseverance+1"],"picked":"Singing Bowl","floor":35.0},{"not_picked":["FollowUp","CutThroughFate"],"picked":"Adaptation","floor":37},{"not_picked":["Crescendo+1","FollowUp","SashWhip"],"picked":"Singing Bowl","floor":38},{"not_picked":["Devotion","FollowUp+1"],"picked":"Evaluate+1","floor":40},{"not_picked":["Worship+1","CrushJoints","CarveReality+1"],"picked":"Singing Bowl","floor":41},{"not_picked":["FlyingSleeves+1","Consecrate"],"picked":"FearNoEvil","floor":42},{"not_picked":["Prostrate+1","Study+1","Adaptation"],"picked":"Singing Bowl","floor":45},{"not_picked":["Protect+1","Blasphemy+1"],"picked":"Wallop","floor":47},{"not_picked":["PathToVictory+1","Vengeance+1"],"picked":"InnerPeace+1","floor":48},{"not_picked":["BattleHymn+1","Evaluate+1"],"picked":"MentalFortress","floor":54},{"not_picked":["EmptyBody+1","Protect+1"],"picked":"Halt+1","floor":54},{"not_picked":["BowlingBash","Study","Collect+1"],"picked":"Singing Bowl","floor":54},{"not_picked":["BowlingBash","CutThroughFate","Prostrate+1"],"picked":"Singing Bowl","floor":54},{"not_picked":["ThirdEye+1","Conclude","SashWhip"],"picked":"Singing Bowl","floor":54},{"not_picked":["Worship+1","FearNoEvil","MasterReality"],"picked":"Singing Bowl","floor":55}],"player_experience":2661134,"relics_obtained":[{"floor":6.0,"key":"Toxic Egg 2"},{"floor":9.0,"key":"Happy Flower"},{"floor":11.0,"key":"Bag of Preparation"},{"floor":14.0,"key":"Blue Candle"},{"floor":24.0,"key":"Akabeko"},{"floor":26.0,"key":"Singing Bowl"},{"floor":30.0,"key":"The Courier"},{"floor":40,"key":"Darkstone Periapt"},{"floor":40,"key":"Nunchaku"},{"floor":45,"key":"MawBank"},{"floor":45,"key":"Vajra"},{"floor":47,"key":"Eternal Feather"},{"floor":47,"key":"Ancient Tea Set"},{"floor":55,"key":"Centennial Puzzle"},{"floor":55,"key":"Du-Vu Doll"}],"event_choices":[{"damage_healed":0.0,"max_hp_gain":5.0,"max_hp_loss":0.0,"gold_gain":0.0,"event_name":"Big Fish","player_choice":"Donut","floor":5.0,"gold_loss":0.0,"damage_taken":0.0},{"damage_healed":0.0,"max_hp_gain":0.0,"max_hp_loss":0.0,"gold_gain":0.0,"event_name":"Vampires","player_choice":"Ignored","floor":19.0,"gold_loss":0.0,"damage_taken":0.0},{"cards_removed":["CrushJoints"],"damage_healed":0.0,"max_hp_gain":0.0,"max_hp_loss":0.0,"gold_gain":0.0,"event_name":"Back to Basics","player_choice":"Elegance","floor":20.0,"gold_loss":0.0,"damage_taken":0.0},{"damage_healed":0.0,"max_hp_gain":0.0,"max_hp_loss":0.0,"gold_gain":100.0,"event_name":"The Joust","player_choice":"Bet on Murderer","floor":25.0,"gold_loss":50.0,"damage_taken":0.0}],"is_beta":false,"boss_relics":[{"not_picked":["Snecko Eye","Tiny House"],"picked":"Coffee Dripper"},{"not_picked":["Astrolabe","Empty Cage"],"picked":"Black Star"}],"items_purged_floors":[36,39],"is_endless":false,"potions_floor_spawned":[2,6,11,12,13,14,18,23,30,42,45,47,48,55],"ascension_level":20}}