{"host":"onfdonezo2qmaex3","time":1613856910,"event":{"mods":["2.2 Compatiblity","AchievementEnabler","Act Like it!","Aspiration","BaseMod","Colored Powertips","Downfall","Friendly Minions","Gensokyo","Hallownest","Hermit","Highlight Path","Jorbs\u0027s Wanderer Trilogy","Marisa????????","Marked Mod","Minty Spire (QoL Compilation)","Quick Restart","Reliquary","Shop Mod","StSLib","The Disciple","The Hayseed","The Hierophant","The Marked","The Runesmith"],"gold_per_floor":[118,130,130,145,157,186,65,36,36,36,64,75,75,293,293,388,388,404,404,418,438,448,473,473,20,20,46,58,58,157,175,175,274,274,285,285,335,335,346,380,392,429,441,453,465,508,520,395,395,395,395,395,11,39,39],"floor_reached":56,"language":"ENG","playtime":2775,"items_purged":["Crippling Poison","Eruption","Madness"],"score":1541,"play_id":"e43b6857-bc9b-44bc-95c3-94b8661d8ac7","local_time":"20210220223510","is_ascension_mode":true,"campfire_choices":[{"data":"MarkedMod:ChiBlock","floor":13.0,"key":"SMITH"},{"data":"LikeWater","floor":15.0,"key":"SMITH"},{"floor":29,"key":"RECALL"},{"data":"SpiritShield","floor":32,"key":"SMITH"},{"data":"MarkedMod:ChiBlock","floor":41,"key":"SMITH"},{"data":"MarkedMod:PinPointDefense","floor":45,"key":"SMITH"},{"data":"DeusExMachina","floor":47,"key":"SMITH"},{"data":"MarkedMod:PinPointDefense","floor":49,"key":"SMITH"},{"data":"Evaluate","floor":52,"key":"SMITH"}],"circlet_count":0,"master_deck":["Strike_P","Strike_P","Defend_P","Defend_P","Defend_P","Vigilance","MarkedMod:NorthStar","Slice","PathToVictory","LikeWater+1","PathToVictory","MarkedMod:GracefulMovements","MarkedMod:ChiBlock+1","PathToVictory","MarkedMod:NorthStar","Protect+1","Evaluate+1","MarkedMod:ChiBlock+1","MarkedMod:PinPointDefense+1","Madness","MarkedMod:GentlePulse+1","DeusExMachina+1","MarkedMod:PinPointDefense+1"],"relics":["HolyWater","Blood Vial","Happy Flower","reliquary:NewFriend","CaptainsWheel","Nilry\u0027s Codex","Gambling Chip","hexamod:Sixitude","White Beast Statue","Coffee Dripper","Blue Candle","Du-Vu Doll","MawBank","reliquary:Vitrine","CloakClasp","TungstenRod","aspiration:HummingbirdHeart","Bottled Lightning"],"acts_visited":["Gensokyo:Gensokyo","TheCity","TheBeyond","TheEnding"],"potions_floor_usage":[28,39,46,50,55],"damage_taken":[{"damage":6.0,"enemies":"Gensokyo:Python","floor":1.0,"turns":6.0},{"damage":0.0,"enemies":"Gensokyo:3_Fairies","floor":2.0,"turns":3.0},{"damage":0.0,"enemies":"Gensokyo:Gryphon","floor":4.0,"turns":3.0},{"damage":8.0,"enemies":"Gensokyo:VengefulSpirit","floor":5.0,"turns":4.0},{"damage":10.0,"enemies":"Gensokyo:Aya","floor":6.0,"turns":3.0},{"damage":3.0,"enemies":"Gensokyo:Mamizou","floor":11.0,"turns":6.0},{"damage":0.0,"enemies":"Gensokyo:LivingMonolith","floor":12.0,"turns":3.0},{"damage":5.0,"enemies":"Gensokyo:2_Rabbits","floor":14.0,"turns":4.0},{"damage":7.0,"enemies":"Gensokyo:Kokoro","floor":16.0,"turns":5.0},{"damage":5.0,"enemies":"Spheric Guardian","floor":18.0,"turns":3.0},{"damage":0.0,"enemies":"Shell Parasite","floor":20.0,"turns":3.0},{"damage":5.0,"enemies":"Chosen and Byrds","floor":21.0,"turns":6.0},{"damage":0.0,"enemies":"Snake Plant","floor":22.0,"turns":2.0},{"damage":0.0,"enemies":"Book of Stabbing","floor":23.0,"turns":1.0},{"damage":4,"enemies":"Gremlin Leader","floor":27,"turns":4},{"damage":0,"enemies":"Snecko","floor":28,"turns":3},{"damage":1,"enemies":"Shelled Parasite and Fungi","floor":31,"turns":3},{"damage":0,"enemies":"Collector","floor":33,"turns":4},{"damage":0,"enemies":"Orb Walker","floor":35,"turns":2},{"damage":0,"enemies":"Mind Bloom Boss Battle","floor":37,"turns":3},{"damage":0,"enemies":"3 Darklings","floor":39,"turns":1},{"damage":0,"enemies":"Giant Head","floor":40,"turns":7},{"damage":38,"enemies":"Nemesis","floor":42,"turns":3},{"damage":0,"enemies":"Reptomancer","floor":46,"turns":2},{"damage":1,"enemies":"Donu and Deca","floor":50,"turns":5},{"damage":0,"enemies":"Shield and Spear","floor":54,"turns":3},{"damage":0,"enemies":"The Heart","floor":55,"turns":7}],"seed_played":"-2294712921702289935","potions_obtained":[{"floor":2.0,"key":"EntropicBrew"},{"floor":14.0,"key":"Ambrosia"},{"floor":16.0,"key":"sneckomod:MuddlingPotion"},{"floor":28,"key":"AttackPotion"},{"floor":33,"key":"BottledMiracle"},{"floor":39,"key":"BottledMiracle"},{"floor":42,"key":"Regen Potion"},{"floor":46,"key":"SpeedPotion"},{"floor":54,"key":"EssenceOfSteel"}],"is_trial":false,"path_per_floor":["M","M","?","M","M","E","$","COS","T","?","E","M","R","M","R","B",null,"M","?","M","M","M","E","?","$","T","E","M","R","?","M","R","B",null,"M","?","?","?","M","E","R","E","T","?","R","E","R","$","R","B",null,"R","$","E","B",null],"character_chosen":"WATCHER","items_purchased":["PathToVictory","Gambling Chip","SpiritShield","MarkedMod:PinPointDefense","aspiration:HummingbirdHeart"],"campfire_rested":0,"item_purchase_floors":[7,25,25,48,53],"current_hp_per_floor":[45,45,45,45,37,27,27,27,27,27,26,28,28,25,25,20,72,67,67,69,66,68,70,54,54,54,52,54,54,54,55,55,57,72,72,67,69,60,62,64,64,28,28,35,35,42,42,42,42,43,72,72,72,72,72],"gold":39,"neow_bonus":"THREE_RARE_CARDS","is_daily":false,"chose_seed":false,"campfire_upgraded":8,"win_rate":0.0,"timestamp":1613856910,"path_taken":["M","?","?","?","M","E","?","COS","T","?","E","?","R","M","R","BOSS","M","?","M","?","M","E","?","$","T","E","M","R","?","M","R","BOSS","M","?","?","?","M","E","R","E","T","?","R","E","R","$","R","BOSS","R","$","E","BOSS"],"items_purchased_type":["Card","Relic","Card","Card","Relic"],"build_version":"2020-12-22","purchased_purges":3,"victory":true,"max_hp_per_floor":[72,72,72,72,72,72,72,72,72,72,72,72,72,72,72,72,72,72,72,72,72,72,72,72,72,72,72,72,72,72,72,72,72,72,72,72,72,72,72,72,72,72,72,72,72,72,72,72,72,72,72,72,72,72,72],"card_choices":[{"not_picked":["MasterReality","Devotion"],"picked":"MarkedMod:NorthStar","floor":0.0},{"not_picked":["MarkedMod:FirstStrike","Consecrate","ClearTheMind"],"picked":"SKIP","floor":1.0},{"not_picked":["CutThroughFate","FlyingSleeves","Halt"],"picked":"SKIP","floor":2.0},{"not_picked":["EmptyFist","MarkedMod:GentlePulse"],"picked":"PathToVictory","floor":4.0},{"not_picked":["Consecrate","JustLucky","ClearTheMind"],"picked":"SKIP","floor":5.0},{"not_picked":["ClearTheMind","ThirdEye"],"picked":"LikeWater","floor":6.0},{"not_picked":["Tantrum","Wallop"],"picked":"MarkedMod:GracefulMovements","floor":11.0},{"not_picked":["MarkedMod:FirstStrike","ThirdEye"],"picked":"MarkedMod:ChiBlock","floor":12.0},{"not_picked":["EmptyFist","ThirdEye"],"picked":"PathToVictory","floor":14.0},{"not_picked":["Alpha","Judgement"],"picked":"MarkedMod:NorthStar","floor":16.0},{"not_picked":["FlurryOfBlows","WaveOfTheHand"],"picked":"Protect","floor":18.0},{"not_picked":["Weave","ClearTheMind"],"picked":"Evaluate","floor":20.0},{"not_picked":["TalkToTheHand","Protect","BattleHymn"],"picked":"SKIP","floor":21.0},{"not_picked":["FlurryOfBlows","CutThroughFate","Ragnarok"],"picked":"SKIP","floor":22.0},{"not_picked":["ThirdEye","Prostrate+1","Wireheading"],"picked":"SKIP","floor":23.0},{"not_picked":["MentalFortress","SashWhip","ThirdEye"],"picked":"SKIP","floor":27},{"not_picked":["SandsOfTime","FlurryOfBlows","Pray+1"],"picked":"SKIP","floor":28},{"not_picked":["SandsOfTime","FlurryOfBlows","Pray+1"],"picked":"SKIP","floor":28},{"not_picked":["Crescendo","EmptyFist","Nirvana"],"picked":"SKIP","floor":31},{"not_picked":["Devotion","Wish"],"picked":"MarkedMod:ChiBlock","floor":33},{"not_picked":["Collect+1","ClearTheMind"],"picked":"MarkedMod:PinPointDefense","floor":35},{"not_picked":["LikeWater","Perseverance+1"],"picked":"MarkedMod:GentlePulse+1","floor":39},{"not_picked":["Tantrum","LikeWater","Judgement"],"picked":"SKIP","floor":40},{"not_picked":["Tantrum","LikeWater","Judgement"],"picked":"SKIP","floor":40},{"not_picked":["Consecrate","EmptyBody+1"],"picked":"DeusExMachina","floor":42},{"not_picked":["Protect","MarkedMod:FirstStrike+1","ThirdEye"],"picked":"SKIP","floor":46},{"not_picked":["Fasting2+1","FlurryOfBlows","Pray+1"],"picked":"SKIP","floor":54}],"player_experience":231344,"relics_obtained":[{"floor":6.0,"key":"Blood Vial"},{"floor":11.0,"key":"reliquary:NewFriend"},{"floor":23.0,"key":"CaptainsWheel"},{"floor":24.0,"key":"Nilry\u0027s Codex"},{"floor":26,"key":"hexamod:Sixitude"},{"floor":27,"key":"White Beast Statue"},{"floor":37,"key":"Du-Vu Doll"},{"floor":40,"key":"MawBank"},{"floor":42,"key":"reliquary:Vitrine"},{"floor":43,"key":"CloakClasp"},{"floor":46,"key":"TungstenRod"},{"floor":54,"key":"Bottled Lightning"}],"event_choices":[{"damage_healed":0.0,"max_hp_gain":0.0,"max_hp_loss":0.0,"gold_gain":0.0,"event_name":"Upgrade Shrine","player_choice":"Upgraded","floor":19.0,"gold_loss":0.0,"damage_taken":0.0,"cards_upgraded":["Protect"]},{"damage_healed":0.0,"max_hp_gain":0.0,"max_hp_loss":0.0,"gold_gain":0.0,"event_name":"Cursed Tome","player_choice":"Obtained Book","floor":24.0,"gold_loss":0.0,"damage_taken":16.0},{"damage_healed":0,"gold_gain":99,"player_choice":"Stole From Cult","damage_taken":0,"max_hp_gain":0,"max_hp_loss":0,"event_name":"Nest","floor":30,"gold_loss":0},{"damage_healed":0,"gold_gain":0,"player_choice":"Fight","damage_taken":0,"max_hp_gain":0,"max_hp_loss":0,"event_name":"MindBloom","floor":37,"gold_loss":0},{"damage_healed":0,"gold_gain":0,"player_choice":"Embrace Madness","damage_taken":9,"max_hp_gain":0,"max_hp_loss":0,"event_name":"Winding Halls","floor":38,"gold_loss":0,"cards_obtained":["Madness","Madness"]}],"is_beta":false,"boss_relics":[{"not_picked":["Calling Bell","aspiration:RunicSpoon"],"picked":"HolyWater"},{"not_picked":["aspiration:SecretTechniqueScroll","reliquary:WritOfMandamus"],"picked":"Coffee Dripper"}],"items_purged_floors":[7,48,53],"is_endless":false,"potions_floor_spawned":[2,14,16,22,23,28,31,33,35,37,39,40,42,46,54],"ascension_level":1}}