{"host":"u0qetpmu4y58k1tf","time":1613795038,"event":{"mods":["100% Spire Juice","AchievementEnabler","Act Like it!","BaseMod","CapriCore","Colored Map","Colored Powertips","Hermit","Koishi","Marisa£¨Ùöéë¡¡Øª×âÞÞ£©","Minty Spire (QoL Compilation)","Quick Restart","Reliquary","Replay The Spire","StSLib","Td1madao Mod","The Bug Knight","The Cursed","The Dragon Tamer","The Gatherer","The Hierophant","The Immortal","The Jungle","The Runesmith","WarShipGirlsR/??á´Ò³R mod"],"gold_per_floor":[117,392,119,119,162,220,220,277,300,340,394,394,394],"floor_reached":12,"language":"KOR","playtime":903,"items_purged":["Regret"],"score":192,"play_id":"f6cadc9a-9342-47ff-92b8-ff430d8107f7","local_time":"20210220132358","daily_mods":["Draft","Diverse","DeadlyEvents","Elite Swarm"],"is_ascension_mode":true,"campfire_choices":[{"data":"Pod Fire","floor":7,"key":"SMITH"}],"circlet_count":0,"master_deck":["AscendersBane","MokouMod:ResonanceReactor","Gatherer:VenomBarrier+1","MokouMod:Wildfire","Turbo+1","Koishi:PredatoryInstincts","Gatherer:AromaProtection","Koishi:PredatoryInstincts","MilkyWay","Pommel Strike","Pod Fire+1","DTMod:BurningEnergy","Hidden Blade","rmod:circuitoustactics","Prepared","Metallicize","WitchOfGreed+1","Koishi:FleetingPhantom","Gatherer:BomberForm","ChargingUp","rmod:seals"],"relics":["HollowMod:VesselMask","Sling","ReplayTheSpireMod:TigerMarble","reliquary:JackalopeAntler","reliquary:Buckler","Peace Pipe"],"acts_visited":["Exordium"],"potions_floor_usage":[6,6,10,11,11,12],"damage_taken":[{"damage":2,"enemies":"Jaw Worm","floor":1,"turns":3},{"damage":0,"enemies":"Cultist","floor":5,"turns":5},{"damage":63,"enemies":"Gremlin Nob","floor":6,"turns":5},{"damage":20,"enemies":"3 Sentries","floor":8,"turns":7},{"damage":2,"enemies":"Small Slimes","floor":10,"turns":4},{"damage":22,"enemies":"Lagavulin","floor":11,"turns":6},{"damage":29,"enemies":"Gremlin Nob","floor":12,"turns":3}],"seed_played":"4839894591291056310","potions_obtained":[{"floor":1,"key":"AttackPotion"},{"floor":5,"key":"Regen Potion"},{"floor":5,"key":"Block Potion"},{"floor":6,"key":"Reflective Coating"},{"floor":8,"key":"AttackPotion"},{"floor":10,"key":"Fire Potion"},{"floor":10,"key":"SkillPotion"},{"floor":11,"key":"AttackPotion"}],"is_trial":true,"path_per_floor":["M","?","$","?","M","E","R","E","T","M","E","E"],"character_chosen":"THE_BUGKNIGHT","items_purchased":["WitchOfGreed+1","Sling"],"campfire_rested":0,"item_purchase_floors":[3,3],"current_hp_per_floor":[74,74,74,75,75,25,25,25,25,35,21,0,0],"gold":394,"neow_bonus":"","is_daily":false,"chose_seed":false,"campfire_upgraded":1,"win_rate":0.0,"timestamp":1613795038,"path_taken":["M","?","?","?","M","E","R","E","T","M","E","?"],"items_purchased_type":["Card","Relic"],"build_version":"2020-12-22","purchased_purges":1,"victory":false,"max_hp_per_floor":[75,75,75,75,75,75,75,75,75,75,75,75,75],"card_choices":[{"not_picked":["Life Link","HollowMod:NewLittleFool"],"picked":"MokouMod:ResonanceReactor","floor":0},{"not_picked":["MokouMod:FusionFlare","hierophant:Empathy"],"picked":"Gatherer:VenomBarrier","floor":0},{"not_picked":["Gatherer:DrugPower","Three Hit"],"picked":"MokouMod:Wildfire","floor":0},{"not_picked":["DTMod:BuildUp","hierophant:Encroach"],"picked":"Turbo","floor":0},{"not_picked":["Heavy Blade","Cloak And Dagger"],"picked":"Koishi:PredatoryInstincts","floor":0},{"not_picked":["hermit:Vantage","Oblique Hack"],"picked":"Gatherer:AromaProtection","floor":0},{"not_picked":["Black Execution","Perfected Strike"],"picked":"Koishi:PredatoryInstincts","floor":0},{"not_picked":["Gatherer:EnergyBasket","Slice"],"picked":"MilkyWay","floor":0},{"not_picked":["HollowMod:TaintedHusks","hermit:Snipe"],"picked":"Pommel Strike","floor":0},{"not_picked":["Gatherer:FeelingFine","OrrerysSun"],"picked":"Cloak And Dagger","floor":0},{"not_picked":["MokouMod:PhoenixFeathers","MokouMod:UncontrollableSolarReaction"],"picked":"Pod Fire","floor":0},{"not_picked":["Poisoned Stab","Go for the Eyes"],"picked":"DTMod:BurningEnergy","floor":0},{"not_picked":["hierophant:RecallFunds","Slice"],"picked":"Hidden Blade","floor":0},{"not_picked":["Runesmith:ShiftingStrike","MokouMod:InfernalWave"],"picked":"rmod:circuitoustactics","floor":0},{"not_picked":["MokouMod:Cataclysm","DTMod:Training"],"picked":"Prepared","floor":0},{"not_picked":["GravityBeat","hermit:Quickdraw"],"picked":"Metallicize","floor":1},{"not_picked":["Rupture","Pommel Strike"],"picked":"Koishi:FleetingPhantom","floor":5},{"not_picked":["hermit:BlackWind","Koishi:TerrifyingSpectre"],"picked":"Gatherer:BomberForm","floor":6},{"not_picked":["Fission","SuperNova","AbsoluteMagnitude"],"picked":"SKIP","floor":8},{"not_picked":["Koishi:SubconsciousSweep","Koishi:TraumaticStroke"],"picked":"ChargingUp","floor":10},{"not_picked":["MokouMod:ResonatingAura","Scrawl"],"picked":"rmod:seals","floor":11}],"player_experience":173278,"relics_obtained":[{"floor":6,"key":"ReplayTheSpireMod:TigerMarble"},{"floor":8,"key":"reliquary:JackalopeAntler"},{"floor":9,"key":"reliquary:Buckler"},{"floor":11,"key":"Peace Pipe"}],"event_choices":[{"damage_healed":0,"gold_gain":275,"player_choice":"Desecrate","damage_taken":0,"max_hp_gain":0,"max_hp_loss":0,"event_name":"Golden Shrine","floor":2,"gold_loss":0,"cards_obtained":["Regret"]},{"cards_removed":["Cloak And Dagger"],"damage_healed":5,"gold_gain":0,"player_choice":"Offered Common","damage_taken":0,"max_hp_gain":0,"max_hp_loss":0,"event_name":"Bonfire Elementals","floor":4,"gold_loss":0},{"cards_removed":["Cloak And Dagger"],"damage_healed":5,"gold_gain":0,"player_choice":"Offered Special","damage_taken":0,"max_hp_gain":0,"max_hp_loss":0,"event_name":"Bonfire Elementals","floor":4,"gold_loss":0}],"is_beta":false,"boss_relics":[],"items_purged_floors":[3],"is_endless":false,"potions_floor_spawned":[1,5,10],"killed_by":"Gremlin Nob","ascension_level":20}}