{"host":"72n3jwtrlpjobydj","time":1613791519,"event":{"mods":["AchievementEnabler","BaseMod","CapriCore","DeckTracker","Hermit","Koishi","KomeijiMod","Lobotomy","Marisa£¨Ùöéë¡¡Øª×âÞÞ£©","Minty Spire (QoL Compilation)","Permanent Neow","StSLib","SuperFastMode","The Cursed","The Hierophant","The Immortal"],"gold_per_floor":[110,130,150,150,167,167,10,10,10,10,10,45,62,89,89,187,187,157,157,157,117,137,165,165,165,165],"floor_reached":25,"language":"KOR","playtime":722,"items_purged":["Strike_G"],"score":240,"play_id":"e593dfd8-b1f2-4caa-a90e-d7ce87bbf154","local_time":"20210220122519","is_ascension_mode":true,"campfire_choices":[{"floor":6,"key":"RECALL"},{"data":"Caltrops","floor":8,"key":"SMITH"},{"floor":15,"key":"REST"},{"floor":24,"key":"REST"}],"circlet_count":0,"master_deck":["Strike_G","Strike_G","Strike_G","Strike_G","Defend_G","Defend_G","Defend_G","Defend_G","Defend_G","Survivor","Neutralize","Caltrops+1","Footwork","Backflip","Caltrops","Deadly Poison","PiercingWail","Blur","Backflip","Caltrops"],"relics":["Ring of the Snake","The Courier","Prayer Wheel","Omamori","Black Star","MutagenicStrength","Meat on the Bone","Nunchaku"],"acts_visited":["Exordium","TheCity"],"potions_floor_usage":[5,12,12,16,16,22,23,23,25],"damage_taken":[{"damage":0,"enemies":"Cultist","floor":1,"turns":3},{"damage":0,"enemies":"Small Slimes","floor":2,"turns":3},{"damage":3,"enemies":"2 Louse","floor":3,"turns":2},{"damage":2,"enemies":"Large Slime","floor":5,"turns":8},{"damage":19,"enemies":"Gremlin Nob","floor":12,"turns":6},{"damage":14,"enemies":"Lots of Slimes","floor":13,"turns":3},{"damage":10,"enemies":"Lagavulin","floor":14,"turns":8},{"damage":30,"enemies":"The Guardian","floor":16,"turns":13},{"damage":22,"enemies":"2 Thieves","floor":18,"turns":5},{"damage":11,"enemies":"Shell Parasite","floor":22,"turns":6},{"damage":46,"enemies":"Gremlin Leader","floor":23,"turns":9},{"damage":36,"enemies":"Slavers","floor":25,"turns":3}],"seed_played":"-1584694387920874811","potions_obtained":[{"floor":2,"key":"Weak Potion"},{"floor":4,"key":"FearPotion"},{"floor":4,"key":"CunningPotion"},{"floor":12,"key":"CunningPotion"},{"floor":14,"key":"Dexterity Potion"},{"floor":21,"key":"PowerPotion"},{"floor":21,"key":"Poison Potion"},{"floor":21,"key":"Explosive Potion"},{"floor":23,"key":"DuplicationPotion"}],"is_trial":false,"path_per_floor":["M","M","M","?","M","R","$","R","T","?","?","E","M","E","R","B",null,"M","?","?","?","M","E","R","E"],"character_chosen":"THE_SILENT","items_purchased":["Caltrops"],"campfire_rested":2,"item_purchase_floors":[7],"current_hp_per_floor":[77,77,74,74,72,72,72,72,72,60,75,56,42,32,55,25,77,55,65,65,65,54,8,31,0,0],"gold":165,"neow_bonus":"TEN_PERCENT_HP_BONUS","is_daily":false,"chose_seed":false,"campfire_upgraded":1,"win_rate":0.0,"timestamp":1613791519,"path_taken":["M","?","M","?","?","R","$","R","T","?","?","E","M","E","R","BOSS","M","?","?","?","M","E","R","E"],"items_purchased_type":["Card"],"build_version":"2020-12-22","purchased_purges":1,"victory":false,"max_hp_per_floor":[77,77,77,77,77,77,77,77,77,77,77,77,77,77,77,77,77,77,77,77,77,77,77,77,77,77],"card_choices":[{"not_picked":["PiercingWail","Prepared"],"picked":"Caltrops","floor":1},{"not_picked":["Choke","Dagger Spray"],"picked":"Footwork","floor":2},{"not_picked":["Sucker Punch","Distraction","Dagger Spray"],"picked":"SKIP","floor":3},{"not_picked":["Reflex","Predator"],"picked":"Backflip","floor":5},{"not_picked":["Flying Knee","Tools of the Trade","Doppelganger"],"picked":"SKIP","floor":12},{"not_picked":["Dagger Spray","Accuracy"],"picked":"Deadly Poison","floor":13},{"not_picked":["Poisoned Stab","Acrobatics"],"picked":"PiercingWail","floor":13},{"not_picked":["Heel Hook","Choke"],"picked":"Blur","floor":14},{"not_picked":["Sucker Punch","Flying Knee"],"picked":"Backflip","floor":18},{"not_picked":["Underhanded Strike","Predator","Accuracy"],"picked":"SKIP","floor":18},{"not_picked":["Backstab+1","Outmaneuver"],"picked":"Caltrops","floor":22},{"not_picked":["Predator","Dagger Throw","Bane+1"],"picked":"SKIP","floor":22},{"not_picked":["Finisher","Choke","Phantasmal Killer"],"picked":"SKIP","floor":23}],"player_experience":96890,"relics_obtained":[{"floor":12,"key":"Prayer Wheel"},{"floor":14,"key":"Omamori"},{"floor":23,"key":"Meat on the Bone"},{"floor":23,"key":"Nunchaku"}],"event_choices":[{"damage_healed":0,"gold_gain":0,"player_choice":"Got Potions","damage_taken":0,"max_hp_gain":0,"max_hp_loss":0,"event_name":"Lab","floor":4,"gold_loss":0},{"damage_healed":0,"gold_gain":0,"player_choice":"Success","damage_taken":12,"relics_obtained":["The Courier"],"max_hp_gain":0,"max_hp_loss":0,"event_name":"Scrap Ooze","floor":10,"gold_loss":0},{"damage_healed":0,"gold_gain":0,"player_choice":"Inject Mutagens","damage_taken":0,"relics_obtained":["MutagenicStrength"],"max_hp_gain":0,"max_hp_loss":0,"event_name":"Drug Dealer","floor":20,"gold_loss":0},{"damage_healed":0,"gold_gain":0,"player_choice":"Bought 3 Potions","damage_taken":0,"max_hp_gain":0,"max_hp_loss":0,"event_name":"The Woman in Blue","floor":21,"gold_loss":0}],"is_beta":false,"boss_relics":[{"not_picked":["HoveringKite","Runic Pyramid"],"picked":"Black Star"}],"items_purged_floors":[7],"is_endless":false,"potions_floor_spawned":[2,12,14,23],"killed_by":"Slavers","ascension_level":1}}