{"host":"aas8f8jvicx6tcxp","time":1613793891,"event":{"mods":["BaseMod","Better Third Choice","BetterRewards","Clockwork Mod","Hermit","Minty Spire (QoL Compilation)","Shop Mod","StSLib","The Construct","The Jungle"],"gold_per_floor":[118,118,118,136,156,496,496,535,535,146,146,181,181,22,22,150,150,164,164,164,178,35,35,62,81,81,114,114,133,133,152,152,248,248,258,26,26,44,56,56,91,110,110,110,110,126,160,178,178,178],"floor_reached":51,"language":"ENG","playtime":5052,"items_purged":["Injury"],"score":799,"play_id":"d8526667-8f3c-4b3a-879a-36f62c800a29","local_time":"20210219220451","is_ascension_mode":true,"campfire_choices":[{"floor":7,"key":"REST"},{"floor":11,"key":"REST"},{"floor":13,"key":"REST"},{"data":"Armaments","floor":15,"key":"SMITH"},{"floor":23,"key":"REST"},{"floor":28,"key":"REST"},{"floor":30,"key":"REST"},{"data":"Rage","floor":32,"key":"SMITH"},{"floor":40,"key":"REST"},{"floor":45,"key":"REST"},{"floor":49,"key":"REST"}],"circlet_count":0,"master_deck":["Strike_R+1","Strike_R+1","Strike_R+1","Strike_R+1","Strike_R+1","Defend_R+1","Defend_R+1","Defend_R+1","Defend_R+1","Bash","Rage+1","Armaments+1","Searing Blow","Shockwave","Clash","Spot Weakness","Fire Breathing","Shrug It Off","Juggernaut","Metallicize","Metallicize","Body Slam","Flex","Body Slam+1","Anger+1","Limit Break","Evolve","Infinite Blades","Infernal Blade+1","Discovery"],"relics":["SlaversCollar","Bloody Idol","Old Coin","Singing Bowl","Self Forming Clay","Eternal Feather","InkBottle","Black Star","Art of War","Strawberry","Kunai","Matryoshka","Nunchaku","Mark of Pain","PrismaticShard","Du-Vu Doll","Champion Belt","Red Skull","Darkstone Periapt","Oddly Smooth Stone","Potion Belt"],"acts_visited":["Exordium","TheCity","TheBeyond"],"potions_floor_usage":[6,12,21,27,27,29,31,31,33,33,38,38,42,46],"damage_taken":[{"damage":5,"enemies":"Small Slimes","floor":1,"turns":4},{"damage":8,"enemies":"Jaw Worm","floor":4,"turns":3},{"damage":7,"enemies":"2 Louse","floor":5,"turns":2},{"damage":26,"enemies":"Lagavulin","floor":6,"turns":8},{"damage":16,"enemies":"3 Sentries","floor":8,"turns":10},{"damage":16,"enemies":"Gremlin Nob","floor":12,"turns":5},{"damage":24,"enemies":"Slime Boss","floor":16,"turns":10},{"damage":19,"enemies":"Chosen","floor":18,"turns":6},{"damage":29,"enemies":"3 Byrds","floor":21,"turns":9},{"damage":58,"enemies":"Slavers","floor":24,"turns":7},{"damage":16,"enemies":"3 Cultists","floor":25,"turns":5},{"damage":3,"enemies":"Gremlin Leader","floor":27,"turns":8},{"damage":7,"enemies":"Snake Plant","floor":29,"turns":5},{"damage":7,"enemies":"Cultist and Chosen","floor":31,"turns":6},{"damage":74,"enemies":"Automaton","floor":33,"turns":9},{"damage":12,"enemies":"3 Shapes","floor":35,"turns":7},{"damage":32,"enemies":"3 Darklings","floor":38,"turns":5},{"damage":30,"enemies":"Sphere and 2 Shapes","floor":39,"turns":5},{"damage":29,"enemies":"Nemesis","floor":41,"turns":7},{"damage":20,"enemies":"Transient","floor":42,"turns":5},{"damage":20,"enemies":"Spire Growth","floor":46,"turns":5},{"damage":46,"enemies":"Giant Head","floor":47,"turns":9},{"damage":14,"enemies":"3 Darklings","floor":48,"turns":3},{"damage":107,"enemies":"Awakened One","floor":50,"turns":10}],"seed_played":"-7058633459261540518","potions_obtained":[{"floor":1,"key":"ElixirPotion"},{"floor":5,"key":"EssenceOfSteel"},{"floor":6,"key":"Swift Potion"},{"floor":16,"key":"SpeedPotion"},{"floor":25,"key":"EntropicBrew"},{"floor":27,"key":"Block Potion"},{"floor":29,"key":"Strength Potion"},{"floor":31,"key":"GamblersBrew"},{"floor":35,"key":"Swift Potion"},{"floor":37,"key":"PowerPotion"},{"floor":41,"key":"ColorlessPotion"},{"floor":42,"key":"PowerPotion"},{"floor":48,"key":"FairyPotion"}],"is_trial":false,"path_per_floor":["M","?","?","M","M","E","R","E","T","$","R","E","R","$","R","B",null,"M","?","?","M","$","R","E","M","T","E","R","M","R","M","R","B",null,"M","$","?","M","M","R","E","M","T","?","R","M","E","M","R","B",null],"character_chosen":"IRONCLAD","items_purchased":["Eternal Feather","Shockwave","Spot Weakness","Fire Breathing","Shrug It Off","Art of War","Evolve","PrismaticShard","AttackPotion"],"campfire_rested":9,"item_purchase_floors":[10,10,14,14,14,22,36,36,36],"current_hp_per_floor":[75,75,59,51,44,18,42,28,28,28,58,42,75,75,82,58,82,63,63,63,39,39,75,29,18,18,20,58,58,91,89,91,22,91,86,86,86,59,34,76,54,41,41,38,85,72,33,26,75,1],"gold":178,"neow_bonus":"BOSS_RELIC","is_daily":false,"chose_seed":false,"campfire_upgraded":2,"win_rate":0.0,"timestamp":1613793891,"path_taken":["M","?","?","M","M","E","R","E","T","$","R","E","R","$","R","BOSS","M","?","?","M","$","R","E","M","T","E","R","M","R","M","R","BOSS","M","$","?","?","?","R","E","M","T","?","R","M","E","M","R","BOSS"],"items_purchased_type":["Relic","Card","Card","Card","Card","Relic","Card","Relic","Potion"],"build_version":"2020-12-22","purchased_purges":1,"victory":true,"max_hp_per_floor":[80,80,80,80,80,80,80,82,82,82,82,82,82,82,82,82,82,82,82,82,82,82,82,89,89,89,89,89,91,91,91,91,91,91,93,93,93,93,93,93,95,97,97,99,99,101,103,105,105,105],"card_choices":[{"not_picked":["Blood for Blood","Battle Trance","Pommel Strike"],"picked":"SKIP","floor":1},{"not_picked":["Perfected Strike","Shrug It Off"],"picked":"Rage","floor":4},{"not_picked":["Iron Wave","Dual Wield"],"picked":"Armaments","floor":5},{"not_picked":["Second Wind","Perfected Strike"],"picked":"Searing Blow","floor":6},{"not_picked":["Warcry","Twin Strike","Seeing Red"],"picked":"Singing Bowl","floor":8},{"not_picked":["Wild Strike","Burning Pact"],"picked":"Clash","floor":12},{"not_picked":["Limit Break","Offering"],"picked":"Juggernaut","floor":16},{"not_picked":["Twin Strike+1","True Grit+1"],"picked":"Metallicize","floor":18},{"not_picked":["Iron Wave","Blood for Blood"],"picked":"Metallicize","floor":21},{"not_picked":["Corruption","Headbutt"],"picked":"Body Slam","floor":24},{"not_picked":["True Grit+1","Headbutt"],"picked":"Flex","floor":25},{"not_picked":["Pummel","Warcry"],"picked":"Body Slam+1","floor":27},{"not_picked":["True Grit","Sword Boomerang+1","Burning Pact"],"picked":"Singing Bowl","floor":29},{"not_picked":["Dark Embrace","Power Through"],"picked":"Anger+1","floor":31},{"not_picked":["Offering","Bludgeon"],"picked":"Limit Break","floor":33},{"not_picked":["Inflame+1","Fire Breathing+1","Power Through"],"picked":"Singing Bowl","floor":35},{"not_picked":["Auto Shields+1","Blade Dance"],"picked":"Infinite Blades","floor":38},{"not_picked":["hermit:Malice+1","Pommel Strike+1"],"picked":"Infernal Blade+1","floor":39},{"not_picked":["Flying Knee","hermit:Cheat+1","Headbutt+1"],"picked":"Singing Bowl","floor":41},{"not_picked":["Brilliance","Blind","Clockwork:Friction+1"],"picked":"Singing Bowl","floor":42},{"not_picked":["Impatience","Good Instincts","Dark Shackles"],"picked":"Singing Bowl","floor":44},{"not_picked":["Thinking Ahead","Impatience"],"picked":"Discovery","floor":44},{"not_picked":["construct:Antimatter+1","construct:SaveState+1","Madness+1"],"picked":"Singing Bowl","floor":46},{"not_picked":["Shockwave+1","hermit:GoldenBullet+1","Underhanded Strike"],"picked":"Singing Bowl","floor":47},{"not_picked":["construct:Backfire+1","construct:ModeShift","Clockwork:Minimalism+1"],"picked":"Singing Bowl","floor":48}],"player_experience":285403,"relics_obtained":[{"floor":6,"key":"Old Coin"},{"floor":8,"key":"Singing Bowl"},{"floor":9,"key":"Self Forming Clay"},{"floor":12,"key":"InkBottle"},{"floor":24,"key":"Strawberry"},{"floor":24,"key":"Kunai"},{"floor":27,"key":"Matryoshka"},{"floor":27,"key":"Nunchaku"},{"floor":41,"key":"Du-Vu Doll"},{"floor":41,"key":"Champion Belt"},{"floor":43,"key":"Red Skull"},{"floor":43,"key":"Darkstone Periapt"},{"floor":47,"key":"Oddly Smooth Stone"},{"floor":47,"key":"Potion Belt"}],"event_choices":[{"damage_healed":0,"gold_gain":0,"player_choice":"Take Wound","damage_taken":0,"relics_obtained":["Golden Idol"],"max_hp_gain":0,"max_hp_loss":0,"event_name":"Golden Idol","floor":2,"gold_loss":0,"cards_obtained":["Injury"]},{"damage_healed":75,"gold_gain":0,"player_choice":"Upgrade","damage_taken":16,"max_hp_gain":0,"max_hp_loss":80,"event_name":"betterThird:BetterShining","floor":3,"gold_loss":0,"cards_upgraded":["Strike_R","Strike_R"]},{"damage_healed":0,"gold_gain":0,"player_choice":"Gave Idol","damage_taken":0,"relics_obtained":["Bloody Idol"],"max_hp_gain":0,"max_hp_loss":0,"event_name":"Forgotten Altar","floor":19,"relics_lost":["Golden Idol"],"gold_loss":0},{"damage_healed":0,"gold_gain":0,"player_choice":"Simplicity","damage_taken":0,"max_hp_gain":0,"max_hp_loss":7,"event_name":"betterThird:BetterWriting","floor":20,"gold_loss":0},{"damage_healed":0,"gold_gain":0,"player_choice":"Got Potions","damage_taken":0,"max_hp_gain":0,"max_hp_loss":0,"event_name":"Lab","floor":37,"gold_loss":0},{"damage_healed":0,"gold_gain":0,"player_choice":"Memory 2","damage_taken":5,"max_hp_gain":0,"max_hp_loss":0,"event_name":"SensoryStone","floor":44,"gold_loss":0}],"is_beta":false,"boss_relics":[{"not_picked":["Pandora\u0027s Box","Fusion Hammer"],"picked":"Black Star"},{"not_picked":["Busted Crown","Empty Cage"],"picked":"Mark of Pain"}],"items_purged_floors":[10],"is_endless":false,"potions_floor_spawned":[1,5,6,16,25,27,29,31,35,41,42,48],"ascension_level":1}}