{"host":"49pjgf1q9ev52n8z","time":1613796265,"event":{"mods":["BaseMod","Bestiary","Colored Map","Keyboard Shortcuts","Minty Spire (QoL Compilation)","Practice Mode","Relic Stats","StSLib"],"gold_per_floor":[368,80,100,115,126,157,157,169,192,204,204,230,247,265,265,361,361,372,86,102,120,132,132,157,157,182,182,201,231,231,249,249,249,249],"floor_reached":33,"language":"ENG","playtime":2818,"items_purged":[],"score":424,"play_id":"7a23ea1e-8c4d-46de-969a-7bd9dc232be7","local_time":"20210219204425","is_ascension_mode":true,"campfire_choices":[{"floor":7,"key":"REST"},{"data":"Spot Weakness","floor":11,"key":"SMITH"},{"floor":15,"key":"REST"},{"floor":23,"key":"REST"},{"data":"Reaper","floor":25,"key":"SMITH"},{"floor":27,"key":"REST"},{"data":"Bash","floor":30,"key":"SMITH"},{"data":"Clothesline","floor":32,"key":"SMITH"}],"circlet_count":0,"master_deck":["Strike_R","Strike_R","Strike_R","Strike_R","Strike_R","Defend_R","Defend_R","Defend_R","Defend_R","Bash+1","Clothesline+1","Inflame","Dropkick","Hemokinesis","Armaments","Combust","Pommel Strike","Spot Weakness+1","Reaper+1","Headbutt","Exhume","Shrug It Off","Pummel","Blood for Blood","Fire Breathing+1","Pommel Strike+1"],"relics":["Black Blood","Self Forming Clay","Pantograph","Bag of Marbles","Regal Pillow","Bottled Flame","Dream Catcher","Vajra","Singing Bowl"],"acts_visited":["Exordium","TheCity"],"potions_floor_usage":[6,6,13,16,21,33],"damage_taken":[{"damage":10,"enemies":"Small Slimes","floor":1,"turns":3},{"damage":4,"enemies":"Cultist","floor":3,"turns":3},{"damage":6,"enemies":"2 Louse","floor":4,"turns":3},{"damage":12,"enemies":"Blue Slaver","floor":5,"turns":4},{"damage":26,"enemies":"3 Sentries","floor":6,"turns":6},{"damage":2,"enemies":"2 Fungi Beasts","floor":8,"turns":4},{"damage":3,"enemies":"Looter","floor":10,"turns":3},{"damage":21,"enemies":"Gremlin Nob","floor":12,"turns":4},{"damage":40,"enemies":"Gremlin Gang","floor":13,"turns":3},{"damage":13,"enemies":"3 Louse","floor":14,"turns":3},{"damage":55,"enemies":"Slime Boss","floor":16,"turns":9},{"damage":26,"enemies":"Spheric Guardian","floor":18,"turns":4},{"damage":39,"enemies":"Shell Parasite","floor":20,"turns":6},{"damage":27,"enemies":"Centurion and Healer","floor":21,"turns":13},{"damage":46,"enemies":"Snake Plant","floor":22,"turns":7},{"damage":74,"enemies":"Slavers","floor":24,"turns":7},{"damage":52,"enemies":"Chosen and Byrds","floor":28,"turns":5},{"damage":24,"enemies":"Gremlin Leader","floor":29,"turns":7},{"damage":20,"enemies":"Snecko","floor":31,"turns":4},{"damage":109,"enemies":"Champ","floor":33,"turns":9}],"seed_played":"8125892256065062360","potions_obtained":[{"floor":3,"key":"Explosive Potion"},{"floor":4,"key":"FearPotion"},{"floor":5,"key":"BlessingOfTheForge"},{"floor":12,"key":"Weak Potion"},{"floor":18,"key":"Dexterity Potion"},{"floor":20,"key":"ElixirPotion"},{"floor":21,"key":"ElixirPotion"},{"floor":24,"key":"FearPotion"}],"is_trial":false,"path_per_floor":["M","$","M","M","M","E","R","M","T","M","R","E","M","M","R","B",null,"M","$","M","M","M","R","E","R","T","R","M","E","R","M","R","B"],"character_chosen":"IRONCLAD","items_purchased":["Self Forming Clay","Inflame","Pummel","Bottled Flame"],"campfire_rested":4,"item_purchase_floors":[2,2,19,19],"current_hp_per_floor":[47,47,49,49,43,23,47,51,51,54,54,39,33,40,79,35,69,55,55,38,43,23,62,40,40,40,79,55,81,81,75,75,0,0],"gold":249,"neow_bonus":"TWO_FIFTY_GOLD","is_daily":false,"chose_seed":false,"campfire_upgraded":4,"win_rate":0.0,"timestamp":1613796265,"path_taken":["M","$","M","M","M","E","R","M","T","M","R","E","M","M","R","BOSS","M","$","M","M","M","R","E","R","T","R","M","E","R","M","R","BOSS"],"items_purchased_type":["Relic","Card","Card","Relic"],"build_version":"2020-12-22","purchased_purges":0,"victory":false,"max_hp_per_floor":[80,80,80,80,80,80,80,80,80,80,80,80,80,80,80,80,80,80,80,80,80,80,80,80,80,80,80,80,82,82,84,84,84,84],"relic_stats":{"Regal Pillow":45,"Dream Catcher":1,"Singing Bowl":4,"counters":[20,107],"Self Forming Clay":[300],"Pantograph":10,"Black Blood":162,"obtain_stats":[{"Regal Pillow":12,"Bottled Flame":19,"Dream Catcher":24,"Singing Bowl":29,"Self Forming Clay":2,"Pantograph":6,"Black Blood":17,"Vajra":26,"Bag of Marbles":9,"Burning Blood":0},{"Regal Pillow":8,"Bottled Flame":12,"Dream Catcher":16,"Singing Bowl":18,"Self Forming Clay":1,"Pantograph":5,"Black Blood":11,"Vajra":16,"Bag of Marbles":6,"Burning Blood":0},{"Regal Pillow":30,"Bottled Flame":49,"Dream Catcher":82,"Singing Bowl":94,"Self Forming Clay":3,"Pantograph":19,"Black Blood":45,"Vajra":82,"Bag of Marbles":23,"Burning Blood":0}]},"card_choices":[{"not_picked":["Flex","Dark Embrace"],"picked":"Clothesline","floor":1},{"not_picked":["Sword Boomerang","Anger"],"picked":"Dropkick","floor":3},{"not_picked":["Barricade","True Grit"],"picked":"Hemokinesis","floor":4},{"not_picked":["Clash","Power Through"],"picked":"Armaments","floor":5},{"not_picked":["True Grit","Clash"],"picked":"Combust","floor":6},{"not_picked":["Feel No Pain","Uppercut"],"picked":"Pommel Strike","floor":8},{"not_picked":["Sword Boomerang","Thunderclap"],"picked":"Spot Weakness","floor":10},{"not_picked":["Burning Pact","Feel No Pain"],"picked":"Reaper","floor":12},{"not_picked":["Anger","Cleave","Perfected Strike"],"picked":"SKIP","floor":13},{"not_picked":["Havoc","Disarm"],"picked":"Headbutt","floor":14},{"not_picked":["Limit Break","Impervious"],"picked":"Exhume","floor":16},{"not_picked":["Fire Breathing","Heavy Blade+1"],"picked":"Shrug It Off","floor":18},{"not_picked":["Rampage","Combust+1"],"picked":"Blood for Blood","floor":20},{"not_picked":["Flex","Heavy Blade"],"picked":"Fire Breathing+1","floor":21},{"not_picked":["Headbutt+1","Clothesline","Heavy Blade"],"picked":"SKIP","floor":22},{"not_picked":["Clothesline","Infernal Blade"],"picked":"Pommel Strike+1","floor":24},{"not_picked":["Burning Pact","Armaments+1","Anger+1"],"picked":"SKIP","floor":28},{"not_picked":["Thunderclap","Perfected Strike+1","Berserk"],"picked":"Singing Bowl","floor":29},{"not_picked":["Combust","Sentinel","Warcry"],"picked":"Singing Bowl","floor":31}],"player_experience":864078,"relics_obtained":[{"floor":6,"key":"Pantograph"},{"floor":9,"key":"Bag of Marbles"},{"floor":12,"key":"Regal Pillow"},{"floor":24,"key":"Dream Catcher"},{"floor":26,"key":"Vajra"},{"floor":29,"key":"Singing Bowl"}],"event_choices":[],"is_beta":false,"boss_relics":[{"not_picked":["Ectoplasm","Fusion Hammer"],"picked":"Black Blood"}],"items_purged_floors":[],"is_endless":false,"potions_floor_spawned":[3,4,5,12,18,20,21,24],"killed_by":"Champ","ascension_level":8}}