{"host":"gxml4wfqsyp5uujk","time":1613835097,"event":{"mods":["Act Like it!","Aspiration","BaseMod","Best Route Mod","Better Third Choice","BetterRewards","Block Reminder","Challenge The Spire","Colored Map","Conspire","Downfall","Energized Spire","Gensokyo","Gremlin Skip","Halation","Hubris","Infinite Spire","Minty Spire (QoL Compilation)","Rare Cards Sparkle","Replay The Spire","Shapeshifter Mod","Shop Mod","StSLib","The Animator","The Bug Knight","The Clintock","The Cursed","The Forsaken","The Runesmith","The Servant 0.9.4","Waifu the Spire","WarShipGirlsR/????R mod"],"gold_per_floor":[116,116,24,24,44,44,76,76,76,76,76,93,0,0,0,0,0],"floor_reached":16,"language":"ENG","playtime":1109,"items_purged":[],"score":88,"play_id":"814d2440-fba1-43f6-9124-e82de1d02416","local_time":"20210220103137","is_ascension_mode":false,"campfire_choices":[{"data":"animator:Aqua","floor":6,"key":"SMITH"},{"data":"animator:Kazuma","floor":8,"key":"SMITH"},{"data":"Phantasmal Killer","floor":15,"key":"SMITH"}],"circlet_count":0,"master_deck":["animator:Strike_Konosuba","animator:Defend_Konosuba","animator:Strike","animator:Defend","animator:Defend","animator:Kazuma+1","animator:Aqua+1","animator:Millim","Gensokyo:LockedMedkit","animator:Vesta","animator:NarberalGamma","Phantasmal Killer+1","Grand Finale","animator:Genos","animator:MisaKurobane"],"relics":["animator:LivingPicture","animator:TheMissingPiece","halation:PinkSoulGem","halation:EternalFortune","hubris:TinFlute","Gensokyo:PortableGap","Gensokyo:OccultBall"],"acts_visited":["Gensokyo:Gensokyo"],"potions_floor_usage":[],"damage_taken":[{"damage":0,"enemies":"Gensokyo:2_Kodama","floor":1,"turns":6},{"damage":10,"enemies":"Gensokyo:3_Fairies","floor":5,"turns":6},{"damage":0,"enemies":"Gensokyo:Gryphon","floor":7,"turns":6},{"damage":0,"enemies":"Gensokyo:Python_and_Kodama","floor":12,"turns":2},{"damage":25,"enemies":"Gensokyo:Reimu","floor":16,"turns":4}],"seed_played":"-2429760367469430984","potions_obtained":[{"floor":7,"key":"Guardian:BlockOnCardUsePotion"},{"floor":12,"key":"Elixir"}],"is_trial":false,"path_per_floor":["M","?","COS","?","M","R","M","R","T","?","?","M","$","?","R","B"],"character_chosen":"THE_ANIMATOR","items_purchased":["animator:MisaKurobane"],"campfire_rested":0,"item_purchase_floors":[13],"current_hp_per_floor":[72,72,72,75,65,65,68,68,68,68,65,62,59,59,59,37,37],"gold":0,"neow_bonus":"TEN_PERCENT_HP_BONUS","is_daily":false,"chose_seed":false,"campfire_upgraded":3,"win_rate":0.0,"timestamp":1613835097,"path_taken":["M","?","COS","?","M","R","M","R","T","?","?","?","$","?","R","BOSS"],"items_purchased_type":["Card"],"build_version":"2020-12-22","purchased_purges":0,"victory":false,"max_hp_per_floor":[72,72,72,75,75,75,75,75,75,68,65,62,59,59,59,59,59],"card_choices":[{"not_picked":["animator:Alexander","animator:Geryuganshoop"],"picked":"animator:Millim","floor":1},{"not_picked":["animator:Berserker","animator:Illya"],"picked":"animator:Vesta","floor":5},{"not_picked":["animator:Alexander","animator:Vesta"],"picked":"animator:NarberalGamma","floor":7},{"not_picked":["animator:MumenRider","animator:Sonic"],"picked":"animator:Genos","floor":12}],"player_experience":23158,"relics_obtained":[{"floor":9,"key":"hubris:TinFlute"}],"event_choices":[],"is_beta":false,"boss_relics":[],"items_purged_floors":[],"is_endless":false,"potions_floor_spawned":[7,12],"killed_by":"Gensokyo:Reimu","ascension_level":0}}