{"host":"6pi3nqc17y3b7f6a","time":1613783231,"event":{"mods":["Act Like it!","Aspiration","Astrologer","Bartender","BaseMod","Beaked The Cultist","Bestiary","Better Match","Better Sensory Stone","Better Skull","Better Third Choice","Better Vampires","BetterRewards","CapriCore","Challenge The Spire","ChefMod","Chen","Clockwork Mod","Colored Map","Colored Powertips","Colorless Booster Pack","Conspire","Defuse TimeMaze Blight","Dio Mod","Duelist Mod","Elementarium","Energized Spire","Fox Events","Friendly Minions","Gensokyo","GifTheSpireLib","Gremlin Mod","GungeonMod","Halation","Hallownest","Highlight Path","Hubris","Hyrulean Relics","Infinite Spire","JesterMod","KinomotoSakuraMod(????)","Koishi","Mad Scientist","Magitek Elite","Marisa????????","Melee Mod","Menagerie","Mimic Mod","Minty Spire (QoL Compilation)","Nova Terra(??·??)","Pale of the Ancients","Pikachu Mod","Potionbrewer","Quarter Circle Forward PUNCH!","Quick Restart","Random Character Button","Rare Cards Sparkle","Reimu??????","Remilia??????","Replay The Spire","Robot Space Explorer","SCP261 Mod","SIMod","SOS???????","Shedinja","Shop Mod","Spikes Relics","StSLib","Stuff the Spire","SuperFastMode","The Administrix","The Alterego","The Animator","The Bug Knight","The Construct","The Dragon Tamer","The Dragonkin","The Forsaken","The Hierophant","The Immortal","The Jester","The Kombatant","The Marked","The Mystic","The Poker Player","The Problem Sleuth","The Runesmith","The Sage","The Senshi","The Servant 0.9.4","The Showman","The Spell Scribe","The Vixen","The Wild Card","TheBandit","TheHero","TheSwordswoman","Trackpad","Treasure Hunter","Wandering Minibosses","Yakumo Yukari mod","Yuyuko","??????REMEMod"],"gold_per_floor":[109,109,34,34,47,79,90,90,117,150,150,28,47,61,61,165,165,175,188,214,214,224,255,255,255,255,255,225,237,237,237,237,335,335,355,368,368,368,368,395,395,428,454,473,302,302,318,243,243,243,243,243,10,41,41],"floor_reached":56,"language":"ENG","playtime":4512,"items_purged":["theDragonkin:Defend"],"score":1306,"play_id":"c093f300-3017-4717-8df2-b54f096e1228","local_time":"20210219170710","is_ascension_mode":false,"campfire_choices":[{"floor":8,"key":"RECALL"},{"data":"theDragonkin:ChainsOfTruth","floor":11,"key":"SMITH"},{"data":"TH:EnergyPotion","floor":15,"key":"SMITH"},{"floor":24,"key":"REST"},{"floor":30,"key":"REST"},{"floor":32,"key":"REST"},{"floor":41,"key":"REST"},{"data":"TH:DeckOfManyThings","floor":46,"key":"SMITH"},{"floor":49,"key":"REST"},{"data":"theDragonkin:AncestralSeance","floor":52,"key":"SMITH"}],"circlet_count":0,"master_deck":["theDragonkin:Strike","theDragonkin:Strike","theDragonkin:Defend","theDragonkin:Defend","theDragonkin:HolySmite","theDragonkin:BlazingBreath","RobotSpaceExplorer:Asteroid+1","theDragonkin:ChainsOfTruth+1","ReplayTheSpireMod:Private Reserves+1","Glass Knife+1","Replay:Poison Smokescreen","Sucker Punch","theDragonkin:DivineBreath+1","TH:EnergyPotion+1","theDragonkin:EmberSwipe","TH:DeckOfManyThings+1","theDragonkin:VoiceofOrder+1","theDragonkin:AshenArmor","theDragonkin:DeepBreath","theDragonkin:VoiceofOrder+1","theDragonkin:ShieldGlare","theDragonkin:FlameClaw","infinitespire:Collect+1","theDragonkin:ChainsOfTruth+1","theDragonkin:InfernoWard","theDragonkin:ControlledBreath+1","theDragonkin:MirrorBreath","theDragonkin:AncestralSeance+1","Panache","Gensokyo:SummonFieryMouse"],"relics":["theDragonkin:GarnetScale","REME_ComplimentaryCards","NeowsBlessing","Potion Belt","DemoMod:JetPack","MerchantsRug","StuffTheSpire:NeowsTribute","Gremlin Food","infinitespire:ShieldingShard","DemoMod:BigBoy","construct:WeddingRing","TheVixenMod:UmbreonRelic","Elementarium:ElementariumTrophy","Gem_Box","conspire:Boomerang","Mythril_Glove","Lantern","StuffTheSpire:GrapeVine","halation:LettersToHer"],"acts_visited":["Menagerie:Menagerie","Elementarium:Elementarium","Gensokyo:Gensokyoest","TheEnding"],"potions_floor_usage":[10,10,19,23,28,33,35,50,55,55,55],"damage_taken":[{"damage":0,"enemies":"Menagerie:StygianBoar","floor":1,"turns":1},{"damage":0,"enemies":"Menagerie:2_RABBITS","floor":5,"turns":1},{"damage":0,"enemies":"Menagerie:Hydra","floor":6,"turns":1},{"damage":5,"enemies":"Menagerie:MonstrousExperiment","floor":7,"turns":3},{"damage":21,"enemies":"Menagerie:MaskedSummoner","floor":10,"turns":4},{"damage":0,"enemies":"Menagerie:RedMage","floor":13,"turns":2},{"damage":5,"enemies":"Menagerie:EntropyWarlock","floor":14,"turns":4},{"damage":11,"enemies":"Menagerie:Chimera","floor":16,"turns":9},{"damage":7,"enemies":"Elementarium:2_ELEMENTALS","floor":18,"turns":4},{"damage":21,"enemies":"Elementarium:VoidCorruption","floor":19,"turns":6},{"damage":15,"enemies":"Menagerie:Suneater","floor":20,"turns":13},{"damage":17,"enemies":"Elementarium:CYCLONE_AND_ORB_OF_FIRE","floor":22,"turns":6},{"damage":10,"enemies":"Elementarium:WarGolem","floor":23,"turns":7},{"damage":9,"enemies":"Elementarium:WarGolem","floor":28,"turns":6},{"damage":0,"enemies":"Elementarium:CYCLONE_AND_LIVING_STORMCLOUD","floor":29,"turns":2},{"damage":26,"enemies":"Elementarium:PHOENIXES","floor":33,"turns":11},{"damage":4,"enemies":"Gensokyo:AncientGuardian","floor":35,"turns":5},{"damage":0,"enemies":"Gensokyo:3_Boulders","floor":36,"turns":3},{"damage":1,"enemies":"Gensokyo:Kasen","floor":40,"turns":5},{"damage":0,"enemies":"Gensokyo:Doremy","floor":42,"turns":4},{"damage":7,"enemies":"Gensokyo:Dusk_and_Dawn","floor":44,"turns":4},{"damage":15,"enemies":"Gensokyo:4_Bats","floor":47,"turns":4},{"damage":0,"enemies":"Gensokyo:Yuyuko","floor":50,"turns":6},{"damage":29,"enemies":"Shield and Spear","floor":54,"turns":8},{"damage":54,"enemies":"The Heart","floor":55,"turns":15}],"seed_played":"8841897561186301521","potions_obtained":[{"floor":6,"key":"SCP261:BarrettColaPotion"},{"floor":7,"key":"theDragonkin:DragonkinCommonPotion"},{"floor":10,"key":"Weak Potion"},{"floor":13,"key":"SteroidPotion"},{"floor":18,"key":"potionbrewer:AcidPotion"},{"floor":19,"key":"Elixir"},{"floor":20,"key":"potionbrewer:NoxiousPotion"},{"floor":23,"key":"potionbrewer:DiscountPotion"},{"floor":33,"key":"Regen Potion"},{"floor":36,"key":"potionbrewer:NoxiousPotion"},{"floor":42,"key":"BlessingOfTheForge"},{"floor":44,"key":"AttackPotion"},{"floor":54,"key":"Languid Potion"}],"is_trial":false,"path_per_floor":["M","?","?","?","M","E","M","R","T","E","R","$","M","M","R","B",null,"M","M","?","?","M","E","R","?","T","AVR","?","M","R","?","R","B",null,"M","M","?","?","?","E","R","E","T","M","COS","R","M","?","R","B",null,"R","$","E","B",null],"character_chosen":"THE_DRAGONKIN","items_purchased":["MerchantsRug","potionbrewer:EndurancePotion","Panache"],"campfire_rested":5,"item_purchase_floors":[12,53,53],"current_hp_per_floor":[85,85,85,85,85,85,80,80,80,59,59,59,59,54,54,43,85,78,57,42,42,25,21,46,54,54,54,45,45,72,72,93,67,93,93,93,56,56,65,64,91,91,91,84,84,84,69,69,93,93,93,93,93,64,10],"gold":41,"neow_bonus":"THREE_ENEMY_KILL","is_daily":false,"chose_seed":false,"campfire_upgraded":4,"win_rate":0.0,"timestamp":1613783230,"path_taken":["M","?","?","?","M","E","M","R","T","E","R","$","?","?","R","BOSS","M","M","?","?","M","E","R","?","T","AVR","?","M","R","?","R","BOSS","M","M","?","?","?","E","R","E","T","M","COS","R","?","?","R","BOSS","R","$","E","BOSS"],"items_purchased_type":["Relic","Potion","Card"],"build_version":"2020-12-22","purchased_purges":1,"victory":true,"max_hp_per_floor":[85,85,85,85,85,85,85,85,85,85,85,85,85,85,85,85,85,85,85,85,85,85,85,85,93,93,93,93,93,93,93,93,93,93,93,93,93,93,93,93,93,93,93,93,93,93,93,93,93,93,93,93,93,93,93],"card_choices":[{"not_picked":["theDragonkin:FlameBreath","theDragonkin:ControlledBreath"],"picked":"theDragonkin:ChainsOfTruth","floor":1},{"not_picked":["Madness+1","Trip+1"],"picked":"ReplayTheSpireMod:Private Reserves+1","floor":3},{"not_picked":["theDragonkin:CorrosiveBelch","theDragonkin:Flashpoint"],"picked":"theDragonkin:DivineBreath","floor":5},{"not_picked":["TH:Mimic"],"picked":"TH:EnergyPotion","floor":6},{"not_picked":["theDragonkin:Sizzle","theDragonkin:FlameWard","theDragonkin:AcidBreath"],"picked":"SKIP","floor":6},{"not_picked":["theDragonkin:TwinBreath","theDragonkin:Cauterize"],"picked":"theDragonkin:EmberSwipe","floor":7},{"not_picked":["TH:PixieDust","TH:CursedSword"],"picked":"SKIP","floor":9},{"not_picked":["TH:BikiniMail"],"picked":"TH:DeckOfManyThings","floor":10},{"not_picked":["theDragonkin:Sizzle","theDragonkin:BurningRage","theDragonkin:CorrosiveBelch"],"picked":"SKIP","floor":10},{"not_picked":["theDragonkin:FlameClaw","theDragonkin:CorrosiveBelch"],"picked":"theDragonkin:VoiceofOrder","floor":13},{"not_picked":["theDragonkin:Cauterize","theDragonkin:MoltenBreath","theDragonkin:HolyShock"],"picked":"SKIP","floor":14},{"not_picked":["theDragonkin:DivineStorm","theDragonkin:Subdue"],"picked":"theDragonkin:AshenArmor","floor":16},{"not_picked":["theDragonkin:DivineFire+1","theDragonkin:EmberSwipe"],"picked":"theDragonkin:DeepBreath","floor":18},{"not_picked":["theDragonkin:SandBreath","theDragonkin:Ravage"],"picked":"theDragonkin:VoiceofOrder+1","floor":19},{"not_picked":["theDragonkin:SandBreath","theDragonkin:MiasmicBreath"],"picked":"theDragonkin:ShieldGlare","floor":22},{"not_picked":["theDragonkin:HammerOfWrath","theDragonkin:Cauterize+1"],"picked":"theDragonkin:FlameClaw","floor":23},{"not_picked":["TH:TreasureMap","TH:ArmorSpikes"],"picked":"SKIP","floor":23},{"not_picked":["TH:ArmorSpikes","TH:BikiniMail"],"picked":"SKIP","floor":26},{"not_picked":["theDragonkin:MiasmicBreath","theDragonkin:DivineBreath+1"],"picked":"theDragonkin:ChainsOfTruth+1","floor":29},{"not_picked":["theDragonkin:AshenArmor","theDragonkin:AkatirnsDecree"],"picked":"theDragonkin:InfernoWard","floor":33},{"not_picked":["theDragonkin:FlameClaw+1","theDragonkin:SlowBurn+1"],"picked":"theDragonkin:ControlledBreath+1","floor":35},{"not_picked":["theDragonkin:AcidBreath","theDragonkin:FlameBreath","theDragonkin:CorrosiveBelch"],"picked":"SKIP","floor":36},{"not_picked":["theDragonkin:Ravage","theDragonkin:HolyWordBarrier+1"],"picked":"theDragonkin:MagnussCorona+1","floor":40},{"not_picked":["TH:ElvenBoots","TH:TreasureMap"],"picked":"SKIP","floor":40},{"not_picked":["theDragonkin:GooGrip","theDragonkin:ShieldBash"],"picked":"theDragonkin:MirrorBreath","floor":42},{"not_picked":["TH:DeckOfManyThings","TH:TreasureMap"],"picked":"SKIP","floor":42},{"not_picked":["TH:TreasureMap","TH:ElvenBoots"],"picked":"SKIP","floor":43},{"not_picked":["theDragonkin:ShieldGlare+1","theDragonkin:HallowedGround"],"picked":"theDragonkin:AncestralSeance","floor":44},{"not_picked":["theDragonkin:Sizzle+1","theDragonkin:MagnussCorona","theDragonkin:HallowedGround"],"picked":"SKIP","floor":47},{"not_picked":["TH:TreasureMap","TH:ElvenBoots"],"picked":"SKIP","floor":54},{"not_picked":["theDragonkin:AshenArmor","theDragonkin:BurnAfterReading","theDragonkin:DivineJolt+1"],"picked":"SKIP","floor":54}],"player_experience":695665,"relics_obtained":[{"floor":6,"key":"Potion Belt"},{"floor":10,"key":"DemoMod:JetPack"},{"floor":20,"key":"StuffTheSpire:NeowsTribute"},{"floor":23,"key":"Gremlin Food"},{"floor":26,"key":"infinitespire:ShieldingShard"},{"floor":40,"key":"Mythril_Glove"},{"floor":42,"key":"Lantern"},{"floor":43,"key":"StuffTheSpire:GrapeVine"},{"floor":54,"key":"halation:LettersToHer"}],"event_choices":[{"damage_healed":0,"gold_gain":0,"player_choice":"Ignored","damage_taken":0,"max_hp_gain":0,"max_hp_loss":0,"event_name":"Menagerie:SpiderNest","floor":2,"gold_loss":0},{"damage_healed":0,"gold_gain":0,"player_choice":"2","damage_taken":0,"max_hp_gain":0,"max_hp_loss":0,"event_name":"betterMatch:BetterMatch","floor":3,"gold_loss":0,"cards_obtained":["betterMatch:ColorlessUncommonCard"]},{"damage_healed":0,"gold_gain":0,"player_choice":"Follow","damage_taken":0,"max_hp_gain":0,"max_hp_loss":0,"event_name":"Elementarium:BeastsOfTheMenagerie","floor":20,"gold_loss":0},{"damage_healed":0,"gold_gain":0,"player_choice":"Graft","damage_taken":0,"max_hp_gain":8,"max_hp_loss":0,"event_name":"Elementarium:SculptureGarden","floor":25,"gold_loss":0},{"damage_healed":0,"gold_gain":0,"player_choice":"Fight the Beast\u0027s assailants","damage_taken":0,"relics_obtained":["TheVixenMod:UmbreonRelic"],"max_hp_gain":0,"max_hp_loss":0,"event_name":"Creature of the Night","floor":28,"gold_loss":0},{"damage_healed":0,"gold_gain":0,"player_choice":"2","damage_taken":0,"max_hp_gain":0,"max_hp_loss":0,"event_name":"betterMatch:BetterMatch","floor":48,"gold_loss":0,"cards_obtained":[]}],"is_beta":false,"boss_relics":[{"not_picked":["energizedSpire:CursedPentagram","hubris:BlackHole","conspire:SeveredTorchhead"]},{"not_picked":["energizedSpire:OgreHead","halation:LoveArrow"],"picked":"Gem_Box"}],"items_purged_floors":[27],"is_endless":false,"potions_floor_spawned":[6,7,10,13,18,19,20,23,33,36,42,44,54],"ascension_level":0}}