{"host":"6p0attdrtjqaih7v","time":1613849914,"event":{"mods":["2.2 Compatiblity","AchievementEnabler","Bard","BaseMod","Better Skull","Better Third Choice","Card Filter","Colored Powertips","Hermit","Highlight Path","Hubris","Key Reminder","Minty Spire (QoL Compilation)","Permanent Neow","Quick Restart","Random Character Button","Relic Filter","Relic Stats","Reliquary","Replay The Spire","StSLib","The Construct","The Hayseed","The Witch"],"gold_per_floor":[110,122,122,137,212,212,212],"floor_reached":6,"language":"ENG","playtime":207,"items_purged":[],"score":61,"play_id":"23a147cd-7258-48f2-825c-d0c339d5d96d","local_time":"20210220143834","is_ascension_mode":true,"campfire_choices":[],"circlet_count":0,"master_deck":["AscendersBane","Strike_Witch","Strike_Witch","Strike_Witch","Defend_Witch","Defend_Witch","Defend_Witch","Defend_Witch","Hexguard","ZombieSpit","SoulBarrier","BleedOut","BleedOut"],"relics":["BlackCat","hubris:Towel"],"acts_visited":["Exordium"],"potions_floor_usage":[],"damage_taken":[{"damage":2,"enemies":"Jaw Worm","floor":1,"turns":7},{"damage":2,"enemies":"2 Louse","floor":2,"turns":4},{"damage":0,"enemies":"Cultist","floor":4,"turns":5},{"damage":58,"enemies":"Gremlin Nob","floor":6,"turns":5}],"seed_played":"-7691371263123253435","potions_obtained":[{"floor":1,"key":"Energy Potion"}],"is_trial":false,"path_per_floor":["M","M","?","M","?","E"],"character_chosen":"WITCH","items_purchased":[],"campfire_rested":0,"item_purchase_floors":[],"current_hp_per_floor":[55,53,53,53,42,0,0],"gold":212,"neow_bonus":"REMOVE_CARD","is_daily":false,"chose_seed":false,"campfire_upgraded":0,"win_rate":0.0,"timestamp":1613849914,"path_taken":["M","M","?","M","?","E"],"items_purchased_type":[],"build_version":"2020-12-22","purchased_purges":0,"victory":false,"max_hp_per_floor":[63,63,63,63,63,63,63],"relic_stats":{"counters":[4,21],"obtain_stats":[{"hubris:Towel":3,"BlackCat":0},{"hubris:Towel":2,"BlackCat":0},{"hubris:Towel":11,"BlackCat":0}]},"card_choices":[{"not_picked":["Decrepify","BlackShield"],"picked":"SoulBarrier","floor":1},{"not_picked":["MercuryWand","MementoMori"],"picked":"BleedOut","floor":2},{"not_picked":["Thundercloud","GnarledBody"],"picked":"BleedOut","floor":4}],"player_experience":1230116,"relics_obtained":[],"event_choices":[{"damage_healed":0,"gold_gain":75,"player_choice":"Gather Gold","damage_taken":11,"max_hp_gain":0,"max_hp_loss":0,"event_name":"World of Goop","floor":5,"gold_loss":0}],"is_beta":false,"boss_relics":[],"items_purged_floors":[],"is_endless":false,"potions_floor_spawned":[1],"killed_by":"Gremlin Nob","ascension_level":14}}