{"host":"r40cn8c2kv7g6k3i","time":1613840249,"event":{"mods":["ATMod(∞¢Ë™Mod)","Act Like it!","BaseMod","Colored Powertips","Downfall","Gensokyo","Hallownest","KinomotoSakuraMod(ƒæ÷Æ±æ”£)","KomeijiMod","Marisa£®ÏF”Í°°ƒß¿Ì…≥£©","Minty Spire (QoL Compilation)","Onozuka Komachi Mod","Prisma Mod","Reimu£®≤©¿ˆ¡È√Œ£©","Remilia£®¿Ÿ√◊¿Ú—«£©","Replay The Spire","Shop Mod","Spicy Shops","StSLib","The Alterego","The Bug Knight","The Servant 0.9.4","UnlockEverythingMod","WarShipGirlsR/’ΩΩ¢…Ÿ≈ÆR mod","Youmu£®ªÍ∆«—˝√Œ£©","Yuri Mod"],"gold_per_floor":[13,26,26,26,37,37,94,1,78,96,96,131,168,200,212,324,336,360,383,204,236,268,510,832,844,856,868,915,962,986,1015,1027,1138,1150,1174,1186,1280,1305,37,62,62,62,87,87,102,26,56,368,368,368],"floor_reached":51,"language":"ZHS","playtime":4865,"items_purged":[],"score":890,"play_id":"f19d3db7-c1cc-4532-bd2f-3a92b0b7669f","local_time":"20210221005729","is_ascension_mode":true,"campfire_choices":[{"data":"CruelSlaughter","floor":6,"key":"SMITH"},{"data":"DemonLordWalk","floor":11,"key":"SMITH"},{"floor":15,"key":"REST"},{"floor":27,"key":"REST"},{"floor":32,"key":"REST"},{"data":"Septette","floor":44,"key":"SMITH"}],"circlet_count":0,"master_deck":["Strike_Remiria","Strike_Remiria","Strike_Remiria","Defend_Remirira","Defend_Remirira","Defend_Remirira","Defend_Remirira","Absorbed","Scratch","CruelSlaughter+1","Feint","BloodCollect","DemonLordWalk+1","NaturallyHealing","BloodySuit","NaturallyHealing","Feint","BodyStrengthen","MiserableFate_Remiria","TrickFate","Cripple","Gensokyo:ReactiveArmor","RocketKickup+1","BodyStrengthen","DemonsDinnerFork_Remiria+1","Septette+1","CombatMeter","FierceSweep","ServantFlier","FateConcerto","BloodySuit","StarOfDavid","VampirishNight+1","QueenOfMidnight","Sadistic Nature","TricksterDevil+1","Warpath","Gensokyo:TarnishedGold","Gensokyo:ReactiveArmor","ScarletNetherworld","ServantFlier+1"],"relics":["ThirstyCrossSpe","AT_ATBox","Pear","Iron Hammer","Letter Opener","MawBank","Potion Belt","AT_BellDemon","Omamori","Busted Crown","Replay:Towering Pillar of Hats","Gambling Chip","Toy Ornithopter","Replay:Wax Seal","SlaversCollar","Chameleon Ring","AT_ImmortalShieldbow","Ice Cream","Mummified Hand","HandDrill","Du-Vu Doll","yuri:PortableGlitches","Replay:Baseball","StrikeDummy"],"acts_visited":["Gensokyo:Gensokyo","Gensokyo:Gensokyoer","Gensokyo:Gensokyoest"],"potions_floor_usage":[13,16,28,29,33,33,33,47,50,50,50],"damage_taken":[{"damage":2,"enemies":"Gensokyo:3_Fairies","floor":1,"turns":5},{"damage":1,"enemies":"Gensokyo:Gryphon","floor":2,"turns":3},{"damage":0,"enemies":"Gensokyo:2_Kodama","floor":5,"turns":1},{"damage":5,"enemies":"Gensokyo:2_Rabbits","floor":10,"turns":6},{"damage":24,"enemies":"Gensokyo:Cirno","floor":12,"turns":7},{"damage":7,"enemies":"Gensokyo:Mamizou","floor":13,"turns":8},{"damage":0,"enemies":"Gensokyo:3_Kodama","floor":14,"turns":1},{"damage":16,"enemies":"Gensokyo:Kokoro","floor":16,"turns":13},{"damage":0,"enemies":"Gensokyo:2_Gloops","floor":18,"turns":2},{"damage":23,"enemies":"Gensokyo:3_Dogs","floor":19,"turns":5},{"damage":32,"enemies":"Gensokyo:Chomper_and_Gloop","floor":21,"turns":9},{"damage":22,"enemies":"Gensokyo:Wraith","floor":22,"turns":4},{"damage":0,"enemies":"Gensokyo:Reisen","floor":23,"turns":4},{"damage":40,"enemies":"Gensokyo:Swordslinger","floor":24,"turns":5},{"damage":26,"enemies":"Gensokyo:Koishi","floor":28,"turns":7},{"damage":15,"enemies":"Gensokyo:Mirror_and_Dog","floor":29,"turns":1},{"damage":3,"enemies":"Gensokyo:Wraith","floor":30,"turns":4},{"damage":0,"enemies":"Gensokyo:Monolith_and_Dog","floor":31,"turns":3},{"damage":58,"enemies":"Gensokyo:Eiki","floor":33,"turns":10},{"damage":0,"enemies":"Gensokyo:3_Boulders","floor":35,"turns":2},{"damage":0,"enemies":"Gensokyo:3_Bats","floor":38,"turns":3},{"damage":1,"enemies":"Gensokyo:Marisa","floor":40,"turns":5},{"damage":0,"enemies":"Gensokyo:SeedOfUnknown","floor":45,"turns":4},{"damage":5,"enemies":"Gensokyo:Doremy","floor":47,"turns":8},{"damage":0,"enemies":"Gensokyo:Dusk_and_Dawn","floor":48,"turns":4},{"damage":20,"enemies":"Gensokyo:Shinki","floor":50,"turns":10}],"seed_played":"5844760949276450745","potions_obtained":[{"floor":1,"key":"Guardian:BlockOnCardUsePotion"},{"floor":10,"key":"Reflective Coating"},{"floor":18,"key":"ColorlessPotion"},{"floor":19,"key":"BlessingOfTheForge"},{"floor":23,"key":"Elixir"},{"floor":28,"key":"ColorlessPotion"},{"floor":29,"key":"Flashbang"},{"floor":30,"key":"LiquidMemories"},{"floor":35,"key":"AttackPotion"},{"floor":41,"key":"Slimebound:ThreeZeroPotion"},{"floor":41,"key":"LiquidMemories"},{"floor":49,"key":"EntropicBrew"},{"floor":49,"key":"EssenceOfSteel"}],"is_trial":false,"path_per_floor":["M","M","$","?","M","R","?","COS","T","M","R","?","E","M","R","B",null,"M","M","COS","M","M","E","M","?","T","R","E","M","M","M","R","B",null,"M","?","T","M","$","E","R","?","T","R","M","COS","E","M","R","B",null],"character_chosen":"RemiriaScarlet","items_purchased":["AT_ImmortalShieldbow","QueenOfMidnight","Ice Cream","Mummified Hand","Sadistic Nature","HandDrill"],"campfire_rested":3,"item_purchase_floors":[39,39,39,39,39,39],"current_hp_per_floor":[118,117,117,112,112,112,60,60,60,55,55,31,24,24,63,47,130,130,107,107,75,53,53,13,18,18,58,37,27,24,24,64,21,135,135,135,135,135,135,134,134,107,107,107,107,107,107,107,107,102],"gold":368,"neow_bonus":"TWENTY_PERCENT_HP_BONUS","is_daily":false,"chose_seed":false,"campfire_upgraded":3,"win_rate":0.0,"timestamp":1613840249,"path_taken":["M","M","?","?","M","R","?","COS","T","?","R","?","E","?","R","BOSS","M","M","COS","?","?","E","M","?","T","R","E","M","M","M","R","BOSS","M","?","?","?","$","E","R","?","T","R","M","COS","E","M","R","BOSS"],"items_purchased_type":["Relic","Card","Relic","Relic","Card","Relic"],"build_version":"2020-12-22","purchased_purges":0,"victory":true,"max_hp_per_floor":[120,120,120,130,130,130,130,130,130,130,130,130,130,130,130,130,130,130,130,130,130,130,130,130,135,135,135,135,135,135,135,135,135,135,135,135,135,135,135,135,135,135,135,135,135,135,135,135,135,135],"card_choices":[{"not_picked":["Warpath","Tearing"],"picked":"CruelSlaughter","floor":1},{"not_picked":["FateCollect","Warpath"],"picked":"Feint","floor":2},{"not_picked":["Warpath","SealingFear"],"picked":"BloodCollect","floor":5},{"not_picked":["FierceSweep","Septette"],"picked":"DemonLordWalk","floor":7},{"not_picked":["DoubleEdge","TricksterDevil"],"picked":"NaturallyHealing","floor":7},{"not_picked":["DemonsDinnerFork_Remiria","RocketKickup"],"picked":"BloodySuit","floor":10},{"not_picked":["Offensive","FastHealing"],"picked":"NaturallyHealing","floor":12},{"not_picked":["DoubleEdge","BombardNight"],"picked":"Feint","floor":13},{"not_picked":["FateEnsemble","Feint"],"picked":"BodyStrengthen","floor":14},{"not_picked":["ScarletDestiny","BadLadyScramble"],"picked":"MiserableFate_Remiria","floor":16},{"not_picked":[],"picked":"TrickFate","floor":18},{"not_picked":[],"picked":"Cripple","floor":19},{"not_picked":[],"picked":"RocketKickup+1","floor":21},{"not_picked":[],"picked":"BodyStrengthen","floor":21},{"not_picked":[],"picked":"DemonsDinnerFork_Remiria+1","floor":22},{"not_picked":[],"picked":"Septette","floor":23},{"not_picked":[],"picked":"CombatMeter","floor":24},{"not_picked":[],"picked":"FierceSweep","floor":28},{"not_picked":["ThirstForBlood"],"picked":"SKIP","floor":29},{"not_picked":["BloodCollect"],"picked":"SKIP","floor":30},{"not_picked":[],"picked":"ServantFlier","floor":31},{"not_picked":[],"picked":"FateConcerto","floor":33},{"not_picked":[],"picked":"BloodySuit","floor":35},{"not_picked":[],"picked":"VampirishNight+1","floor":38},{"not_picked":[],"picked":"TricksterDevil+1","floor":40},{"not_picked":[],"picked":"Warpath","floor":45},{"not_picked":[],"picked":"ScarletNetherworld","floor":47},{"not_picked":[],"picked":"ServantFlier+1","floor":48}],"player_experience":194046,"relics_obtained":[{"floor":7,"key":"Iron Hammer"},{"floor":9,"key":"Letter Opener"},{"floor":12,"key":"Potion Belt"},{"floor":13,"key":"Omamori"},{"floor":23,"key":"Gambling Chip"},{"floor":26,"key":"Toy Ornithopter"},{"floor":28,"key":"Replay:Wax Seal"},{"floor":37,"key":"Chameleon Ring"},{"floor":40,"key":"Du-Vu Doll"},{"floor":43,"key":"Replay:Baseball"},{"floor":47,"key":"StrikeDummy"}],"event_choices":[],"is_beta":false,"boss_relics":[{"not_picked":["Coffee Dripper","Sozu"],"picked":"Busted Crown"},{"not_picked":["ReplayTheSpireMod:DimensionalGlitch","Replay:Drink Me"],"picked":"SlaversCollar"}],"items_purged_floors":[],"is_endless":false,"potions_floor_spawned":[1,10,18,19,23,28,29,30,35],"ascension_level":1}}