{"host":"04x9isxu4s2lvye3","time":1613803025,"event":{"mods":["BaseMod","Colored Powertips","Highlight Path","Minty Spire (QoL Compilation)"],"gold_per_floor":[111,61,76,89,89,89,99,60,84,84,111,111,111,127,127,127,127],"floor_reached":16,"language":"ENG","playtime":862,"items_purged":[],"score":145,"play_id":"2ae5b6c0-2e7f-485d-b513-eb3220857a01","local_time":"20210220013705","is_ascension_mode":true,"campfire_choices":[{"data":"Metallicize","floor":6.0,"key":"SMITH"},{"data":"Barricade","floor":12.0,"key":"SMITH"},{"floor":15.0,"key":"REST"}],"circlet_count":0,"master_deck":["Strike_R+1","Strike_R","Strike_R","Defend_R+1","Defend_R","Defend_R","Defend_R","Bash","Metallicize+1","Whirlwind+1","True Grit","Iron Wave","Searing Blow+1","Barricade+1","Blood for Blood"],"relics":["Burning Blood","Whetstone","Anchor","Torii"],"acts_visited":[],"potions_floor_usage":[16,16],"damage_taken":[{"damage":1.0,"enemies":"2 Louse","floor":1.0,"turns":4.0},{"damage":12.0,"enemies":"Jaw Worm","floor":3.0,"turns":4.0},{"damage":5.0,"enemies":"Cultist","floor":4.0,"turns":4.0},{"damage":20.0,"enemies":"Exordium Wildlife","floor":7.0,"turns":9.0},{"damage":16.0,"enemies":"3 Sentries","floor":11.0,"turns":5.0},{"damage":19.0,"enemies":"Gremlin Gang","floor":14.0,"turns":3.0},{"damage":65,"enemies":"Hexaghost","floor":16,"turns":21}],"seed_played":"-4685766892821299591","potions_obtained":[{"floor":1.0,"key":"BloodPotion"},{"floor":4.0,"key":"SkillPotion"},{"floor":14.0,"key":"BlessingOfTheForge"}],"is_trial":false,"path_per_floor":["M","?","M","M","?","R","M","$","T","?","E","R","T","M","R","B"],"character_chosen":"IRONCLAD","items_purchased":["Searing Blow"],"campfire_rested":1,"item_purchase_floors":[8],"current_hp_per_floor":[77,77,71,72,72,72,58,58,58,42,32,32,32,19,43,0,0],"gold":127,"neow_bonus":"REMOVE_CARD","is_daily":false,"chose_seed":false,"campfire_upgraded":2,"win_rate":0.0,"timestamp":1613803025,"path_taken":["M","?","M","M","?","R","M","?","T","?","E","R","?","M","R","BOSS"],"items_purchased_type":["Card"],"build_version":"2020-12-22","purchased_purges":0,"victory":false,"max_hp_per_floor":[80,80,80,80,80,80,80,80,80,80,80,80,80,80,80,80,80],"card_choices":[{"not_picked":["Dark Embrace","Evolve"],"picked":"Metallicize","floor":1.0},{"not_picked":["Warcry","Sentinel"],"picked":"Whirlwind","floor":3.0},{"not_picked":["Armaments","Evolve"],"picked":"True Grit","floor":4.0},{"not_picked":["Second Wind","Spot Weakness"],"picked":"Iron Wave","floor":7.0},{"not_picked":["Iron Wave","Sword Boomerang"],"picked":"Barricade","floor":11.0},{"not_picked":["Iron Wave","Reckless Charge"],"picked":"Blood for Blood","floor":14.0}],"player_experience":315418,"relics_obtained":[{"floor":9.0,"key":"Whetstone"},{"floor":11.0,"key":"Anchor"},{"floor":13.0,"key":"Torii"}],"event_choices":[{"cards_removed":["Strike_R"],"damage_healed":0.0,"max_hp_gain":0.0,"max_hp_loss":0.0,"gold_gain":0.0,"event_name":"The Cleric","player_choice":"Card Removal","floor":2.0,"gold_loss":50.0,"damage_taken":0.0},{"damage_healed":0.0,"max_hp_gain":0.0,"max_hp_loss":0.0,"gold_gain":0.0,"event_name":"Liars Game","player_choice":"Ignored","floor":5.0,"gold_loss":0.0,"damage_taken":0.0},{"damage_healed":0.0,"max_hp_gain":0.0,"max_hp_loss":0.0,"gold_gain":0.0,"event_name":"Shining Light","player_choice":"Entered Light","floor":10.0,"gold_loss":0.0,"damage_taken":16.0,"cards_upgraded":["Whirlwind","Defend_R"]}],"is_beta":false,"boss_relics":[],"items_purged_floors":[],"is_endless":false,"potions_floor_spawned":[1,4,14],"killed_by":"Hexaghost","ascension_level":9}}