{"host":"ul3z8ex5o8l5j7mh","time":1613833646,"event":{"mods":["AchievementEnabler","BaseMod","Bestiary","Colored Map","Colored Powertips","DeckTracker","Keyboard Shortcuts","Minty Spire (QoL Compilation)","Relic Sorter","Relic Stats","SuperFastMode"],"gold_per_floor":[114,114,114,44,69,69,93,106,160,184,184,184],"floor_reached":11,"language":"ENG","playtime":351,"items_purged":[],"score":65,"play_id":"d8019e11-745d-47d7-acd0-8a49769a80ad","local_time":"20210220160726","is_ascension_mode":false,"campfire_choices":[{"data":"Shockwave","floor":6,"key":"SMITH"}],"circlet_count":0,"master_deck":["Bash","Dual Wield","Power Through","Exhume","Offering","Thunderclap","Bludgeon","Carnage","True Grit","Havoc","True Grit","Shockwave+1","Intimidate"],"relics":["Pandora\u0027s Box","Happy Flower","Golden Idol"],"acts_visited":["Exordium"],"potions_floor_usage":[],"damage_taken":[{"damage":5,"enemies":"Small Slimes","floor":1,"turns":3},{"damage":6,"enemies":"2 Louse","floor":5,"turns":3},{"damage":0,"enemies":"Cultist","floor":7,"turns":2},{"damage":6,"enemies":"Blue Slaver","floor":8,"turns":1},{"damage":12,"enemies":"Exordium Thugs","floor":10,"turns":2},{"damage":19,"enemies":"Lagavulin","floor":11,"turns":6}],"seed_played":"6329265673409439726","potions_obtained":[{"floor":7,"key":"Weak Potion"},{"floor":8,"key":"Block Potion"}],"is_trial":false,"path_per_floor":["M","?","?","$","M","R","M","M","T","M","E"],"character_chosen":"IRONCLAD","items_purchased":["Shockwave"],"campfire_rested":0,"item_purchase_floors":[4],"current_hp_per_floor":[75,63,43,43,37,37,37,31,31,19,0,0],"gold":184,"neow_bonus":"BOSS_RELIC","is_daily":false,"chose_seed":false,"campfire_upgraded":1,"win_rate":0.0,"timestamp":1613833646,"path_taken":["M","?","?","$","M","R","M","M","T","M","E"],"items_purchased_type":["Card"],"build_version":"2020-12-22","purchased_purges":0,"victory":false,"max_hp_per_floor":[80,80,80,80,80,80,80,80,80,80,80,80],"relic_stats":{"Happy Flower":[4],"counters":[6,17],"Golden Idol":18,"Pandora\u0027s Box":["Dual Wield","Power Through","Exhume","Offering","Thunderclap","Bludgeon","Carnage","True Grit","Havoc"],"obtain_stats":[{"Happy Flower":2,"Golden Idol":3,"Pandora\u0027s Box":0,"Burning Blood":0},{"Happy Flower":1,"Golden Idol":1,"Pandora\u0027s Box":0,"Burning Blood":0},{"Happy Flower":3,"Golden Idol":3,"Pandora\u0027s Box":0,"Burning Blood":0}]},"card_choices":[{"not_picked":["Body Slam","Warcry"],"picked":"True Grit","floor":1},{"not_picked":["Cleave","Headbutt","Thunderclap"],"picked":"SKIP","floor":5},{"not_picked":["Entrench","Dropkick"],"picked":"Intimidate","floor":7},{"not_picked":["Ghostly Armor","Flex","Battle Trance"],"picked":"SKIP","floor":8},{"not_picked":["Body Slam","Metallicize","Second Wind"],"picked":"SKIP","floor":10}],"player_experience":403589,"relics_obtained":[],"event_choices":[{"damage_healed":0,"gold_gain":0,"player_choice":"Success","damage_taken":12,"relics_obtained":["Happy Flower"],"max_hp_gain":0,"max_hp_loss":0,"event_name":"Scrap Ooze","floor":2,"gold_loss":0},{"damage_healed":0,"gold_gain":0,"player_choice":"Take Damage","damage_taken":20,"relics_obtained":["Golden Idol"],"max_hp_gain":0,"max_hp_loss":0,"event_name":"Golden Idol","floor":3,"gold_loss":0}],"is_beta":false,"boss_relics":[],"items_purged_floors":[],"is_endless":false,"potions_floor_spawned":[7,8],"killed_by":"Lagavulin","ascension_level":0}}