{"host":"y080dcqw8fj32q7d","time":1613822326,"event":{"mods":["AchievementEnabler","BaseMod","Colored Map","Colored Powertips","DeckTracker","Minty Spire (QoL Compilation)","Relic Sorter"],"gold_per_floor":[117,67,83,83,103,103,132,148,148,148,177,195,208,208,208,208,208],"floor_reached":16,"language":"ENG","playtime":1036,"items_purged":[],"score":118,"play_id":"f9682ce7-0778-48c5-9bac-47633f6a4465","local_time":"20210220145846","is_ascension_mode":true,"campfire_choices":[{"floor":6.0,"key":"RECALL"},{"floor":10.0,"key":"REST"},{"floor":15.0,"key":"REST"}],"circlet_count":0,"master_deck":["Strike_R","Strike_R","Strike_R","Defend_R+1","Defend_R","Defend_R","Bash","Juggernaut","Carnage","Power Through","Shrug It Off+1","Blood for Blood","Combust","Flame Barrier","Dropkick","Power Through"],"relics":["Burning Blood","Question Card","War Paint","Ornamental Fan","Gambling Chip"],"acts_visited":["Exordium"],"potions_floor_usage":[16],"damage_taken":[{"damage":9.0,"enemies":"Small Slimes","floor":1.0,"turns":3.0},{"damage":3.0,"enemies":"Jaw Worm","floor":3.0,"turns":5.0},{"damage":6.0,"enemies":"2 Louse","floor":5.0,"turns":3.0},{"damage":38.0,"enemies":"3 Sentries","floor":7.0,"turns":9.0},{"damage":4.0,"enemies":"Blue Slaver","floor":8.0,"turns":4.0},{"damage":40.0,"enemies":"Gremlin Nob","floor":11.0,"turns":6.0},{"damage":3.0,"enemies":"Large Slime","floor":12.0,"turns":11.0},{"damage":7.0,"enemies":"Exordium Wildlife","floor":13.0,"turns":3.0},{"damage":26,"enemies":"Slime Boss","floor":16,"turns":7}],"seed_played":"-3388827342641988160","potions_obtained":[{"floor":1.0,"key":"LiquidBronze"},{"floor":11.0,"key":"ColorlessPotion"},{"floor":12.0,"key":"SkillPotion"},{"floor":13.0,"key":"Strength Potion"}],"is_trial":false,"path_per_floor":["M","?","M","?","M","R","E","M","T","R","E","M","M","?","R","B"],"character_chosen":"IRONCLAD","items_purchased":[],"campfire_rested":2,"item_purchase_floors":[],"current_hp_per_floor":[77,77,80,47,47,47,15,17,17,41,7,10,9,2,26,0,0],"gold":208,"neow_bonus":"TRANSFORM_CARD","is_daily":false,"chose_seed":false,"campfire_upgraded":0,"win_rate":0.0,"timestamp":1613822326,"path_taken":["M","?","M","?","M","R","E","?","T","R","E","M","M","?","R","BOSS"],"items_purchased_type":[],"build_version":"2020-12-22","purchased_purges":0,"victory":false,"max_hp_per_floor":[80,80,80,80,80,80,80,80,80,80,80,80,80,80,80,80,80],"card_choices":[{"not_picked":["Reckless Charge","Perfected Strike"],"picked":"Carnage","floor":1.0},{"not_picked":["Clothesline","Headbutt"],"picked":"Power Through","floor":3.0},{"not_picked":["Headbutt","Havoc","Infernal Blade"],"picked":"Shrug It Off","floor":5.0},{"not_picked":["Whirlwind","Twin Strike","Thunderclap"],"picked":"Blood for Blood","floor":7.0},{"not_picked":["Bludgeon","Heavy Blade","Clash"],"picked":"Combust","floor":8.0},{"not_picked":["Entrench","Cleave","Searing Blow"],"picked":"Flame Barrier","floor":11.0},{"not_picked":["Heavy Blade","Pummel","Flex"],"picked":"Dropkick","floor":12.0},{"not_picked":["Anger","True Grit","Ghostly Armor"],"picked":"Power Through","floor":13.0}],"player_experience":348217,"relics_obtained":[{"floor":7.0,"key":"War Paint"},{"floor":9.0,"key":"Ornamental Fan"},{"floor":11.0,"key":"Gambling Chip"}],"event_choices":[{"cards_removed":["Strike_R"],"damage_healed":0.0,"max_hp_gain":0.0,"max_hp_loss":0.0,"gold_gain":0.0,"event_name":"The Cleric","player_choice":"Card Removal","floor":2.0,"gold_loss":50.0,"damage_taken":0.0},{"damage_healed":0.0,"max_hp_gain":0.0,"max_hp_loss":0.0,"gold_gain":0.0,"event_name":"Scrap Ooze","player_choice":"Success","floor":4.0,"gold_loss":0.0,"damage_taken":33.0,"relics_obtained":["Question Card"]},{"cards_removed":["Defend_R"],"damage_healed":0.0,"max_hp_gain":0.0,"max_hp_loss":0.0,"gold_gain":0.0,"event_name":"Golden Wing","player_choice":"Card Removal","floor":14.0,"gold_loss":0.0,"damage_taken":7.0}],"is_beta":false,"boss_relics":[],"items_purged_floors":[],"is_endless":false,"potions_floor_spawned":[1,11,12,13],"killed_by":"Slime Boss","ascension_level":1}}