{"host":"7bb7osqc91rjfyph","time":1613839480,"event":{"mods":["AchievementEnabler","BaseMod","BetterRewards","Colored Map","Colored Powertips","Downfall","Googly Eyes","Hermit","Hubris","Marisa????????","Minty Spire (QoL Compilation)","Shop Mod","StSLib","The Cursed"],"gold_per_floor":[110,130,143,143,154,187,187,213,283,299,299,299,310,410,410,512,512,512,527,544,544,544],"floor_reached":21,"language":"ENG","playtime":852,"items_purged":[],"score":222,"play_id":"478f7be6-1261-4c31-9633-e4c2fb15f4af","local_time":"20210220104440","is_ascension_mode":true,"campfire_choices":[{"data":"Armaments","floor":7.0,"key":"SMITH"},{"data":"Armaments","floor":12.0,"key":"SMITH"},{"floor":15.0,"key":"RECALL"}],"circlet_count":0,"master_deck":["Strike_R","Strike_R","Strike_R","Strike_R","Defend_R","Defend_R","Defend_R","Defend_R","Bash","Twin Strike","Armaments+1","Pommel Strike","Armaments+1","Heavy Blade","hubris:ReadiedAction","Juggernaut","Perfected Strike","Feed","Twin Strike"],"relics":["Philosopher\u0027s Stone","Thread and Needle","Art of War","Pantograph","hubris:HollowSoul"],"acts_visited":["Exordium","TheCity"],"potions_floor_usage":[],"damage_taken":[{"damage":0.0,"enemies":"Small Slimes","floor":1.0,"turns":3.0},{"damage":2.0,"enemies":"2 Louse","floor":2.0,"turns":2.0},{"damage":0.0,"enemies":"Cultist","floor":3.0,"turns":2.0},{"damage":9.0,"enemies":"Blue Slaver","floor":5.0,"turns":4.0},{"damage":24.0,"enemies":"3 Sentries","floor":6.0,"turns":8.0},{"damage":17.0,"enemies":"Gremlin Nob","floor":8.0,"turns":4.0},{"damage":4.0,"enemies":"Exordium Wildlife","floor":10.0,"turns":4.0},{"damage":0.0,"enemies":"Exordium Thugs","floor":13.0,"turns":3.0},{"damage":24.0,"enemies":"The Guardian","floor":16.0,"turns":7.0},{"damage":2.0,"enemies":"Shell Parasite","floor":18.0,"turns":2.0},{"damage":8.0,"enemies":"Spheric Guardian","floor":19.0,"turns":3.0},{"damage":22.0,"enemies":"Snake Plant","floor":20.0,"turns":4.0},{"damage":42,"enemies":"Chosen and Byrds","floor":21,"turns":6}],"seed_played":"8156340058927016657","potions_obtained":[{"floor":2.0,"key":"SmokeBomb"},{"floor":3.0,"key":"AttackPotion"},{"floor":16.0,"key":"FearPotion"}],"is_trial":false,"path_per_floor":["M","M","M","?","M","E","R","E","T","M","?","R","M","?","R","B",null,"M","M","M","M"],"character_chosen":"IRONCLAD","items_purchased":[],"campfire_rested":0,"item_purchase_floors":[],"current_hp_per_floor":[80,78,78,71,62,38,38,21,21,17,17,17,17,17,17,18,80,78,73,51,0,0],"gold":544,"neow_bonus":"BOSS_RELIC","is_daily":false,"chose_seed":false,"campfire_upgraded":2,"win_rate":0.0,"timestamp":1613839480,"path_taken":["M","M","M","?","M","E","R","E","T","M","?","R","M","?","R","BOSS","M","?","M","M"],"items_purchased_type":[],"build_version":"2020-12-22","purchased_purges":0,"victory":false,"max_hp_per_floor":[80,80,80,80,80,80,80,80,80,80,80,80,80,80,80,80,80,80,83,83,83,83],"card_choices":[{"not_picked":["True Grit","Thunderclap"],"picked":"Twin Strike","floor":1.0},{"not_picked":["Clash","True Grit"],"picked":"Armaments","floor":2.0},{"not_picked":["hubris:SharpeningStone","Blood for Blood"],"picked":"Pommel Strike","floor":3.0},{"not_picked":["Wild Strike","Iron Wave"],"picked":"Armaments","floor":5.0},{"not_picked":["Combust","Ghostly Armor"],"picked":"Heavy Blade","floor":6.0},{"not_picked":["Burning Pact","Power Through"],"picked":"hubris:ReadiedAction","floor":8.0},{"not_picked":["Cleave","Bloodletting"],"picked":"Juggernaut","floor":10.0},{"not_picked":["Armaments","Heavy Blade","Infernal Blade"],"picked":"SKIP","floor":13.0},{"not_picked":["hubris:StunningStrike","Fiend Fire"],"picked":"Feed","floor":16.0},{"not_picked":["Iron Wave","Havoc+1","Body Slam"],"picked":"SKIP","floor":19.0},{"not_picked":["Dropkick","Seeing Red"],"picked":"Twin Strike","floor":20.0}],"player_experience":120511,"relics_obtained":[{"floor":6.0,"key":"Thread and Needle"},{"floor":8.0,"key":"Art of War"},{"floor":9.0,"key":"Pantograph"}],"event_choices":[{"cards_removed":["Strike_R"],"damage_healed":0.0,"max_hp_gain":0.0,"max_hp_loss":0.0,"gold_gain":0.0,"event_name":"Golden Wing","player_choice":"Card Removal","floor":4.0,"gold_loss":0.0,"damage_taken":7.0},{"damage_healed":0.0,"max_hp_gain":0.0,"max_hp_loss":0.0,"gold_gain":100.0,"event_name":"Golden Shrine","player_choice":"Pray","floor":14.0,"gold_loss":0.0,"damage_taken":0.0}],"is_beta":false,"boss_relics":[{"not_picked":["Mark of Pain","Runic Cube"],"picked":"hubris:HollowSoul"}],"items_purged_floors":[],"is_endless":false,"potions_floor_spawned":[2,3,16,18],"killed_by":"Chosen and Byrds","ascension_level":3}}