{"host":"snampf0t8p8psf53","time":1613858592,"event":{"mods":["AchievementEnabler","BaseMod","Bestiary","DeckTracker","Minty Spire (QoL Compilation)","Permanent Neow","SuperFastMode"],"gold_per_floor":[111,111,111,34,49,76,109,139,139,139,139],"floor_reached":10,"language":"ENG","playtime":342,"items_purged":[],"score":134,"play_id":"596634d2-b264-449f-8c9f-3b96ce14542a","local_time":"20210220140312","daily_mods":["Vintage","Heirloom","Time Dilation","Flight","DeadlyEvents","Elite Swarm"],"is_ascension_mode":false,"campfire_choices":[],"circlet_count":0,"master_deck":["Strike_R","Strike_R","Strike_R","Strike_R","Strike_R","Defend_R","Defend_R","Defend_R","Defend_R","Bash+1","Fire Breathing","Brutality","Brutality"],"relics":["Burning Blood","Du-Vu Doll","StrikeDummy","Darkstone Periapt","Molten Egg 2","Calipers","Letter Opener","Kunai"],"acts_visited":["Exordium"],"potions_floor_usage":[8,8],"damage_taken":[{"damage":13,"enemies":"Jaw Worm","floor":1,"turns":3},{"damage":0,"enemies":"Small Slimes","floor":5,"turns":3},{"damage":36,"enemies":"Lagavulin","floor":6,"turns":4},{"damage":22,"enemies":"3 Sentries","floor":7,"turns":5},{"damage":18,"enemies":"Lagavulin","floor":8,"turns":3},{"damage":21,"enemies":"3 Sentries","floor":10,"turns":4}],"seed_played":"6356614800333345065","potions_obtained":[{"floor":1,"key":"DuplicationPotion"},{"floor":5,"key":"Explosive Potion"}],"is_trial":true,"path_per_floor":["M","?","$","$","M","E","E","E","T","E"],"character_chosen":"IRONCLAD","items_purchased":["Fire Breathing"],"campfire_rested":0,"item_purchase_floors":[4],"current_hp_per_floor":[73,73,73,73,79,49,33,21,21,0,0],"gold":139,"neow_bonus":"","is_daily":false,"chose_seed":false,"campfire_upgraded":0,"win_rate":0.0,"timestamp":1613858592,"path_taken":["M","?","$","$","M","E","E","E","T","E"],"items_purchased_type":["Card"],"build_version":"2020-12-22","purchased_purges":0,"victory":false,"max_hp_per_floor":[80,80,80,80,80,80,80,80,80,80,80],"card_choices":[{"not_picked":["Fiend Fire+1","Demon Form","Barricade"],"picked":"SKIP","floor":6},{"not_picked":["Double Tap","Berserk"],"picked":"Brutality","floor":7},{"not_picked":["Impervious","Reaper+1"],"picked":"Brutality","floor":8}],"player_experience":143406,"relics_obtained":[{"floor":1,"key":"StrikeDummy"},{"floor":5,"key":"Darkstone Periapt"},{"floor":6,"key":"Molten Egg 2"},{"floor":7,"key":"Calipers"},{"floor":8,"key":"Letter Opener"},{"floor":9,"key":"Kunai"}],"event_choices":[{"damage_healed":0,"gold_gain":0,"player_choice":"Grow","damage_taken":0,"max_hp_gain":0,"max_hp_loss":0,"event_name":"Living Wall","floor":2,"gold_loss":0,"cards_upgraded":["Bash"]}],"is_beta":false,"boss_relics":[],"items_purged_floors":[],"is_endless":true,"potions_floor_spawned":[1,5],"killed_by":"3 Sentries","ascension_level":0}}