{"host":"bg0cyinkrjnqf173","time":1613781236,"event":{"mods":["BaseMod","Colored Map","Minty Spire (QoL Compilation)","Permanent Neow","StSLib","Together in Spire"],"gold_per_floor":[117,129,129,146,156,190,190,223,303,303,146,178,178,253,253,351,351,369,388,403,416,436,436,361,379,448,475,475,509,560,593,593,693,693,708,728,728,740,339,373,402,402,402,431,431,443,478,533,542,542,542,542,444,474,474],"floor_reached":56,"language":"ENG","playtime":2268,"items_purged":[],"score":1337,"play_id":"d11817c5-c410-4070-9f9b-b7007d4e865b","local_time":"20210219193356","is_ascension_mode":false,"campfire_choices":[{"data":"FollowUp","floor":13,"key":"SMITH"},{"floor":15,"key":"REST"},{"data":"DevaForm","floor":23,"key":"SMITH"},{"floor":32,"key":"REST"},{"data":"DevaForm","floor":45,"key":"SMITH"},{"floor":49,"key":"REST"},{"data":"Ragnarok","floor":52,"key":"SMITH"}],"circlet_count":0,"master_deck":["Strike_P+1","Strike_P","Strike_P","Defend_P","Defend_P","Defend_P","Defend_P","Eruption+1","Vigilance","Swivel","FollowUp","FlurryOfBlows","FollowUp+1","DevaForm+1","Evaluate+1","Pray+1","DevaForm+1","Consecrate+1","PathToVictory+1","FollowUp","Omniscience+1","PathToVictory+1","BowlingBash","EmptyMind+1","EmptyBody+1","Alpha+1","Conclude+1","Prostrate+1","Pray+1","Ragnarok+1","Tantrum","DevaForm+1","WreathOfFlame+1","Prostrate+1","Tantrum+1","Worship+1","FlurryOfBlows+1","CutThroughFate+1","FlyingSleeves+1","DevaForm"],"relics":["PureWater","Toxic Egg 2","Ice Cream","Pear","Dream Catcher","Lantern","TeardropLocket","Black Star","Gremlin Horn","Pocketwatch","Bag of Marbles","MutagenicStrength","Yang","Whetstone","White Beast Statue","Art of War","Philosopher\u0027s Stone","Mummified Hand","CeramicFish","TungstenRod","Smiling Mask","Orichalcum","HornCleat","Ginger","Orrery","Pantograph","Kunai"],"acts_visited":["Exordium","TheCity","TheBeyond","TheEnding"],"potions_floor_usage":[16,21,27,31,41,41,50,50,55],"damage_taken":[{"damage":0,"enemies":"Small Slimes","floor":1,"turns":1},{"damage":0,"enemies":"2 Louse","floor":2,"turns":2},{"damage":0,"enemies":"Cultist","floor":4,"turns":1},{"damage":0,"enemies":"3 Louse","floor":5,"turns":2},{"damage":2,"enemies":"3 Sentries","floor":6,"turns":5},{"damage":5,"enemies":"Lagavulin","floor":8,"turns":3},{"damage":0,"enemies":"3 Sentries","floor":12,"turns":3},{"damage":41,"enemies":"Hexaghost","floor":16,"turns":4},{"damage":0,"enemies":"Spheric Guardian","floor":18,"turns":3},{"damage":0,"enemies":"Chosen","floor":19,"turns":1},{"damage":0,"enemies":"Snake Plant","floor":20,"turns":2},{"damage":0,"enemies":"Snecko","floor":21,"turns":2},{"damage":11,"enemies":"Shelled Parasite and Fungi","floor":22,"turns":3},{"damage":15,"enemies":"Cultist and Chosen","floor":25,"turns":2},{"damage":0,"enemies":"Gremlin Leader","floor":27,"turns":1},{"damage":14,"enemies":"Slavers","floor":29,"turns":2},{"damage":7,"enemies":"Gremlin Leader","floor":31,"turns":2},{"damage":0,"enemies":"Collector","floor":33,"turns":2},{"damage":14,"enemies":"3 Darklings","floor":35,"turns":3},{"damage":0,"enemies":"Orb Walker","floor":36,"turns":1},{"damage":0,"enemies":"4 Shapes","floor":38,"turns":2},{"damage":4,"enemies":"Giant Head","floor":40,"turns":4},{"damage":16,"enemies":"Jaw Worm Horde","floor":41,"turns":2},{"damage":0,"enemies":"Transient","floor":44,"turns":1},{"damage":0,"enemies":"Maw","floor":46,"turns":4},{"damage":0,"enemies":"Nemesis","floor":47,"turns":1},{"damage":0,"enemies":"2 Orb Walkers","floor":48,"turns":1},{"damage":33,"enemies":"Donu and Deca","floor":50,"turns":5},{"damage":21,"enemies":"Shield and Spear","floor":54,"turns":2},{"damage":56,"enemies":"The Heart","floor":55,"turns":5}],"seed_played":"7028274604978782890","potions_obtained":[{"floor":1,"key":"Swift Potion"},{"floor":8,"key":"Energy Potion"},{"floor":12,"key":"Energy Potion"},{"floor":18,"key":"Dexterity Potion"},{"floor":20,"key":"Fruit Juice"},{"floor":25,"key":"Explosive Potion"},{"floor":33,"key":"PowerPotion"},{"floor":35,"key":"BlessingOfTheForge"},{"floor":41,"key":"SkillPotion"},{"floor":44,"key":"Weak Potion"},{"floor":54,"key":"DuplicationPotion"}],"is_trial":false,"path_per_floor":["M","M","$","M","M","E","?","E","T","?","$","E","R","?","R","B",null,"M","M","M","M","M","R","?","M","T","E","?","E","T","E","R","B",null,"M","M","?","M","$","E","M","?","T","M","R","M","E","?","R","B",null,"R","$","E","B",null],"character_chosen":"WATCHER","items_purchased":["Lantern","Ragnarok","Mummified Hand","Orrery"],"campfire_rested":3,"item_purchase_floors":[11,39,39,53],"current_hp_per_floor":[72,72,72,72,72,70,70,65,75,75,75,75,75,67,82,41,82,82,82,82,87,76,76,76,61,61,61,61,47,47,40,66,66,87,73,73,73,73,73,69,53,53,53,53,53,53,53,53,77,44,83,83,83,62,27],"gold":474,"neow_bonus":"UPGRADE_CARD","is_daily":false,"chose_seed":false,"campfire_upgraded":4,"win_rate":0.0,"timestamp":1613781236,"path_taken":["M","M","$","M","M","E","?","E","T","?","$","E","R","?","R","BOSS","M","M","M","M","M","R","?","M","T","E","?","E","?","E","R","BOSS","M","M","?","M","$","E","M","?","T","M","R","M","E","?","R","BOSS","R","$","E","BOSS"],"items_purchased_type":["Relic","Card","Relic","Relic"],"build_version":"2020-12-22","purchased_purges":0,"victory":true,"max_hp_per_floor":[72,72,72,72,72,72,72,72,82,82,82,82,82,82,82,82,82,82,82,82,87,87,87,87,87,87,87,87,87,87,87,87,87,87,87,87,87,87,87,87,87,83,83,83,83,83,83,83,83,83,83,83,83,83,83],"card_choices":[{"not_picked":["WheelKick","ThirdEye"],"picked":"Swivel","floor":1},{"not_picked":["Crescendo","JustLucky"],"picked":"FollowUp","floor":2},{"not_picked":["FollowUp","Crescendo"],"picked":"FlurryOfBlows","floor":4},{"not_picked":["CutThroughFate","JustLucky"],"picked":"FollowUp","floor":5},{"not_picked":["Weave","Evaluate+1"],"picked":"DevaForm","floor":6},{"not_picked":["Meditate+1","Protect+1"],"picked":"Evaluate+1","floor":8},{"not_picked":["Protect+1","CrushJoints"],"picked":"FollowUp","floor":12},{"not_picked":["ForeignInfluence+1","CrushJoints"],"picked":"Pray+1","floor":15},{"not_picked":["Establishment","Judgement+1"],"picked":"DevaForm","floor":16},{"not_picked":["Wireheading","Crescendo+1"],"picked":"Consecrate+1","floor":18},{"not_picked":["CrushJoints","Halt+1"],"picked":"PathToVictory+1","floor":19},{"not_picked":["Meditate+1","Evaluate+1"],"picked":"FollowUp","floor":20},{"not_picked":["ForeignInfluence+1","Indignation+1","Halt+1"],"picked":"SKIP","floor":21},{"not_picked":["PathToVictory+1","CutThroughFate"],"picked":"Omniscience+1","floor":22},{"not_picked":["Indignation+1","SashWhip","Sanctity+1"],"picked":"SKIP","floor":25},{"not_picked":["WheelKick","Meditate+1"],"picked":"PathToVictory+1","floor":27},{"not_picked":["LessonLearned","CutThroughFate"],"picked":"BowlingBash","floor":29},{"not_picked":["CrushJoints","Prostrate+1"],"picked":"EmptyMind+1","floor":31},{"not_picked":["Perseverance+1","Indignation+1"],"picked":"EmptyBody+1","floor":32},{"not_picked":["DevaForm","Devotion"],"picked":"Alpha+1","floor":33},{"not_picked":["ThirdEye+1","SignatureMove"],"picked":"Conclude+1","floor":35},{"not_picked":["SashWhip+1","Perseverance+1"],"picked":"Prostrate+1","floor":36},{"not_picked":["CrushJoints","FlyingSleeves"],"picked":"Pray+1","floor":38},{"not_picked":["ThirdEye+1","Indignation+1","ClearTheMind+1"],"picked":"SKIP","floor":40},{"not_picked":["CrushJoints","WindmillStrike"],"picked":"Tantrum","floor":41},{"not_picked":["BowlingBash+1","Tantrum"],"picked":"DevaForm","floor":44},{"not_picked":["ThirdEye+1","JustLucky+1","CutThroughFate"],"picked":"SKIP","floor":46},{"not_picked":["WindmillStrike+1","Indignation+1"],"picked":"WreathOfFlame+1","floor":47},{"not_picked":["SashWhip","Pray+1"],"picked":"Prostrate+1","floor":48},{"not_picked":["Swivel+1","ClearTheMind+1"],"picked":"Tantrum+1","floor":49},{"not_picked":["Blasphemy+1","PathToVictory+1"],"picked":"Worship+1","floor":53},{"not_picked":["FollowUp","Consecrate+1"],"picked":"FlurryOfBlows+1","floor":53},{"not_picked":["BattleHymn","Weave+1"],"picked":"CutThroughFate+1","floor":53},{"not_picked":["CrushJoints","JustLucky"],"picked":"FlyingSleeves+1","floor":53},{"not_picked":["Evaluate+1","Swivel+1"],"picked":"DevaForm","floor":53},{"not_picked":["WheelKick+1","Weave+1","Nirvana"],"picked":"SKIP","floor":54}],"player_experience":608130,"relics_obtained":[{"floor":6,"key":"Toxic Egg 2"},{"floor":8,"key":"Ice Cream"},{"floor":9,"key":"Pear"},{"floor":12,"key":"TeardropLocket"},{"floor":26,"key":"Gremlin Horn"},{"floor":27,"key":"Pocketwatch"},{"floor":27,"key":"Bag of Marbles"},{"floor":29,"key":"Juzu Bracelet"},{"floor":29,"key":"Yang"},{"floor":30,"key":"Whetstone"},{"floor":31,"key":"White Beast Statue"},{"floor":31,"key":"Art of War"},{"floor":40,"key":"CeramicFish"},{"floor":40,"key":"TungstenRod"},{"floor":43,"key":"Smiling Mask"},{"floor":47,"key":"Orichalcum"},{"floor":47,"key":"HornCleat"},{"floor":48,"key":"Ginger"},{"floor":54,"key":"Pantograph"},{"floor":54,"key":"Kunai"}],"event_choices":[{"damage_healed":0,"gold_gain":0,"player_choice":"Grow","damage_taken":0,"max_hp_gain":0,"max_hp_loss":0,"event_name":"Living Wall","floor":7,"gold_loss":0,"cards_upgraded":["DevaForm"]},{"damage_healed":0,"gold_gain":0,"player_choice":"Searched \u00271\u0027 times","damage_taken":0,"relics_obtained":["Dream Catcher"],"max_hp_gain":0,"max_hp_loss":0,"event_name":"Dead Adventurer","floor":10,"gold_loss":0},{"damage_healed":0,"gold_gain":75,"player_choice":"Touch","damage_taken":8,"max_hp_gain":0,"max_hp_loss":0,"event_name":"FaceTrader","floor":14,"gold_loss":0},{"cards_removed":["Strike_P"],"damage_healed":0,"gold_gain":0,"player_choice":"Gave Gold","damage_taken":0,"max_hp_gain":0,"max_hp_loss":0,"event_name":"Beggar","floor":24,"gold_loss":75},{"damage_healed":0,"gold_gain":0,"player_choice":"Inject Mutagens","damage_taken":0,"relics_obtained":["MutagenicStrength"],"max_hp_gain":0,"max_hp_loss":0,"event_name":"Drug Dealer","floor":28,"gold_loss":0},{"cards_removed":["FollowUp"],"damage_healed":0,"gold_gain":0,"player_choice":"Removed Attack","damage_taken":0,"max_hp_gain":0,"max_hp_loss":0,"event_name":"Falling","floor":37,"gold_loss":0},{"damage_healed":0,"gold_gain":0,"player_choice":"Max HP","damage_taken":0,"max_hp_gain":0,"max_hp_loss":4,"event_name":"Winding Halls","floor":42,"gold_loss":0},{"damage_healed":0,"gold_gain":0,"player_choice":"Fight","damage_taken":0,"max_hp_gain":0,"max_hp_loss":0,"event_name":"Mysterious Sphere","floor":48,"gold_loss":0}],"is_beta":false,"boss_relics":[{"not_picked":["Tiny House","Coffee Dripper"],"picked":"Black Star"},{"not_picked":["Empty Cage","Fusion Hammer"],"picked":"Philosopher\u0027s Stone"}],"items_purged_floors":[],"is_endless":false,"potions_floor_spawned":[1,8,12,18,20,21,25,29,33,35,36,38,40,41,44,46,47,48,54],"ascension_level":0}}