{"host":"sav7uxregyirlf69","time":1613794141,"event":{"mods":["AchievementEnabler","BaseMod","Colored Map","DeckTracker","Keyboard Shortcuts","Minty Spire (QoL Compilation)","READ ME - Guardian Mod","StSLib","SuperFastMode"],"gold_per_floor":[361,378,303,303,7,7,40,59,132,162,162,162,198,216,216,315,315,336,354,404,404,421,421,439,439,439,9,9,9,44,71,71,71,71],"floor_reached":33,"language":"KOR","playtime":514,"items_purged":["Strike_R"],"score":562,"play_id":"ee5dae08-08d0-4c4a-8f7d-afb741766d9e","local_time":"20210220130901","is_ascension_mode":true,"campfire_choices":[{"data":"Evolve","floor":6.0,"key":"SMITH"},{"data":"Carnage","floor":12,"key":"SMITH"},{"data":"Armaments","floor":15,"key":"SMITH"},{"data":"Fire Breathing","floor":23,"key":"SMITH"},{"data":"Fiend Fire","floor":25,"key":"SMITH"},{"data":"Immolate","floor":29,"key":"SMITH"},{"floor":32,"key":"RECALL"}],"circlet_count":0,"master_deck":["AscendersBane","Strike_R","Strike_R","Strike_R","Defend_R","Defend_R","Defend_R","Defend_R","Bash","Wild Strike+1","Evolve+1","Shrug It Off","Armaments+1","Carnage+1","Fire Breathing+1","Fiend Fire+1","Blood for Blood","Immolate+1"],"relics":["Burning Blood","Happy Flower","Orichalcum","Singing Bowl","Bloody Idol","Bronze Scales","Snecko Eye","The Courier","Meat on the Bone","Red Skull","Red Mask"],"acts_visited":["Exordium","TheCity"],"potions_floor_usage":[13,16,33],"damage_taken":[{"damage":6.0,"enemies":"Small Slimes","floor":1.0,"turns":5.0},{"damage":5.0,"enemies":"2 Louse","floor":2.0,"turns":3.0},{"damage":17.0,"enemies":"3 Sentries","floor":7.0,"turns":10.0},{"damage":0.0,"enemies":"Cultist","floor":8.0,"turns":3.0},{"damage":2.0,"enemies":"Gremlin Nob","floor":10.0,"turns":3.0},{"damage":8,"enemies":"3 Sentries","floor":13,"turns":6},{"damage":3,"enemies":"Looter","floor":14,"turns":2},{"damage":35,"enemies":"Hexaghost","floor":16,"turns":7},{"damage":22,"enemies":"2 Thieves","floor":18,"turns":3},{"damage":15,"enemies":"Shell Parasite","floor":19,"turns":2},{"damage":9,"enemies":"Centurion and Healer","floor":22,"turns":5},{"damage":10,"enemies":"Cultist and Chosen","floor":24,"turns":4},{"damage":33,"enemies":"Book of Stabbing","floor":30,"turns":4},{"damage":6,"enemies":"Masked Bandits","floor":31,"turns":3},{"damage":60,"enemies":"Automaton","floor":33,"turns":6}],"seed_played":"-4752510632137641930","potions_obtained":[{"floor":7.0,"key":"Energy Potion"},{"floor":10,"key":"BlessingOfTheForge"},{"floor":13,"key":"Swift Potion"},{"floor":18,"key":"LiquidBronze"}],"is_trial":false,"path_per_floor":["M","M","?","?","$","R","E","M","T","E","?","R","E","M","R","B",null,"M","M","?","?","M","R","M","R","T","$","$","R","E","?","R","B"],"character_chosen":"IRONCLAD","items_purchased":["Happy Flower","Evolve","Shrug It Off","Meat on the Bone","Blood for Blood","Immolate"],"campfire_rested":0,"item_purchase_floors":[5,5,5,27,27,27],"current_hp_per_floor":[68,68,68,68,68,68,57,63,63,69,45,45,45,48,48,19,59,45,38,38,38,42,42,45,45,45,45,45,45,37,56,56,0,0],"gold":71,"neow_bonus":"TWO_FIFTY_GOLD","is_daily":false,"chose_seed":false,"campfire_upgraded":6,"win_rate":0.0,"timestamp":1613794141,"path_taken":["M","M","?","?","$","R","E","?","T","E","?","R","E","M","R","BOSS","M","M","?","?","M","R","M","R","T","?","$","R","E","?","R","BOSS"],"items_purchased_type":["Relic","Card","Card","Relic","Card","Card"],"build_version":"2020-12-22","purchased_purges":1,"victory":false,"max_hp_per_floor":[68,68,68,68,68,68,68,68,68,70,70,70,72,72,72,72,72,74,76,76,76,78,78,80,80,80,80,80,80,82,84,84,84,84],"card_choices":[{"not_picked":["Shrug It Off","Warcry"],"picked":"Wild Strike","floor":1.0},{"not_picked":["Anger","Clash","Twin Strike"],"picked":"SKIP","floor":2.0},{"not_picked":["Headbutt","Cleave"],"picked":"Armaments","floor":7.0},{"not_picked":["True Grit","Flame Barrier"],"picked":"Carnage","floor":8.0},{"not_picked":["Warcry","Double Tap","Clothesline"],"picked":"Singing Bowl","floor":10},{"not_picked":["Shrug It Off","Rupture","True Grit"],"picked":"Singing Bowl","floor":13},{"not_picked":["Thunderclap","Wild Strike"],"picked":"Fire Breathing","floor":14},{"not_picked":["Demon Form","Feed"],"picked":"Fiend Fire","floor":16},{"not_picked":["Anger","Warcry","Body Slam"],"picked":"Singing Bowl","floor":18},{"not_picked":["Clash","Perfected Strike","Shrug It Off"],"picked":"Singing Bowl","floor":19},{"not_picked":["Warcry","Anger+1","Entrench"],"picked":"Singing Bowl","floor":22},{"not_picked":["Fire Breathing","True Grit","Body Slam"],"picked":"Singing Bowl","floor":24},{"not_picked":["Heavy Blade","Wild Strike+1","Power Through"],"picked":"Singing Bowl","floor":30},{"not_picked":["Headbutt","Feed","Carnage"],"picked":"Singing Bowl","floor":31}],"player_experience":1629796,"relics_obtained":[{"floor":7.0,"key":"Orichalcum"},{"floor":9.0,"key":"Singing Bowl"},{"floor":13,"key":"Bronze Scales"},{"floor":26,"key":"The Courier"},{"floor":30,"key":"Red Skull"},{"floor":31,"key":"Red Mask"}],"event_choices":[{"cards_removed":["Strike_R"],"damage_healed":0.0,"max_hp_gain":0.0,"max_hp_loss":0.0,"gold_gain":0.0,"event_name":"The Cleric","player_choice":"Card Removal","floor":3.0,"gold_loss":75.0,"damage_taken":0.0},{"damage_healed":0.0,"max_hp_gain":0.0,"max_hp_loss":0.0,"gold_gain":0.0,"event_name":"Upgrade Shrine","player_choice":"Upgraded","floor":4.0,"gold_loss":0.0,"damage_taken":0.0,"cards_upgraded":["Wild Strike"]},{"damage_healed":0,"gold_gain":0,"player_choice":"Take Damage","damage_taken":24,"relics_obtained":["Golden Idol"],"max_hp_gain":0,"max_hp_loss":0,"event_name":"Golden Idol","floor":11,"gold_loss":0},{"damage_healed":0,"gold_gain":50,"player_choice":"Stole From Cult","damage_taken":0,"max_hp_gain":0,"max_hp_loss":0,"event_name":"Nest","floor":20,"gold_loss":0},{"damage_healed":0,"gold_gain":0,"player_choice":"Gave Idol","damage_taken":0,"relics_obtained":["Bloody Idol"],"max_hp_gain":0,"max_hp_loss":0,"event_name":"Forgotten Altar","floor":21,"relics_lost":["Golden Idol"],"gold_loss":0},{"damage_healed":0,"gold_gain":0,"player_choice":"Fought Bandits","damage_taken":0,"max_hp_gain":0,"max_hp_loss":0,"event_name":"Masked Bandits","floor":31,"gold_loss":0}],"is_beta":false,"boss_relics":[{"not_picked":["Black Star","Philosopher\u0027s Stone"],"picked":"Snecko Eye"}],"items_purged_floors":[27],"is_endless":false,"potions_floor_spawned":[7,10,13,18,24,30],"killed_by":"Automaton","ascension_level":20}}