{"host":"2lo6hma6kymb0g9i","time":1613828262,"event":{"mods":["BaseMod","Colored Map","DeckTracker","Minty Spire (QoL Compilation)"],"gold_per_floor":[116,41,41,55,55,55,81,81,81,81,113,13,25,25,25],"floor_reached":14,"language":"JPN","playtime":566,"items_purged":["Strike_G","Strike_G"],"score":242,"play_id":"8b7b5ea2-95de-451f-9be3-d5ce7adc6915","local_time":"20210220223742","is_ascension_mode":true,"campfire_choices":[{"data":"Flying Knee","floor":6.0,"key":"SMITH"},{"data":"Flying Knee","floor":10.0,"key":"SMITH"}],"circlet_count":0,"master_deck":["AscendersBane","Strike_G","Defend_G","Defend_G","Defend_G","Defend_G","Defend_G","Survivor","Neutralize","Flying Knee+1","Flying Knee+1","Blur","PiercingWail"],"relics":["Ring of the Snake","NeowsBlessing","Bag of Preparation","Bronze Scales","The Specimen","Torii"],"acts_visited":["Exordium"],"potions_floor_usage":[14],"damage_taken":[{"damage":0.0,"enemies":"Jaw Worm","floor":1.0,"turns":1.0},{"damage":0.0,"enemies":"Small Slimes","floor":4.0,"turns":1.0},{"damage":0.0,"enemies":"Gremlin Nob","floor":7.0,"turns":1.0},{"damage":30.0,"enemies":"3 Sentries","floor":11.0,"turns":10.0},{"damage":0.0,"enemies":"2 Louse","floor":13.0,"turns":3.0},{"damage":29,"enemies":"Lagavulin","floor":14,"turns":13}],"seed_played":"5091964132694174317","potions_obtained":[{"floor":7.0,"key":"LiquidMemories"},{"floor":11.0,"key":"FairyPotion"}],"is_trial":false,"path_per_floor":["M","$","?","M","?","R","E","?","T","R","E","$","M","E"],"character_chosen":"THE_SILENT","items_purchased":[],"campfire_rested":0,"item_purchase_floors":[],"current_hp_per_floor":[59,59,48,48,41,41,41,41,41,41,11,11,11,1,1],"gold":25,"neow_bonus":"THREE_ENEMY_KILL","is_daily":false,"chose_seed":false,"campfire_upgraded":2,"win_rate":0.0,"timestamp":1613828262,"path_taken":["M","$","?","M","?","R","E","?","T","R","E","$","M","E"],"items_purchased_type":[],"build_version":"2020-12-22","purchased_purges":2,"victory":false,"max_hp_per_floor":[66,66,66,66,66,66,66,66,66,66,66,66,66,66,66],"card_choices":[{"not_picked":["Dagger Spray","Underhanded Strike"],"picked":"Flying Knee","floor":1.0},{"not_picked":["Dash","Deflect"],"picked":"Flying Knee","floor":4.0},{"not_picked":["Concentrate","Flying Knee","Skewer"],"picked":"SKIP","floor":7.0},{"not_picked":["Concentrate","Flying Knee","Skewer"],"picked":"SKIP","floor":7.0},{"not_picked":["Eviscerate","Deflect"],"picked":"Blur","floor":11.0},{"not_picked":["Cloak And Dagger","Blur"],"picked":"PiercingWail","floor":13.0}],"player_experience":1231891,"relics_obtained":[{"floor":7.0,"key":"Bronze Scales"},{"floor":9.0,"key":"The Specimen"},{"floor":11.0,"key":"Torii"}],"event_choices":[{"damage_healed":0.0,"max_hp_gain":0.0,"max_hp_loss":0.0,"gold_gain":0.0,"event_name":"Scrap Ooze","player_choice":"Success","floor":3.0,"gold_loss":0.0,"damage_taken":11.0,"relics_obtained":["Bag of Preparation"]},{"cards_removed":["Strike_G"],"damage_healed":0.0,"max_hp_gain":0.0,"max_hp_loss":0.0,"gold_gain":0.0,"event_name":"Golden Wing","player_choice":"Card Removal","floor":5.0,"gold_loss":0.0,"damage_taken":7.0},{"cards_removed":["Strike_G"],"damage_healed":0.0,"max_hp_gain":0.0,"max_hp_loss":0.0,"gold_gain":0.0,"event_name":"Living Wall","player_choice":"Forget","floor":8.0,"gold_loss":0.0,"damage_taken":0.0}],"is_beta":false,"boss_relics":[],"items_purged_floors":[2,12],"is_endless":false,"potions_floor_spawned":[7,11],"killed_by":"Lagavulin","ascension_level":20}}