{"host":"v0dnu0zs4qo0v13s","time":1613833332,"event":{"mods":["BaseMod","Colored Map","Colored Powertips","Minty Spire (QoL Compilation)","Relic Stats","StSLib","SuperFastMode","everything is the same but u backflip on backflip"],"gold_per_floor":[111,186,212,137,155,191,191,20,20,58,67,67,89,114,114,197,197,224,224,153,172,56,56,91,91,142,122,157,157,172,200,200,286,286,309,282,298,107,168,193,193,193,220,220,220],"floor_reached":44,"language":"ENG","playtime":2624,"items_purged":["Strike_R","Strike_R","Strike_R"],"score":835,"play_id":"7bb0da55-0bff-4943-af22-0fc6454b0794","local_time":"20210220100212","is_ascension_mode":true,"campfire_choices":[{"data":"Thunderclap","floor":7.0,"key":"SMITH"},{"data":"Bash","floor":12.0,"key":"SMITH"},{"data":"Berserk","floor":15.0,"key":"SMITH"},{"data":"True Grit","floor":23.0,"key":"SMITH"},{"data":"Demon Form","floor":25.0,"key":"SMITH"},{"data":"Wild Strike","floor":29.0,"key":"SMITH"},{"floor":32.0,"key":"REST"},{"floor":41.0,"key":"REST"}],"circlet_count":0,"master_deck":["AscendersBane","Defend_R","Defend_R","Defend_R","Defend_R","Bash+1","Battle Trance","Thunderclap+1","Spot Weakness","Power Through","Reckless Charge","Berserk+1","Bludgeon","Shrug It Off+1","Second Wind","True Grit+1","Demon Form+1","Bloodletting","Limit Break","Feel No Pain+1","Evolve","Disarm","Wild Strike+1","Dark Embrace"],"relics":["Burning Blood","NeowsBlessing","Art of War","CeramicFish","Bird Faced Urn","Thread and Needle","Velvet Choker","Sundial","WingedGreaves","Omamori","Bronze Scales","SlaversCollar","Du-Vu Doll","Akabeko"],"acts_visited":["Exordium","TheCity","TheBeyond"],"potions_floor_usage":[],"damage_taken":[{"damage":0.0,"enemies":"2 Louse","floor":1.0,"turns":2.0},{"damage":0.0,"enemies":"Jaw Worm","floor":5.0,"turns":1.0},{"damage":0.0,"enemies":"Gremlin Nob","floor":6.0,"turns":1.0},{"damage":22.0,"enemies":"3 Sentries","floor":10.0,"turns":10.0},{"damage":0.0,"enemies":"Cultist","floor":13.0,"turns":4.0},{"damage":0.0,"enemies":"2 Fungi Beasts","floor":14.0,"turns":2.0},{"damage":35.0,"enemies":"Hexaghost","floor":16.0,"turns":7.0},{"damage":0.0,"enemies":"Chosen","floor":18.0,"turns":4.0},{"damage":7.0,"enemies":"Shell Parasite","floor":21.0,"turns":3.0},{"damage":43.0,"enemies":"Slavers","floor":24.0,"turns":6.0},{"damage":47.0,"enemies":"Book of Stabbing","floor":28.0,"turns":6.0},{"damage":26.0,"enemies":"Sentry and Sphere","floor":30.0,"turns":4.0},{"damage":5.0,"enemies":"Centurion and Healer","floor":31.0,"turns":5.0},{"damage":55.0,"enemies":"Champ","floor":33.0,"turns":11.0},{"damage":9.0,"enemies":"Orb Walker","floor":35.0,"turns":3.0},{"damage":3.0,"enemies":"3 Shapes","floor":37.0,"turns":8.0},{"damage":57.0,"enemies":"2 Orb Walkers","floor":39.0,"turns":7.0},{"damage":21.0,"enemies":"Spire Growth","floor":40.0,"turns":5.0},{"damage":0,"enemies":"Reptomancer","floor":44,"turns":2}],"seed_played":"4885509043127944790","potions_obtained":[{"floor":5.0,"key":"SteroidPotion"},{"floor":13.0,"key":"SteroidPotion"},{"floor":18.0,"key":"Energy Potion"},{"floor":21.0,"key":"FairyPotion"},{"floor":33.0,"key":"Weak Potion"},{"floor":35.0,"key":"HeartOfIron"},{"floor":37.0,"key":"Ancient Potion"}],"is_trial":false,"path_per_floor":["M","?","T","?","M","E","R","$","T","E","?","R","M","M","R","B",null,"M","?","$","M","$","R","E","R","T","?","E","R","M","M","R","B",null,"M","$","M","$","?","M","R","?","T","E"],"character_chosen":"IRONCLAD","items_purchased":["FairyPotion","Second Wind","True Grit","Evolve","Disarm"],"campfire_rested":2,"item_purchase_floors":[8,20,22,36,38],"current_hp_per_floor":[74,63,63,63,69,75,75,75,75,59,59,59,65,71,71,44,67,73,73,73,74,74,74,39,39,39,39,28,28,10,13,35,28,63,60,60,71,71,26,17,39,39,39,43,43],"gold":220,"neow_bonus":"THREE_ENEMY_KILL","is_daily":false,"chose_seed":false,"campfire_upgraded":6,"win_rate":0.0,"timestamp":1613833332,"path_taken":["M","?","?","?","M","E","R","$","T","E","?","R","M","M","R","BOSS","M","?","$","?","$","R","E","R","T","?","E","R","M","M","R","BOSS","M","$","M","$","?","M","R","?","T","E"],"items_purchased_type":["Potion","Card","Card","Card","Card"],"build_version":"2020-12-22","purchased_purges":3,"victory":false,"max_hp_per_floor":[75,75,75,75,75,75,75,75,75,75,75,75,75,75,75,75,75,75,75,75,75,75,75,75,75,75,75,75,75,75,75,75,75,75,75,75,75,75,75,75,75,75,75,75,75],"relic_stats":{"counters":[19,91],"Sundial":[8],"CeramicFish":162,"Bird Faced Urn":[40],"Bronze Scales":[78],"Art of War":[11],"obtain_stats":[{"NeowsBlessing":0,"CeramicFish":6,"Velvet Choker":17,"Thread and Needle":10,"Omamori":26,"Burning Blood":0,"Akabeko":43,"Du-Vu Doll":39,"SlaversCollar":34,"Sundial":19,"Bird Faced Urn":9,"Bronze Scales":28,"WingedGreaves":24,"Art of War":3},{"NeowsBlessing":0,"CeramicFish":3,"Velvet Choker":7,"Thread and Needle":4,"Omamori":10,"Burning Blood":0,"Akabeko":18,"Du-Vu Doll":17,"SlaversCollar":14,"Sundial":8,"Bird Faced Urn":3,"Bronze Scales":11,"WingedGreaves":10,"Art of War":1},{"NeowsBlessing":0,"CeramicFish":4,"Velvet Choker":27,"Thread and Needle":14,"Omamori":40,"Burning Blood":0,"Akabeko":89,"Du-Vu Doll":84,"SlaversCollar":66,"Sundial":31,"Bird Faced Urn":4,"Bronze Scales":46,"WingedGreaves":40,"Art of War":2}],"Burning Blood":108},"card_choices":[{"not_picked":["Anger","Armaments"],"picked":"Shrug It Off","floor":1.0},{"not_picked":["Sentinel","Wild Strike"],"picked":"Battle Trance","floor":5.0},{"not_picked":["Searing Blow","Body Slam"],"picked":"Thunderclap","floor":6.0},{"not_picked":["Cleave","Body Slam"],"picked":"Spot Weakness","floor":10.0},{"not_picked":["Flex","Armaments"],"picked":"Reckless Charge","floor":13.0},{"not_picked":["Twin Strike","Anger"],"picked":"Berserk","floor":14.0},{"not_picked":["Offering","Corruption"],"picked":"Bludgeon","floor":16.0},{"not_picked":["Clothesline","Pommel Strike"],"picked":"Shrug It Off+1","floor":18.0},{"not_picked":["Pommel Strike","Clash","Twin Strike"],"picked":"SKIP","floor":21.0},{"not_picked":["Havoc","Searing Blow"],"picked":"Demon Form","floor":24.0},{"not_picked":["Clash","Anger"],"picked":"Wild Strike","floor":28.0},{"not_picked":["Anger","Armaments","Body Slam"],"picked":"SKIP","floor":30.0},{"not_picked":["Second Wind","Sever Soul"],"picked":"Bloodletting","floor":31.0},{"not_picked":["Barricade","Impervious"],"picked":"Limit Break","floor":33.0},{"not_picked":["Perfected Strike+1","Spot Weakness+1"],"picked":"Feel No Pain+1","floor":35.0},{"not_picked":["Thunderclap+1","Reckless Charge","Blood for Blood"],"picked":"SKIP","floor":37.0},{"not_picked":["Perfected Strike","Body Slam"],"picked":"Wild Strike+1","floor":39.0},{"not_picked":["Perfected Strike","Cleave+1"],"picked":"Dark Embrace","floor":40.0}],"player_experience":732560,"relics_obtained":[{"floor":3.0,"key":"Art of War"},{"floor":6.0,"key":"CeramicFish"},{"floor":9.0,"key":"Bird Faced Urn"},{"floor":10.0,"key":"Thread and Needle"},{"floor":24.0,"key":"WingedGreaves"},{"floor":26.0,"key":"Omamori"},{"floor":28.0,"key":"Bronze Scales"},{"floor":39.0,"key":"Du-Vu Doll"},{"floor":43.0,"key":"Akabeko"}],"event_choices":[{"damage_healed":0.0,"max_hp_gain":0.0,"max_hp_loss":0.0,"gold_gain":75.0,"event_name":"World of Goop","player_choice":"Gather Gold","floor":2.0,"gold_loss":0.0,"damage_taken":11.0},{"cards_removed":["Strike_R"],"damage_healed":0.0,"max_hp_gain":0.0,"max_hp_loss":0.0,"gold_gain":0.0,"event_name":"The Cleric","player_choice":"Card Removal","floor":4.0,"gold_loss":75.0,"damage_taken":0.0},{"damage_healed":0.0,"max_hp_gain":0.0,"max_hp_loss":0.0,"gold_gain":0.0,"cards_transformed":["Strike_R"],"event_name":"Living Wall","player_choice":"Change","floor":11.0,"gold_loss":0.0,"damage_taken":0.0,"cards_obtained":["Power Through"]},{"cards_removed":["Shrug It Off"],"damage_healed":0.0,"max_hp_gain":0.0,"max_hp_loss":0.0,"gold_gain":0.0,"event_name":"WeMeetAgain","player_choice":"Gave Card","floor":19.0,"gold_loss":0.0,"damage_taken":0.0,"relics_obtained":["Sundial"]},{"damage_healed":0.0,"max_hp_gain":0.0,"max_hp_loss":0.0,"gold_gain":0.0,"event_name":"The Woman in Blue","player_choice":"Bought 1 Potion","floor":27.0,"gold_loss":0.0,"damage_taken":0.0},{"damage_healed":0.0,"max_hp_gain":0.0,"max_hp_loss":0.0,"gold_gain":0.0,"event_name":"Mysterious Sphere","player_choice":"Fight","floor":39.0,"gold_loss":0.0,"damage_taken":0.0},{"cards_removed":["Wild Strike"],"damage_healed":0.0,"max_hp_gain":0.0,"max_hp_loss":0.0,"gold_gain":0.0,"event_name":"Falling","player_choice":"Removed Attack","floor":42.0,"gold_loss":0.0,"damage_taken":0.0}],"is_beta":false,"boss_relics":[{"not_picked":["Busted Crown","Calling Bell"],"picked":"Velvet Choker"},{"not_picked":["Snecko Eye","Pandora\u0027s Box"],"picked":"SlaversCollar"}],"items_purged_floors":[8,22,38],"is_endless":false,"potions_floor_spawned":[5,13,18,21,33,35,37],"killed_by":"Reptomancer","ascension_level":15}}