{"host":"w1l5t0a1l2lkq6my","time":1613805762,"event":{"mods":["100% Spire Juice","Bartender","BaseMod","Better Match","KinomotoSakuraMod(ñÿîVñ{?)","Lobotomy","LobotomyExtend","Magitek Elite","MarisaÅiñ∂âJÅ@ñÇóùçπÅj","Minty Spire (QoL Compilation)","Shapeshifter Mod","StSLib","The Animator","The Gatherer","The Senshi","Yuyuko"],"gold_per_floor":[117,130,142,142,154,183,108,108,132,132,232,258,269,280,280,385,385,403,419,419,419],"floor_reached":20,"language":"ENG","playtime":758,"items_purged":["Yesod"],"score":188,"play_id":"6397dc06-457e-4e4e-a5fc-134eff2d9a49","local_time":"20210220002242","is_ascension_mode":false,"campfire_choices":[],"circlet_count":0,"master_deck":["SpecialBullet","SpecialBullet","SpecialBullet","SpecialBullet","SpecialBullet","SpecialBullet","SpecialBullet","SpecialBullet","InformationCode","SecurityCode","CentralCode","SoundOfStar+1","OldLady","Lamp+2","SpiderBud","VoidDream","CherryBlossom","OSAHOGD","CherryBlossom","Heaven","Amita","ExtractionCode"],"relics":["CogitoBucket","LetterFromLob","Mythril_Glove","Regal Pillow","MagicBullet_r","War Paint","BackwardClock","Fusion Hammer"],"acts_visited":["Exordium","TheCity"],"potions_floor_usage":[6],"damage_taken":[{"damage":0,"enemies":"Cultist","floor":1,"turns":3},{"damage":7,"enemies":"2 Louse","floor":2,"turns":2},{"damage":11,"enemies":"Jaw Worm","floor":3,"turns":2},{"damage":1,"enemies":"Red Slaver","floor":4,"turns":2},{"damage":7,"enemies":"Blue Slaver","floor":5,"turns":2},{"damage":24,"enemies":"Lagavulin","floor":6,"turns":5},{"damage":16,"enemies":"Gremlin Nob","floor":12,"turns":3},{"damage":29,"enemies":"Exordium Thugs","floor":13,"turns":3},{"damage":16,"enemies":"Exordium Wildlife","floor":14,"turns":3},{"damage":16,"enemies":"Slime Boss","floor":16,"turns":8},{"damage":10,"enemies":"Spheric Guardian","floor":18,"turns":3},{"damage":51,"enemies":"Shell Parasite","floor":19,"turns":5},{"damage":38,"enemies":"Snecko","floor":20,"turns":2}],"seed_played":"5501662905426461477","potions_obtained":[{"floor":3,"key":"Dexterity Potion"},{"floor":4,"key":"ColorlessPotion"},{"floor":13,"key":"Ancient Potion"},{"floor":19,"key":"GamblersBrew"}],"is_trial":false,"path_per_floor":["M","M","M","M","M","E","$","R","T","?","?","E","M","M","R","B",null,"M","M","M"],"character_chosen":"Angela","items_purchased":[],"campfire_rested":0,"item_purchase_floors":[],"current_hp_per_floor":[70,70,67,70,70,60,60,60,60,70,70,68,39,37,37,35,70,70,33,0,0],"gold":419,"neow_bonus":"ONE_RANDOM_RARE_CARD","is_daily":false,"chose_seed":false,"campfire_upgraded":0,"win_rate":0.0,"timestamp":1613805762,"path_taken":["M","M","M","M","M","E","?","R","T","?","?","E","M","M","R","BOSS","M","M","M"],"items_purchased_type":[],"build_version":"2020-12-22","purchased_purges":1,"victory":false,"max_hp_per_floor":[70,70,70,70,70,70,70,70,70,70,70,70,70,70,70,70,70,70,70,70,70],"card_choices":[{"not_picked":["FairyFestival","UniverseFragment"],"picked":"OldLady","floor":1},{"not_picked":["Beak"],"picked":"Lamp","floor":1},{"not_picked":["BigBird","CrumblingArmor"],"picked":"SpiderBud","floor":2},{"not_picked":["Christmas","Harmony"],"picked":"SKIP","floor":2},{"not_picked":["OSAHOGD","LaLuna"],"picked":"VoidDream","floor":3},{"not_picked":["Soda"],"picked":"CherryBlossom","floor":3},{"not_picked":["Tough","Penitence"],"picked":"SKIP","floor":4},{"not_picked":["NakedNest","Scorched"],"picked":"OSAHOGD","floor":5},{"not_picked":["FrostShard"],"picked":"CherryBlossom","floor":5},{"not_picked":["Noise","Logging"],"picked":"SKIP","floor":6},{"not_picked":["RapturousDream","MagicBullet"],"picked":"SKIP","floor":12},{"not_picked":["Loneliness"],"picked":"Heaven","floor":13},{"not_picked":["ShedSkin"],"picked":"Amita","floor":14},{"not_picked":["Lantern+1","Loneliness+1"],"picked":"SKIP","floor":18},{"not_picked":["Wingbeat","Lantern"],"picked":"SKIP","floor":19}],"player_experience":143365,"relics_obtained":[{"floor":1,"key":"LetterFromLob"},{"floor":6,"key":"Mythril_Glove"},{"floor":9,"key":"Regal Pillow"},{"floor":12,"key":"War Paint"}],"event_choices":[{"damage_healed":0,"gold_gain":100,"player_choice":"Pray","damage_taken":0,"max_hp_gain":0,"max_hp_loss":0,"event_name":"Golden Shrine","floor":11,"gold_loss":0}],"is_beta":false,"boss_relics":[{"not_picked":["Astrolabe","Ectoplasm"],"picked":"Fusion Hammer"}],"items_purged_floors":[7],"is_endless":false,"potions_floor_spawned":[3,4,13,19],"killed_by":"Snecko","ascension_level":0}}