{"host":"oigynbtg272c19pw","time":1613813544,"event":{"mods":["BaseMod","Colored Map","Minty Spire (QoL Compilation)","Relic Stats","Slay the Relics Exporter","StSLib"],"gold_per_floor":[117,127,138,63,63,88,102,102,126,159,159,159,18,35,35,35,35],"floor_reached":16,"playtime":451,"items_purged":[],"score":220,"play_id":"31bc05f3-7b4f-4f1c-b4d8-d1fc10ef3b16","local_time":"20210220103224","is_ascension_mode":true,"campfire_choices":[{"data":"Ball Lightning","floor":8.0,"key":"SMITH"},{"data":"Aggregate","floor":12.0,"key":"SMITH"},{"data":"Defragment","floor":15,"key":"SMITH"}],"circlet_count":0,"master_deck":["AscendersBane","Strike_B","Strike_B","Strike_B","Defend_B","Defend_B","Defend_B","Defend_B","Zap","Dualcast","Undo+1","Rip and Tear","Ball Lightning+1","Turbo","Capacitor","Aggregate+1","Defragment+1","Steam","Cold Snap"],"relics":["Cracked Core","NeowsBlessing","MealTicket","Anchor","PreservedInsect","Art of War"],"acts_visited":["Exordium"],"potions_floor_usage":[],"damage_taken":[{"damage":0.0,"enemies":"Cultist","floor":1.0,"turns":1.0},{"damage":0.0,"enemies":"Jaw Worm","floor":2.0,"turns":1.0},{"damage":0.0,"enemies":"Small Slimes","floor":3.0,"turns":1.0},{"damage":10.0,"enemies":"Lagavulin","floor":6.0,"turns":8.0},{"damage":0.0,"enemies":"Red Slaver","floor":7.0,"turns":3.0},{"damage":20.0,"enemies":"3 Sentries","floor":10.0,"turns":8.0},{"damage":0,"enemies":"2 Fungi Beasts","floor":14,"turns":4},{"damage":46,"enemies":"The Guardian","floor":16,"turns":8}],"seed_played":"4204894424486497020","potions_obtained":[{"floor":1.0,"key":"Dexterity Potion"},{"floor":6.0,"key":"Fire Potion"},{"floor":10.0,"key":"CultistPotion"}],"is_trial":false,"path_per_floor":["M","M","M","?","?","E","M","R","T","E","?","R","$","M","R","B"],"character_chosen":"DEFECT","items_purchased":["Defragment","Steam"],"campfire_rested":0,"item_purchase_floors":[13,13],"current_hp_per_floor":[64,64,64,64,64,54,54,54,54,34,29,29,44,44,44,0,0],"gold":35,"neow_bonus":"THREE_ENEMY_KILL","is_daily":false,"chose_seed":false,"campfire_upgraded":3,"win_rate":0.0,"timestamp":1613813544,"path_taken":["M","M","?","?","?","E","?","R","T","E","?","R","?","M","R","BOSS"],"items_purchased_type":["Card","Card"],"build_version":"2020-12-13","purchased_purges":0,"victory":false,"max_hp_per_floor":[71,71,71,71,71,71,71,71,71,71,71,71,71,71,71,71,71],"relic_stats":{"counters":[8,34],"MealTicket":15,"PreservedInsect":0,"Art of War":[2],"obtain_stats":[{"Anchor":9,"NeowsBlessing":0,"MealTicket":6,"PreservedInsect":10,"Art of War":11,"Cracked Core":0},{"Anchor":5,"NeowsBlessing":0,"MealTicket":4,"PreservedInsect":6,"Art of War":6,"Cracked Core":0},{"Anchor":14,"NeowsBlessing":0,"MealTicket":11,"PreservedInsect":22,"Art of War":22,"Cracked Core":0}]},"card_choices":[{"not_picked":["Static Discharge","Steam Power"],"picked":"Undo","floor":1.0},{"not_picked":["Conserve Battery","Turbo"],"picked":"Rip and Tear","floor":2.0},{"not_picked":["Reprogram","Static Discharge"],"picked":"Ball Lightning","floor":3.0},{"not_picked":["Heatsinks","Redo"],"picked":"Turbo","floor":6.0},{"not_picked":["Cold Snap","Compile Driver"],"picked":"Capacitor","floor":7.0},{"not_picked":["Machine Learning","Barrage"],"picked":"Aggregate","floor":10.0},{"not_picked":["Coolheaded","Gash"],"picked":"Cold Snap","floor":14}],"player_experience":1631038,"relics_obtained":[{"floor":6.0,"key":"MealTicket"},{"floor":9.0,"key":"Anchor"},{"floor":10.0,"key":"PreservedInsect"}],"event_choices":[{"cards_removed":["Strike_B"],"damage_healed":0.0,"max_hp_gain":0.0,"max_hp_loss":0.0,"gold_gain":0.0,"event_name":"The Cleric","player_choice":"Card Removal","floor":4.0,"gold_loss":75.0,"damage_taken":0.0},{"damage_healed":0.0,"max_hp_gain":0.0,"max_hp_loss":0.0,"gold_gain":0.0,"event_name":"Upgrade Shrine","player_choice":"Upgraded","floor":5.0,"gold_loss":0.0,"damage_taken":0.0,"cards_upgraded":["Undo"]},{"damage_healed":0.0,"max_hp_gain":0.0,"max_hp_loss":0.0,"gold_gain":0.0,"event_name":"Scrap Ooze","player_choice":"Success","floor":11.0,"gold_loss":0.0,"damage_taken":5.0,"relics_obtained":["Art of War"]}],"is_beta":false,"boss_relics":[],"items_purged_floors":[],"is_endless":false,"potions_floor_spawned":[1,6,10],"killed_by":"The Guardian","ascension_level":20}}