{"host":"178rghtqlvp3zue2","time":1613783615,"event":{"mods":["2.2 Compatiblity","AchievementEnabler","BaseMod","CapriCore","DeckTracker","Minty Spire (QoL Compilation)","Prisma Mod","Quick Restart","StSLib","SuperFastMode"],"gold_per_floor":[117,127,49,49,49,60,60,91,91,91,103,120,120,146,146,146,146],"floor_reached":16,"language":"KOR","playtime":3076,"items_purged":[],"score":100,"play_id":"e97933e5-3d9d-487a-bcec-994a121b596d","local_time":"20210220101335","is_ascension_mode":false,"campfire_choices":[{"floor":15,"key":"REST"}],"circlet_count":0,"master_deck":["PrismaMod:ChloeCommonAttack","PrismaMod:ChloeCommonAttack","PrismaMod:ChloeCommonAttack","PrismaMod:ChloeCommonAttack","PrismaMod:ChloeCommonAttack","PrismaMod:ChloeCommonDefend","PrismaMod:ChloeCommonDefend","PrismaMod:ChloeCommonDefend","PrismaMod:ChloeCommonDefend","PrismaMod:ChloeCommonDefend","PrismaMod:ChloeCheapAttack","PrismaMod:ChloeCheapDefend","PrismaMod:ChloeCaladbolg","PrismaMod:ChloeCheapDefendTwo","PrismaMod:ChloeBetterTracePools+1","PrismaMod:ChloeCheapDefend","PrismaMod:ChloeRhongomyniad","PrismaMod:ChloeUncommonDefend","PrismaMod:ChloeCarnivalAOEAttack","PrismaMod:ChloeCaladbolg","PrismaMod:ChloeCheapAttackTwo","PrismaMod:ChloeMordred"],"relics":["PrismaMod:PrismaTraceOn","NeowsBlessing","FossilizedHelix","Happy Flower","Bottled Flame","Odd Mushroom"],"acts_visited":["Exordium"],"potions_floor_usage":[],"damage_taken":[{"damage":0,"enemies":"Jaw Worm","floor":1,"turns":1},{"damage":0,"enemies":"Small Slimes","floor":2,"turns":1},{"damage":0,"enemies":"Cultist","floor":6,"turns":1},{"damage":44,"enemies":"Gremlin Nob","floor":8,"turns":7},{"damage":0,"enemies":"Large Slime","floor":11,"turns":5},{"damage":7,"enemies":"2 Fungi Beasts","floor":12,"turns":3},{"damage":4,"enemies":"The Mushroom Lair","floor":14,"turns":3},{"damage":45,"enemies":"Hexaghost","floor":16,"turns":9}],"seed_played":"1356316907745175480","potions_obtained":[{"floor":1,"key":"DistilledChaos"},{"floor":8,"key":"LiquidMemories"},{"floor":12,"key":"SpeedPotion"}],"is_trial":false,"path_per_floor":["M","M","$","?","?","M","?","E","T","$","M","M","?","?","R","B"],"character_chosen":"CHLOE","items_purchased":["PrismaMod:ChloeBetterTracePools"],"campfire_rested":1,"item_purchase_floors":[3],"current_hp_per_floor":[75,75,75,68,68,68,68,24,24,24,24,17,22,18,42,0,0],"gold":146,"neow_bonus":"THREE_ENEMY_KILL","is_daily":false,"chose_seed":false,"campfire_upgraded":0,"win_rate":0.0,"timestamp":1613783615,"path_taken":["M","M","$","?","?","M","?","E","T","$","?","M","?","?","R","BOSS"],"items_purchased_type":["Card"],"build_version":"2020-12-22","purchased_purges":0,"victory":false,"max_hp_per_floor":[75,75,75,75,75,75,75,75,75,75,75,75,80,80,80,80,80],"card_choices":[{"not_picked":["PrismaMod:ChloeExhaustOne","PrismaMod:ChloeDiscardRecovery"],"picked":"PrismaMod:ChloeCaladbolg","floor":1},{"not_picked":["PrismaMod:ChloeCheapAttack","PrismaMod:ChloeCheapDefend"],"picked":"PrismaMod:ChloeCheapDefendTwo","floor":2},{"not_picked":["PrismaMod:ChloeExhaustOne","PrismaMod:ChloeUncommonAttack"],"picked":"PrismaMod:ChloeCheapDefend","floor":6},{"not_picked":["PrismaMod:ChloeDiscardRecovery","PrismaMod:ChloeRitsuka"],"picked":"PrismaMod:ChloeCarnivalAOEAttack","floor":8},{"not_picked":["PrismaMod:ChloeEyeOfTheEuryale","PrismaMod:ChloeDemonicTutor"],"picked":"PrismaMod:ChloeCaladbolg","floor":11},{"not_picked":["PrismaMod:ChloeDiscardRecovery","PrismaMod:ChloeEyeOfTheEuryale"],"picked":"PrismaMod:ChloeCheapAttackTwo","floor":12},{"not_picked":["PrismaMod:ChloeBetterTracePools","PrismaMod:ChloeCheapDefendTwo"],"picked":"PrismaMod:ChloeMordred","floor":14}],"player_experience":272182,"relics_obtained":[{"floor":8,"key":"Happy Flower"},{"floor":9,"key":"Bottled Flame"},{"floor":14,"key":"Odd Mushroom"}],"event_choices":[{"damage_healed":0,"gold_gain":0,"player_choice":"Success","damage_taken":7,"relics_obtained":["FossilizedHelix"],"max_hp_gain":0,"max_hp_loss":0,"event_name":"Scrap Ooze","floor":4,"gold_loss":0},{"damage_healed":0,"gold_gain":0,"player_choice":"Grow","damage_taken":0,"max_hp_gain":0,"max_hp_loss":0,"event_name":"Living Wall","floor":5,"gold_loss":0,"cards_upgraded":["PrismaMod:ChloeBetterTracePools"]},{"damage_healed":0,"gold_gain":0,"player_choice":"2 cards matched","damage_taken":0,"max_hp_gain":0,"max_hp_loss":0,"event_name":"Match and Keep!","floor":7,"gold_loss":0,"cards_obtained":["PrismaMod:ChloeRhongomyniad","PrismaMod:ChloeUncommonDefend"]},{"damage_healed":0,"gold_gain":0,"player_choice":"Donut","damage_taken":0,"max_hp_gain":5,"max_hp_loss":0,"event_name":"Big Fish","floor":13,"gold_loss":0},{"damage_healed":0,"gold_gain":0,"player_choice":"Fought Mushrooms","damage_taken":0,"max_hp_gain":0,"max_hp_loss":0,"event_name":"Mushrooms","floor":14,"gold_loss":0}],"is_beta":false,"boss_relics":[],"items_purged_floors":[],"is_endless":false,"potions_floor_spawned":[1,8,12,14],"killed_by":"Hexaghost","ascension_level":0}}