{"host":"moonth","time":1613818805,"event":{"mods":["BaseMod","Marisa£®ÏF”Í°°ƒß¿Ì…≥£©","Minty Spire (QoL Compilation)","Replay The Spire","StSLib","The Senshi","The Servant 0.9.4"],"gold_per_floor":[110,35,35,35,49,81,81,100,180,54,54,54,67,67,67,170,170,183,202,77,77,92,92,126,126,126,52,105,105,119,44,44,144,144,161,161,211,231,81,81,112,164,215,215,215,215,250,266,266,266],"floor_reached":51,"language":"ZHS","playtime":4482,"items_purged":["Strike_S","Pain","Defend_S","Deny+1"],"score":980,"play_id":"593084bb-2b95-463b-953a-200c883920ff","local_time":"20210220190005","is_ascension_mode":true,"campfire_choices":[{"data":"SilverBlades","floor":7.0,"key":"SMITH"},{"data":"Contraction","floor":11.0,"key":"SMITH"},{"data":"Strike_S","floor":15.0,"key":"PURGE"},{"data":"KillingDoll","floor":23.0,"key":"SMITH"},{"floor":29.0,"key":"DIG"},{"floor":32.0,"key":"DIG"},{"floor":40.0,"key":"DIG"},{"floor":44,"key":"DIG"},{"floor":46,"key":"DIG"},{"floor":49,"key":"DIG"}],"circlet_count":0,"master_deck":["Dilation","Contraction+1","SilverBlades+1","Rearm+1","KillingDoll+1","Contraction+1","Rearm+1","Advance+1","KillingDoll+1","Replace+1","Deep Breath+1"],"relics":["Uniform","ReplayTheSpireMod:Lightbulb","WarpedTongs","StrikeDummy","Toxic Egg 2","Empty Cage","Shovel","Gremlin Horn","Regal Pillow","Replay:WaspNest","Pantograph","Replay:Drink Me","Gambling Chip","Orichalcum","White Beast Statue","Nunchaku","Bag of Preparation","ReplayTheSpireMod:Ninjato","theSenshi:SuperSailorFukuRelic","Garlic","Whetstone"],"acts_visited":["Exordium","TheCity","TheBeyond"],"potions_floor_usage":[47,47,50,50],"damage_taken":[{"damage":0.0,"enemies":"Cultist","floor":1.0,"turns":4.0},{"damage":2.0,"enemies":"Small Slimes","floor":5.0,"turns":5.0},{"damage":14.0,"enemies":"3 Sentries","floor":6.0,"turns":10.0},{"damage":0.0,"enemies":"2 Louse","floor":8.0,"turns":3.0},{"damage":9.0,"enemies":"Gremlin Gang","floor":13.0,"turns":3.0},{"damage":0.0,"enemies":"Hexaghost","floor":16.0,"turns":8.0},{"damage":19.0,"enemies":"2 Thieves","floor":18.0,"turns":3.0},{"damage":1.0,"enemies":"3 Byrds","floor":19.0,"turns":5.0},{"damage":0.0,"enemies":"3 Cultists","floor":22.0,"turns":4.0},{"damage":13.0,"enemies":"Book of Stabbing","floor":24.0,"turns":7.0},{"damage":12.0,"enemies":"Snake Plant","floor":30.0,"turns":5.0},{"damage":36.0,"enemies":"Collector","floor":33.0,"turns":10.0},{"damage":13.0,"enemies":"3 Darklings","floor":35.0,"turns":7.0},{"damage":0.0,"enemies":"Mind Bloom Boss Battle","floor":37.0,"turns":5.0},{"damage":1.0,"enemies":"Orb Walker","floor":38.0,"turns":3.0},{"damage":0.0,"enemies":"Nemesis","floor":41.0,"turns":5.0},{"damage":18,"enemies":"R_Hoarder","floor":47,"turns":6},{"damage":0,"enemies":"Maw","floor":48,"turns":5},{"damage":0,"enemies":"Donu and Deca","floor":50,"turns":6}],"seed_played":"7583446815684949983","potions_obtained":[{"floor":1.0,"key":"Toxic Potion"},{"floor":13.0,"key":"Milkshake"},{"floor":16.0,"key":"ColorlessPotion"},{"floor":19.0,"key":"Explosive Potion"},{"floor":30.0,"key":"Dexterity Potion"},{"floor":33.0,"key":"LifebloodPotion"},{"floor":35.0,"key":"LiquidMemories"},{"floor":42,"key":"Adrenaline Potion"},{"floor":47,"key":"Cursed Concoction"},{"floor":48,"key":"Dexterity Potion"}],"is_trial":false,"path_per_floor":["M","$","?","?","M","E","R","M","T","$","R","$","M","$","R","B",null,"M","M","$","?","M","R","E","?","T","$","T","R","M","?","R","B",null,"M","?","?","M","$","R","E","?","T","R","?","R","E","M","R","B",null],"character_chosen":"THE_SERVANT","items_purchased":["Rearm+1","Advance+1"],"campfire_rested":0,"item_purchase_floors":[10,27],"current_hp_per_floor":[47,47,44,44,42,28,28,28,28,28,28,28,19,19,19,19,65,46,45,45,45,45,45,32,32,32,32,32,32,20,20,20,9,49,36,36,49,48,48,48,48,36,36,36,36,36,18,18,18,43],"gold":266,"neow_bonus":"TRANSFORM_TWO_CARDS","is_daily":false,"chose_seed":false,"campfire_upgraded":3,"win_rate":0.0,"timestamp":1613818805,"path_taken":["M","?","?","?","M","E","R","M","T","$","R","$","?","?","R","BOSS","M","?","$","?","M","R","E","?","T","$","?","R","M","?","R","BOSS","M","?","?","M","$","R","E","?","T","R","?","R","E","M","R","BOSS"],"items_purchased_type":["Card","Card"],"build_version":"2020-12-18","purchased_purges":4,"victory":true,"max_hp_per_floor":[65,65,65,65,65,65,65,65,65,65,65,65,65,65,65,65,65,65,65,65,65,65,65,65,65,65,65,65,65,65,65,65,65,49,49,49,49,49,49,49,49,49,49,49,49,49,49,49,49,49],"card_choices":[{"not_picked":["Deadline","Starlight"],"picked":"Contraction","floor":1.0},{"not_picked":["Alleviate","BottledTime","FastForward"],"picked":"SKIP","floor":5.0},{"not_picked":["BestPractice","Deny"],"picked":"SilverBlades","floor":6.0},{"not_picked":["TimeWarp","ShatteredReality","BestPractice"],"picked":"SKIP","floor":8.0},{"not_picked":["Spin","Alleviate+1","Unruled"],"picked":"SKIP","floor":13.0},{"not_picked":["Dilation+1","Initiator"],"picked":"KillingDoll","floor":16.0},{"not_picked":["Rearm+1","Gouge","Spin"],"picked":"SKIP","floor":18.0},{"not_picked":["FastForward+1","TimeWarp+1"],"picked":"Contraction+1","floor":19.0},{"not_picked":["Hightail+1","Revamp+1","TimeWarp"],"picked":"SKIP","floor":22.0},{"not_picked":["Replace+1","Defy+1"],"picked":"Rearm+1","floor":24.0},{"not_picked":["Starlight","Revamp+1"],"picked":"KillingDoll","floor":30.0},{"not_picked":["LightFlow","Duplication+1"],"picked":"Deny+1","floor":33.0},{"not_picked":["Manipulate+1","ShatteredReality"],"picked":"Replace+1","floor":35.0},{"not_picked":["ReplayUltimateDefense","Madness+1"],"picked":"Deep Breath+1","floor":36.0},{"not_picked":["ReturningBlade","BestPractice+1","SpecialFormula+1"],"picked":"SKIP","floor":38.0},{"not_picked":["TrueSight","Ricochet","Moonlight+1"],"picked":"SKIP","floor":41.0},{"not_picked":["WasteNot+1","Spin","Alleviate+1"],"picked":"SKIP","floor":47},{"not_picked":["ReturningBlade+1","Spin+1","StarChef+1"],"picked":"SKIP","floor":48}],"player_experience":545993,"relics_obtained":[{"floor":6.0,"key":"StrikeDummy"},{"floor":9.0,"key":"Toxic Egg 2"},{"floor":24.0,"key":"Shovel"},{"floor":26.0,"key":"Gremlin Horn"},{"floor":28.0,"key":"Regal Pillow"},{"floor":29.0,"key":"Replay:WaspNest"},{"floor":32.0,"key":"Pantograph"},{"floor":37.0,"key":"Gambling Chip"},{"floor":40.0,"key":"Orichalcum"},{"floor":41.0,"key":"White Beast Statue"},{"floor":42,"key":"Nunchaku"},{"floor":43,"key":"Bag of Preparation"},{"floor":44,"key":"ReplayTheSpireMod:Ninjato"},{"floor":46,"key":"theSenshi:SuperSailorFukuRelic"},{"floor":47,"key":"Garlic"},{"floor":49,"key":"Whetstone"}],"event_choices":[{"damage_healed":0.0,"max_hp_gain":0.0,"max_hp_loss":0.0,"gold_gain":0.0,"event_name":"Scrap Ooze","player_choice":"Success","floor":3.0,"gold_loss":0.0,"damage_taken":3.0,"relics_obtained":["ReplayTheSpireMod:Lightbulb"]},{"damage_healed":0.0,"max_hp_gain":0.0,"max_hp_loss":0.0,"gold_gain":0.0,"event_name":"Accursed Blacksmith","player_choice":"Rummage","floor":4.0,"gold_loss":0.0,"damage_taken":0.0,"relics_obtained":["WarpedTongs"],"cards_obtained":["Pain"]},{"damage_healed":0.0,"max_hp_gain":0.0,"max_hp_loss":0.0,"gold_gain":0.0,"event_name":"Cursed Tome","player_choice":"Ignored","floor":21.0,"gold_loss":0.0,"damage_taken":0.0},{"damage_healed":0.0,"max_hp_gain":0.0,"max_hp_loss":0.0,"gold_gain":0.0,"event_name":"Ghosts","player_choice":"Ignored","floor":25.0,"gold_loss":0.0,"damage_taken":0.0},{"cards_removed":["Defend_S"],"damage_healed":0.0,"max_hp_gain":0.0,"max_hp_loss":0.0,"gold_gain":0.0,"event_name":"Beggar","player_choice":"Gave Gold","floor":31.0,"gold_loss":75.0,"damage_taken":0.0},{"damage_healed":0.0,"max_hp_gain":0.0,"max_hp_loss":0.0,"gold_gain":0.0,"event_name":"SensoryStone","player_choice":"Memory 1","floor":36.0,"gold_loss":0.0,"damage_taken":0.0},{"damage_healed":0.0,"max_hp_gain":0.0,"max_hp_loss":0.0,"gold_gain":0.0,"event_name":"MindBloom","player_choice":"Fight","floor":37.0,"gold_loss":0.0,"damage_taken":0.0},{"damage_healed":0,"gold_gain":0,"player_choice":"Got Potions","damage_taken":0,"max_hp_gain":0,"max_hp_loss":0,"event_name":"Lab","floor":45,"gold_loss":0}],"is_beta":true,"boss_relics":[{"not_picked":["Cursed Key","Ectoplasm"],"picked":"Empty Cage"},{"not_picked":["Honey Jar","Snecko Eye"],"picked":"Replay:Drink Me"}],"items_purged_floors":[2,10,20,39],"is_endless":false,"potions_floor_spawned":[1,13,16,19,30,33,35,37,41,47,48],"ascension_level":4}}