{"host":"3oowddqpmj34xmzc","time":1613834983,"event":{"mods":["2.2 Compatiblity","Act Like it!","Arknights","Aspiration","BaseMod","CapriCore","Gensokyo","Gold Saver","GungeonMod","Koishi","Marisa£®ÏF”Í°°ƒß¿Ì…≥£©","Minty Spire (QoL Compilation)","Pale of the Ancients","Reimu£®≤©¿ˆ¡È√Œ£©","Relic Stats","Remilia£®¿Ÿ√◊¿Ú—«£©","Replay The Spire","Robot Space Explorer","Spicy Shops","StSLib","The Construct","The Gatherer","The Immortal","The Servant 0.9.4","Uncapped","Yakumo Yukari mod","Youmu£®ªÍ∆«—˝√Œ£©","[GremlinLeader]The Maniac"],"gold_per_floor":[915,926,926,946,956,987,999,1027,1108,1134,586,586,95,112,112,214,214,226,226,186,50,70,98,98,117,144,179,192,37,37,68,68,173,173,185,112,132,72,85,85,113,113,113,146,3,19,19,46,46,46,57,67,67,19,19,35,35,35,35,35],"floor_reached":61,"language":"ZHS","playtime":6688,"items_purged":["Clumsy","Pain"],"score":2240,"play_id":"52f4bac2-d1ab-41a8-adfc-41d062d4108c","local_time":"20210220232943","daily_mods":["SealedDeck"],"is_ascension_mode":true,"campfire_choices":[{"data":"Defy","floor":12.0,"key":"SMITH"},{"data":"Apotheosis","floor":15.0,"key":"SMITH"},{"data":"Solidify","floor":24.0,"key":"SMITH"},{"data":"Collapse","floor":32.0,"key":"PURGE"},{"data":"FanOfKnives","floor":40.0,"key":"PURGE"},{"data":"BottledTime","floor":47.0,"key":"SMITH"},{"data":"KillingDoll","floor":47.0,"key":"SMITH"},{"data":"Rearm","floor":49.0,"key":"SMITH"},{"data":"Hightail","floor":49.0,"key":"SMITH"},{"floor":55,"key":"REST"},{"data":"Defy","floor":57,"key":"PURGE"}],"circlet_count":0,"master_deck":["Rearm+1","Misdirection","DancingSilver","Ricochet","GearUp","SilverBlades","Defy+1","SilverBlades","Defy","Moonlight+1","ShiftingGears","BottledTime+1","Hightail+1","FlawlessForm","FastForward","Specialist","Apotheosis+1","SilverBlades","Defy","Solidify+1","StarChef","Contraction+1","Contraction","Starlight","Moondial","FanOfKnives","KillingDoll+1","SurpressingFire+1","Gensokyo:CustomPotion","Go for the Eyes","Aggregate+1","BottledTime+1","Rebound+1","Compile Driver","Hologram"],"relics":["Uniform","ReplayFunnel","Toy Ornithopter","Kunai","Bottled Flame","ReplayTheSpireMod:CursedCoin","aspiration:AnachronicSnailShell","Eternal Feather","Mummified Hand","RedLine:ReiMu","DemoMod:MeatBun","Peace Pipe","Dream Catcher","DemoMod:WhiteGuonStone","HandDrill","Replay:Arrowhead","aspiration:DefectSkillbook","MealTicket","DemoMod:Bottle","Replay:Bottled Steam","aspiration:TrustyKnives","DemoMod:SuperHotWatch","Mastiff:ReiMu","DemoMod:PoisonVial","paleoftheancients:Timepiece","Ice Cream","paleoftheancients:SoulOfTheWokeBloke","DemoMod:GlassGuonStoneRelic"],"acts_visited":["Gensokyo:Gensokyo","Gensokyo:Gensokyoer","Gensokyo:Gensokyoest","paleoftheancients:PaleOfTheAncients"],"potions_floor_usage":[51,51,51,51,51,51,60,60,60],"damage_taken":[{"damage":0.0,"enemies":"Gensokyo:3_Fairies","floor":1.0,"turns":3.0},{"damage":0.0,"enemies":"Gensokyo:Python","floor":2.0,"turns":4.0},{"damage":0.0,"enemies":"Gensokyo:2_Kodama","floor":4.0,"turns":2.0},{"damage":0.0,"enemies":"Gensokyo:2_Rabbits","floor":5.0,"turns":3.0},{"damage":0.0,"enemies":"Gensokyo:Cirno","floor":6.0,"turns":7.0},{"damage":4.0,"enemies":"Gensokyo:VengefulSpirit","floor":7.0,"turns":5.0},{"damage":0.0,"enemies":"Gensokyo:Mamizou","floor":8.0,"turns":7.0},{"damage":0.0,"enemies":"Gensokyo:Cirno","floor":10.0,"turns":7.0},{"damage":3.0,"enemies":"Gensokyo:3_Kodama","floor":14.0,"turns":4.0},{"damage":0.0,"enemies":"Gensokyo:Kokoro","floor":16.0,"turns":8.0},{"damage":4.0,"enemies":"Gensokyo:AngelMirror","floor":18.0,"turns":4.0},{"damage":0.0,"enemies":"Gensokyo:2_Gloops","floor":22.0,"turns":6.0},{"damage":12.0,"enemies":"Gensokyo:Tenshi","floor":23.0,"turns":4.0},{"damage":3.0,"enemies":"Gensokyo:Slime_Group","floor":25.0,"turns":6.0},{"damage":0.0,"enemies":"Gensokyo:Reisen","floor":27.0,"turns":5.0},{"damage":0.0,"enemies":"Gensokyo:Chomper_and_Gloop","floor":28.0,"turns":3.0},{"damage":2.0,"enemies":"Gensokyo:Tenshi","floor":31.0,"turns":3.0},{"damage":0.0,"enemies":"Gensokyo:Eternal_Rivals","floor":33.0,"turns":8.0},{"damage":0.0,"enemies":"Gensokyo:3_Boulders","floor":35.0,"turns":3.0},{"damage":5.0,"enemies":"Gensokyo:3_Bats","floor":37.0,"turns":3.0},{"damage":4.0,"enemies":"Gensokyo:Dusk_and_Dawn","floor":39.0,"turns":4.0},{"damage":1.0,"enemies":"Gensokyo:Kasen","floor":41.0,"turns":6.0},{"damage":3.0,"enemies":"Gensokyo:Marisa","floor":44.0,"turns":6.0},{"damage":0.0,"enemies":"Gensokyo:Sharpion","floor":46.0,"turns":5.0},{"damage":0.0,"enemies":"Gensokyo:Kasen","floor":48.0,"turns":4.0},{"damage":1.0,"enemies":"Gensokyo:Yuyuko","floor":50.0,"turns":5.0},{"damage":0,"enemies":"","floor":51,"turns":8},{"damage":39,"enemies":"","floor":52,"turns":5},{"damage":0,"enemies":"","floor":56,"turns":5},{"damage":0,"enemies":"paleoftheancients:N","floor":60,"turns":8}],"seed_played":"7732544568701117246","potions_obtained":[{"floor":5.0,"key":"EntropicBrew"},{"floor":6.0,"key":"Dexterity Potion"},{"floor":10.0,"key":"Adrenaline Potion"},{"floor":16.0,"key":"DemoMod:LeadSkinPotion"},{"floor":37.0,"key":"EssenceOfSteel"},{"floor":41.0,"key":"construct:ShiftPotion"},{"floor":52,"key":"SpeedPotion"},{"floor":56,"key":"PowerPotion"}],"is_trial":true,"path_per_floor":["M","M","?","M","M","E","M","E","T","E","$","R","$","M","R","B",null,"M","?","$","COS","M","E","R","M","T","E","M","$","?","E","R","B",null,"M","$","M","?","M","R","E","$","T","E","$","M","R","E","R","B","M","M","?","$","R","M","R","$","?","B",null],"character_chosen":"THE_SERVANT","items_purchased":["ReplayTheSpireMod:CursedCoin","Specialist","aspiration:AnachronicSnailShell","Eternal Feather","Apotheosis","Mummified Hand","SilverBlades","StarChef","HandDrill","MealTicket","DemoMod:SuperHotWatch","Mastiff:ReiMu","DemoMod:LeadSkinPotion"],"campfire_rested":1,"item_purchase_floors":[11,11,11,11,13,13,13,20,29,36,45,45,54],"current_hp_per_floor":[59,59,59,59,59,59,55,55,55,55,55,64,64,61,65,65,65,61,65,65,65,65,53,65,62,62,62,62,62,62,60,65,65,65,65,65,60,60,56,65,64,65,65,62,65,65,65,65,65,68,68,29,29,44,68,68,68,68,68,68],"gold":35,"neow_bonus":"","is_daily":false,"chose_seed":false,"campfire_upgraded":7,"win_rate":0.0,"timestamp":1613834983,"path_taken":["M","M","?","M","M","E","M","E","T","E","$","R","$","M","R","BOSS","M","?","?","COS","M","E","R","M","T","E","M","$","?","E","R","BOSS","M","?","?","?","M","R","E","?","T","E","?","?","R","E","R","BOSS","M","M","?","$","R","M","R","$","?","BOSS"],"items_purchased_type":["Relic","Card","Relic","Relic","Card","Relic","Card","Card","Relic","Relic","Relic","Relic","Undefined"],"build_version":"2020-12-22","purchased_purges":2,"victory":true,"max_hp_per_floor":[65,65,65,65,65,65,65,65,65,65,65,65,65,65,65,65,65,65,65,65,65,65,65,65,65,65,65,65,65,65,65,65,65,65,65,65,65,65,65,65,65,65,65,65,65,65,65,65,65,68,68,68,68,68,68,68,68,68,68,68],"relic_stats":{"Peace Pipe":3,"Dream Catcher":1,"counters":[30,149],"Mummified Hand":[131],"Eternal Feather":60,"MealTicket":19,"HandDrill":[32],"Kunai":[16],"obtain_stats":[{"ReplayFunnel":6,"Ice Cream":50,"DemoMod:PoisonVial":48,"DemoMod:GlassGuonStoneRelic":5,"Uniform":0,"DemoMod:WhiteGuonStone":27,"RedLine:ReiMu":17,"DemoMod:SuperHotWatch":45,"Dream Catcher":26,"aspiration:DefectSkillbook":34,"Mummified Hand":13,"Mastiff:ReiMu":45,"aspiration:AnachronicSnailShell":11,"MealTicket":36,"HandDrill":29,"Kunai":9,"Replay:Bottled Steam":43,"ReplayTheSpireMod:CursedCoin":11,"Eternal Feather":11,"aspiration:TrustyKnives":44,"Replay:Arrowhead":31,"Peace Pipe":23,"paleoftheancients:Timepiece":50,"Bottled Flame":10,"DemoMod:MeatBun":21,"paleoftheancients:SoulOfTheWokeBloke":51,"DemoMod:Bottle":41,"Toy Ornithopter":8},{"ReplayFunnel":5,"Ice Cream":26,"DemoMod:PoisonVial":25,"DemoMod:GlassGuonStoneRelic":4,"Uniform":0,"DemoMod:WhiteGuonStone":15,"RedLine:ReiMu":10,"DemoMod:SuperHotWatch":23,"Dream Catcher":14,"aspiration:DefectSkillbook":18,"Mummified Hand":8,"Mastiff:ReiMu":23,"aspiration:AnachronicSnailShell":8,"MealTicket":19,"HandDrill":16,"Kunai":7,"Replay:Bottled Steam":22,"ReplayTheSpireMod:CursedCoin":8,"Eternal Feather":8,"aspiration:TrustyKnives":23,"Replay:Arrowhead":17,"Peace Pipe":13,"paleoftheancients:Timepiece":26,"Bottled Flame":8,"DemoMod:MeatBun":11,"paleoftheancients:SoulOfTheWokeBloke":27,"DemoMod:Bottle":22,"Toy Ornithopter":7},{"ReplayFunnel":19,"Ice Cream":123,"DemoMod:PoisonVial":118,"DemoMod:GlassGuonStoneRelic":12,"Uniform":0,"DemoMod:WhiteGuonStone":75,"RedLine:ReiMu":50,"DemoMod:SuperHotWatch":109,"Dream Catcher":70,"aspiration:DefectSkillbook":89,"Mummified Hand":38,"Mastiff:ReiMu":109,"aspiration:AnachronicSnailShell":38,"MealTicket":92,"HandDrill":78,"Kunai":31,"Replay:Bottled Steam":103,"ReplayTheSpireMod:CursedCoin":38,"Eternal Feather":38,"aspiration:TrustyKnives":109,"Replay:Arrowhead":81,"Peace Pipe":64,"paleoftheancients:Timepiece":123,"Bottled Flame":38,"DemoMod:MeatBun":54,"paleoftheancients:SoulOfTheWokeBloke":131,"DemoMod:Bottle":103,"Toy Ornithopter":31}],"Toy Ornithopter":0},"card_choices":[{"not_picked":["ShatteredReality","Comet"],"picked":"Defy","floor":1.0},{"not_picked":["Unruled","TimeTheft","Replace"],"picked":"SKIP","floor":2.0},{"not_picked":["Rearm","Spin","Foresight"],"picked":"SKIP","floor":4.0},{"not_picked":["Replace","Potential"],"picked":"ShiftingGears","floor":5.0},{"not_picked":["Duplication","Rewind"],"picked":"BottledTime","floor":6.0},{"not_picked":["Starlight","DoubleEdge"],"picked":"Hightail","floor":7.0},{"not_picked":["BottledTime","Replace"],"picked":"FlawlessForm","floor":8.0},{"not_picked":["Revamp","Starlight"],"picked":"FastForward","floor":10.0},{"not_picked":["Spin","Sabotage"],"picked":"Defy","floor":14.0},{"not_picked":["FlawlessForm","SilverMatrix"],"picked":"Solidify","floor":16.0},{"not_picked":["Ricochet","Rewind+1"],"picked":"Collapse","floor":18.0},{"not_picked":["DancingSilver+1","SurpressingFire+1"],"picked":"Contraction+1","floor":22.0},{"not_picked":["BottledTime","Ricochet+1"],"picked":"Contraction","floor":23.0},{"not_picked":["Gouge","Ricochet+1"],"picked":"Starlight","floor":25.0},{"not_picked":["InstantArmor","Revamp"],"picked":"Moondial","floor":27.0},{"not_picked":["Unruled+1","Revamp"],"picked":"FanOfKnives","floor":28.0},{"not_picked":["Potential","Foresight+1","BestPractice"],"picked":"SKIP","floor":31.0},{"not_picked":["FlawlessForm","Initiator"],"picked":"KillingDoll","floor":33.0},{"not_picked":["Melter","Rebound","Cold Snap+1"],"picked":"SurpressingFire+1","floor":35.0},{"not_picked":["Recycle","Coolheaded+1","Steam Power","Defy"],"picked":"SKIP","floor":37.0},{"not_picked":["Redo+1","Beam Cell+1","Barrage+1","Spin+1"],"picked":"SKIP","floor":39.0},{"not_picked":["ShatteredReality","Manipulate+1","Compile Driver"],"picked":"Go for the Eyes","floor":41.0},{"not_picked":["ReplayTheSpireMod:Omega Cannon","Go for the Eyes","DoubleEdge"],"picked":"Aggregate+1","floor":44.0},{"not_picked":["ShatteredReality+1","Spin","Unruled"],"picked":"BottledTime+1","floor":46.0},{"not_picked":["ReturningBlade+1","Ball Lightning","Barrage","StarChef"],"picked":"SKIP","floor":48.0},{"not_picked":["Glacier","Defragment","Ball Lightning+1"],"picked":"Rebound+1","floor":51},{"not_picked":["Potential","Scrape+1","Force Field"],"picked":"Compile Driver","floor":52},{"not_picked":["Defy+1","Gash","Sweeping Beam+1"],"picked":"Hologram","floor":55},{"not_picked":["Static Discharge","Reset+1","Read","Tempest"],"picked":"SKIP","floor":56}],"player_experience":237449,"relics_obtained":[{"floor":6.0,"key":"ReplayFunnel"},{"floor":8.0,"key":"Toy Ornithopter"},{"floor":9.0,"key":"Kunai"},{"floor":10.0,"key":"Bottled Flame"},{"floor":23.0,"key":"Peace Pipe"},{"floor":26.0,"key":"Dream Catcher"},{"floor":27.0,"key":"DemoMod:WhiteGuonStone"},{"floor":31.0,"key":"Replay:Arrowhead"},{"floor":41.0,"key":"DemoMod:Bottle"},{"floor":43.0,"key":"Replay:Bottled Steam"},{"floor":44.0,"key":"aspiration:TrustyKnives"},{"floor":48.0,"key":"DemoMod:PoisonVial"},{"floor":51,"key":"paleoftheancients:SoulOfTheWokeBloke"}],"event_choices":[],"is_beta":false,"boss_relics":[{"not_picked":["ReplayTheSpireMod:DimensionalGlitch","Replay:Grab Bag"],"picked":"RedLine:ReiMu"},{"not_picked":["Replay:Ancient Bell","Empty Cage"],"picked":"aspiration:DefectSkillbook"}],"items_purged_floors":[11,13],"is_endless":false,"potions_floor_spawned":[5,6,10,14,16,22,25,27,35,37,41,44,48,52,56],"ascension_level":8}}