{"host":"m6rwrrl4vtok99e8","time":1613801318,"event":{"mods":["ATMod(??Mod)","Act Like it!","Aspiration","BaseMod","Colored Powertips","Downfall","Energized Spire","GungeonMod","Hermit","Jedi Mod","Koishi","LagranYue(???·?)","Lobotomy","Luminous","Marisa????????","Minty Spire (QoL Compilation)","Pale of the Ancients","Quick Restart","Relic Stats","Reliquary","Remilia??????","Replay The Spire","Spicy Shops","StSLib","TestMod","The Servant 0.9.4","Waifu the Spire","Yakumo Yukari mod","??????REMEMod"],"gold_per_floor":[112,128,128,147,97,130,130,162,162,175,175,192,117,131,131,233,233,244,244,244,784,794,794,288,308,308,326,326,343,361,374,374,469,469,480,497,554,146,159,159,490,490,490,501,441,461,487,499,499,499,518,530,530,114,114,132,132,132,132,132],"floor_reached":61,"language":"ZHS","playtime":2560,"items_purged":["hermit:Defend_Hermit","hermit:Strike_Hermit","hermit:Strike_Hermit","hermit:Defend_Hermit"],"score":1899,"play_id":"94f1fba1-b4ed-46ce-a919-cd54ff190021","local_time":"20210220140838","is_ascension_mode":false,"campfire_choices":[{"floor":7.0,"key":"REST"},{"floor":11.0,"key":"REST"},{"floor":15.0,"key":"REST"},{"floor":23.0,"key":"REST"},{"floor":28.0,"key":"REST"},{"floor":32.0,"key":"REST"},{"data":"REME_PuzzleBox","floor":40.0,"key":"SMITH"},{"data":"hermit:EternalForm","floor":42.0,"key":"SMITH"},{"data":"hermit:Purgatory","floor":49.0,"key":"SMITH"},{"floor":55.0,"key":"RECALL"},{"data":"Infinite Blades","floor":57.0,"key":"SMITH"}],"circlet_count":0,"master_deck":["hermit:Strike_Hermit+1","hermit:Defend_Hermit+1","hermit:Defend_Hermit","hermit:Snapshot","hermit:Covet+1","Hidden Blade","hermit:Defend_Hermit","Cloak And Dagger","Infinite Blades+1","hermit:HighNoon+1","hermit:ImpendingDoom","Clumsy","Writhe","Shame","hermit:Reprieve","hermit:LoneWolf+1","hermit:EternalForm+1","ReplayTheSpireMod:Splinters","REME_PuzzleBox+1","hermit:Purgatory+1","Regret","downfall:Icky"],"relics":["hermit:Momento","testmod-TestBox","REME_ComplimentaryCards","LagranYue:RandomDrawCardRelic","testmod-ObsoleteBoomerang","aspiration:Nostalgia","m_SlimeRing","Question Card","reliquary:Buckler","Incense Burner","Replay:Ancient Bell","LagranYue:MagicReflectiveArmorRelic","AT_TimeSand","testmod-Brilliant","AT_ATBox","AT_BladeRuinedKing","reliquary:FingerTrap","reliquary:Buckler","AT_RedTearstoneRing","testmod-TimeTraveler","reliquary:Vitrine","ClockworkSouvenir","DemoMod:ClearGuonStone","Old Coin","testmod-HeartOfStrike","Replay:Bottled Snecko","paleoftheancients:Timepiece","paleoftheancients:KeyRelic","CultistMask","paleoftheancients:SoulOfTheSilent","ReplayTheSpireMod:CursedCoin","DemoMod:GreenGuonStone","aspiration:SeaSaltIceCream","Runic Pyramid"],"acts_visited":["Exordium","TheCity","TheBeyond","paleoftheancients:PaleOfTheAncients"],"potions_floor_usage":[60,60,60],"damage_taken":[{"damage":7.0,"enemies":"Small Slimes","floor":1.0,"turns":3.0},{"damage":6.0,"enemies":"Cultist","floor":2.0,"turns":3.0},{"damage":10.0,"enemies":"Jaw Worm","floor":4.0,"turns":2.0},{"damage":18.0,"enemies":"Replay:BlueRogue","floor":6.0,"turns":5.0},{"damage":39.0,"enemies":"3 Sentries","floor":8.0,"turns":6.0},{"damage":0.0,"enemies":"2 Fungi Beasts","floor":10.0,"turns":1.0},{"damage":1.0,"enemies":"Blue Slaver","floor":12.0,"turns":2.0},{"damage":0.0,"enemies":"Looter","floor":14.0,"turns":2.0},{"damage":42.0,"enemies":"Slime Boss","floor":16.0,"turns":6.0},{"damage":1.0,"enemies":"Chosen","floor":18.0,"turns":3.0},{"damage":0.0,"enemies":"3 Byrds","floor":22.0,"turns":1.0},{"damage":28.0,"enemies":"Snake Plant","floor":25.0,"turns":3.0},{"damage":0.0,"enemies":"Chosen and Byrds","floor":27.0,"turns":3.0},{"damage":32.0,"enemies":"Centurion and Healer","floor":29.0,"turns":3.0},{"damage":0.0,"enemies":"Snake Plant","floor":30.0,"turns":2.0},{"damage":25.0,"enemies":"Snecko","floor":31.0,"turns":4.0},{"damage":17.0,"enemies":"Pondfish","floor":33.0,"turns":5.0},{"damage":0.0,"enemies":"Orb Walker","floor":35.0,"turns":2.0},{"damage":0.0,"enemies":"3 Shapes","floor":36.0,"turns":1.0},{"damage":0.0,"enemies":"Transient","floor":39.0,"turns":5.0},{"damage":0.0,"enemies":"R_Hoarder","floor":41.0,"turns":2.0},{"damage":0.0,"enemies":"3 Darklings","floor":44.0,"turns":1.0},{"damage":0.0,"enemies":"Writhing Mass","floor":46.0,"turns":1.0},{"damage":0.0,"enemies":"Nemesis","floor":47.0,"turns":5.0},{"damage":0.0,"enemies":"Jaw Worm Horde","floor":48.0,"turns":1.0},{"damage":26.0,"enemies":"Awakened One","floor":50.0,"turns":9.0},{"damage":0.0,"enemies":"Awakened One","floor":51.0,"turns":4.0},{"damage":11.0,"enemies":"Awakened One","floor":52.0,"turns":3.0},{"damage":0.0,"enemies":"Awakened One","floor":56.0,"turns":1.0},{"damage":91,"enemies":"paleoftheancients:N","floor":60,"turns":6}],"seed_played":"2917675462654052571","potions_obtained":[{"floor":4.0,"key":"Dexterity Potion"},{"floor":6.0,"key":"SpeedPotion"},{"floor":8.0,"key":"DuplicationPotion"},{"floor":29.0,"key":"Strength Potion"},{"floor":30.0,"key":"AttackPotion"},{"floor":31.0,"key":"Strength Potion"},{"floor":33.0,"key":"Weak Potion"},{"floor":39.0,"key":"Strength Potion"},{"floor":41.0,"key":"Strength Potion"},{"floor":47.0,"key":"DemoMod:LeadSkinPotion"}],"is_trial":false,"path_per_floor":["M","M","?","M","?","E","R","E","T","M","R","M","$","M","R","B",null,"M","?","?","?","M","R","$","M","T","M","R","M","M","M","R","B",null,"M","M","?","$","M","R","E","R","T","M","?","M","E","M","R","B","M","M","?","$","R","M","R","T","?","B",null],"character_chosen":"HERMIT","items_purchased":["AT_BladeRuinedKing","reliquary:FingerTrap","reliquary:SculptingSteel","ClockworkSouvenir","DemoMod:ClearGuonStone","REME_PuzzleBox","ReplayTheSpireMod:CursedCoin","DemoMod:GreenGuonStone"],"campfire_rested":6,"item_purchase_floors":[24,24,24,38,38,38,54,54],"current_hp_per_floor":[68,62,62,52,52,34,56,17,17,17,39,38,38,38,60,18,75,74,74,74,17,17,39,39,11,11,11,33,13,17,12,34,29,75,75,75,75,75,75,75,75,75,75,75,75,75,75,75,75,75,75,75,75,75,75,75,75,75,75,10],"gold":132,"neow_bonus":"NOSTALGIA","is_daily":false,"chose_seed":false,"campfire_upgraded":4,"win_rate":0.0,"timestamp":1613801318,"path_taken":["M","M","?","?","?","E","R","E","T","M","R","M","$","?","R","BOSS","M","?","?","?","M","R","$","M","T","M","R","M","?","M","R","BOSS","M","M","?","$","M","R","E","R","T","?","?","M","E","?","R","BOSS","M","M","?","$","R","M","R","T","?","BOSS"],"items_purchased_type":["Relic","Relic","Relic","Relic","Relic","Card","Relic","Relic"],"build_version":"2020-12-22","purchased_purges":4,"victory":true,"max_hp_per_floor":[75,75,75,75,75,75,75,75,75,75,75,75,75,75,75,75,75,75,75,75,75,75,75,75,75,75,75,75,75,75,75,75,75,75,75,75,75,75,75,75,75,75,75,75,75,75,75,75,75,75,75,75,75,75,75,75,75,75,75,75],"relic_stats":{"counters":[30,95],"Question Card":41,"obtain_stats":[{"DemoMod:GreenGuonStone":54,"testmod-HeartOfStrike":43,"AT_ATBox":0,"LagranYue:RandomDrawCardRelic":0,"DemoMod:GlassGuonStoneRelic":2,"Incense Burner":8,"AT_TimeSand":17,"LagranYue:MagicReflectiveArmorRelic":17,"ClockworkSouvenir":38,"Old Coin":41,"testmod-Brilliant":17,"m_SlimeRing":0,"testmod-ObsoleteBoomerang":0,"reliquary:Buckler":6,"reliquary:FingerTrap":24,"Replay:Bottled Snecko":47,"reliquary:Vitrine":37,"DemoMod:ClearGuonStone":38,"Runic Pyramid":58,"AT_RedTearstoneRing":26,"paleoftheancients:KeyRelic":50,"testmod-TestBox":0,"testmod-TimeTraveler":34,"aspiration:Nostalgia":0,"ReplayTheSpireMod:CursedCoin":54,"AT_BladeRuinedKing":24,"Replay:Ancient Bell":17,"aspiration:SeaSaltIceCream":58,"Question Card":3,"paleoftheancients:Timepiece":50,"reliquary:SculptingSteel":24,"CultistMask":50,"paleoftheancients:SoulOfTheSilent":51,"hermit:Momento":0,"REME_ComplimentaryCards":0},{"DemoMod:GreenGuonStone":28,"testmod-HeartOfStrike":21,"AT_ATBox":0,"LagranYue:RandomDrawCardRelic":0,"DemoMod:GlassGuonStoneRelic":2,"Incense Burner":5,"AT_TimeSand":9,"LagranYue:MagicReflectiveArmorRelic":9,"ClockworkSouvenir":19,"Old Coin":21,"testmod-Brilliant":9,"m_SlimeRing":0,"testmod-ObsoleteBoomerang":0,"reliquary:Buckler":4,"reliquary:FingerTrap":11,"Replay:Bottled Snecko":24,"reliquary:Vitrine":19,"DemoMod:ClearGuonStone":19,"Runic Pyramid":29,"AT_RedTearstoneRing":12,"paleoftheancients:KeyRelic":26,"testmod-TestBox":0,"testmod-TimeTraveler":17,"aspiration:Nostalgia":0,"ReplayTheSpireMod:CursedCoin":28,"AT_BladeRuinedKing":11,"Replay:Ancient Bell":9,"aspiration:SeaSaltIceCream":29,"Question Card":2,"paleoftheancients:Timepiece":26,"reliquary:SculptingSteel":11,"CultistMask":26,"paleoftheancients:SoulOfTheSilent":27,"hermit:Momento":0,"REME_ComplimentaryCards":0},{"DemoMod:GreenGuonStone":88,"testmod-HeartOfStrike":64,"AT_ATBox":0,"LagranYue:RandomDrawCardRelic":0,"DemoMod:GlassGuonStoneRelic":6,"Incense Burner":19,"AT_TimeSand":30,"LagranYue:MagicReflectiveArmorRelic":30,"ClockworkSouvenir":57,"Old Coin":64,"testmod-Brilliant":30,"m_SlimeRing":0,"testmod-ObsoleteBoomerang":0,"reliquary:Buckler":13,"reliquary:FingerTrap":34,"Replay:Bottled Snecko":71,"reliquary:Vitrine":57,"DemoMod:ClearGuonStone":57,"Runic Pyramid":89,"AT_RedTearstoneRing":37,"paleoftheancients:KeyRelic":81,"testmod-TestBox":0,"testmod-TimeTraveler":54,"aspiration:Nostalgia":0,"ReplayTheSpireMod:CursedCoin":88,"AT_BladeRuinedKing":34,"Replay:Ancient Bell":30,"aspiration:SeaSaltIceCream":89,"Question Card":6,"paleoftheancients:Timepiece":81,"reliquary:SculptingSteel":34,"CultistMask":81,"paleoftheancients:SoulOfTheSilent":85,"hermit:Momento":0,"REME_ComplimentaryCards":0}]},"card_choices":[{"not_picked":["hermit:Cheat","hermit:Feint"],"picked":"Hidden Blade","floor":1.0},{"not_picked":["hermit:BodyArmor","hermit:Ricochet"],"picked":"hermit:Misfire","floor":2.0},{"not_picked":["hermit:Feint","hermit:Desperado","hermit:TrackingShot","hermit:Headshot"],"picked":"SKIP","floor":4.0},{"not_picked":["hermit:BigShot","hermit:Ricochet","hermit:CalledShot","hermit:Shortfuse"],"picked":"SKIP","floor":6.0},{"not_picked":["hermit:Virtue","hermit:Scavenge","Slimebound:SlimeSpikes","hermit:ItchyTrigger"],"picked":"SKIP","floor":8.0},{"not_picked":["hermit:Enervate","hermit:HoleUp","hermit:LoneWolf","hermit:Virtue"],"picked":"SKIP","floor":10.0},{"not_picked":["hermit:Enervate","hermit:Glare","hermit:PistolWhip"],"picked":"Cloak And Dagger","floor":12.0},{"not_picked":["hermit:GhostlyPresence","Slimebound:Recollect","hermit:WideOpen"],"picked":"Infinite Blades","floor":14.0},{"not_picked":["hermit:Purgatory","hermit:DeadOrAlive","Storm of Steel"],"picked":"hermit:HighNoon","floor":16.0},{"not_picked":["ReplayTheSpireMod:Restless Dread","Amnesia","ReplayTheSpireMod:Doomed"],"picked":"hermit:ImpendingDoom","floor":17.0},{"not_picked":["Replay:Sluggish","Languid","Wrath_TH"],"picked":"Clumsy","floor":17.0},{"not_picked":["Decay","Amnesia","jedi:BattleThirst"],"picked":"Writhe","floor":17.0},{"not_picked":["hermit:Dive","hermit:HighCaliber","hermit:Ricochet+1","hermit:ItchyTrigger+1"],"picked":"SKIP","floor":18.0},{"not_picked":["hermit:TrackingShot","hermit:HighCaliber+1","hermit:Roulette","hermit:ItchyTrigger"],"picked":"SKIP","floor":22.0},{"not_picked":["hermit:Misfire","hermit:BodyArmor","hermit:CalledShot","hermit:LowProfile+1"],"picked":"SKIP","floor":25.0},{"not_picked":["hermit:SprayPray","hermit:Feint","hermit:ItchyTrigger"],"picked":"hermit:Reprieve","floor":27.0},{"not_picked":["hermit:Roulette","hermit:CalledShot+1","hermit:Coalescence+1","hermit:Feint"],"picked":"SKIP","floor":29.0},{"not_picked":["hermit:TrackingShot","hermit:Spite","hermit:Manifest+1"],"picked":"hermit:LoneWolf+1","floor":30.0},{"not_picked":["hermit:TakeCover+1","hermit:Snipe","hermit:HoleUp"],"picked":"hermit:EternalForm","floor":31.0},{"not_picked":["hermit:Gambit","hermit:Magnum","hermit:Adapt"],"picked":"hermit:Dissolve","floor":33.0},{"not_picked":["hermit:Dive+1","hermit:WideOpen+1","hermit:Misfire","hermit:Scavenge+1"],"picked":"SKIP","floor":35.0},{"not_picked":["hermit:ItchyTrigger","hermit:Feint","hermit:CursedWeapon","hermit:HoleUp+1"],"picked":"SKIP","floor":36.0},{"not_picked":["hermit:TrackingShot+1","hermit:SprayPray","hermit:CursedWeapon+1","hermit:DeadMansHand+1"],"picked":"SKIP","floor":39.0},{"not_picked":["hermit:Showdown+1","hermit:Ricochet+1","hermit:Glare+1","hermit:TrackingShot","hermit:Coalescence"],"picked":"SKIP","floor":41.0},{"not_picked":["hermit:Dissolve","hermit:Roulette","hermit:Manifest+1","hermit:BodyArmor+1"],"picked":"SKIP","floor":44.0},{"not_picked":["hermit:Malice+1","hermit:Misfire","hermit:CursedWeapon","hermit:Cheat"],"picked":"SKIP","floor":46.0},{"not_picked":["hermit:DeadOrAlive","hermit:LoneWolf+1","hermit:FullyLoaded"],"picked":"hermit:Purgatory","floor":47.0},{"not_picked":["hermit:Snipe+1","hermit:Ricochet","Slimebound:Nibble","hermit:HoleUp+1"],"picked":"SKIP","floor":48.0},{"not_picked":["hermit:DeadMansHand","hermit:Cheat","hermit:Glare+1","hermit:HighCaliber"],"picked":"SKIP","floor":51.0},{"not_picked":["hermit:Cheat","hermit:EyeOfTheStorm+1","hermit:Feint+1","hermit:GoldenBullet+1"],"picked":"SKIP","floor":52.0},{"not_picked":["hermit:CalledShot+1","hermit:LuckOfTheDraw","hermit:FatalDesire","hermit:Scavenge+1"],"picked":"SKIP","floor":56.0}],"player_experience":49847,"relics_obtained":[{"floor":6.0,"key":"reliquary:Buckler"},{"floor":8.0,"key":"Incense Burner"},{"floor":26.0,"key":"AT_RedTearstoneRing"},{"floor":37.0,"key":"reliquary:Vitrine"},{"floor":41.0,"key":"Old Coin"},{"floor":43.0,"key":"testmod-HeartOfStrike"},{"floor":47.0,"key":"Replay:Bottled Snecko"},{"floor":51.0,"key":"paleoftheancients:SoulOfTheSilent"},{"floor":52.0,"key":"paleoftheancients:SoulOfTheGuardian"},{"floor":58.0,"key":"aspiration:SeaSaltIceCream"}],"event_choices":[{"cards_removed":["hermit:Misfire"],"damage_healed":0.0,"max_hp_gain":0.0,"max_hp_loss":0.0,"gold_gain":0.0,"event_name":"WeMeetAgain","player_choice":"Gave Card","floor":3.0,"gold_loss":0.0,"damage_taken":0.0,"relics_obtained":["Question Card"]},{"damage_healed":0.0,"max_hp_gain":0.0,"max_hp_loss":0.0,"gold_gain":0.0,"event_name":"Vampires","player_choice":"Ignored","floor":19.0,"gold_loss":0.0,"damage_taken":0.0},{"damage_healed":0.0,"max_hp_gain":0.0,"max_hp_loss":0.0,"gold_gain":0.0,"event_name":"??????","player_choice":"Swap Relic","floor":20.0,"relics_lost":["AT_ATBox"],"gold_loss":0.0,"damage_taken":0.0,"relics_obtained":["AT_ATBox"]},{"damage_healed":0.0,"max_hp_gain":0.0,"max_hp_loss":0.0,"gold_gain":540.0,"event_name":"Knowing Skull","player_choice":"GOLD GOLD GOLD GOLD GOLD GOLD ","floor":21.0,"potions_obtained":[],"gold_loss":0.0,"damage_taken":57.0,"cards_obtained":[]},{"cards_removed":["hermit:Strike_Hermit"],"damage_healed":0.0,"max_hp_gain":0.0,"max_hp_loss":0.0,"gold_gain":0.0,"event_name":"Designer","player_choice":"Single Remove","floor":45.0,"gold_loss":60.0,"damage_taken":0.0}],"is_beta":false,"boss_relics":[{"not_picked":["energizedSpire:SpiderWeb","reliquary:Ember"],"picked":"Replay:Ancient Bell"},{"not_picked":["DemoMod:Metronome","reliquary:SilkGlove"],"picked":"LagranYue:MagicReflectiveArmorRelic"},{"not_picked":["Eternal Feather","Replay:Bottled Steam"],"picked":"AT_TimeSand"},{"not_picked":["DemoMod:VorpalBullet","DemoMod:Antibody"],"picked":"testmod-Brilliant"},{"not_picked":["aspiration:SecretTechniqueScroll","Kintsugi"],"picked":"testmod-TimeTraveler"}],"items_purged_floors":[13,24,54,54],"is_endless":false,"potions_floor_spawned":[4,6,8,25,29,30,31,33,39,41,44,47,52],"ascension_level":0}}