{"host":"v86vpwf004p2esb7","time":1613815622,"event":{"mods":["AchievementEnabler","BaseMod","BetterRewards","Colored Powertips","Minty Spire (QoL Compilation)","Quick Restart","StSLib","Transform Curses"],"gold_per_floor":[116,116,116,135,151,182,152,152,152,177,189,189,209,219,219,324,324,334,354,370,150,161,161,187,187,187,213,213,128,128,143,143,248,248,261,261,132,182,47,47,75,92,92,123,151,182,45,70,70,70,70,70,9,39,39],"floor_reached":56,"language":"ENG","playtime":2159,"items_purged":["Pain"],"score":1864,"play_id":"d6cc1cc0-6854-4c8f-839e-0bd1e7b4f9b5","local_time":"20210220020702","is_ascension_mode":true,"campfire_choices":[{"data":"Cloak And Dagger","floor":8,"key":"SMITH"},{"floor":12,"key":"RECALL"},{"data":"Adrenaline","floor":15,"key":"SMITH"},{"data":"Cloak And Dagger","floor":23,"key":"SMITH"},{"data":"Infinite Blades","floor":25,"key":"SMITH"},{"data":"Bane","floor":28,"key":"SMITH"},{"floor":32,"key":"REST"},{"data":"1","floor":40,"key":"LIFT"},{"data":"2","floor":49,"key":"LIFT"},{"data":"3","floor":52,"key":"LIFT"}],"circlet_count":0,"master_deck":["Strike_G","Strike_G","Strike_G","Strike_G","Strike_G","Defend_G","Defend_G","Defend_G","Defend_G","Defend_G","Survivor","Neutralize","Blade Dance","Adrenaline+1","Infinite Blades+1","Bane+1","All Out Attack","Blade Dance","Cloak And Dagger+1","Accuracy+1","Infinite Blades+1","Cloak And Dagger+1","Poisoned Stab","After Image+1","Finisher+1","Distraction+1","Poisoned Stab+1","Noxious Fumes+1","Poisoned Stab","Setup+1","Flechettes+1","Die Die Die","Calculated Gamble+1","Burst+1","Noxious Fumes+1","Terror+1","Cloak And Dagger+1","Finisher+1","Bane+1","Tools of the Trade+1","Noxious Fumes+1","Backstab","Caltrops+1","Deadly Poison+1","Night Terror+1","Accuracy+1","Blade Dance+1","Finisher"],"relics":["Ring of the Snake","Membership Card","MealTicket","Ice Cream","WingedGreaves","Tough Bandages","Frozen Egg 2","HornCleat","CaptainsWheel","SlaversCollar","Turnip","Toxic Egg 2","Shuriken","Potion Belt","Blue Candle","WarpedTongs","WristBlade","Girya","Kunai","Unceasing Top","Snake Skull","Bronze Scales","Happy Flower","Anchor","Ancient Tea Set","Oddly Smooth Stone"],"acts_visited":["Exordium","TheCity","TheBeyond","TheEnding"],"potions_floor_usage":[10,10,10,14,33,55,55,55,55,55],"damage_taken":[{"damage":0,"enemies":"2 Louse","floor":1,"turns":2},{"damage":3,"enemies":"Small Slimes","floor":4,"turns":3},{"damage":1,"enemies":"Cultist","floor":5,"turns":3},{"damage":20,"enemies":"3 Sentries","floor":6,"turns":8},{"damage":0,"enemies":"Gremlin Nob","floor":10,"turns":2},{"damage":0,"enemies":"Blue Slaver","floor":11,"turns":3},{"damage":0,"enemies":"Looter","floor":13,"turns":3},{"damage":0,"enemies":"Red Slaver","floor":14,"turns":4},{"damage":9,"enemies":"Hexaghost","floor":16,"turns":6},{"damage":2,"enemies":"3 Byrds","floor":18,"turns":4},{"damage":0,"enemies":"Chosen","floor":19,"turns":2},{"damage":0,"enemies":"Shelled Parasite and Fungi","floor":20,"turns":5},{"damage":0,"enemies":"Snake Plant","floor":22,"turns":4},{"damage":24,"enemies":"Book of Stabbing","floor":24,"turns":5},{"damage":0,"enemies":"Gremlin Leader","floor":27,"turns":4},{"damage":15,"enemies":"Centurion and Healer","floor":31,"turns":4},{"damage":40,"enemies":"Collector","floor":33,"turns":7},{"damage":14,"enemies":"3 Shapes","floor":35,"turns":2},{"damage":0,"enemies":"Mind Bloom Boss Battle","floor":38,"turns":3},{"damage":7,"enemies":"Giant Head","floor":41,"turns":5},{"damage":1,"enemies":"3 Darklings","floor":42,"turns":3},{"damage":0,"enemies":"Reptomancer","floor":44,"turns":3},{"damage":0,"enemies":"Giant Head","floor":45,"turns":4},{"damage":0,"enemies":"Reptomancer","floor":46,"turns":4},{"damage":0,"enemies":"Giant Head","floor":48,"turns":3},{"damage":9,"enemies":"Donu and Deca","floor":50,"turns":4},{"damage":13,"enemies":"Shield and Spear","floor":54,"turns":4},{"damage":29,"enemies":"The Heart","floor":55,"turns":5}],"seed_played":"7740076335273031423","potions_obtained":[{"floor":4,"key":"Explosive Potion"},{"floor":7,"key":"FearPotion"},{"floor":7,"key":"SteroidPotion"},{"floor":10,"key":"Block Potion"},{"floor":14,"key":"BlessingOfTheForge"},{"floor":22,"key":"BlessingOfTheForge"},{"floor":24,"key":"Regen Potion"},{"floor":27,"key":"Poison Potion"},{"floor":33,"key":"Block Potion"},{"floor":35,"key":"Block Potion"},{"floor":48,"key":"Dexterity Potion"}],"is_trial":false,"path_per_floor":["M","?","?","M","M","E","?","R","T","E","M","R","M","M","R","B",null,"M","M","M","$","M","R","E","R","T","E","R","?","?","M","R","B",null,"M","?","$","?","$","R","E","M","T","E","E","E","$","E","R","B",null,"R","$","E","B",null],"character_chosen":"THE_SILENT","items_purchased":["Membership Card","MealTicket","Ice Cream","Blade Dance","Adrenaline","Infinite Blades","Turnip","Noxious Fumes+1","Poisoned Stab","Burst+1","Noxious Fumes+1","Kunai","Cloak And Dagger+1","Anchor","Caltrops+1","Deadly Poison+1","Accuracy+1","Blade Dance+1"],"campfire_rested":1,"item_purchase_floors":[0,0,0,0,0,0,21,21,21,37,37,39,39,47,47,47,53,53],"current_hp_per_floor":[38,38,61,58,57,37,37,37,37,37,37,37,37,37,37,28,60,58,58,58,70,70,70,46,46,46,46,46,46,46,31,52,12,56,42,42,57,57,70,70,63,62,62,62,62,62,70,70,70,61,68,68,70,57,42],"gold":39,"neow_bonus":"","is_daily":false,"chose_seed":false,"campfire_upgraded":5,"win_rate":0.0,"timestamp":1613815622,"path_taken":["M","?","?","M","M","E","?","R","T","E","?","R","M","M","R","BOSS","M","M","M","$","M","R","E","R","T","E","R","?","?","M","R","BOSS","M","?","$","?","?","R","E","?","T","E","E","E","$","E","R","BOSS","R","$","E","BOSS"],"items_purchased_type":["Relic","Relic","Relic","Card","Card","Card","Relic","Card","Card","Card","Card","Relic","Card","Relic","Card","Card","Card","Card"],"build_version":"2020-12-22","purchased_purges":1,"victory":true,"max_hp_per_floor":[70,70,70,70,70,70,70,70,70,70,70,70,70,70,70,70,70,70,70,70,70,70,70,70,70,70,70,70,70,70,70,70,70,70,70,70,70,70,70,70,70,70,70,70,70,70,70,70,70,70,70,70,70,70,70],"card_choices":[{"not_picked":["Flying Knee","Sucker Punch"],"picked":"Bane","floor":1},{"not_picked":["Sucker Punch","Deadly Poison"],"picked":"All Out Attack","floor":4},{"not_picked":["Bouncing Flask","Backflip"],"picked":"Blade Dance","floor":5},{"not_picked":["PiercingWail","Malaise"],"picked":"Cloak And Dagger","floor":6},{"not_picked":["Reflex","Flying Knee"],"picked":"Accuracy+1","floor":10},{"not_picked":["Bouncing Flask","Underhanded Strike"],"picked":"Infinite Blades+1","floor":11},{"not_picked":["Backflip","Doppelganger"],"picked":"Cloak And Dagger","floor":13},{"not_picked":["Deadly Poison","Sucker Punch"],"picked":"Poisoned Stab","floor":14},{"not_picked":["Grand Finale","Wraith Form v2+1"],"picked":"After Image+1","floor":16},{"not_picked":["Prepared","Cloak And Dagger"],"picked":"Finisher+1","floor":18},{"not_picked":["Dagger Throw","Sucker Punch"],"picked":"Distraction+1","floor":19},{"not_picked":["Riddle With Holes","Predator+1"],"picked":"Poisoned Stab+1","floor":20},{"not_picked":["All Out Attack","Tactician"],"picked":"Setup+1","floor":22},{"not_picked":["Dagger Throw+1","Sucker Punch","Eviscerate+1"],"picked":"SKIP","floor":24},{"not_picked":["Outmaneuver+1","Backflip+1"],"picked":"Flechettes+1","floor":27},{"not_picked":["Masterful Stab","Grand Finale"],"picked":"Crippling Poison+1","floor":31},{"not_picked":["Venomology+1","Grand Finale"],"picked":"Die Die Die","floor":33},{"not_picked":["Choke","All Out Attack"],"picked":"Calculated Gamble+1","floor":35},{"not_picked":["Leg Sweep+1","Flechettes"],"picked":"Terror+1","floor":38},{"not_picked":["All Out Attack+1","Noxious Fumes+1"],"picked":"Finisher+1","floor":41},{"not_picked":["Heel Hook+1","Caltrops+1"],"picked":"Bane+1","floor":42},{"not_picked":["Flying Knee","Prepared+1"],"picked":"Tools of the Trade+1","floor":44},{"not_picked":["Quick Slash","Outmaneuver+1"],"picked":"Noxious Fumes+1","floor":45},{"not_picked":["Setup+1","Dagger Throw"],"picked":"Backstab","floor":46},{"not_picked":["Skewer","Flying Knee+1"],"picked":"Night Terror+1","floor":48},{"not_picked":["Backflip+1","Endless Agony+1"],"picked":"Finisher","floor":54}],"player_experience":312211,"relics_obtained":[{"floor":6,"key":"Frozen Egg 2"},{"floor":9,"key":"HornCleat"},{"floor":10,"key":"CaptainsWheel"},{"floor":24,"key":"Toxic Egg 2"},{"floor":26,"key":"Shuriken"},{"floor":27,"key":"Potion Belt"},{"floor":38,"key":"Girya"},{"floor":41,"key":"Unceasing Top"},{"floor":44,"key":"Snake Skull"},{"floor":45,"key":"Bronze Scales"},{"floor":46,"key":"Happy Flower"},{"floor":48,"key":"Ancient Tea Set"},{"floor":54,"key":"Oddly Smooth Stone"}],"event_choices":[{"damage_healed":0,"gold_gain":0,"player_choice":"Ignored","damage_taken":0,"max_hp_gain":0,"max_hp_loss":0,"event_name":"Shining Light","floor":2,"gold_loss":0},{"damage_healed":23,"gold_gain":0,"player_choice":"Banana","damage_taken":0,"max_hp_gain":0,"max_hp_loss":0,"event_name":"Big Fish","floor":3,"gold_loss":0},{"damage_healed":0,"gold_gain":0,"player_choice":"Bought 2 Potions","damage_taken":0,"max_hp_gain":0,"max_hp_loss":0,"event_name":"The Woman in Blue","floor":7,"gold_loss":0},{"damage_healed":0,"gold_gain":0,"player_choice":"Obtained Relic","damage_taken":0,"relics_obtained":["Blue Candle"],"max_hp_gain":0,"max_hp_loss":0,"event_name":"Addict","floor":29,"gold_loss":85},{"damage_healed":0,"gold_gain":0,"player_choice":"Rummage","damage_taken":0,"relics_obtained":["WarpedTongs"],"max_hp_gain":0,"max_hp_loss":0,"event_name":"Accursed Blacksmith","floor":30,"gold_loss":0,"cards_obtained":["Pain"]},{"cards_removed":["Crippling Poison"],"damage_healed":0,"gold_gain":0,"player_choice":"Removed Skill","damage_taken":0,"max_hp_gain":0,"max_hp_loss":0,"event_name":"Falling","floor":36,"gold_loss":0},{"damage_healed":0,"gold_gain":0,"player_choice":"Fight","damage_taken":0,"max_hp_gain":0,"max_hp_loss":0,"event_name":"MindBloom","floor":38,"gold_loss":0}],"is_beta":false,"boss_relics":[{"not_picked":["Tiny House","Sozu"],"picked":"SlaversCollar"},{"not_picked":["Astrolabe","Busted Crown"],"picked":"WristBlade"}],"items_purged_floors":[37],"is_endless":false,"potions_floor_spawned":[4,10,14,22,24,27,33,35,42,46,48,54],"ascension_level":5}}