{"host":"zx7wygemkkdud4lm","time":1613841608,"event":{"mods":["2.2 Compatiblity","AchievementEnabler","BaseMod","Better Match","Better Note","Better Skull","BetterRewards","Block Reminder","Colored Map","Emptier Cage","Minty Spire (QoL Compilation)","Relic Stats","Slay-I","Spicy Shops","StSLib","Transform Curses"],"gold_per_floor":[118,136,150,0,20,53,71,103,103,132,132,149,10,41,41,144,144,157,173,98,117,130,165,185,185,265,54,82,96,127,77,77,179,179,194,212,172,21,39,39,67,67,149,112,140,140,166,179,179,179,179,179,55,85,85],"floor_reached":56,"language":"ENG","playtime":3365,"items_purged":["Strike_B","Strike_B","Strike_B","Strike_B","Decay","Dualcast"],"score":2212,"play_id":"fabef8dd-a436-4913-bb11-28384f12461f","local_time":"20210220112008","is_ascension_mode":true,"campfire_choices":[{"data":"Defend_B","floor":11.0,"key":"PURGE"},{"data":"Coolheaded","floor":15.0,"key":"SMITH"},{"data":"Defragment","floor":25.0,"key":"SMITH"},{"data":"Biased Cognition","floor":32,"key":"SMITH"},{"data":"Biased Cognition","floor":40,"key":"SMITH"},{"data":"Seek","floor":42,"key":"SMITH"},{"data":"Heatsinks","floor":46,"key":"SMITH"},{"floor":49,"key":"RECALL"},{"data":"Zap","floor":52,"key":"PURGE"}],"circlet_count":0,"master_deck":["Sweeping Beam+1","FTL","Cold Snap","Glacier","Cold Snap","Coolheaded+1","Self Repair","Genetic Algorithm","Glacier","Biased Cognition+1","Lockon","Storm+1","Glacier+1","Ball Lightning+1","Loop+1","Defragment+1","Biased Cognition+1","Sweeping Beam","Seek+1","Static Discharge+1","Coolheaded","Creative AI","Coolheaded+1","Heatsinks+1","Heatsinks+1"],"relics":["Cracked Core","Membership Card","Centennial Puzzle","Pear","Girya","Oddly Smooth Stone","Runic Capacitor","Peace Pipe","Toy Ornithopter","Matryoshka","Lee\u0027s Waffle","Art of War","Blood Vial","Mummified Hand","Bag of Preparation","White Beast Statue","Pantograph","Pandora\u0027s Box","Eternal Feather","Pen Nib","Singing Bowl","DollysMirror","Lantern","StrikeDummy","Nuclear Battery","OrangePellets","DataDisk","Molten Egg 2","Mercury Hourglass","Nunchaku","Vajra","The Courier","Thread and Needle","ClockworkSouvenir","Du-Vu Doll","Pocketwatch"],"acts_visited":["Exordium","TheCity","TheBeyond","TheEnding"],"potions_floor_usage":[33,55],"damage_taken":[{"damage":0.0,"enemies":"Cultist","floor":1.0,"turns":3.0},{"damage":0.0,"enemies":"Small Slimes","floor":2.0,"turns":2.0},{"damage":0.0,"enemies":"Jaw Worm","floor":3.0,"turns":2.0},{"damage":0.0,"enemies":"2 Fungi Beasts","floor":5.0,"turns":3.0},{"damage":3.0,"enemies":"Gremlin Nob","floor":6.0,"turns":4.0},{"damage":10.0,"enemies":"Lots of Slimes","floor":7.0,"turns":3.0},{"damage":0.0,"enemies":"3 Sentries","floor":8.0,"turns":9.0},{"damage":0.0,"enemies":"Gremlin Nob","floor":10.0,"turns":7.0},{"damage":7.0,"enemies":"3 Louse","floor":12.0,"turns":3.0},{"damage":2.0,"enemies":"Lagavulin","floor":14.0,"turns":7.0},{"damage":4.0,"enemies":"Slime Boss","floor":16.0,"turns":14.0},{"damage":0.0,"enemies":"Chosen","floor":18.0,"turns":4.0},{"damage":0.0,"enemies":"Spheric Guardian","floor":19.0,"turns":4.0},{"damage":12.0,"enemies":"Chosen and Byrds","floor":21.0,"turns":5.0},{"damage":0.0,"enemies":"Snecko","floor":22.0,"turns":4.0},{"damage":0.0,"enemies":"Gremlin Leader","floor":23.0,"turns":5.0},{"damage":0.0,"enemies":"3 Cultists","floor":24.0,"turns":3.0},{"damage":2.0,"enemies":"Book of Stabbing","floor":28.0,"turns":4.0},{"damage":0,"enemies":"Sentry and Sphere","floor":29,"turns":3},{"damage":0,"enemies":"Slavers","floor":30,"turns":7},{"damage":0,"enemies":"Automaton","floor":33,"turns":6},{"damage":0,"enemies":"3 Darklings","floor":35,"turns":4},{"damage":0,"enemies":"3 Shapes","floor":36,"turns":3},{"damage":0,"enemies":"Maw","floor":39,"turns":3},{"damage":0,"enemies":"Nemesis","floor":41,"turns":3},{"damage":0,"enemies":"Giant Head","floor":45,"turns":3},{"damage":0,"enemies":"Reptomancer","floor":47,"turns":2},{"damage":0,"enemies":"4 Shapes","floor":48,"turns":1},{"damage":0,"enemies":"Awakened One","floor":50,"turns":5},{"damage":0,"enemies":"Shield and Spear","floor":54,"turns":3},{"damage":4,"enemies":"The Heart","floor":55,"turns":6}],"seed_played":"-2663297014062229179","potions_obtained":[{"floor":2.0,"key":"FocusPotion"},{"floor":3.0,"key":"FearPotion"},{"floor":7.0,"key":"FocusPotion"},{"floor":14.0,"key":"Fire Potion"},{"floor":16.0,"key":"BlessingOfTheForge"},{"floor":18.0,"key":"Fire Potion"},{"floor":22.0,"key":"SkillPotion"},{"floor":23.0,"key":"Explosive Potion"},{"floor":24.0,"key":"Explosive Potion"},{"floor":28,"key":"Ancient Potion"},{"floor":33,"key":"Fire Potion"},{"floor":35,"key":"PotionOfCapacity"}],"is_trial":false,"path_per_floor":["M","M","M","$","M","E","M","E","T","E","R","M","$","E","R","B",null,"M","M","?","M","M","E","M","R","T","$","E","M","E","?","R","B",null,"M","M","?","$","M","R","E","R","T","$","E","R","E","M","R","B",null,"R","$","E","B",null],"character_chosen":"DEFECT","items_purchased":["Membership Card","Centennial Puzzle","Pear","Oddly Smooth Stone","Runic Capacitor","Toy Ornithopter","FocusPotion","Sweeping Beam","FTL","Lee\u0027s Waffle","White Beast Statue","DollysMirror","Sweeping Beam","OrangePellets","DataDisk","Nunchaku","Thread and Needle","ClockworkSouvenir","Du-Vu Doll"],"campfire_rested":0,"item_purchase_floors":[0,0,0,0,0,0,0,0,0,4,13,27,27,38,38,44,53,53,53],"current_hp_per_floor":[38,38,38,92,92,89,86,92,92,92,92,92,92,92,92,92,92,92,92,92,87,92,92,92,92,92,92,92,92,92,92,92,92,92,94,96,96,96,96,96,98,98,98,98,98,98,98,100,100,100,100,100,100,102,102],"gold":85,"neow_bonus":"","is_daily":false,"chose_seed":false,"campfire_upgraded":6,"win_rate":0.0,"timestamp":1613841608,"path_taken":["M","M","M","?","M","E","M","E","T","E","R","M","$","E","R","BOSS","M","M","?","M","M","E","M","R","T","?","E","M","E","?","R","BOSS","M","?","?","$","M","R","E","R","T","?","E","R","E","?","R","BOSS","R","$","E","BOSS"],"items_purchased_type":["Relic","Relic","Relic","Relic","Relic","Relic","Potion","Card","Card","Relic","Relic","Relic","Card","Relic","Relic","Relic","Relic","Relic","Relic"],"build_version":"2020-12-22","purchased_purges":6,"victory":true,"max_hp_per_floor":[85,85,85,92,92,92,92,92,92,92,92,92,92,92,92,92,92,92,92,92,92,92,92,92,92,92,92,92,92,92,92,92,92,92,94,96,96,96,96,96,98,98,98,98,98,98,98,100,100,100,100,100,100,102,102],"relic_stats":{"Lee\u0027s Waffle":145,"Singing Bowl":40,"counters":[170,789],"Eternal Feather":27,"Pen Nib":[11],"Bag of Preparation":[46],"Mercury Hourglass":[400],"Peace Pipe":3,"Blood Vial":13,"OrangePellets":[58],"Centennial Puzzle":[24],"Nunchaku":[4],"Mummified Hand":[183],"Pantograph":0,"Pandora\u0027s Box":["Multi-Cast","Lockon","Storm"],"Art of War":[17],"obtain_stats":[{"TwistedFunnel":21,"Whetstone":53,"Ginger":37,"Old Coin":46,"Blood Vial":9,"MealTicket":31,"Necronomicon":25,"Kunai":27,"Pear":47,"Eternal Feather":9,"Pen Nib":11,"Akabeko":38,"Cables":0,"Bird Faced Urn":0,"Pandora\u0027s Box":17,"StrikeDummy":30,"Unceasing Top":23,"Lantern":0,"Torii":28,"Singing Bowl":9,"Magic Flower":36,"StoneCalendar":7,"Bag of Preparation":0,"Ancient Tea Set":30,"Smiling Mask":44,"Burning Blood":0,"Matryoshka":0,"Ninja Scroll":0,"Toolbox":45,"Chemical X":0,"Potion Belt":47,"Lee\u0027s Waffle":4,"Golden Idol":5,"Damaru":13,"Thread and Needle":10,"PreservedInsect":23,"The Courier":47,"Omamori":21,"Frozen Egg 2":43,"MawBank":29,"Nuclear Battery":34,"Ectoplasm":17,"Turnip":53,"Art of War":46,"Toy Ornithopter":54,"Nilry\u0027s Codex":27,"Vajra":28,"Runic Capacitor":53,"Sozu":34,"Centennial Puzzle":21,"HornCleat":20,"DollysMirror":28,"Strawberry":9,"Philosopher\u0027s Stone":34,"Toxic Egg 2":14,"Girya":0,"Happy Flower":44,"Astrolabe":17,"Dead Branch":11,"Oddly Smooth Stone":14,"Letter Opener":45,"War Paint":54,"Question Card":43,"Du-Vu Doll":53,"OrangePellets":0,"Shuriken":10,"Bronze Scales":46,"Molten Egg 2":41,"Black Star":34,"Pocketwatch":0,"Meat on the Bone":6,"Melange":47,"Yang":19,"Snake Skull":26,"Juzu Bracelet":40,"CloakClasp":20,"Incense Burner":47,"ClockworkSouvenir":53,"Frozen Eye":53,"SsserpentHead":10,"Nunchaku":27,"Mummified Hand":46,"Pantograph":10,"Tiny Chest":30,"Red Mask":21,"Cracked Core":37,"Orichalcum":54,"Medical Kit":20,"White Beast Statue":43,"Mercury Hourglass":44,"Peace Pipe":0,"CaptainsWheel":14,"Anchor":54,"DataDisk":38,"HolyWater":17,"Bag of Marbles":42,"Coffee Dripper":34,"Membership Card":0,"TungstenRod":39,"FossilizedHelix":21},{"TwistedFunnel":65,"Whetstone":51,"Ginger":72,"Old Coin":50,"Blood Vial":33,"MealTicket":95,"Necronomicon":67,"Kunai":41,"Pear":50,"Eternal Feather":4,"Pen Nib":88,"Akabeko":46,"Cables":106,"Bird Faced Urn":29,"Pandora\u0027s Box":150,"StrikeDummy":159,"Unceasing Top":121,"Lantern":29,"Torii":41,"Singing Bowl":115,"Magic Flower":20,"StoneCalendar":3,"Bag of Preparation":0,"Ancient Tea Set":42,"Smiling Mask":48,"Burning Blood":0,"Matryoshka":139,"Ninja Scroll":53,"Toolbox":102,"Chemical X":0,"Potion Belt":25,"Lee\u0027s Waffle":142,"Golden Idol":2,"Damaru":35,"Thread and Needle":5,"PreservedInsect":12,"The Courier":166,"Omamori":65,"Frozen Egg 2":23,"MawBank":68,"Nuclear Battery":126,"Ectoplasm":8,"Turnip":81,"Art of War":103,"Toy Ornithopter":82,"Nilry\u0027s Codex":94,"Vajra":14,"Runic Capacitor":104,"Sozu":18,"Centennial Puzzle":10,"HornCleat":91,"DollysMirror":41,"Strawberry":59,"Philosopher\u0027s Stone":69,"Toxic Egg 2":62,"Girya":139,"Happy Flower":48,"Astrolabe":63,"Dead Branch":116,"Oddly Smooth Stone":36,"Letter Opener":102,"War Paint":28,"Question Card":47,"Du-Vu Doll":168,"OrangePellets":29,"Shuriken":116,"Bronze Scales":24,"Molten Egg 2":164,"Black Star":44,"Pocketwatch":29,"Meat on the Bone":57,"Melange":50,"Yang":38,"Snake Skull":67,"Juzu Bracelet":22,"CloakClasp":38,"Incense Burner":50,"ClockworkSouvenir":51,"Frozen Eye":27,"SsserpentHead":87,"Nunchaku":14,"Mummified Hand":50,"Pantograph":34,"Tiny Chest":16,"Red Mask":39,"Cracked Core":98,"Orichalcum":52,"Medical Kit":38,"White Beast Statue":101,"Mercury Hourglass":24,"Peace Pipe":106,"CaptainsWheel":7,"Anchor":52,"DataDisk":162,"HolyWater":37,"Bag of Marbles":23,"Coffee Dripper":96,"Membership Card":29,"TungstenRod":21,"FossilizedHelix":65},{"TwistedFunnel":268,"Whetstone":197,"Ginger":291,"Old Coin":187,"Blood Vial":148,"MealTicket":425,"Necronomicon":273,"Kunai":164,"Pear":187,"Eternal Feather":19,"Pen Nib":383,"Akabeko":176,"Cables":488,"Bird Faced Urn":138,"Pandora\u0027s Box":712,"StrikeDummy":751,"Unceasing Top":548,"Lantern":138,"Torii":164,"Singing Bowl":519,"Magic Flower":96,"StoneCalendar":16,"Bag of Preparation":0,"Ancient Tea Set":165,"Smiling Mask":180,"Burning Blood":0,"Matryoshka":655,"Ninja Scroll":209,"Toolbox":462,"Chemical X":0,"Potion Belt":115,"Lee\u0027s Waffle":662,"Golden Idol":8,"Damaru":153,"Thread and Needle":26,"PreservedInsect":58,"The Courier":775,"Omamori":268,"Frozen Egg 2":105,"MawBank":276,"Nuclear Battery":580,"Ectoplasm":42,"Turnip":345,"Art of War":466,"Toy Ornithopter":350,"Nilry\u0027s Codex":419,"Vajra":66,"Runic Capacitor":475,"Sozu":88,"Centennial Puzzle":49,"HornCleat":403,"DollysMirror":164,"Strawberry":240,"Philosopher\u0027s Stone":284,"Toxic Egg 2":251,"Girya":655,"Happy Flower":180,"Astrolabe":263,"Dead Branch":524,"Oddly Smooth Stone":155,"Letter Opener":462,"War Paint":133,"Question Card":177,"Du-Vu Doll":781,"OrangePellets":138,"Shuriken":524,"Bronze Scales":111,"Molten Egg 2":770,"Black Star":172,"Pocketwatch":138,"Meat on the Bone":227,"Melange":187,"Yang":159,"Snake Skull":273,"Juzu Bracelet":102,"CloakClasp":159,"Incense Burner":187,"ClockworkSouvenir":197,"Frozen Eye":129,"SsserpentHead":376,"Nunchaku":66,"Mummified Hand":187,"Pantograph":151,"Tiny Chest":73,"Red Mask":160,"Cracked Core":436,"Orichalcum":202,"Medical Kit":159,"White Beast Statue":455,"Mercury Hourglass":111,"Peace Pipe":488,"CaptainsWheel":35,"Anchor":202,"DataDisk":764,"HolyWater":157,"Bag of Marbles":105,"Coffee Dripper":431,"Membership Card":138,"TungstenRod":98,"FossilizedHelix":268}],"Toy Ornithopter":0,"Pocketwatch":[9]},"card_choices":[{"not_picked":["Auto Shields","Beam Cell"],"picked":"Cold Snap","floor":1.0},{"not_picked":["Reprogram","FTL"],"picked":"Glacier","floor":2.0},{"not_picked":["Storm","Conserve Battery"],"picked":"Cold Snap","floor":3.0},{"not_picked":["Steam","Rebound"],"picked":"Coolheaded","floor":5.0},{"not_picked":["Thunder Strike","Barrage"],"picked":"Self Repair","floor":6.0},{"not_picked":["FTL","Go for the Eyes"],"picked":"Genetic Algorithm","floor":7.0},{"not_picked":["Leap","Steam"],"picked":"Glacier","floor":8.0},{"not_picked":["Chill","Amplify","Redo"],"picked":"SKIP","floor":10.0},{"not_picked":["Redo","Leap","BootSequence"],"picked":"SKIP","floor":12.0},{"not_picked":["Stack","Sweeping Beam","Force Field"],"picked":"SKIP","floor":14.0},{"not_picked":["Buffer","Echo Form"],"picked":"Biased Cognition","floor":16.0},{"not_picked":["Melter","Coolheaded"],"picked":"Glacier+1","floor":18.0},{"not_picked":["Reprogram","Stack"],"picked":"Ball Lightning+1","floor":19.0},{"not_picked":["Fusion","Redo"],"picked":"Loop+1","floor":21.0},{"not_picked":["Fusion+1","Rebound"],"picked":"Defragment","floor":22.0},{"not_picked":["Scrape","Compile Driver","Redo"],"picked":"SKIP","floor":23.0},{"not_picked":["Stack+1","White Noise","Redo+1"],"picked":"SKIP","floor":24.0},{"not_picked":["Skim","Lockon"],"picked":"Seek","floor":28},{"not_picked":["Self Repair","Rebound"],"picked":"Static Discharge+1","floor":29},{"not_picked":["Sweeping Beam","Doom and Gloom"],"picked":"Coolheaded","floor":30},{"not_picked":["Multi-Cast","Thunder Strike"],"picked":"Creative AI","floor":33},{"not_picked":["Compile Driver+1","Rebound+1","Gash+1"],"picked":"Singing Bowl","floor":35},{"not_picked":["Rebound","Machine Learning","Barrage+1"],"picked":"Singing Bowl","floor":36},{"not_picked":["Storm+1","Consume"],"picked":"Coolheaded+1","floor":39},{"not_picked":["Beam Cell+1","Sunder+1","Fusion+1"],"picked":"Singing Bowl","floor":41},{"not_picked":["Streamline+1","Defragment"],"picked":"Heatsinks","floor":45},{"not_picked":["Streamline+1","Rebound+1"],"picked":"Heatsinks+1","floor":47},{"not_picked":["Hologram","Self Repair","Compile Driver+1"],"picked":"Singing Bowl","floor":48},{"not_picked":["Rip and Tear+1","Beam Cell+1","Leap"],"picked":"Singing Bowl","floor":54}],"player_experience":137033,"relics_obtained":[{"floor":6.0,"key":"Art of War"},{"floor":8.0,"key":"Blood Vial"},{"floor":9.0,"key":"Mummified Hand"},{"floor":10.0,"key":"Bag of Preparation"},{"floor":14.0,"key":"Pantograph"},{"floor":23.0,"key":"Eternal Feather"},{"floor":26.0,"key":"Pen Nib"},{"floor":26.0,"key":"Singing Bowl"},{"floor":28,"key":"Lantern"},{"floor":30,"key":"StrikeDummy"},{"floor":41,"key":"Molten Egg 2"},{"floor":43,"key":"Mercury Hourglass"},{"floor":45,"key":"Vajra"},{"floor":47,"key":"The Courier"},{"floor":54,"key":"Pocketwatch"}],"event_choices":[{"cards_removed":["Multi-Cast"],"damage_healed":0.0,"max_hp_gain":0.0,"max_hp_loss":0.0,"gold_gain":0.0,"event_name":"Beggar","player_choice":"Gave Gold","floor":20.0,"gold_loss":75.0,"damage_taken":0.0},{"damage_healed":0,"gold_gain":0,"player_choice":"Bet on Murderer","damage_taken":0,"max_hp_gain":0,"max_hp_loss":0,"event_name":"The Joust","floor":31,"gold_loss":50},{"damage_healed":0,"gold_gain":0,"player_choice":"Upgraded Two","damage_taken":0,"max_hp_gain":0,"max_hp_loss":0,"event_name":"Designer","floor":37,"gold_loss":40,"cards_upgraded":["Storm","Sweeping Beam"]}],"is_beta":false,"boss_relics":[{"not_picked":["FrozenCore","Calling Bell"],"picked":"Pandora\u0027s Box"},{"not_picked":["SacredBark","Inserter"],"picked":"Nuclear Battery"}],"items_purged_floors":[0,0,0,4,13,27],"is_endless":false,"potions_floor_spawned":[2,3,7,14,16,18,19,21,22,23,24,28,29,30,33,35,36,39,41,45,47,48,54],"ascension_level":4}}