{"host":"o3b7ow6d1xe49css","time":1613787279,"event":{"mods":["Aspiration","BaseMod","Better Altar","Better Match","Better Note","Better Sensory Stone","Better Skull","Better Third Choice","Colored Powertips","Conspire","Energized Spire","Force Act Four","GifTheSpireLib","Halation","Hubris","Lobotomy","Minty Spire (QoL Compilation)","Relic Filter Mod","Reliquary","Replay The Spire","Spicy Shops","Spikes Relics","StSLib","Stuff the Spire","The Blue Laboratory","Together in Spire"],"gold_per_floor":[117,132,151,162,162,197,197,197,197,215,215,215,232,243,243,243,261,336,355,25,35,62,62,92,92,106,118,118,118,118,118,220,220,234,284,297,297,7,7,25,45,45,45,62,87,12,38,38,38,38,38,38,65,65,65],"floor_reached":54,"language":"ENG","playtime":3456,"items_purged":["Strike_B"],"score":589,"play_id":"78c624a9-f579-400c-9dce-2ce47b746c92","local_time":"20210219171439","is_ascension_mode":false,"campfire_choices":[{"data":"Zap","floor":7,"key":"SMITH"},{"data":"hubris:Ukulele","floor":12,"key":"SMITH"},{"data":"Redo","floor":15,"key":"SMITH"},{"floor":28,"key":"REST"},{"data":"Reboot","floor":31,"key":"SMITH"},{"data":"Seek","floor":39,"key":"SMITH"},{"floor":43,"key":"RECALL"},{"data":"Steam","floor":48,"key":"SMITH"},{"data":"Coolheaded","floor":51,"key":"SMITH"}],"circlet_count":0,"master_deck":["Strike_B","Strike_B","Defend_B","Defend_B+1","Defend_B","Zap+1","Dualcast+1","hubris:Ukulele+1","Reboot+1","Redo+1","Crystallizer+1","Sweeping Beam","StuffTheSpire:Plugnplay","StuffTheSpire:Synthwave+1","Rebound+1","Core Surge","Glacier","Conserve Battery+1","Coolheaded+1","Seek+1","Ball Lightning","Ball Lightning+1","Steam+1","Hologram+1","Biased Cognition+1","hubris:PowerSurge+1"],"relics":["FrozenCore","aspiration:DSix","halation:PinkSoulGem","Inserter","halation:Thesaurus","Kunai","aspiration:FaultyCoupler","aspiration:Stabinomicon","hubris:SoftwareUpdate","hubris:MedicalManual","Frozen Egg 2","hubris:AstralHammer","Strawberry","The Courier","StuffTheSpire:Barrel"],"acts_visited":["Exordium","TheCity","TheBeyond","TheEnding"],"potions_floor_usage":[6,19,24,26,32,40,45,54,54],"damage_taken":[{"damage":0,"enemies":"Cultist","floor":1,"turns":2},{"damage":0,"enemies":"Small Slimes","floor":2,"turns":2},{"damage":3,"enemies":"conspire:RoseBush","floor":3,"turns":2},{"damage":0,"enemies":"Blue Slaver","floor":4,"turns":2},{"damage":16,"enemies":"3 Sentries","floor":6,"turns":5},{"damage":6,"enemies":"2 Fungi Beasts","floor":10,"turns":3},{"damage":0,"enemies":"Red Slaver","floor":13,"turns":1},{"damage":7,"enemies":"Large Slime","floor":14,"turns":3},{"damage":8,"enemies":"conspire:FuzzyDice","floor":17,"turns":3},{"damage":12,"enemies":"2 Thieves","floor":19,"turns":2},{"damage":11,"enemies":"Sentry and Sphere","floor":21,"turns":3},{"damage":0,"enemies":"conspire:Head Lice","floor":22,"turns":3},{"damage":3,"enemies":"Book of Stabbing","floor":24,"turns":2},{"damage":11,"enemies":"Shelled Parasite and Fungi","floor":26,"turns":4},{"damage":0,"enemies":"Snake Plant","floor":27,"turns":2},{"damage":7,"enemies":"Automaton","floor":32,"turns":5},{"damage":16,"enemies":"3 Darklings","floor":34,"turns":3},{"damage":0,"enemies":"Mind Bloom Boss Battle","floor":35,"turns":5},{"damage":0,"enemies":"Orb Walker","floor":36,"turns":1},{"damage":0,"enemies":"Maw","floor":40,"turns":4},{"damage":0,"enemies":"Spire Growth","floor":41,"turns":1},{"damage":12,"enemies":"Writhing Mass","floor":44,"turns":5},{"damage":0,"enemies":"Reptomancer","floor":45,"turns":1},{"damage":0,"enemies":"R_Hoarder","floor":47,"turns":4},{"damage":38,"enemies":"Donu and Deca","floor":49,"turns":6},{"damage":0,"enemies":"hubris:Merchant","floor":52,"turns":1},{"damage":0,"enemies":"Shield and Spear","floor":53,"turns":1},{"damage":85,"enemies":"The Heart","floor":54,"turns":6}],"seed_played":"-178380167703386363","potions_obtained":[{"floor":4,"key":"SteroidPotion"},{"floor":6,"key":"blueLaboratory:BiasPotion"},{"floor":10,"key":"DistilledChaos"},{"floor":17,"key":"Milkshake"},{"floor":19,"key":"blueLaboratory:EnragingPotion"},{"floor":21,"key":"DistilledChaos"},{"floor":32,"key":"blueLaboratory:AbyssPotion"},{"floor":40,"key":"SteroidPotion"},{"floor":47,"key":"SteroidPotion"},{"floor":53,"key":"blueLaboratory:Moonshine"}],"is_trial":false,"path_per_floor":["M","M","M","M","?","E","R","?","T","M","?","R","M","M","R","B","M","?","M","$","M","E","$","E","T","M","M","R","?","?","R","B",null,"M","?","M","?","$","R","M","M","T","R","M","E","$","E","R","B",null,"R","$","E","B"],"character_chosen":"DEFECT","items_purchased":["Core Surge","halation:Thesaurus","blueLaboratory:FrostheartPotion","Frozen Egg 2","blueLaboratory:FruitPunch"],"campfire_rested":1,"item_purchase_floors":[20,20,20,38,38],"current_hp_per_floor":[75,75,72,72,57,41,41,41,41,35,35,35,35,28,28,75,67,60,48,48,37,37,37,34,34,23,23,45,45,45,45,38,75,59,59,59,59,59,59,61,61,61,61,49,56,56,56,56,18,84,84,84,84,0,0],"gold":65,"neow_bonus":"DSIX","is_daily":false,"chose_seed":false,"campfire_upgraded":7,"win_rate":0.0,"timestamp":1613787279,"path_taken":["M","M","?","M","?","E","R","?","T","M","?","R","M","M","R","BOSS","M","?","M","$","M","E","$","E","T","?","M","R","?","?","R","BOSS","M","?","M","?","$","R","M","?","T","R","M","E","$","E","R","BOSS","R","$","E","BOSS"],"items_purchased_type":["Card","Relic","Potion","Relic","Potion"],"build_version":"2020-12-22","purchased_purges":1,"victory":false,"max_hp_per_floor":[75,75,75,75,75,75,75,75,75,75,75,75,75,75,75,75,75,75,75,75,75,75,75,75,75,75,75,75,75,75,75,75,75,75,75,75,75,75,75,77,77,77,77,77,84,84,84,84,84,84,84,84,84,84,84],"card_choices":[{"not_picked":["StuffTheSpire:Plugnplay","Panic Button"],"picked":"hubris:Ukulele","floor":1},{"not_picked":["Barrage","ReplayTheSpireMod:Repulse","Steam"],"picked":"SKIP","floor":2},{"not_picked":["Turbo","Barrage","Stack"],"picked":"SKIP","floor":3},{"not_picked":["Gash","StuffTheSpire:Rend"],"picked":"Reboot","floor":4},{"not_picked":["StuffTheSpire:Coldhearted","Self Repair"],"picked":"Redo","floor":6},{"not_picked":["Gash","Redo","Panic Button"],"picked":"SKIP","floor":10},{"not_picked":["Steam","StuffTheSpire:LoadUp"],"picked":"Sweeping Beam","floor":13},{"not_picked":["Go for the Eyes","Panic Button"],"picked":"StuffTheSpire:Plugnplay","floor":14},{"not_picked":["Static Discharge+1","Scrape"],"picked":"StuffTheSpire:Synthwave","floor":17},{"not_picked":["DiskWipe+1","Streamline"],"picked":"Rebound+1","floor":19},{"not_picked":["StuffTheSpire:Rend","Tempest","StuffTheSpire:NuclearReactor+1"],"picked":"SKIP","floor":21},{"not_picked":["Darkness","Steam+1"],"picked":"Glacier","floor":22},{"not_picked":["Echo Form","Gash"],"picked":"Conserve Battery+1","floor":24},{"not_picked":["Go for the Eyes","Compile Driver","Redo"],"picked":"SKIP","floor":26},{"not_picked":["DiskWipe","StuffTheSpire:Plugnplay"],"picked":"Coolheaded","floor":27},{"not_picked":["Amplify","StuffTheSpire:ForEach"],"picked":"Seek","floor":32},{"not_picked":["ReplayTheSpireMod:Reroute Power","Coolheaded+1"],"picked":"Ball Lightning","floor":34},{"not_picked":["StuffTheSpire:Plugnplay+1","Barrage+1"],"picked":"Ball Lightning+1","floor":36},{"not_picked":["Tempest+1","Multi-Cast","Compile Driver+1"],"picked":"SKIP","floor":40},{"not_picked":["Leap","Aggregate"],"picked":"Hologram+1","floor":41},{"not_picked":["Streamline","Leap+1","StuffTheSpire:NuclearReactor+1"],"picked":"SKIP","floor":44},{"not_picked":["Stack+1","Cold Snap","Conserve Battery"],"picked":"SKIP","floor":45},{"not_picked":["Ball Lightning+1","Sweeping Beam+1","Leap+1"],"picked":"SKIP","floor":47},{"not_picked":["Go for the Eyes","Blizzard+1"],"picked":"hubris:PowerSurge+1","floor":53}],"player_experience":1356520,"relics_obtained":[{"floor":6,"key":"reliquary:QuartzCube"},{"floor":22,"key":"aspiration:FaultyCoupler"},{"floor":24,"key":"aspiration:Stabinomicon"},{"floor":25,"key":"hubris:SoftwareUpdate"},{"floor":35,"key":"hubris:MedicalManual"},{"floor":42,"key":"hubris:AstralHammer"},{"floor":45,"key":"Strawberry"},{"floor":47,"key":"The Courier"},{"floor":53,"key":"StuffTheSpire:Barrel"}],"event_choices":[{"damage_healed":72,"gold_gain":0,"player_choice":"Upgrade","damage_taken":15,"max_hp_gain":0,"max_hp_loss":75,"event_name":"betterThird:BetterShining","floor":5,"gold_loss":0,"cards_upgraded":["Defend_B","Dualcast"]},{"damage_healed":0,"gold_gain":75,"player_choice":"Touch","damage_taken":7,"max_hp_gain":0,"max_hp_loss":0,"event_name":"FaceTrader","floor":18,"gold_loss":0},{"damage_healed":0,"gold_gain":0,"player_choice":"Upgraded","damage_taken":0,"max_hp_gain":0,"max_hp_loss":0,"event_name":"Upgrade Shrine","floor":29,"gold_loss":0,"cards_upgraded":["StuffTheSpire:Synthwave"]},{"damage_healed":0,"gold_gain":0,"player_choice":"Ignored","damage_taken":0,"max_hp_gain":0,"max_hp_loss":0,"event_name":"betterNote:BetterNote","floor":30,"gold_loss":0,"cards_obtained":["Strike_R"]},{"damage_healed":0,"gold_gain":0,"player_choice":"Fight","damage_taken":0,"max_hp_gain":0,"max_hp_loss":0,"event_name":"MindBloom","floor":35,"gold_loss":0},{"damage_healed":0,"gold_gain":0,"cards_transformed":["Strike_B"],"player_choice":"Transformed","damage_taken":0,"max_hp_gain":0,"max_hp_loss":0,"event_name":"Transmorgrifier","floor":37,"gold_loss":0,"cards_obtained":["Steam"]}],"is_beta":false,"boss_relics":[{"not_picked":["StuffTheSpire:Kangaroo","SacredBark"],"picked":"FrozenCore"}],"items_purged_floors":[46],"is_endless":false,"potions_floor_spawned":[4,6,10,17,19,21,32,40,47,53],"killed_by":"The Heart","ascension_level":0}}