{"host":"64ub6hloe4gtkym4","time":1613846787,"event":{"mods":["AchievementEnabler","BaseMod","Colored Map","Colored Powertips","Googly Eyes","Hermit","Highlight Path","Hubris","Minty Spire (QoL Compilation)","Reliquary","Shop Mod","StSLib","The Construct","The Runesmith","The Servant 0.9.4"],"gold_per_floor":[111,65,80,80,80,80,96,109,109,129,129,19,19,34,34,159,159,179,278,278,293,26,26,47,47,73,83,102,102,30,48,48,48,48],"floor_reached":33,"language":"ENG","playtime":1773,"items_purged":["Injury"],"score":239,"play_id":"60fd221c-aa9e-4d70-9c51-44e57ca2c8c8","local_time":"20210220184627","is_ascension_mode":false,"campfire_choices":[{"data":"Doom and Gloom","floor":6,"key":"SMITH"},{"floor":11,"key":"REST"},{"floor":13,"key":"REST"},{"floor":15,"key":"REST"},{"floor":23,"key":"REST"},{"floor":29,"key":"REST"},{"floor":32,"key":"REST"}],"circlet_count":0,"master_deck":["Strike_B","Strike_B","Strike_B","Defend_B","Defend_B","Defend_B","Zap","Dualcast","Doom and Gloom+1","Redo","Beam Cell","Strike_B","Capacitor","Coolheaded","Leap","hubris:Ukulele","Multi-Cast","Electrodynamics","Cold Snap","Stack","Loop","Aggregate","Reinforced Body","hubris:Ukulele+1","Darkness","Rip and Tear","Conserve Battery"],"relics":["Cracked Core","Bottled Flame","Nuclear Battery","Regal Pillow","Nloth\u0027s Gift","hubris:TenFootPole"],"acts_visited":["Exordium","TheCity"],"potions_floor_usage":[16,21,28,31,31,33],"damage_taken":[{"damage":0,"enemies":"Small Slimes","floor":1,"turns":3},{"damage":1,"enemies":"Cultist","floor":3,"turns":4},{"damage":11,"enemies":"Jaw Worm","floor":7,"turns":2},{"damage":5,"enemies":"2 Fungi Beasts","floor":8,"turns":3},{"damage":34,"enemies":"Exordium Thugs","floor":10,"turns":4},{"damage":13,"enemies":"Looter","floor":14,"turns":4},{"damage":61,"enemies":"Hexaghost","floor":16,"turns":9},{"damage":14,"enemies":"Spheric Guardian","floor":18,"turns":5},{"damage":33,"enemies":"2 Thieves","floor":21,"turns":3},{"damage":12,"enemies":"Snecko","floor":24,"turns":5},{"damage":20,"enemies":"Shelled Parasite and Fungi","floor":27,"turns":4},{"damage":32,"enemies":"Snake Plant","floor":28,"turns":6},{"damage":17,"enemies":"Snecko","floor":31,"turns":6},{"damage":79,"enemies":"Automaton","floor":33,"turns":8}],"seed_played":"-1926216402702509219","potions_obtained":[{"floor":3,"key":"Energy Potion"},{"floor":8,"key":"DuplicationPotion"},{"floor":16,"key":"Regen Potion"},{"floor":18,"key":"BlessingOfTheForge"},{"floor":24,"key":"construct:ShiftPotion"},{"floor":28,"key":"SteroidPotion"},{"floor":31,"key":"DistilledChaos"}],"is_trial":false,"path_per_floor":["M","$","M","?","?","R","M","M","T","M","R","$","R","M","R","B",null,"M","?","?","M","$","R","M","?","T","M","M","R","$","M","R","B"],"character_chosen":"DEFECT","items_purchased":["Redo","hubris:Ukulele","Regal Pillow","Loop","Aggregate","Rip and Tear"],"campfire_rested":6,"item_purchase_floors":[2,12,22,22,22,30],"current_hp_per_floor":[82,82,81,81,81,81,70,65,65,31,55,55,79,66,82,21,82,68,68,68,44,44,82,70,70,70,50,18,57,57,40,79,0,0],"gold":48,"neow_bonus":"TEN_PERCENT_HP_BONUS","is_daily":false,"chose_seed":false,"campfire_upgraded":1,"win_rate":0.0,"timestamp":1613846787,"path_taken":["M","$","M","?","?","R","M","?","T","M","R","$","R","M","R","BOSS","M","?","?","?","$","R","M","?","T","M","M","R","?","?","R","BOSS"],"items_purchased_type":["Card","Card","Relic","Card","Card","Card"],"build_version":"2020-12-22","purchased_purges":1,"victory":false,"max_hp_per_floor":[82,82,82,82,82,82,82,82,82,82,82,82,82,82,82,82,82,82,82,82,82,82,82,82,82,82,82,82,82,82,82,82,82,82],"card_choices":[{"not_picked":["Cold Snap","Go for the Eyes"],"picked":"Doom and Gloom","floor":1},{"not_picked":["Sweeping Beam","Redo"],"picked":"Beam Cell","floor":3},{"not_picked":["Gash","Turbo"],"picked":"Capacitor","floor":7},{"not_picked":["hubris:PowerSurge","Blizzard"],"picked":"Coolheaded","floor":8},{"not_picked":["Fusion","Barrage"],"picked":"Leap","floor":10},{"not_picked":["Hologram","Steam"],"picked":"Multi-Cast","floor":14},{"not_picked":["Amplify","All For One"],"picked":"Electrodynamics","floor":16},{"not_picked":["Sweeping Beam","Capacitor"],"picked":"Cold Snap","floor":18},{"not_picked":["Barrage","Fusion+1"],"picked":"Stack","floor":21},{"not_picked":["Turbo+1","Go for the Eyes"],"picked":"Reinforced Body","floor":24},{"not_picked":["hubris:SpecializedCircuitry","Blizzard+1"],"picked":"hubris:Ukulele+1","floor":27},{"not_picked":["Steam","Compile Driver"],"picked":"Darkness","floor":28},{"not_picked":["Gash","Genetic Algorithm"],"picked":"Conserve Battery","floor":31}],"player_experience":31749,"relics_obtained":[{"floor":9,"key":"Bottled Flame"},{"floor":26,"key":"hubris:TenFootPole"}],"event_choices":[{"damage_healed":0,"gold_gain":0,"player_choice":"Take Wound","damage_taken":0,"relics_obtained":["Golden Idol"],"max_hp_gain":0,"max_hp_loss":0,"event_name":"Golden Idol","floor":4,"gold_loss":0,"cards_obtained":["Injury"]},{"cards_removed":["Defend_B"],"damage_healed":0,"gold_gain":0,"player_choice":"Took Card","damage_taken":0,"max_hp_gain":0,"max_hp_loss":0,"event_name":"NoteForYourself","floor":5,"gold_loss":0,"cards_obtained":["Strike_B"]},{"damage_healed":0,"gold_gain":99,"player_choice":"Stole From Cult","damage_taken":0,"max_hp_gain":0,"max_hp_loss":0,"event_name":"Nest","floor":19,"gold_loss":0},{"cards_removed":["Strike_B"],"damage_healed":0,"gold_gain":0,"player_choice":"Purged","damage_taken":0,"max_hp_gain":0,"max_hp_loss":0,"event_name":"Purifier","floor":20,"gold_loss":0},{"damage_healed":0,"gold_gain":0,"player_choice":"Traded Relic","damage_taken":0,"relics_obtained":["Nloth\u0027s Gift"],"max_hp_gain":0,"max_hp_loss":0,"event_name":"N\u0027loth","floor":25,"relics_lost":["Golden Idol"],"gold_loss":0}],"is_beta":false,"boss_relics":[{"not_picked":["Philosopher\u0027s Stone","reliquary:ThirdArm"],"picked":"Nuclear Battery"}],"items_purged_floors":[12],"is_endless":false,"potions_floor_spawned":[3,8,16,18,24,28,31],"killed_by":"Automaton","ascension_level":0}}