{"host":"df48i9djcn92c5sx","time":1613803472,"event":{"mods":["Act Like it!","Arknights","BaseMod","Decade(王小明)","Downfall","Gensokyo","Marisa（F雨　魔理沙）","Minty Spire (QoL Compilation)","READ ME - Guardian Mod","READ ME - Snecko Mod","Reimu（博丽灵梦）","Remilia（蕾米莉亚）","Shop Mod","StSLib","The Jungle","The Servant 0.9.4"],"gold_per_floor":[114,127,86,96,96,96,116,116,193,224,224,224,224,259,259,333,333,311,322,322,340,357,357,22,22,22,39,39,39,39,59,59,59,59],"floor_reached":33,"language":"ZHS","playtime":1001,"items_purged":["Strike_G"],"score":518,"play_id":"049b4ba1-84c7-4399-bc3d-2747d5c411ef","local_time":"20210220144432","is_ascension_mode":true,"campfire_choices":[{"data":"Neutralize","floor":6,"key":"SMITH"},{"data":"Terror","floor":8,"key":"SMITH"},{"data":"Footwork","floor":11,"key":"SMITH"},{"data":"Storm of Steel","floor":13,"key":"SMITH"},{"data":"Die Die Die","floor":15,"key":"SMITH"},{"data":"Corpse Explosion","floor":23,"key":"SMITH"},{"data":"Leg Sweep","floor":25,"key":"SMITH"},{"data":"Malaise","floor":28,"key":"SMITH"},{"data":"Bouncing Flask","floor":32,"key":"SMITH"}],"circlet_count":0,"master_deck":["AscendersBane","Strike_G","Strike_G","Strike_G","Strike_G","Defend_G","Defend_G","Defend_G","Defend_G","Defend_G","Survivor","Neutralize+1","Backstab","Footwork+1","Storm of Steel+1","Terror+1","Backstab","Die Die Die+1","Corpse Explosion+1","Cloak And Dagger+1","Malaise+1","PiercingWail","Leg Sweep+1","downfall:Haunted","Prepared+1","Clumsy","Bouncing Flask+1"],"relics":["Ring of the Snake","NeowsBlessing","Meat on the Bone","Nunchaku","CultistMask","PreservedInsect","Cursed Key","Strange Spoon","Darkstone Periapt","Paper Crane"],"acts_visited":["Exordium","TheCity"],"potions_floor_usage":[10,10,16,21,22],"damage_taken":[{"damage":0,"enemies":"Cultist","floor":1,"turns":1},{"damage":0,"enemies":"Jaw Worm","floor":2,"turns":1},{"damage":0,"enemies":"Small Slimes","floor":4,"turns":1},{"damage":0,"enemies":"Blue Slaver","floor":7,"turns":5},{"damage":8,"enemies":"3 Sentries","floor":10,"turns":7},{"damage":19,"enemies":"Gremlin Nob","floor":14,"turns":5},{"damage":41,"enemies":"The Guardian","floor":16,"turns":15},{"damage":6,"enemies":"2 Thieves","floor":18,"turns":4},{"damage":20,"enemies":"3 Byrds","floor":19,"turns":3},{"damage":18,"enemies":"Snecko","floor":21,"turns":4},{"damage":27,"enemies":"Chosen and Byrds","floor":22,"turns":7},{"damage":2,"enemies":"Centurion and Healer","floor":27,"turns":6},{"damage":12,"enemies":"Snake Plant","floor":31,"turns":3},{"damage":50,"enemies":"Automaton","floor":33,"turns":12}],"seed_played":"-7280479873668294383","potions_obtained":[{"floor":1,"key":"Weak Potion"},{"floor":4,"key":"Fire Potion"},{"floor":7,"key":"SkillPotion"},{"floor":14,"key":"GrandPatriotsElixir:ReiMu"},{"floor":19,"key":"Regen Potion"},{"floor":21,"key":"Strength Potion"}],"is_trial":false,"path_per_floor":["M","M","$","M","$","R","M","R","T","E","R","?","R","E","R","B",null,"M","M","?","M","M","R","$","R","T","M","R","?","T","M","R","B"],"character_chosen":"THE_SILENT","items_purchased":["Footwork","Leg Sweep","Strange Spoon"],"campfire_rested":0,"item_purchase_floors":[3,24,24],"current_hp_per_floor":[59,59,59,59,59,59,59,59,59,51,51,51,51,44,44,15,53,47,39,39,35,20,20,20,20,20,30,30,30,36,36,36,0,0],"gold":59,"neow_bonus":"THREE_ENEMY_KILL","is_daily":false,"chose_seed":false,"campfire_upgraded":9,"win_rate":0.0,"timestamp":1613803472,"path_taken":["M","M","$","M","$","R","M","R","T","E","R","?","R","E","R","BOSS","M","?","?","M","M","R","$","R","T","M","R","?","?","M","R","BOSS"],"items_purchased_type":["Card","Card","Relic"],"build_version":"2020-12-22","purchased_purges":1,"victory":false,"max_hp_per_floor":[66,66,66,66,66,66,66,66,66,66,66,66,66,66,66,66,66,66,66,66,66,66,66,66,66,66,66,66,66,72,72,72,72,72],"card_choices":[{"not_picked":["Heel Hook","Sucker Punch","Acrobatics"],"picked":"SKIP","floor":1},{"not_picked":["Choke","Flying Knee"],"picked":"Backstab","floor":2},{"not_picked":["Choke","Underhanded Strike"],"picked":"Storm of Steel","floor":4},{"not_picked":["Bane","Quick Slash"],"picked":"Terror","floor":7},{"not_picked":["Flechettes","Prepared"],"picked":"Backstab","floor":10},{"not_picked":["Flying Knee","Quick Slash"],"picked":"Die Die Die","floor":14},{"not_picked":["Storm of Steel","Grand Finale"],"picked":"Corpse Explosion","floor":16},{"not_picked":["Blur","Deflect"],"picked":"Cloak And Dagger+1","floor":18},{"not_picked":["Poisoned Stab","Flying Knee","Distraction"],"picked":"SKIP","floor":19},{"not_picked":["Dagger Spray","Underhanded Strike"],"picked":"Malaise","floor":21},{"not_picked":["Poisoned Stab","Quick Slash"],"picked":"PiercingWail","floor":22},{"not_picked":["Underhanded Strike","Reflex"],"picked":"Prepared+1","floor":27},{"not_picked":["Blur","Flying Knee"],"picked":"Bouncing Flask","floor":31}],"player_experience":1596843,"relics_obtained":[{"floor":9,"key":"Meat on the Bone"},{"floor":10,"key":"Nunchaku"},{"floor":14,"key":"PreservedInsect"},{"floor":26,"key":"Darkstone Periapt"},{"floor":30,"key":"Paper Crane"}],"event_choices":[{"damage_healed":0,"gold_gain":0,"player_choice":"Trade","damage_taken":0,"relics_obtained":["CultistMask"],"max_hp_gain":0,"max_hp_loss":0,"event_name":"FaceTrader","floor":12,"gold_loss":0},{"damage_healed":0,"gold_gain":0,"player_choice":"Ignored","damage_taken":0,"max_hp_gain":0,"max_hp_loss":0,"event_name":"Ghosts","floor":20,"gold_loss":0}],"is_beta":false,"boss_relics":[{"not_picked":["Busted Crown","Black Star"],"picked":"Cursed Key"}],"items_purged_floors":[24],"is_endless":false,"potions_floor_spawned":[1,4,7,14,19,21],"killed_by":"Automaton","ascension_level":17}}