{"host":"fauqrvll5t0ss0vm","time":1613838303,"event":{"mods":["2.2 Compatiblity","Act Like it!","Aspiration","Bard","BaseMod","Beaked The Cultist","Better Altar","Better Match","Better Note","Better Sensory Stone","Better Skull","Better Third Choice","Better Vampires","Card Filter","Clockwork Mod","Colored Map","Conspire","Displayed Cursed Tome","Downfall","Emptier Cage","Energized Spire","Friendly Minions","GifTheSpireLib","Glutton Mod","Gremlin Mod","Gremlin Skip","Halation","Hermit","Highlight Path","Hubris","Jorbs\u0027s Wanderer Trilogy","Mad Scientist","Marked Mod","Minty Spire (QoL Compilation)","Permanent Neow","Random Character Button","Relic Filter","Reorder Act Four","Replay The Spire","Shop Mod","Somnambulant","Spikes Relics","StSLib","Stuff the Spire","SuperFastMode","The Construct","The Cursed","The Disciple","The Elementalist","The Judge","The Juggle","The Mystic","The Runesmith","The Sage","The Servant 0.9.4","The Valiant","Trackpad","Uncapped"],"gold_per_floor":[119,137,15,25,25,25,50,65,90,105,131,131,31,81,81,185,185,205,205,205,223,223,223,250,250,250,277,288,288,288],"floor_reached":29,"language":"ENG","playtime":1888,"items_purged":[],"score":311,"play_id":"07742cf4-eaa4-4d9e-930b-e735666088e6","local_time":"20210220172503","is_ascension_mode":true,"campfire_choices":[{"data":"MadScienceMod:Virus","floor":6,"key":"SMITH"},{"data":"MadScienceMod:RecyclingStation","floor":12,"key":"SMITH"},{"data":"MadScienceMod:CloneVats","floor":15,"key":"SMITH"},{"data":"MadScienceMod:Strafe","floor":23,"key":"SMITH"},{"data":"MadScienceMod:MinatureWeapons","floor":25,"key":"SMITH"}],"circlet_count":0,"master_deck":["MadScienceMod:Defend_MadScience","MadScienceMod:Defend_MadScience","MadScienceMod:Defend_MadScience","MadScienceMod:Defend_MadScience","MadScienceMod:HideBehindJunk","MadScienceMod:Strafe+1","MadScienceMod:OilDrum","MadScienceMod:RecyclingStation+1","MadScienceMod:Virus+1","MadScienceMod:CloneVats+1","MadScienceMod:ImposingConstruct","MadScienceMod:Strafe","MadScienceMod:Sprocket","Ghostly","MadScienceMod:Jetpack","Replay:Hysterical Blindness","Replay:Hysterical Blindness","MadScienceMod:RecyclingStation","MadScienceMod:Strafe+1","MadScienceMod:MinatureWeapons+1"],"relics":["MadScienceMod:FuelTank","aspiration:Lifesprig","StuffTheSpire:EmeraldSignet","Juzu Bracelet","StuffTheSpire:PointBlank","trackpad:GuardianSpirit","Kintsugi","SpikesRelics:DaevaFist","CherryCoatedStake"],"acts_visited":["Exordium","TheCity"],"potions_floor_usage":[11,11,11],"damage_taken":[{"damage":5,"enemies":"Small Slimes","floor":1,"turns":5},{"damage":0,"enemies":"Cultist","floor":2,"turns":4},{"damage":0,"enemies":"2 Louse","floor":4,"turns":3},{"damage":14,"enemies":"Lagavulin","floor":7,"turns":7},{"damage":6,"enemies":"Blue Slaver","floor":8,"turns":5},{"damage":10,"enemies":"Exordium Wildlife","floor":10,"turns":6},{"damage":0,"enemies":"Gremlin Nob","floor":11,"turns":4},{"damage":12,"enemies":"The Guardian","floor":16,"turns":10},{"damage":0,"enemies":"Chosen","floor":18,"turns":7},{"damage":0,"enemies":"3 Byrds","floor":21,"turns":8},{"damage":59,"enemies":"Book of Stabbing","floor":24,"turns":8},{"damage":62,"enemies":"Slavers","floor":27,"turns":11},{"damage":21,"enemies":"Snake Plant","floor":28,"turns":9},{"damage":24,"enemies":"Chosen and Byrds","floor":29,"turns":4}],"seed_played":"-6925908114799142716","potions_obtained":[{"floor":2,"key":"Reflective Coating"},{"floor":8,"key":"Swift Potion"},{"floor":11,"key":"FearPotion"},{"floor":28,"key":"Explosive Potion"}],"is_trial":false,"path_per_floor":["M","M","$","M","?","R","E","M","T","M","E","R","?","?","R","B",null,"M","?","?","M","?","R","E","R","T","E","M","M"],"character_chosen":"MAD_SCIENTIST","items_purchased":["MadScienceMod:RecyclingStation","Strength Potion"],"campfire_rested":0,"item_purchase_floors":[3,3],"current_hp_per_floor":[70,70,70,70,70,70,56,54,54,44,44,44,44,26,26,16,75,75,75,75,75,75,75,16,16,16,9,19,0,0],"gold":288,"neow_bonus":"RANDOM_COMMON_RELIC","is_daily":false,"chose_seed":false,"campfire_upgraded":5,"win_rate":0.0,"timestamp":1613838303,"path_taken":["M","M","$","M","?","R","E","M","T","M","E","R","?","?","R","BOSS","M","?","?","M","?","R","E","R","T","E","M","M"],"items_purchased_type":["Card","Potion"],"build_version":"2020-12-22","purchased_purges":0,"victory":false,"max_hp_per_floor":[75,75,75,75,75,75,75,75,75,75,75,75,75,75,75,75,75,75,75,75,75,75,75,75,75,75,75,75,75,75],"card_choices":[{"not_picked":["MadScienceMod:EnergyBarrier","MadScienceMod:NowOrNever"],"picked":"MadScienceMod:Strafe","floor":1},{"not_picked":["MadScienceMod:Detonate","MadScienceMod:NowOrNever"],"picked":"MadScienceMod:OilDrum","floor":2},{"not_picked":["MadScienceMod:AntimatterBomb","MadScienceMod:AutoStrike"],"picked":"MadScienceMod:Virus","floor":4},{"not_picked":["MadScienceMod:RadioactiveSword","MadScienceMod:NowOrNever"],"picked":"MadScienceMod:CloneVats","floor":7},{"not_picked":["MadScienceMod:Retarget","MadScienceMod:SelfDestruct"],"picked":"MadScienceMod:ImposingConstruct","floor":8},{"not_picked":["MadScienceMod:NowOrNever","MadScienceMod:Refuel"],"picked":"MadScienceMod:Strafe","floor":10},{"not_picked":["MadScienceMod:FlexibleSpear","MadScienceMod:MechanicalSnecko"],"picked":"MadScienceMod:Sprocket","floor":11},{"not_picked":["MadScienceMod:LabAccident","MadScienceMod:GatherParts"],"picked":"MadScienceMod:Jetpack","floor":16},{"not_picked":["MadScienceMod:SelfDestruct","MadScienceMod:Strafe"],"picked":"MadScienceMod:RecyclingStation","floor":18},{"not_picked":["MadScienceMod:Weaponize","MadScienceMod:Poke"],"picked":"MadScienceMod:Strafe","floor":21},{"not_picked":["MadScienceMod:FragmentationGrenade","MadScienceMod:Sprocket"],"picked":"MadScienceMod:MinatureWeapons","floor":24},{"not_picked":["MadScienceMod:ParticleBeam","MadScienceMod:AcidSpray","MadScienceMod:AntimatterBomb"],"picked":"SKIP","floor":27},{"not_picked":["MadScienceMod:NowOrNever","MadScienceMod:MechanicalClaw","MadScienceMod:OmniHammer"],"picked":"SKIP","floor":28}],"player_experience":7588035,"relics_obtained":[{"floor":7,"key":"StuffTheSpire:EmeraldSignet"},{"floor":9,"key":"Juzu Bracelet"},{"floor":11,"key":"StuffTheSpire:PointBlank"},{"floor":14,"key":"trackpad:GuardianSpirit"},{"floor":24,"key":"SpikesRelics:DaevaFist"},{"floor":27,"key":"CherryCoatedStake"}],"event_choices":[{"damage_healed":0,"gold_gain":0,"player_choice":"Upgraded","damage_taken":0,"max_hp_gain":0,"max_hp_loss":0,"event_name":"Upgrade Shrine","floor":5,"gold_loss":0,"cards_upgraded":["MadScienceMod:Strafe"]},{"damage_healed":0,"gold_gain":0,"player_choice":"Argue","damage_taken":0,"max_hp_gain":0,"max_hp_loss":0,"event_name":"conspire:LoneGhost","floor":13,"gold_loss":0},{"damage_healed":0,"gold_gain":0,"player_choice":"Ignored","damage_taken":0,"max_hp_gain":0,"max_hp_loss":0,"event_name":"betterNote:BetterNote","floor":19,"gold_loss":0,"cards_obtained":["Conclude"]},{"damage_healed":0,"gold_gain":0,"player_choice":"Leave","damage_taken":0,"max_hp_gain":0,"max_hp_loss":0,"event_name":"conspire:Investor","floor":20,"gold_loss":0}],"is_beta":false,"boss_relics":[{"not_picked":["aspiration:RitualDagger","energizedSpire:EnergizedDie"],"picked":"Kintsugi"}],"items_purged_floors":[],"is_endless":false,"potions_floor_spawned":[2,8,10,11,24,28],"killed_by":"Chosen and Byrds","ascension_level":1}}