{"host":"178rghtqlvp3zue2","time":1613804976,"event":{"mods":["2.2 Compatiblity","AchievementEnabler","BaseMod","CapriCore","DeckTracker","Minty Spire (QoL Compilation)","Prisma Mod","Quick Restart","StSLib","SuperFastMode","The Immortal"],"gold_per_floor":[116,116,76,96,96,96,123,141,141,141,179,179,203,242,242,350,350,379,379,148,166,192,221,248,248,319,319,319,344,370,370,370,482,482,499,517,517,517,517],"floor_reached":37,"language":"KOR","playtime":1530,"items_purged":[],"score":414,"play_id":"e1457abe-82fb-428d-8711-908b01ff0c4a","local_time":"20210220160936","is_ascension_mode":false,"campfire_choices":[{"data":"MokouMod:ResonanceReactor","floor":6,"key":"SMITH"},{"data":"MokouMod:Meltdown","floor":10,"key":"SMITH"},{"data":"MokouMod:SearingBlow","floor":12,"key":"SMITH"},{"floor":15,"key":"REST"},{"floor":25,"key":"REST"},{"floor":27,"key":"REST"},{"floor":32,"key":"REST"}],"circlet_count":0,"master_deck":["MokouMod:Strike","MokouMod:Strike","MokouMod:Strike","MokouMod:Strike","MokouMod:Defend","MokouMod:Defend","MokouMod:Defend","MokouMod:HeatSpark","MokouMod:Overheat+1","MokouMod:ResonanceReactor+1","MokouMod:Scorch","MokouMod:Meltdown+1","MokouMod:IndiscriminateIgnition","MokouMod:SearingBlow+1","MokouMod:FujiyamaVolcano","MokouMod:CrimsonFlare","MokouMod:PhoenixForm","MokouMod:Sear","MokouMod:BurningHiddenBullet","MokouMod:ScorchingColumn","MokouMod:Wildfire","MokouMod:Sear","MokouMod:ImperishableFlame","MokouMod:TemporalFireSeal","MokouMod:Scorch+1","MokouMod:Overheat+1","MokouMod:IndiscriminateIgnition+1","MokouMod:SubterraneanCore+1","MokouMod:RadiantBlade","Madness","Madness"],"relics":["MokouMod:PhoenixFeather","NeowsBlessing","Shuriken","Matryoshka","CeramicFish","Orichalcum","Potion Belt","StrikeDummy","SlaversCollar","Strawberry","Darkstone Periapt"],"acts_visited":["Exordium","TheCity","TheBeyond"],"potions_floor_usage":[14,14,16,16,31,33],"damage_taken":[{"damage":0,"enemies":"Jaw Worm","floor":1,"turns":1},{"damage":0,"enemies":"Small Slimes","floor":4,"turns":1},{"damage":0,"enemies":"3 Sentries","floor":7,"turns":1},{"damage":6,"enemies":"2 Louse","floor":8,"turns":3},{"damage":26,"enemies":"Gremlin Nob","floor":11,"turns":5},{"damage":14,"enemies":"Exordium Wildlife","floor":13,"turns":5},{"damage":19,"enemies":"3 Sentries","floor":14,"turns":8},{"damage":30,"enemies":"Slime Boss","floor":16,"turns":11},{"damage":22,"enemies":"Spheric Guardian","floor":18,"turns":5},{"damage":31,"enemies":"Shell Parasite","floor":22,"turns":7},{"damage":33,"enemies":"Snake Plant","floor":23,"turns":6},{"damage":10,"enemies":"Snecko","floor":24,"turns":5},{"damage":32,"enemies":"Cultist and Chosen","floor":29,"turns":9},{"damage":28,"enemies":"Centurion and Healer","floor":30,"turns":7},{"damage":0,"enemies":"Snake Plant","floor":31,"turns":1},{"damage":21,"enemies":"Collector","floor":33,"turns":8},{"damage":49,"enemies":"3 Shapes","floor":35,"turns":3},{"damage":28,"enemies":"Orb Walker","floor":37,"turns":3}],"seed_played":"5400470503853118446","potions_obtained":[{"floor":4,"key":"SpeedPotion"},{"floor":8,"key":"Swift Potion"},{"floor":13,"key":"Energy Potion"},{"floor":14,"key":"Block Potion"},{"floor":18,"key":"ColorlessPotion"},{"floor":22,"key":"SmokeBomb"},{"floor":33,"key":"PowerPotion"}],"is_trial":false,"path_per_floor":["M","?","$","M","?","R","E","M","T","R","E","R","M","E","R","B",null,"M","?","$","?","M","M","M","R","T","R","?","M","M","M","R","B",null,"M","?","M"],"character_chosen":"MKU","items_purchased":["MokouMod:ResonanceReactor","MokouMod:BurningHiddenBullet","MokouMod:ScorchingColumn","MokouMod:Wildfire"],"campfire_rested":4,"item_purchase_floors":[3,20,20,20],"current_hp_per_floor":[75,75,75,75,68,68,68,62,62,62,36,36,22,3,25,14,75,53,39,39,39,8,16,6,30,37,63,63,31,3,3,29,8,87,38,27,0,0,0],"gold":517,"neow_bonus":"THREE_ENEMY_KILL","is_daily":false,"chose_seed":false,"campfire_upgraded":3,"win_rate":0.0,"timestamp":1613804976,"path_taken":["M","?","$","M","?","R","E","M","T","R","E","R","?","E","R","BOSS","M","?","$","?","M","M","M","R","T","R","?","?","M","M","R","BOSS","M","?","M"],"items_purchased_type":["Card","Card","Card","Card"],"build_version":"2020-12-22","purchased_purges":0,"victory":false,"max_hp_per_floor":[75,75,75,75,75,75,75,75,75,75,75,75,75,75,75,75,75,75,80,80,80,80,80,80,80,87,87,87,87,87,87,87,87,87,87,87,87,87,87],"card_choices":[{"not_picked":["MokouMod:FlickeringFlame","MokouMod:CrimsonArmoury"],"picked":"MokouMod:Overheat","floor":1},{"not_picked":["MokouMod:BlazingComet","MokouMod:UncontrollableSolarReaction"],"picked":"MokouMod:Scorch","floor":4},{"not_picked":["MokouMod:GuidingSmoke","MokouMod:HeartofFire"],"picked":"MokouMod:Meltdown","floor":7},{"not_picked":["MokouMod:FlickeringFlame","MokouMod:UncontrollableSolarReaction"],"picked":"MokouMod:IndiscriminateIgnition","floor":8},{"not_picked":["MokouMod:SearingShot","MokouMod:Firecracker"],"picked":"MokouMod:SearingBlow","floor":11},{"not_picked":["MokouMod:Stoke","MokouMod:IndiscriminateIgnition"],"picked":"MokouMod:FujiyamaVolcano","floor":13},{"not_picked":["MokouMod:UncontrollableSolarReaction","MokouMod:HeatCyclone"],"picked":"MokouMod:CrimsonFlare","floor":14},{"not_picked":["MokouMod:Rekindle","MokouMod:RadiantBlade"],"picked":"MokouMod:PhoenixForm","floor":16},{"not_picked":["MokouMod:HeartofFire","MokouMod:Overheat"],"picked":"MokouMod:Sear","floor":18},{"not_picked":["MokouMod:Sear","MokouMod:SearingShot"],"picked":"MokouMod:TemporalFireSeal","floor":22},{"not_picked":["MokouMod:IgneousBlow","MokouMod:RoaringFlare"],"picked":"MokouMod:Scorch+1","floor":23},{"not_picked":["MokouMod:ResoluteFlare","MokouMod:SearingShot"],"picked":"MokouMod:Overheat+1","floor":24},{"not_picked":["MokouMod:ControlledCombustion","MokouMod:SearingShot"],"picked":"MokouMod:IndiscriminateIgnition+1","floor":29},{"not_picked":["MokouMod:FlareStarter","MokouMod:SearingShot"],"picked":"MokouMod:SubterraneanCore+1","floor":30},{"not_picked":["MokouMod:Extinguish","MokouMod:Rekindle"],"picked":"MokouMod:RadiantBlade","floor":33},{"not_picked":["MokouMod:FlareStarter","MokouMod:SearingShot","MokouMod:TemporalFireSeal"],"picked":"SKIP","floor":35}],"player_experience":278642,"relics_obtained":[{"floor":7,"key":"Matryoshka"},{"floor":9,"key":"CeramicFish"},{"floor":9,"key":"Orichalcum"},{"floor":11,"key":"Potion Belt"},{"floor":14,"key":"StrikeDummy"},{"floor":26,"key":"Strawberry"},{"floor":26,"key":"Darkstone Periapt"}],"event_choices":[{"damage_healed":0,"gold_gain":0,"player_choice":"Grow","damage_taken":0,"max_hp_gain":0,"max_hp_loss":0,"event_name":"Living Wall","floor":2,"gold_loss":0,"cards_upgraded":["MokouMod:Overheat"]},{"damage_healed":0,"gold_gain":0,"player_choice":"Success","damage_taken":7,"relics_obtained":["Shuriken"],"max_hp_gain":0,"max_hp_loss":0,"event_name":"Scrap Ooze","floor":5,"gold_loss":0},{"damage_healed":0,"gold_gain":0,"player_choice":"Shed Blood","damage_taken":19,"max_hp_gain":5,"max_hp_loss":0,"event_name":"Forgotten Altar","floor":19,"gold_loss":0},{"damage_healed":0,"gold_gain":0,"cards_transformed":["MokouMod:Strike","MokouMod:Defend"],"player_choice":"Became Test Subject","damage_taken":0,"max_hp_gain":0,"max_hp_loss":0,"event_name":"Drug Dealer","floor":21,"gold_loss":0,"cards_obtained":["MokouMod:Sear","MokouMod:ImperishableFlame"]},{"damage_healed":0,"gold_gain":0,"player_choice":"Ignored","damage_taken":0,"max_hp_gain":0,"max_hp_loss":0,"event_name":"Ghosts","floor":28,"gold_loss":0},{"damage_healed":0,"gold_gain":0,"player_choice":"Embrace Madness","damage_taken":11,"max_hp_gain":0,"max_hp_loss":0,"event_name":"Winding Halls","floor":36,"gold_loss":0,"cards_obtained":["Madness","Madness"]}],"is_beta":false,"boss_relics":[{"not_picked":["Empty Cage","SacredBark"],"picked":"SlaversCollar"},{"not_picked":["Runic Pyramid","Velvet Choker","Fusion Hammer"]}],"items_purged_floors":[],"is_endless":false,"potions_floor_spawned":[4,8,13,14,18,22,33],"killed_by":"Orb Walker","ascension_level":0}}