{"host":"wbn3xdfsa5pc2kse","time":1613811997,"event":{"mods":["AchievementEnabler","BaseMod","Bestiary","Colored Map","Colored Powertips","Curses Come First","Highlight Path","Minty Spire (QoL Compilation)","Permanent Neow","Rare Cards Sparkle","Relic Stats","StSLib"],"gold_per_floor":[109,34,54,74,84,114,114,114,141,172,172,203,215,215,215,291,291,302,302,352,267,267,267],"floor_reached":22,"language":"ZHT","playtime":467,"items_purged":[],"score":579,"play_id":"92ed0756-719c-4280-b985-a831da06f063","local_time":"20210220170637","is_ascension_mode":true,"campfire_choices":[{"data":"Eruption","floor":7.0,"key":"SMITH"},{"data":"Tantrum","floor":11.0,"key":"SMITH"},{"data":"CrushJoints","floor":15.0,"key":"SMITH"}],"circlet_count":0,"master_deck":["AscendersBane","Strike_P","Strike_P","Strike_P","Defend_P","Defend_P","Defend_P","Defend_P","Eruption+1","Vigilance","FlurryOfBlows","FlurryOfBlows","Crescendo","FollowUp","CrushJoints+1","Regret","Tantrum+1","EmptyMind","WaveOfTheHand","Normality","Devotion","EmptyMind"],"relics":["Cursed Key","Dream Catcher","Damaru","Akabeko","Orichalcum","Mango","Philosopher\u0027s Stone","Oddly Smooth Stone"],"acts_visited":["Exordium","TheCity"],"potions_floor_usage":[],"damage_taken":[{"damage":5.0,"enemies":"Small Slimes","floor":1.0,"turns":3.0},{"damage":0.0,"enemies":"Jaw Worm","floor":3.0,"turns":3.0},{"damage":0.0,"enemies":"2 Louse","floor":4.0,"turns":2.0},{"damage":1.0,"enemies":"2 Fungi Beasts","floor":5.0,"turns":4.0},{"damage":3.0,"enemies":"Gremlin Nob","floor":6.0,"turns":3.0},{"damage":21.0,"enemies":"3 Sentries","floor":10.0,"turns":7.0},{"damage":0.0,"enemies":"Gremlin Nob","floor":12.0,"turns":2.0},{"damage":10.0,"enemies":"Blue Slaver","floor":13.0,"turns":3.0},{"damage":2.0,"enemies":"Slime Boss","floor":16.0,"turns":5.0},{"damage":24,"enemies":"2 Thieves","floor":18,"turns":4},{"damage":24,"enemies":"3 Byrds","floor":22,"turns":2}],"seed_played":"540779298355386555","potions_obtained":[{"floor":3.0,"key":"Energy Potion"},{"floor":4.0,"key":"Explosive Potion"},{"floor":5.0,"key":"Swift Potion"},{"floor":18,"key":"Strength Potion"}],"is_trial":false,"path_per_floor":["M","?","M","M","M","E","R","?","T","E","R","E","M","T","R","B",null,"M","?","?","?","M"],"character_chosen":"WATCHER","items_purchased":[],"campfire_rested":0,"item_purchase_floors":[],"current_hp_per_floor":[56,56,56,56,55,52,52,52,52,31,31,31,21,35,35,33,70,46,22,22,22,0,0],"gold":267,"neow_bonus":"BOSS_RELIC","is_daily":false,"chose_seed":false,"campfire_upgraded":3,"win_rate":0.0,"timestamp":1613811997,"path_taken":["M","?","M","M","M","E","R","?","T","E","R","E","M","?","R","BOSS","M","?","?","?","M"],"items_purchased_type":[],"build_version":"2020-12-22","purchased_purges":0,"victory":false,"max_hp_per_floor":[68,68,68,68,68,68,68,68,68,68,68,68,68,82,82,82,82,82,87,87,87,87,87],"relic_stats":{"Dream Catcher":0,"counters":[11,38],"Orichalcum":[30],"Cursed Key":2,"obtain_stats":[{"Dream Catcher":6,"Damaru":9,"Oddly Smooth Stone":21,"Mango":14,"Philosopher\u0027s Stone":17,"PureWater":0,"Orichalcum":12,"Cursed Key":0,"Akabeko":10},{"Dream Catcher":5,"Damaru":5,"Oddly Smooth Stone":10,"Mango":8,"Philosopher\u0027s Stone":9,"PureWater":0,"Orichalcum":7,"Cursed Key":0,"Akabeko":6},{"Dream Catcher":15,"Damaru":15,"Oddly Smooth Stone":36,"Mango":27,"Philosopher\u0027s Stone":32,"PureWater":0,"Orichalcum":24,"Cursed Key":0,"Akabeko":22}]},"card_choices":[{"not_picked":["FearNoEvil","Halt"],"picked":"FlurryOfBlows","floor":1.0},{"not_picked":["WheelKick","PathToVictory"],"picked":"FlurryOfBlows","floor":3.0},{"not_picked":["CutThroughFate","ReachHeaven"],"picked":"Crescendo","floor":4.0},{"not_picked":["EmptyBody","CrushJoints"],"picked":"FollowUp","floor":5.0},{"not_picked":["Consecrate","Establishment"],"picked":"CrushJoints","floor":6.0},{"not_picked":["EmptyBody","PathToVictory"],"picked":"Tantrum","floor":10.0},{"not_picked":["JustLucky","SignatureMove"],"picked":"EmptyMind","floor":12.0},{"not_picked":["Study","FlyingSleeves"],"picked":"WaveOfTheHand","floor":13.0},{"not_picked":["MasterReality","Alpha"],"picked":"Devotion","floor":16.0},{"not_picked":["ForeignInfluence","EmptyFist"],"picked":"EmptyMind","floor":18}],"player_experience":840369,"relics_obtained":[{"floor":6.0,"key":"Dream Catcher"},{"floor":9.0,"key":"Damaru"},{"floor":10.0,"key":"Akabeko"},{"floor":12.0,"key":"Orichalcum"},{"floor":14.0,"key":"Mango"}],"event_choices":[{"cards_removed":["Strike_P"],"damage_healed":0.0,"max_hp_gain":0.0,"max_hp_loss":0.0,"gold_gain":0.0,"event_name":"The Cleric","player_choice":"Card Removal","floor":2.0,"gold_loss":75.0,"damage_taken":0.0},{"damage_healed":0.0,"max_hp_gain":0.0,"max_hp_loss":0.0,"gold_gain":0.0,"event_name":"Liars Game","player_choice":"Ignored","floor":8.0,"gold_loss":0.0,"damage_taken":0.0},{"damage_healed":0,"gold_gain":0,"player_choice":"Shed Blood","damage_taken":29,"max_hp_gain":5,"max_hp_loss":0,"event_name":"Forgotten Altar","floor":19,"gold_loss":0},{"damage_healed":0,"gold_gain":50,"player_choice":"Stole From Cult","damage_taken":0,"max_hp_gain":0,"max_hp_loss":0,"event_name":"Nest","floor":20,"gold_loss":0},{"damage_healed":0,"gold_gain":0,"player_choice":"Obtained Relic","damage_taken":0,"relics_obtained":["Oddly Smooth Stone"],"max_hp_gain":0,"max_hp_loss":0,"event_name":"Addict","floor":21,"gold_loss":85}],"is_beta":false,"boss_relics":[{"not_picked":["Sozu","Tiny House"],"picked":"Philosopher\u0027s Stone"}],"items_purged_floors":[],"is_endless":false,"potions_floor_spawned":[3,4,5,6,18],"killed_by":"3 Byrds","ascension_level":20}}