{"host":"49pjgf1q9ev52n8z","time":1613781366,"event":{"mods":["BaseMod","Bestiary","Colored Map","Keyboard Shortcuts","Minty Spire (QoL Compilation)","Practice Mode","Relic Stats","StSLib"],"gold_per_floor":[114,133,149,169,185,185,204,204,227,255,255,267,286,334,334,436,436,446,446,446,446,462,462,493,493,493,70,99,113,147,147,147,147,147],"floor_reached":33,"language":"ENG","playtime":1749,"items_purged":[],"score":455,"play_id":"6f240006-382a-411a-b0f5-e2901ab47e1a","local_time":"20210219163606","is_ascension_mode":true,"campfire_choices":[{"floor":6,"key":"REST"},{"floor":8,"key":"REST"},{"data":"Immolate","floor":15,"key":"SMITH"},{"data":"Battle Trance","floor":23,"key":"SMITH"},{"floor":25,"key":"REST"},{"floor":32,"key":"REST"}],"circlet_count":0,"master_deck":["Strike_R","Strike_R","Strike_R","Strike_R","Defend_R","Defend_R","Defend_R","Defend_R","Bash","Juggernaut","Pommel Strike","Headbutt","Immolate+1","Hemokinesis","Battle Trance+1","Fire Breathing","Rage","Exhume","Feel No Pain","Sever Soul","Ghostly Armor","Shrug It Off","Spot Weakness","Pummel","Reaper","Ghostly","Ghostly","Ghostly","Ghostly","Ghostly"],"relics":["Burning Blood","Akabeko","Pear","Vajra","SacredBark","MutagenicStrength","Bag of Preparation","Tiny Chest","Magic Flower","Kunai","TheAbacus","Letter Opener","Nunchaku"],"acts_visited":["Exordium","TheCity"],"potions_floor_usage":[7,16,22,24,24,28,30,30],"damage_taken":[{"damage":3,"enemies":"2 Louse","floor":1,"turns":3},{"damage":8,"enemies":"Jaw Worm","floor":2,"turns":5},{"damage":14,"enemies":"Small Slimes","floor":3,"turns":5},{"damage":17,"enemies":"Looter","floor":4,"turns":3},{"damage":27,"enemies":"Gremlin Gang","floor":5,"turns":3},{"damage":11,"enemies":"Blue Slaver","floor":7,"turns":3},{"damage":10,"enemies":"3 Sentries","floor":10,"turns":2},{"damage":13,"enemies":"Red Slaver","floor":12,"turns":3},{"damage":7,"enemies":"2 Fungi Beasts","floor":13,"turns":2},{"damage":35,"enemies":"Slime Boss","floor":16,"turns":5},{"damage":39,"enemies":"Shell Parasite","floor":18,"turns":5},{"damage":0,"enemies":"Spheric Guardian","floor":22,"turns":1},{"damage":9,"enemies":"Gremlin Leader","floor":24,"turns":7},{"damage":26,"enemies":"Slavers","floor":28,"turns":6},{"damage":30,"enemies":"Chosen and Byrds","floor":29,"turns":5},{"damage":34,"enemies":"Book of Stabbing","floor":30,"turns":4},{"damage":40,"enemies":"Automaton","floor":33,"turns":10}],"seed_played":"962941683135018115","potions_obtained":[{"floor":4,"key":"Regen Potion"},{"floor":5,"key":"DuplicationPotion"},{"floor":12,"key":"LiquidMemories"},{"floor":13,"key":"ColorlessPotion"},{"floor":16,"key":"SkillPotion"},{"floor":22,"key":"Fire Potion"},{"floor":24,"key":"LiquidMemories"},{"floor":28,"key":"ColorlessPotion"}],"is_trial":false,"path_per_floor":["M","M","M","M","M","R","M","R","T","E","?","M","M","T","R","B",null,"M","?","?","?","M","R","E","R","T","$","E","M","E","?","R","B"],"character_chosen":"IRONCLAD","items_purchased":["Kunai","Shrug It Off","TheAbacus"],"campfire_rested":4,"item_purchase_floors":[27,27,27],"current_hp_per_floor":[54,52,44,33,12,36,40,64,64,70,70,63,62,62,62,33,76,43,43,43,43,49,49,46,73,73,73,56,35,10,10,23,0,0],"gold":147,"neow_bonus":"THREE_RARE_CARDS","is_daily":false,"chose_seed":false,"campfire_upgraded":2,"win_rate":0.0,"timestamp":1613781366,"path_taken":["M","M","M","M","M","R","M","R","T","E","?","M","M","?","R","BOSS","M","?","?","?","?","R","E","R","T","$","E","M","E","?","R","BOSS"],"items_purchased_type":["Relic","Card","Relic"],"build_version":"2020-12-22","purchased_purges":0,"victory":false,"max_hp_per_floor":[80,80,80,80,80,80,80,80,80,90,90,90,90,90,90,90,90,90,90,90,90,90,90,90,90,90,90,90,90,90,45,45,45,45],"relic_stats":{"Nunchaku":[0],"TheAbacus":[30],"counters":[17,72],"Magic Flower":[9],"Tiny Chest":0,"Bag of Preparation":[12],"Kunai":[4],"Letter Opener":[30],"obtain_stats":[{"Pear":10,"SacredBark":17,"Vajra":14,"Magic Flower":26,"Bag of Preparation":20,"Letter Opener":28,"Burning Blood":0,"Akabeko":9,"Nunchaku":30,"TheAbacus":27,"MutagenicStrength":19,"Tiny Chest":24,"Kunai":27},{"Pear":7,"SacredBark":10,"Vajra":9,"Magic Flower":13,"Bag of Preparation":11,"Letter Opener":14,"Burning Blood":0,"Akabeko":6,"Nunchaku":16,"TheAbacus":13,"MutagenicStrength":11,"Tiny Chest":13,"Kunai":13},{"Pear":24,"SacredBark":34,"Vajra":29,"Magic Flower":47,"Bag of Preparation":39,"Letter Opener":53,"Burning Blood":0,"Akabeko":22,"Nunchaku":62,"TheAbacus":47,"MutagenicStrength":39,"Tiny Chest":47,"Kunai":47}],"Burning Blood":105},"card_choices":[{"not_picked":["Limit Break","Bludgeon"],"picked":"Juggernaut","floor":0},{"not_picked":["Clothesline","Flex"],"picked":"Pommel Strike","floor":1},{"not_picked":["Cleave","Sword Boomerang"],"picked":"Headbutt","floor":2},{"not_picked":["Pommel Strike","Perfected Strike"],"picked":"Immolate","floor":3},{"not_picked":["Clash","Anger","Pommel Strike"],"picked":"SKIP","floor":4},{"not_picked":["Intimidate","Combust"],"picked":"Hemokinesis","floor":5},{"not_picked":["Shrug It Off","Thunderclap"],"picked":"Battle Trance","floor":7},{"not_picked":["Perfected Strike","Second Wind","Warcry"],"picked":"SKIP","floor":10},{"not_picked":["Clothesline","Dark Embrace"],"picked":"Fire Breathing","floor":12},{"not_picked":["Body Slam","Flex"],"picked":"Rage","floor":13},{"not_picked":["Immolate","Juggernaut"],"picked":"Exhume","floor":16},{"not_picked":["Cleave","Wild Strike+1"],"picked":"Feel No Pain","floor":18},{"not_picked":["Heavy Blade","Pommel Strike"],"picked":"Sever Soul","floor":22},{"not_picked":["Pommel Strike","Clash"],"picked":"Ghostly Armor","floor":24},{"not_picked":["Bloodletting","Heavy Blade"],"picked":"Spot Weakness","floor":28},{"not_picked":["Warcry","Cleave"],"picked":"Pummel","floor":29},{"not_picked":["Pummel+1","Bloodletting"],"picked":"Reaper","floor":30}],"player_experience":851922,"relics_obtained":[{"floor":9,"key":"Akabeko"},{"floor":10,"key":"Pear"},{"floor":14,"key":"Vajra"},{"floor":24,"key":"Tiny Chest"},{"floor":26,"key":"Magic Flower"},{"floor":28,"key":"Letter Opener"},{"floor":30,"key":"Nunchaku"}],"event_choices":[{"damage_healed":0,"gold_gain":0,"player_choice":"Ignored","damage_taken":0,"max_hp_gain":0,"max_hp_loss":0,"event_name":"Liars Game","floor":11,"gold_loss":0},{"damage_healed":0,"gold_gain":0,"player_choice":"Inject Mutagens","damage_taken":0,"relics_obtained":["MutagenicStrength"],"max_hp_gain":0,"max_hp_loss":0,"event_name":"Drug Dealer","floor":19,"gold_loss":0},{"damage_healed":0,"gold_gain":0,"player_choice":"Opened","damage_taken":0,"relics_obtained":["Bag of Preparation"],"max_hp_gain":0,"max_hp_loss":0,"event_name":"The Mausoleum","floor":20,"gold_loss":0},{"cards_removed":["Strike_R"],"damage_healed":0,"gold_gain":0,"player_choice":"Purged","damage_taken":0,"max_hp_gain":0,"max_hp_loss":0,"event_name":"Purifier","floor":21,"gold_loss":0},{"damage_healed":0,"gold_gain":0,"player_choice":"Became a Ghost","damage_taken":0,"max_hp_gain":0,"max_hp_loss":45,"event_name":"Ghosts","floor":31,"gold_loss":0,"cards_obtained":["Ghostly","Ghostly","Ghostly","Ghostly","Ghostly"]}],"is_beta":false,"boss_relics":[{"not_picked":["Velvet Choker","Coffee Dripper"],"picked":"SacredBark"}],"items_purged_floors":[],"is_endless":false,"potions_floor_spawned":[4,5,12,13,16,22,24,28],"killed_by":"Automaton","ascension_level":8}}