{"host":"turdyikuxcak11ni","time":1613797100,"event":{"mods":["AchievementEnabler","BaseMod","Better Altar","Better Match","Better Note","Better Sensory Stone","Better Skull","Better Third Choice","Better Vampires","Colored Map","Conspire","Downfall","Hubris","Minty Spire (QoL Compilation)","Quick Restart","Relic Stats","Replay The Spire","Spicy Shops","StSLib","SuperFastMode"],"gold_per_floor":[114,131,131,149,0,28,38,49,122,122,122,122,122,137,137,237,337,355,355,295,295,295,295,369,440,452,494,551,551],"floor_reached":28,"language":"ENG","playtime":1456,"items_purged":["Normality"],"score":333,"play_id":"9e72c2e7-2014-4b43-bf95-cdf1acf0d6c0","local_time":"20210219205820","is_ascension_mode":true,"campfire_choices":[{"data":"Enlightenment","floor":10,"key":"SMITH"},{"data":"Rampage","floor":12,"key":"SMITH"},{"floor":15,"key":"REST"},{"data":"Battle Trance","floor":23,"key":"SMITH"}],"circlet_count":0,"master_deck":["Strike_R","Strike_R","Strike_R","Strike_R","Defend_R","Defend_R","Defend_R","Bash","Battle Trance+1","Clothesline","Rampage+1","Headbutt","Anger","Double Tap","Cleave","Midas Touch","Warcry","Battle Trance"],"relics":["Burning Blood","hubris:Towel","InkBottle","The Courier","ReplayTheSpireMod:TigerMarble","Replay:Wanted Poster","Ring of Fury","ReplayTheSpireMod:Ring of Challenge","MawBank","ReplayTheSpireMod:Ninjato","Ginger"],"acts_visited":["Exordium","TheCity"],"potions_floor_usage":[6,18,27],"damage_taken":[{"damage":1,"enemies":"Cultist","floor":1,"turns":3},{"damage":3,"enemies":"2 Louse","floor":2,"turns":4},{"damage":1,"enemies":"conspire:RoseBush","floor":4,"turns":4},{"damage":15,"enemies":"Lagavulin","floor":6,"turns":7},{"damage":2,"enemies":"Looter","floor":7,"turns":3},{"damage":26,"enemies":"Lots of Slimes","floor":8,"turns":4},{"damage":33,"enemies":"conspire:2 RoseBushes","floor":14,"turns":4},{"damage":40,"enemies":"Hexaghost","floor":16,"turns":5},{"damage":15,"enemies":"Spheric Guardian","floor":18,"turns":3},{"damage":4,"enemies":"Gremlin Leader","floor":24,"turns":3},{"damage":23,"enemies":"2 Thieves","floor":25,"turns":3},{"damage":42,"enemies":"Slavers","floor":27,"turns":3},{"damage":22,"enemies":"Shelled Parasite and Fungi","floor":28,"turns":2}],"seed_played":"583042387629450884","potions_obtained":[{"floor":1,"key":"Strength Potion"},{"floor":8,"key":"Elixir"},{"floor":14,"key":"Swift Potion"},{"floor":24,"key":"Fire Potion"},{"floor":25,"key":"Reflective Coating"}],"is_trial":false,"path_per_floor":["M","M","?","M","?","E","M","M","T","R","?","R","T","M","R","B",null,"M","?","$","?","?","R","E","M","T","E","M"],"character_chosen":"IRONCLAD","items_purchased":[],"campfire_rested":1,"item_purchase_floors":[],"current_hp_per_floor":[77,80,80,80,86,77,81,61,61,61,61,61,61,34,59,25,71,65,65,65,65,65,65,67,50,50,14,0,0],"gold":551,"neow_bonus":"RANDOM_EVENT","is_daily":false,"chose_seed":false,"campfire_upgraded":3,"win_rate":0.0,"timestamp":1613797100,"path_taken":["M","M","?","M","?","E","M","M","T","R","?","R","?","M","R","BOSS","M","?","$","?","?","R","E","M","T","E","?"],"items_purchased_type":[],"build_version":"2020-12-22","purchased_purges":1,"victory":false,"max_hp_per_floor":[80,80,80,80,86,86,86,86,86,86,86,86,86,86,86,86,86,89,89,89,89,89,89,89,89,89,89,89,89],"relic_stats":{"counters":[13,48],"Ginger":[0],"MawBank":48,"obtain_stats":[{"Replay:Wanted Poster":17,"ReplayTheSpireMod:Ninjato":26,"Ring of Fury":19,"The Courier":9,"ReplayTheSpireMod:TigerMarble":13,"Ginger":27,"hubris:Towel":3,"ReplayTheSpireMod:Ring of Challenge":19,"MawBank":24,"Burning Blood":0,"InkBottle":6},{"Replay:Wanted Poster":8,"ReplayTheSpireMod:Ninjato":11,"Ring of Fury":9,"The Courier":6,"ReplayTheSpireMod:TigerMarble":6,"Ginger":12,"hubris:Towel":2,"ReplayTheSpireMod:Ring of Challenge":9,"MawBank":10,"Burning Blood":0,"InkBottle":4},{"Replay:Wanted Poster":34,"ReplayTheSpireMod:Ninjato":43,"Ring of Fury":37,"The Courier":25,"ReplayTheSpireMod:TigerMarble":25,"Ginger":46,"hubris:Towel":7,"ReplayTheSpireMod:Ring of Challenge":37,"MawBank":40,"Burning Blood":0,"InkBottle":18}],"Burning Blood":67,"InkBottle":[7]},"card_choices":[{"not_picked":["hubris:CleavingFinish","Sword Boomerang","Pommel Strike"],"picked":"SKIP","floor":1},{"not_picked":["Whirlwind","Feel No Pain"],"picked":"Clothesline","floor":2},{"not_picked":["Shrug It Off","Ghostly Armor"],"picked":"Rampage","floor":4},{"not_picked":["Power Through","Seeing Red"],"picked":"Headbutt","floor":6},{"not_picked":["conspire:ExplosiveBarrier","Shockwave"],"picked":"Anger","floor":7},{"not_picked":["Twin Strike","Armaments"],"picked":"Double Tap","floor":8},{"not_picked":["ReplayTheSpireMod:Stacked","ReplayReversal"],"picked":"Cleave","floor":14},{"not_picked":["Clash","ReplayTheSpireMod:LeadingStrike","Replay:Undeath\u0027s Touch"],"picked":"SKIP","floor":18},{"not_picked":["Sentinel","Whirlwind+1"],"picked":"Warcry","floor":24},{"not_picked":["Sword Boomerang","Entrench"],"picked":"Battle Trance","floor":25},{"not_picked":["Replay:Undeath\u0027s Touch","Anger+1","Disarm+1"],"picked":"SKIP","floor":27}],"player_experience":247594,"relics_obtained":[{"floor":6,"key":"InkBottle"},{"floor":9,"key":"The Courier"},{"floor":13,"key":"ReplayTheSpireMod:TigerMarble"},{"floor":19,"key":"Ring of Fury"},{"floor":19,"key":"ReplayTheSpireMod:Ring of Challenge"},{"floor":24,"key":"MawBank"},{"floor":26,"key":"ReplayTheSpireMod:Ninjato"},{"floor":27,"key":"Ginger"}],"event_choices":[{"damage_healed":0,"gold_gain":0,"cards_transformed":["Strike_R"],"player_choice":"Change","damage_taken":0,"max_hp_gain":0,"max_hp_loss":0,"event_name":"Living Wall","floor":0,"gold_loss":0,"cards_obtained":["Battle Trance"]},{"damage_healed":0,"gold_gain":0,"player_choice":"RENOUNCE","damage_taken":149,"max_hp_gain":0,"max_hp_loss":0,"event_name":"betterThird:BetterSerpent","floor":5,"gold_loss":149,"cards_obtained":["Enlightenment"]},{"damage_healed":61,"gold_gain":0,"player_choice":"Leave","damage_taken":0,"max_hp_gain":0,"max_hp_loss":86,"event_name":"betterThird:BetterShining","floor":11,"gold_loss":0},{"damage_healed":0,"gold_gain":0,"player_choice":"Ignored","damage_taken":0,"max_hp_gain":0,"max_hp_loss":0,"event_name":"Vampires","floor":21,"gold_loss":0},{"damage_healed":0,"gold_gain":0,"cards_transformed":["Enlightenment"],"player_choice":"Transformed","damage_taken":0,"max_hp_gain":0,"max_hp_loss":0,"event_name":"Transmorgrifier","floor":22,"gold_loss":0,"cards_obtained":["Midas Touch"]}],"is_beta":false,"boss_relics":[{"not_picked":["hubris:RunicObelisk","Busted Crown"],"picked":"Replay:Wanted Poster"}],"items_purged_floors":[20],"is_endless":false,"potions_floor_spawned":[1,8,14,24,25],"killed_by":"Shelled Parasite and Fungi","ascension_level":6}}