{"host":"du3j2mdkciet31iv","time":1613834149,"event":{"mods":["BaseMod","Minty Spire (QoL Compilation)","Relic Stats","StSLib"],"gold_per_floor":[20,36,55,55,230,230,244,244,244,244,194,204,221,231,231,330,330,341,256,272,290,290,290],"floor_reached":22,"language":"ENG","playtime":1701,"items_purged":[],"score":180,"play_id":"bb6d8a3a-ec09-4235-8d41-b8e3e0e19763","local_time":"20210220171549","is_ascension_mode":false,"campfire_choices":[{"data":"Leap","floor":6.0,"key":"SMITH"},{"data":"Barrage","floor":8.0,"key":"SMITH"},{"data":"Electrodynamics","floor":10.0,"key":"SMITH"},{"data":"Ball Lightning","floor":15,"key":"SMITH"}],"circlet_count":0,"master_deck":["Strike_B","Strike_B","Strike_B","Strike_B","Defend_B","Defend_B","Defend_B","Zap","Dualcast","Electrodynamics+1","Leap+1","Stack","Ball Lightning+1","Doubt","Barrage+1","Conserve Battery","Creative AI","Streamline+1","Redo","Reinforced Body"],"relics":["Cracked Core","InkBottle","White Beast Statue","Coffee Dripper","Regal Pillow"],"acts_visited":["Exordium","TheCity"],"potions_floor_usage":[16,16,18,18],"damage_taken":[{"damage":6.0,"enemies":"Jaw Worm","floor":1.0,"turns":3.0},{"damage":7.0,"enemies":"Small Slimes","floor":2.0,"turns":3.0},{"damage":1.0,"enemies":"Cultist","floor":3.0,"turns":4.0},{"damage":4.0,"enemies":"Blue Slaver","floor":7.0,"turns":5.0},{"damage":0.0,"enemies":"Large Slime","floor":12.0,"turns":2.0},{"damage":12.0,"enemies":"Exordium Thugs","floor":13.0,"turns":2.0},{"damage":0.0,"enemies":"3 Louse","floor":14.0,"turns":1.0},{"damage":21,"enemies":"The Guardian","floor":16,"turns":10},{"damage":20,"enemies":"Spheric Guardian","floor":18,"turns":4},{"damage":0,"enemies":"Chosen","floor":20,"turns":3},{"damage":30,"enemies":"Snecko","floor":21,"turns":5},{"damage":37,"enemies":"Sentry and Sphere","floor":22,"turns":5}],"seed_played":"-6564258557236064082","potions_obtained":[{"floor":1.0,"key":"ColorlessPotion"},{"floor":7.0,"key":"SpeedPotion"},{"floor":12.0,"key":"Dexterity Potion"},{"floor":13.0,"key":"PowerPotion"},{"floor":14.0,"key":"DuplicationPotion"},{"floor":16,"key":"LiquidMemories"},{"floor":18,"key":"Fruit Juice"},{"floor":20,"key":"PotionOfCapacity"},{"floor":21,"key":"FearPotion"}],"is_trial":false,"path_per_floor":["M","M","M","?","?","R","M","R","T","R","?","M","M","M","R","B",null,"M","?","M","M","M"],"character_chosen":"DEFECT","items_purchased":[],"campfire_rested":0,"item_purchase_floors":[],"current_hp_per_floor":[69,62,61,54,54,54,50,50,50,50,50,50,38,38,38,17,75,60,60,60,30,0,0],"gold":290,"neow_bonus":"THREE_RARE_CARDS","is_daily":false,"chose_seed":false,"campfire_upgraded":4,"win_rate":0.0,"timestamp":1613834149,"path_taken":["M","M","M","?","?","R","M","R","T","R","?","M","M","M","R","BOSS","M","?","M","M","M"],"items_purchased_type":[],"build_version":"2020-12-22","purchased_purges":0,"victory":false,"max_hp_per_floor":[75,75,75,75,75,75,75,75,75,75,75,75,75,75,75,75,75,80,80,80,80,80,80],"relic_stats":{"Regal Pillow":0,"counters":[12,47],"obtain_stats":[{"Regal Pillow":19,"Coffee Dripper":17,"Cracked Core":0,"InkBottle":4,"White Beast Statue":9},{"Regal Pillow":9,"Coffee Dripper":8,"Cracked Core":0,"InkBottle":3,"White Beast Statue":4},{"Regal Pillow":34,"Coffee Dripper":30,"Cracked Core":0,"InkBottle":10,"White Beast Statue":15}],"InkBottle":[10]},"card_choices":[{"not_picked":["Fission","Echo Form"],"picked":"Electrodynamics","floor":0.0},{"not_picked":["Glacier","Hologram"],"picked":"Leap","floor":1.0},{"not_picked":["Self Repair","Fusion"],"picked":"Stack","floor":2.0},{"not_picked":["Gash","Go for the Eyes"],"picked":"Ball Lightning","floor":3.0},{"not_picked":["Beam Cell","Cold Snap"],"picked":"Barrage","floor":7.0},{"not_picked":["Ball Lightning","Hologram"],"picked":"Conserve Battery","floor":12.0},{"not_picked":["Blizzard","Coolheaded","Compile Driver"],"picked":"SKIP","floor":13.0},{"not_picked":["Go for the Eyes","Rebound","Electrodynamics"],"picked":"SKIP","floor":14.0},{"not_picked":["Reboot","Fission"],"picked":"Creative AI","floor":16},{"not_picked":["Stack","Go for the Eyes+1"],"picked":"Streamline+1","floor":18},{"not_picked":["Compile Driver+1","Chaos"],"picked":"Redo","floor":20},{"not_picked":["Steam","Go for the Eyes"],"picked":"Reinforced Body","floor":21}],"player_experience":36940,"relics_obtained":[{"floor":9.0,"key":"White Beast Statue"}],"event_choices":[{"damage_healed":0.0,"max_hp_gain":0.0,"max_hp_loss":0.0,"gold_gain":0.0,"event_name":"Scrap Ooze","player_choice":"Success","floor":4.0,"gold_loss":0.0,"damage_taken":7.0,"relics_obtained":["InkBottle"]},{"damage_healed":0.0,"max_hp_gain":0.0,"max_hp_loss":0.0,"gold_gain":175.0,"event_name":"Liars Game","player_choice":"AGREE","floor":5.0,"gold_loss":0.0,"damage_taken":0.0,"cards_obtained":["Doubt"]},{"cards_removed":["Defend_B"],"damage_healed":0.0,"max_hp_gain":0.0,"max_hp_loss":0.0,"gold_gain":0.0,"event_name":"The Cleric","player_choice":"Card Removal","floor":11.0,"gold_loss":50.0,"damage_taken":0.0},{"damage_healed":0,"gold_gain":0,"player_choice":"Obtained Relic","damage_taken":0,"relics_obtained":["Regal Pillow"],"max_hp_gain":0,"max_hp_loss":0,"event_name":"Addict","floor":19,"gold_loss":85}],"is_beta":false,"boss_relics":[{"not_picked":["Sozu","SlaversCollar"],"picked":"Coffee Dripper"}],"items_purged_floors":[],"is_endless":false,"potions_floor_spawned":[1,7,12,13,14,16,18,20,21],"killed_by":"Sentry and Sphere","ascension_level":0}}