{"host":"vlqej45p0v31lhdi","time":1613857510,"event":{"mods":["AchievementEnabler","BaseMod","Bestiary","Colored Powertips","Minty Spire (QoL Compilation)","Relic Stats"],"gold_per_floor":[112,130,144,144,69,102,122,122,122,31,48,12,0,29,29,29,29],"floor_reached":16,"language":"ENG","playtime":475,"items_purged":["Strike_R"],"score":216,"play_id":"6a71f81c-3cdd-4a39-a0f6-ad49fbbd0c00","local_time":"20210220154510","is_ascension_mode":true,"campfire_choices":[{"data":"Armaments","floor":8.0,"key":"SMITH"},{"data":"True Grit","floor":15.0,"key":"SMITH"}],"circlet_count":0,"master_deck":["AscendersBane","Strike_R","Strike_R","Strike_R","Defend_R","Defend_R","Defend_R","Defend_R","Bash","Reckless Charge","Uppercut","Immolate","Fire Breathing","Armaments+1","Feel No Pain","Fire Breathing","Reckless Charge","True Grit+1"],"relics":["Burning Blood","NeowsBlessing","Mummified Hand","Smiling Mask","Odd Mushroom","Ornamental Fan","Thread and Needle"],"acts_visited":["Exordium"],"potions_floor_usage":[16],"damage_taken":[{"damage":0.0,"enemies":"Cultist","floor":1.0,"turns":1.0},{"damage":0.0,"enemies":"2 Louse","floor":2.0,"turns":1.0},{"damage":0.0,"enemies":"Small Slimes","floor":3.0,"turns":1.0},{"damage":49.0,"enemies":"Lagavulin","floor":6.0,"turns":7.0},{"damage":2.0,"enemies":"The Mushroom Lair","floor":7.0,"turns":2.0},{"damage":4.0,"enemies":"Looter","floor":11.0,"turns":2.0},{"damage":14.0,"enemies":"3 Sentries","floor":14.0,"turns":4.0},{"damage":32,"enemies":"The Guardian","floor":16,"turns":7}],"seed_played":"-8341190976599367546","potions_obtained":[{"floor":2.0,"key":"SpeedPotion"},{"floor":6.0,"key":"SneckoOil"},{"floor":7.0,"key":"SmokeBomb"},{"floor":14.0,"key":"BlessingOfTheForge"}],"is_trial":false,"path_per_floor":["M","M","M","T","?","E","?","R","T","$","M","$","?","E","R","B"],"character_chosen":"IRONCLAD","items_purchased":["Feel No Pain","Reckless Charge"],"campfire_rested":0,"item_purchase_floors":[10,12],"current_hp_per_floor":[74,75,75,75,75,32,36,36,36,36,38,38,38,30,30,0,0],"gold":29,"neow_bonus":"THREE_ENEMY_KILL","is_daily":false,"chose_seed":false,"campfire_upgraded":2,"win_rate":0.0,"timestamp":1613857510,"path_taken":["M","?","M","?","?","E","?","R","T","$","M","?","?","E","R","BOSS"],"items_purchased_type":["Card","Card"],"build_version":"2020-12-22","purchased_purges":1,"victory":false,"max_hp_per_floor":[75,75,75,75,75,75,75,75,75,75,75,75,75,75,75,75,75],"relic_stats":{"counters":[8,25],"Mummified Hand":[10],"Ornamental Fan":[4],"Smiling Mask":25,"obtain_stats":[{"NeowsBlessing":0,"Mummified Hand":4,"Ornamental Fan":9,"Thread and Needle":14,"Odd Mushroom":7,"Smiling Mask":6,"Burning Blood":0},{"NeowsBlessing":0,"Mummified Hand":3,"Ornamental Fan":5,"Thread and Needle":7,"Odd Mushroom":5,"Smiling Mask":4,"Burning Blood":0},{"NeowsBlessing":0,"Mummified Hand":3,"Ornamental Fan":12,"Thread and Needle":18,"Odd Mushroom":12,"Smiling Mask":10,"Burning Blood":0}],"Burning Blood":31},"card_choices":[{"not_picked":["Thunderclap","Shrug It Off"],"picked":"Reckless Charge","floor":1.0},{"not_picked":["Rage","Rupture"],"picked":"Uppercut","floor":2.0},{"not_picked":["Shrug It Off","Body Slam"],"picked":"Immolate","floor":3.0},{"not_picked":["Perfected Strike","Warcry"],"picked":"Fire Breathing","floor":6.0},{"not_picked":["Heavy Blade","Anger"],"picked":"Armaments","floor":7.0},{"not_picked":["Warcry","Intimidate"],"picked":"Fire Breathing","floor":11.0},{"not_picked":["Thunderclap","Feel No Pain"],"picked":"True Grit","floor":14.0}],"player_experience":3084435,"relics_obtained":[{"floor":4.0,"key":"Mummified Hand"},{"floor":6.0,"key":"Smiling Mask"},{"floor":7.0,"key":"Odd Mushroom"},{"floor":9.0,"key":"Ornamental Fan"},{"floor":14.0,"key":"Thread and Needle"}],"event_choices":[{"cards_removed":["Strike_R"],"damage_healed":0.0,"max_hp_gain":0.0,"max_hp_loss":0.0,"gold_gain":0.0,"event_name":"The Cleric","player_choice":"Card Removal","floor":5.0,"gold_loss":75.0,"damage_taken":0.0},{"damage_healed":0.0,"max_hp_gain":0.0,"max_hp_loss":0.0,"gold_gain":0.0,"event_name":"Mushrooms","player_choice":"Fought Mushrooms","floor":7.0,"gold_loss":0.0,"damage_taken":0.0},{"damage_healed":0.0,"max_hp_gain":0.0,"max_hp_loss":0.0,"gold_gain":0.0,"event_name":"World of Goop","player_choice":"Left Gold","floor":13.0,"gold_loss":12.0,"damage_taken":0.0}],"is_beta":false,"boss_relics":[],"items_purged_floors":[10],"is_endless":false,"potions_floor_spawned":[2,6,7,14],"killed_by":"The Guardian","ascension_level":20}}