{"host":"v0dnu0zs4qo0v13s","time":1613855683,"event":{"mods":["BaseMod","Colored Map","Colored Powertips","Minty Spire (QoL Compilation)","Relic Stats","StSLib","SuperFastMode","everything is the same but u backflip on backflip"],"gold_per_floor":[167,10,24,24,42,42,75,75,75,75,94,114,129,140,140,241,241,259,43,0,0,0],"floor_reached":21,"language":"ENG","playtime":969,"items_purged":["Strike_B"],"score":290,"play_id":"802ef80e-dcca-4658-8933-cfdab4715071","local_time":"20210220161443","is_ascension_mode":true,"campfire_choices":[{"floor":6,"key":"REST"},{"data":"Echo Form","floor":8,"key":"SMITH"},{"floor":10,"key":"REST"},{"data":"Echo Form","floor":15,"key":"SMITH"}],"circlet_count":0,"master_deck":["AscendersBane","Strike_B","Strike_B+1","Defend_B+1","Defend_B","Zap","Dualcast+1","Glacier","Echo Form+1","Echo Form+1","Reinforced Body","Sweeping Beam","Ball Lightning","Consume","Hologram","Tempest","Recycle","Creative AI","White Noise+1","Lockon+1","Beam Cell+1","Streamline+1","Panacea","Blizzard+1"],"relics":["Tiny House","DollysMirror","Mercury Hourglass","Molten Egg 2","Astrolabe"],"acts_visited":["Exordium","TheCity"],"potions_floor_usage":[7,16],"damage_taken":[{"damage":7,"enemies":"Small Slimes","floor":1,"turns":6},{"damage":4,"enemies":"Jaw Worm","floor":3,"turns":5},{"damage":10,"enemies":"2 Louse","floor":5,"turns":3},{"damage":11,"enemies":"3 Sentries","floor":7,"turns":7},{"damage":3,"enemies":"Looter","floor":11,"turns":4},{"damage":3,"enemies":"Exordium Wildlife","floor":12,"turns":4},{"damage":0,"enemies":"2 Fungi Beasts","floor":13,"turns":4},{"damage":4,"enemies":"3 Louse","floor":14,"turns":2},{"damage":46,"enemies":"Hexaghost","floor":16,"turns":10},{"damage":20,"enemies":"Shell Parasite","floor":18,"turns":5},{"damage":30,"enemies":"2 Thieves","floor":20,"turns":5},{"damage":37,"enemies":"Centurion and Healer","floor":21,"turns":3}],"seed_played":"-4772549920888131921","potions_obtained":[{"floor":0,"key":"FairyPotion"},{"floor":1,"key":"AttackPotion"},{"floor":7,"key":"Regen Potion"}],"is_trial":false,"path_per_floor":["M","$","M","?","M","R","E","R","T","R","M","M","M","M","R","B",null,"M","$","M","M"],"character_chosen":"DEFECT","items_purchased":["DollysMirror","Streamline+1","Panacea"],"campfire_rested":2,"item_purchase_floors":[2,19,19],"current_hp_per_floor":[66,66,62,46,36,60,49,49,49,73,70,67,67,63,63,32,68,48,48,18,10,10],"gold":0,"neow_bonus":"BOSS_RELIC","is_daily":false,"chose_seed":false,"campfire_upgraded":2,"win_rate":0.0,"timestamp":1613855683,"path_taken":["M","$","M","?","M","R","E","R","T","R","M","M","M","M","R","BOSS","M","$","M","M"],"items_purchased_type":["Relic","Card","Card"],"build_version":"2020-12-22","purchased_purges":1,"victory":false,"max_hp_per_floor":[80,80,80,80,80,80,80,80,80,80,80,80,80,80,80,80,80,80,80,80,80,80],"relic_stats":{"counters":[12,56],"Astrolabe":["White Noise","Lockon","Beam Cell"],"obtain_stats":[{"Tiny House":0,"DollysMirror":2,"Astrolabe":17,"Molten Egg 2":9,"Cracked Core":0,"Mercury Hourglass":7},{"Tiny House":0,"DollysMirror":1,"Astrolabe":9,"Molten Egg 2":4,"Cracked Core":0,"Mercury Hourglass":4},{"Tiny House":0,"DollysMirror":6,"Astrolabe":43,"Molten Egg 2":21,"Cracked Core":0,"Mercury Hourglass":21}],"Mercury Hourglass":[133]},"card_choices":[{"not_picked":["Coolheaded","Ball Lightning"],"picked":"Glacier","floor":0},{"not_picked":["Cold Snap","Gash"],"picked":"Echo Form","floor":1},{"not_picked":["Rebound","Steam"],"picked":"Reinforced Body","floor":3},{"not_picked":["Compile Driver","Go for the Eyes"],"picked":"Sweeping Beam","floor":5},{"not_picked":["Steam","Rebound"],"picked":"Ball Lightning","floor":7},{"not_picked":["Ball Lightning+1","Go for the Eyes+1"],"picked":"Consume","floor":11},{"not_picked":["Barrage+1","Gash+1"],"picked":"Hologram","floor":12},{"not_picked":["Force Field","Glacier"],"picked":"Tempest","floor":13},{"not_picked":["Leap","Genetic Algorithm"],"picked":"Recycle","floor":14},{"not_picked":["Rainbow","Seek"],"picked":"Creative AI","floor":16},{"not_picked":["Sweeping Beam+1","Hologram","Aggregate"],"picked":"SKIP","floor":18},{"not_picked":["Glacier","Melter+1"],"picked":"Blizzard+1","floor":20}],"player_experience":747822,"relics_obtained":[{"floor":7,"key":"Mercury Hourglass"},{"floor":9,"key":"Molten Egg 2"}],"event_choices":[{"damage_healed":0,"gold_gain":0,"player_choice":"Entered Light","damage_taken":16,"max_hp_gain":0,"max_hp_loss":0,"event_name":"Shining Light","floor":4,"gold_loss":0,"cards_upgraded":["Strike_B","Defend_B"]}],"is_beta":false,"boss_relics":[{"not_picked":["Philosopher\u0027s Stone","Velvet Choker"],"picked":"Astrolabe"}],"items_purged_floors":[19],"is_endless":false,"potions_floor_spawned":[1,5,7,13],"killed_by":"Centurion and Healer","ascension_level":12}}