{"host":"ox77rn1xcurm2t5a","time":1613781522,"event":{"mods":["2.2 Compatiblity","AchievementEnabler","Act Like it!","Aspiration","BaseMod","Best Route Mod","Better Match","Better Note","Better Sensory Stone","Block Reminder","Colored Map","Colored Powertips","Conjunction","Conspire","Custom Start","Energized Spire","GifTheSpireLib","Gold Saver","Gremlin Skip","Halation","Highlight Path","Hubris","Infinite Spire","Minty Spire (QoL Compilation)","Pale of the Ancients","Quick Restart","Reliquary","Replay The Spire","Reworked Bosses","ShortenTheSpire","Spire Exporter","StSLib","Stuff the Spire","Wandering Minibosses"],"gold_per_floor":[381,35,52,1,14,14,33,33,103,103,103,129,141,141,141,141,141],"floor_reached":16,"language":"ENG","playtime":314,"items_purged":["Defend_R"],"score":140,"play_id":"58c1fec3-67cf-425f-aa56-2396dafc526e","local_time":"20210220023842","is_ascension_mode":true,"campfire_choices":[{"data":"Flex","floor":6.0,"key":"SMITH"},{"data":"Demon Form","floor":8.0,"key":"SMITH"},{"data":"Flex","floor":11.0,"key":"SMITH"},{"floor":15.0,"key":"RECALL"}],"circlet_count":0,"master_deck":["Strike_R+1","Strike_R","Strike_R","Strike_R","Strike_R","Defend_R","Defend_R","Defend_R","Bash","Pommel Strike","Metallicize","Perfected Strike","Flex+1","Flex+1","Demon Form+1","Uppercut","Heavy Blade"],"relics":["Burning Blood","Replay:Mystery Machine","reliquary:IridiumChain"],"acts_visited":["Exordium"],"potions_floor_usage":[],"damage_taken":[{"damage":8.0,"enemies":"Small Slimes","floor":1.0,"turns":4.0},{"damage":0.0,"enemies":"2 Louse","floor":3.0,"turns":3.0},{"damage":0.0,"enemies":"Cultist","floor":5.0,"turns":3.0},{"damage":26.0,"enemies":"Exordium Thugs","floor":7.0,"turns":5.0},{"damage":34.0,"enemies":"Lagavulin","floor":12.0,"turns":4.0},{"damage":8.0,"enemies":"Blue Slaver","floor":13.0,"turns":2.0},{"damage":33,"enemies":"The Guardian","floor":16,"turns":7}],"seed_played":"-4753607948595469816","potions_obtained":[{"floor":1.0,"key":"LiquidMemories"},{"floor":7.0,"key":"SteroidPotion"},{"floor":12.0,"key":"Energy Potion"}],"is_trial":false,"path_per_floor":["M","$","M","$","M","R","M","R","T","$","R","E","M","?","R","B"],"character_chosen":"IRONCLAD","items_purchased":["Replay:Mystery Machine","Pommel Strike","Metallicize","Flex"],"campfire_rested":0,"item_purchase_floors":[2,2,2,4],"current_hp_per_floor":[70,70,76,76,80,80,60,60,60,60,60,32,30,30,30,0,0],"gold":141,"neow_bonus":"RANDOM_EVENT","is_daily":false,"chose_seed":false,"campfire_upgraded":3,"win_rate":0.0,"timestamp":1613781522,"path_taken":["M","$","M","$","M","R","M","R","T","$","R","E","M","?","R","BOSS"],"items_purchased_type":["Relic","Card","Card","Card"],"build_version":"2020-12-22","purchased_purges":1,"victory":false,"max_hp_per_floor":[80,80,80,80,80,80,80,80,80,80,80,80,80,80,80,80,80],"card_choices":[{"not_picked":["True Grit","Intimidate","Havoc"],"picked":"SKIP","floor":1.0},{"not_picked":["Run Through","Infernal Blade"],"picked":"Perfected Strike","floor":3.0},{"not_picked":["Anger","ReplayTheSpireMod:Stacked"],"picked":"Flex","floor":5.0},{"not_picked":["StuffTheSpire:Incineration","Warcry"],"picked":"Demon Form","floor":7.0},{"not_picked":["Ghostly Armor","Replay:Undeath\u0027s Touch"],"picked":"Uppercut","floor":12.0},{"not_picked":["StuffTheSpire:Slingshot","Havoc"],"picked":"Heavy Blade","floor":13.0}],"player_experience":3202206,"relics_obtained":[{"floor":12.0,"key":"reliquary:IridiumChain"}],"event_choices":[],"is_beta":false,"boss_relics":[],"items_purged_floors":[2],"is_endless":false,"potions_floor_spawned":[1,7,12],"killed_by":"The Guardian","ascension_level":8}}