{"host":"zdahj580pq9zy75i","time":1613833238,"event":{"mods":["BaseMod","Colored Map","Minty Spire (QoL Compilation)","StSLib"],"gold_per_floor":[110,121,138,288,62,92,102,129,152,152,112,130,160,160,160,160,160],"floor_reached":16,"language":"ENG","playtime":686,"items_purged":["Doubt"],"score":244,"play_id":"599de683-cd0e-4def-b608-203e583e8500","local_time":"20210220100038","is_ascension_mode":true,"campfire_choices":[{"data":"Hemokinesis","floor":10,"key":"SMITH"},{"data":"Offering","floor":15,"key":"SMITH"}],"circlet_count":0,"master_deck":["AscendersBane","Strike_R","Strike_R","Strike_R","Strike_R","Strike_R","Defend_R","Defend_R","Defend_R","Defend_R","Bash","Hemokinesis+1","Spot Weakness","Offering+1","Sever Soul","Cleave","True Grit"],"relics":["Burning Blood","PreservedInsect","Potion Belt","MealTicket","Boot"],"acts_visited":["Exordium"],"potions_floor_usage":[6,13,13,14],"damage_taken":[{"damage":6,"enemies":"Jaw Worm","floor":1,"turns":7},{"damage":9,"enemies":"Small Slimes","floor":2,"turns":3},{"damage":2,"enemies":"Cultist","floor":3,"turns":2},{"damage":30,"enemies":"3 Sentries","floor":6,"turns":9},{"damage":19,"enemies":"Looter","floor":7,"turns":2},{"damage":16,"enemies":"Gremlin Nob","floor":8,"turns":3},{"damage":15,"enemies":"Exordium Thugs","floor":12,"turns":3},{"damage":11,"enemies":"Lagavulin","floor":13,"turns":3},{"damage":0,"enemies":"Lots of Slimes","floor":14,"turns":1},{"damage":49,"enemies":"Slime Boss","floor":16,"turns":6}],"seed_played":"6964455416498713057","potions_obtained":[{"floor":1,"key":"Energy Potion"},{"floor":3,"key":"Energy Potion"},{"floor":8,"key":"Ancient Potion"},{"floor":11,"key":"FairyPotion"},{"floor":11,"key":"EssenceOfSteel"},{"floor":12,"key":"SneckoOil"},{"floor":13,"key":"SmokeBomb"}],"is_trial":false,"path_per_floor":["M","M","M","?","$","E","M","E","T","R","?","M","E","M","R","B"],"character_chosen":"IRONCLAD","items_purchased":["Offering"],"campfire_rested":0,"item_purchase_floors":[5],"current_hp_per_floor":[75,72,76,76,76,52,39,29,29,29,29,20,15,21,21,0,0],"gold":160,"neow_bonus":"TEN_PERCENT_HP_BONUS","is_daily":false,"chose_seed":false,"campfire_upgraded":2,"win_rate":0.0,"timestamp":1613833238,"path_taken":["M","M","M","?","$","E","M","E","T","R","?","M","E","?","R","BOSS"],"items_purchased_type":["Card"],"build_version":"2020-12-22","purchased_purges":1,"victory":false,"max_hp_per_floor":[82,82,82,82,82,82,82,82,82,82,82,82,82,82,82,82,82],"card_choices":[{"not_picked":["Shrug It Off","Havoc"],"picked":"Hemokinesis","floor":1},{"not_picked":["True Grit","Pommel Strike"],"picked":"Spot Weakness","floor":2},{"not_picked":["Bloodletting","Headbutt","Searing Blow"],"picked":"SKIP","floor":3},{"not_picked":["Wild Strike","Anger","Pommel Strike"],"picked":"SKIP","floor":6},{"not_picked":["Heavy Blade","Twin Strike"],"picked":"Sever Soul","floor":7},{"not_picked":["Bloodletting","Warcry","Armaments"],"picked":"SKIP","floor":8},{"not_picked":["Anger","Corruption"],"picked":"Cleave","floor":12},{"not_picked":["Whirlwind","Heavy Blade"],"picked":"True Grit","floor":13}],"player_experience":787962,"relics_obtained":[{"floor":6,"key":"PreservedInsect"},{"floor":8,"key":"Potion Belt"},{"floor":9,"key":"MealTicket"},{"floor":13,"key":"Boot"}],"event_choices":[{"damage_healed":0,"gold_gain":150,"player_choice":"AGREE","damage_taken":0,"max_hp_gain":0,"max_hp_loss":0,"event_name":"Liars Game","floor":4,"gold_loss":0,"cards_obtained":["Doubt"]},{"damage_healed":0,"gold_gain":0,"player_choice":"Bought 3 Potions","damage_taken":0,"max_hp_gain":0,"max_hp_loss":0,"event_name":"The Woman in Blue","floor":11,"gold_loss":0}],"is_beta":false,"boss_relics":[],"items_purged_floors":[5],"is_endless":false,"potions_floor_spawned":[1,3,8,12,13],"killed_by":"Slime Boss","ascension_level":20}}