{"host":"tf5skwcwe0vlu2md","time":1613825110,"event":{"mods":["BaseMod","Downfall","Highlight Path","Minty Spire (QoL Compilation)","Quick Restart","StSLib","The Hierophant"],"gold_per_floor":[112,112,128,146,16,48,61,92,116,291,60,60,60,76,76,174,174,189,207,207,207,207,207,207],"floor_reached":23,"playtime":1032,"items_purged":["Doubt"],"score":229,"play_id":"c6bec07e-8ee3-4f26-a2cf-74d84fd20e45","local_time":"20210220234510","is_ascension_mode":true,"campfire_choices":[{"data":"Buffer","floor":12,"key":"SMITH"},{"data":"White Noise","floor":15,"key":"SMITH"}],"circlet_count":0,"master_deck":["Zap","Dualcast","Reboot","Rebound","Reprogram","Biased Cognition","Purity","White Noise+1","Ball Lightning","Self Repair","Ball Lightning","Static Discharge","Conserve Battery","Buffer+1","Biased Cognition","Rebound","Creative AI","Buffer","Hello World","Fusion","Rebound","Reinforced Body","Fusion","Skim","Chaos+1"],"relics":["Cracked Core","Happy Flower","PreservedInsect","Pen Nib","DollysMirror","Pandora\u0027s Box"],"acts_visited":["Exordium","TheCity"],"potions_floor_usage":[8,8,16,23,23],"damage_taken":[{"damage":2,"enemies":"Jaw Worm","floor":1,"turns":3},{"damage":0,"enemies":"Cultist","floor":3,"turns":3},{"damage":0,"enemies":"Small Slimes","floor":4,"turns":3},{"damage":10,"enemies":"Gremlin Nob","floor":6,"turns":3},{"damage":0,"enemies":"2 Fungi Beasts","floor":7,"turns":2},{"damage":40,"enemies":"Lagavulin","floor":8,"turns":4},{"damage":13,"enemies":"Large Slime","floor":14,"turns":4},{"damage":7,"enemies":"Hexaghost","floor":16,"turns":7},{"damage":16,"enemies":"2 Thieves","floor":18,"turns":5},{"damage":10,"enemies":"3 Byrds","floor":19,"turns":2},{"damage":66,"enemies":"Gremlin Leader","floor":23,"turns":8}],"seed_played":"-8351696314438251854","potions_obtained":[{"floor":6,"key":"FearPotion"},{"floor":7,"key":"SkillPotion"},{"floor":14,"key":"SkillPotion"},{"floor":18,"key":"Block Potion"},{"floor":19,"key":"Regen Potion"}],"is_trial":false,"path_per_floor":["M","?","M","M","$","E","M","E","T","?","$","R","?","M","R","B",null,"M","M","?","$","?","E"],"character_chosen":"DEFECT","items_purchased":["Self Repair","Ball Lightning","DollysMirror"],"campfire_rested":0,"item_purchase_floors":[5,5,11],"current_hp_per_floor":[73,73,73,73,73,63,63,30,30,30,30,30,35,29,29,29,80,64,54,54,54,54,0,0],"gold":207,"neow_bonus":"ONE_RANDOM_RARE_CARD","is_daily":false,"chose_seed":false,"campfire_upgraded":2,"win_rate":0.0,"timestamp":1613825110,"path_taken":["M","?","?","M","?","E","M","E","T","?","$","R","?","M","R","BOSS","M","M","?","$","?","E"],"items_purchased_type":["Card","Card","Relic"],"build_version":"2020-12-13","purchased_purges":1,"victory":false,"max_hp_per_floor":[75,75,75,75,75,75,75,75,75,75,75,75,80,80,80,80,80,80,80,80,80,80,80,80],"card_choices":[{"not_picked":["Leap","Beam Cell"],"picked":"Rebound","floor":1},{"not_picked":["Skim","Static Discharge"],"picked":"White Noise","floor":3},{"not_picked":["Steam","Loop"],"picked":"Ball Lightning","floor":4},{"not_picked":["Loop","Barrage"],"picked":"Static Discharge","floor":6},{"not_picked":["Coolheaded","Hologram"],"picked":"Conserve Battery","floor":7},{"not_picked":["Streamline","Redo"],"picked":"Buffer","floor":8},{"not_picked":["Redo","Sweeping Beam"],"picked":"Rebound","floor":14},{"not_picked":["Machine Learning","Thunder Strike"],"picked":"Creative AI","floor":16},{"not_picked":["Beam Cell","Skim","Hologram"],"picked":"SKIP","floor":18},{"not_picked":["Heatsinks","Rebound"],"picked":"Chaos+1","floor":19}],"player_experience":298717,"relics_obtained":[{"floor":6,"key":"Happy Flower"},{"floor":8,"key":"PreservedInsect"},{"floor":9,"key":"Pen Nib"}],"event_choices":[{"damage_healed":0,"gold_gain":0,"player_choice":"3 cards matched","damage_taken":0,"max_hp_gain":0,"max_hp_loss":0,"event_name":"Match and Keep!","floor":2,"gold_loss":0,"cards_obtained":["Reprogram","Biased Cognition","Purity"]},{"damage_healed":0,"gold_gain":0,"player_choice":"3 cards matched","damage_taken":0,"max_hp_gain":0,"max_hp_loss":0,"event_name":"Match and Keep!","floor":2,"gold_loss":0,"cards_obtained":["Reprogram","Biased Cognition","Purity"]},{"damage_healed":0,"gold_gain":175,"player_choice":"AGREE","damage_taken":0,"max_hp_gain":0,"max_hp_loss":0,"event_name":"Liars Game","floor":10,"gold_loss":0,"cards_obtained":["Doubt"]},{"damage_healed":0,"gold_gain":0,"player_choice":"Donut","damage_taken":0,"max_hp_gain":5,"max_hp_loss":0,"event_name":"Big Fish","floor":13,"gold_loss":0},{"cards_removed":["Coolheaded"],"damage_healed":0,"gold_gain":0,"player_choice":"Elegance","damage_taken":0,"max_hp_gain":0,"max_hp_loss":0,"event_name":"Back to Basics","floor":20,"gold_loss":0}],"is_beta":false,"boss_relics":[{"not_picked":["Velvet Choker","Runic Dome"],"picked":"Pandora\u0027s Box"}],"items_purged_floors":[11],"is_endless":false,"potions_floor_spawned":[6,7,14,18,19],"killed_by":"Gremlin Leader","ascension_level":3}}