{"host":"avfk0uqadyfnr875","time":1613798427,"event":{"mods":["2.2 Compatiblity","Act Like it!","BaseMod","Chen","Colored Powertips","Downfall","Gensokyo","Koishi","KomeijiMod","Marisa（F雨　魔理沙）","Minty Spire (QoL Compilation)","Pale of the Ancients","Quick Restart","READ ME - Guardian Mod","Reimu（博丽灵梦）","Shop Mod","StSLib","The Animator","Yakumo Yukari mod","[功能]功能增强和修复MOD"],"gold_per_floor":[112,112,33,33,1,13,39,39,65,93,43,63,37,65,65,798,798,816,816,724,737,660,660,660,660,737,749,749,678,678,707,707,1179,1179,1190,1110,1125,1041,1041,1075,1075,1110,1110,1110,1110,1139,1139,1159,1159,1159,1159,1159,833,883,938,938,788,585,660,740,740,579,674,674,774,527,642,642,642,642],"floor_reached":69,"language":"ZHS","playtime":4829,"items_purged":["Strike_MRS","Strike_MRS","Defend_MRS","Strike_MRS","Strike_MRS","Shame","Doubt","Writhe","downfall:Malfunctioning"],"score":2171,"play_id":"2792d1c2-c880-4ceb-a7d3-055fca5d0065","local_time":"20210220132027","is_ascension_mode":true,"campfire_choices":[{"data":"Gensokyo:MarisaTwilightSpark","floor":8.0,"key":"SMITH"},{"data":"EscapeVelocity","floor":15.0,"key":"SMITH"},{"data":"MillisecondPulsars","floor":23.0,"key":"SMITH"},{"data":"BinaryStars","floor":25.0,"key":"SMITH"},{"floor":32.0,"key":"RECALL"},{"data":"StarDustReverie","floor":45.0,"key":"SMITH"},{"data":"ManaRampage","floor":49.0,"key":"SMITH"},{"data":"SatelliteIllusion","floor":52.0,"key":"SMITH"},{"data":"EnergyFlow","floor":68.0,"key":"SMITH"}],"circlet_count":0,"master_deck":["AscendersBane","Defend_MRS+1","Defend_MRS+1","Defend_MRS+1","MasterSpark+1","UpSweep+1","OneTimeOff+1","Gensokyo:MarisaTwilightSpark+1","MagicAbsorber+1","MeteoricShower+1","FairyDestructionRay+1","EarthLightRay+1","Gensokyo:BlessingOfConstitution+1","EscapeVelocity+1","StarBarrage+1","BinaryStars+1","ManaRampage+1","StarDustReverie+1","MeteoricShower+1","FairyDestructionRay+1","ShootTheMoon+1","EnergyFlow+1","GalacticHalo+1","GravityBeat+1","MagicAbsorber+1","MaximisePower+1","GasGiant+1","WitchLeyline+1","WitchLeyline+1","LuminesStrike+1","MeteoricShower+1","Gensokyo:FourOfAKind+1","Gensokyo:FourOfAKind+1","Gensokyo:FourOfAKind+1","Gensokyo:FourOfAKind+1","MeteoricShower+1","SatelliteIllusion+1","StarDustReverie+1","ChargingUp+1","MagicChant+1","OneTimeOff+1","Orbital+1","Singularity+1","MilkyWay+1","Deep Breath+1","BigCrunch+1","Gensokyo:UnlikelyAid+1","SporeBomb+1","EarthLightRay+1","AsteroidBelt+1","SprinkleStarSeal+1","SuperPerseids+1","MysteriousBeam+1","SuperNova+1","Mayhem+1","AsteroidBelt+1","ManaConvection+1","CurseOfTheBell","CurseOfTheBell","SuperNova+1","OortCloud+1","Thinking Ahead+1","Acceleration+1","EnergyFlow+1"],"relics":["animator:TheEruzaStone","MiniHakkero","animator:AncientMedallion","downfall:ExtraCursedBell"],"acts_visited":["Gensokyo:Gensokyo","Gensokyo:Gensokyoer","Gensokyo:Gensokyoest","TheEnding","EYB:TheUnnamedReign"],"potions_floor_usage":[69],"damage_taken":[{"damage":0.0,"enemies":"Gensokyo:3_Fairies","floor":1.0,"turns":1.0},{"damage":0.0,"enemies":"Gensokyo:Python","floor":6.0,"turns":1.0},{"damage":0.0,"enemies":"Gensokyo:Mamizou","floor":7.0,"turns":2.0},{"damage":0.0,"enemies":"Gensokyo:Cirno","floor":10.0,"turns":4.0},{"damage":0.0,"enemies":"Gensokyo:2_Kodama","floor":12.0,"turns":1.0},{"damage":13.0,"enemies":"Gensokyo:Aya","floor":14.0,"turns":4.0},{"damage":18.0,"enemies":"Gensokyo:Yukari","floor":16.0,"turns":4.0},{"damage":0.0,"enemies":"Gensokyo:Chomper","floor":18.0,"turns":3.0},{"damage":0.0,"enemies":"Gensokyo:AngelMirror","floor":21.0,"turns":2.0},{"damage":0.0,"enemies":"Gensokyo:Monolith_and_Dog","floor":27.0,"turns":3.0},{"damage":0.0,"enemies":"Gensokyo:Reisen","floor":31.0,"turns":2.0},{"damage":7.0,"enemies":"Gensokyo:Kaguya","floor":33.0,"turns":4.0},{"damage":1.0,"enemies":"Gensokyo:AncientGuardian","floor":35.0,"turns":4.0},{"damage":0.0,"enemies":"Gensokyo:3_Boulders","floor":37.0,"turns":1.0},{"damage":0.0,"enemies":"Gensokyo:Doremy","floor":40.0,"turns":2.0},{"damage":21.0,"enemies":"Gensokyo:Doremy","floor":41.0,"turns":7.0},{"damage":0.0,"enemies":"Gensokyo:Marisa","floor":42.0,"turns":1.0},{"damage":0.0,"enemies":"Gensokyo:Kasen","floor":46.0,"turns":1.0},{"damage":0.0,"enemies":"Gensokyo:Dusk_and_Dawn","floor":48.0,"turns":1.0},{"damage":0.0,"enemies":"Gensokyo:Scarlet_Devils","floor":50.0,"turns":1.0},{"damage":44.0,"enemies":"animator:UNNAMED_HAT","floor":54.0,"turns":10.0},{"damage":7.0,"enemies":"animator:UNNAMED_CULTIST_1","floor":55.0,"turns":6.0},{"damage":23.0,"enemies":"animator:LARGE_CUBE","floor":59.0,"turns":5.0},{"damage":26.0,"enemies":"animator:UNNAMED_CULTIST_2","floor":60.0,"turns":5.0},{"damage":0.0,"enemies":"animator:ULTIMATE_CRYSTAL","floor":63.0,"turns":3.0},{"damage":0.0,"enemies":"animator:ULTIMATE_WISP","floor":67.0,"turns":3.0},{"damage":138,"enemies":"animator:TheUnnamed","floor":69,"turns":7}],"seed_played":"-4725043963768624983","potions_obtained":[{"floor":1.0,"key":"Strength Potion"},{"floor":10.0,"key":"GrandPatriotsElixir:ReiMu"},{"floor":18.0,"key":"FairyPotion"},{"floor":27.0,"key":"bronze:BurnAndBuffPotion"},{"floor":37.0,"key":"Fruit Juice"},{"floor":40.0,"key":"Energy Potion"},{"floor":54.0,"key":"animator:FalseLifePotion"},{"floor":55.0,"key":"animator:FalseLifePotion"},{"floor":59.0,"key":"animator:FalseLifePotion"},{"floor":60.0,"key":"animator:FalseLifePotion"},{"floor":67.0,"key":"animator:FalseLifePotion"}],"is_trial":false,"path_per_floor":["M","?","$","?","$","M","E","R","T","E","?","M","$","E","R","B",null,"M","?","$","M","$","R","?","R","T","M","?","$","T","E","R","B",null,"M","$","M","$","?","E","?","E","T","?","R","E","?","M","R","B",null,"R","??","M","M","T","?","$","M","M","?","$","E","T","?","$","E","R","B"],"character_chosen":"MARISA","items_purchased":["Bag of Marbles","TentaclePot:ReiMu","Membership Card","Guardian:PocketSentry","Mercury Hourglass","Sundial","TheAbacus","ShootTheMoon","EnergyFlow","GalacticHalo","Bird Faced Urn","Gremlin Horn","Orrery","Regal Pillow","FossilizedHelix","Frozen Eye","HandmadeGrimoire","CrazyTorch:ReiMu","Medical Kit","MagicChant","Boot","Frozen Egg 2","OrangePellets","Singularity+1","MilkyWay","Deep Breath","Mayhem","animator:AncientMedallion","animator:AncientMedallion","animator:AncientMedallion","animator:AncientMedallion","animator:AncientMedallion","animator:AncientMedallion","OortCloud","Thinking Ahead","Acceleration","animator:AncientMedallion","animator:AncientMedallion","animator:AncientMedallion"],"campfire_rested":0,"item_purchase_floors":[3,3,5,13,20,20,20,20,20,20,22,22,22,29,29,29,36,36,36,36,38,38,38,38,38,38,58,58,58,58,62,62,62,66,66,66,66,66,66],"current_hp_per_floor":[63,63,63,63,63,63,63,63,63,70,70,70,70,57,57,43,69,73,73,73,77,77,77,83,83,83,83,54,54,54,54,54,51,53,54,54,59,59,59,59,59,59,59,31,31,31,31,31,31,41,55,55,85,41,38,38,38,38,31,29,40,40,78,78,83,83,90,90,0,0],"gold":642,"neow_bonus":"THREE_ENEMY_KILL","is_daily":false,"chose_seed":false,"campfire_upgraded":8,"win_rate":0.0,"timestamp":1613798427,"path_taken":["M","?","$","?","$","M","E","R","T","E","?","M","$","E","R","BOSS","M","?","$","M","$","R","?","R","T","M","?","$","?","E","R","BOSS","M","$","M","$","?","E","?","E","T","?","R","E","?","M","R","BOSS","R","??","M","M","T","?","$","M","M","?","$","E","T","?","$","E","R","BOSS"],"items_purchased_type":["Relic","Relic","Relic","Relic","Relic","Relic","Relic","Card","Card","Card","Relic","Relic","Relic","Relic","Relic","Relic","Relic","Relic","Relic","Card","Relic","Relic","Relic","Card","Card","Card","Card","Relic","Relic","Relic","Relic","Relic","Relic","Card","Card","Card","Relic","Relic","Relic"],"build_version":"2020-12-22","purchased_purges":9,"victory":false,"max_hp_per_floor":[70,70,70,70,70,70,70,70,70,77,77,77,77,77,77,77,77,77,77,77,77,77,77,83,83,83,83,54,54,54,54,54,54,54,54,54,59,59,59,59,59,59,59,59,59,59,59,59,59,59,59,59,85,85,85,85,85,85,85,85,85,85,85,85,90,90,90,90,90,90],"card_choices":[{"not_picked":["Singularity","Acceleration"],"picked":"EarthLightRay","floor":1.0},{"not_picked":["MysteriousBeam","RefractionSpark"],"picked":"OneTimeOff","floor":1.0},{"not_picked":["GrandCross","MysteriousBeam"],"picked":"MagicAbsorber","floor":6.0},{"not_picked":["FinalSpark","AsteroidBelt"],"picked":"MeteoricShower","floor":6.0},{"not_picked":["Acceleration","SporeBomb"],"picked":"FairyDestructionRay","floor":7.0},{"not_picked":["GalacticHalo","NonDirectionalLaser"],"picked":"EarthLightRay","floor":10.0},{"not_picked":["UnstableBomb","MilkyWay"],"picked":"EscapeVelocity","floor":12.0},{"not_picked":["Acceleration","EventHorizon","NonDirectionalLaser"],"picked":"SKIP","floor":12.0},{"not_picked":["GravityBeat","MachineGunSpark"],"picked":"StarBarrage","floor":14.0},{"not_picked":["JA","CasketOfStar"],"picked":"BinaryStars","floor":16.0},{"not_picked":["BlazingStar","StarDustReverie"],"picked":"ManaRampage","floor":16.0},{"not_picked":["JA","ManaRampage"],"picked":"MillisecondPulsars","floor":16.0},{"not_picked":["TreasureHunter","CollectingQuirk"],"picked":"StarDustReverie","floor":16.0},{"not_picked":["GravityBeat","ShootingEcho"],"picked":"MeteoricShower","floor":18.0},{"not_picked":["DoubleSpark","6A"],"picked":"FairyDestructionRay","floor":18.0},{"not_picked":["MagicChant","MilkyWay"],"picked":"GravityBeat","floor":21.0},{"not_picked":["MysteriousBeam","ChargeUpSpray"],"picked":"MagicAbsorber","floor":21.0},{"not_picked":["GalacticHalo","6A"],"picked":"MaximisePower","floor":22.0},{"not_picked":["SporeBomb","PowerUp"],"picked":"GasGiant","floor":22.0},{"not_picked":["MysteriousBeam","DoubleSpark"],"picked":"WitchLeyline","floor":22.0},{"not_picked":["LuminesStrike+1","MysteriousBeam+1"],"picked":"WitchLeyline","floor":22.0},{"not_picked":["Acceleration","PulseMagic"],"picked":"LuminesStrike+1","floor":22.0},{"not_picked":["6A","MaximisePower"],"picked":"MeteoricShower","floor":27.0},{"not_picked":["FairyDestructionRay","DC","WitchOfGreed"],"picked":"SKIP","floor":27.0},{"not_picked":["EnergyFlow","DC"],"picked":"MeteoricShower","floor":31.0},{"not_picked":["SuperNova","CollectingQuirk"],"picked":"SatelliteIllusion","floor":33.0},{"not_picked":["AbsoluteMagnitude","CollectingQuirk"],"picked":"StarDustReverie","floor":33.0},{"not_picked":["6A","WitchOfGreed"],"picked":"ChargingUp+1","floor":35.0},{"not_picked":["IllusionStar","GrandCross","SprinkleStarSeal"],"picked":"SKIP","floor":35.0},{"not_picked":["DragonMeteor","PowerUp"],"picked":"OneTimeOff+1","floor":37.0},{"not_picked":["BlazeAway","MysteriousBeam"],"picked":"Orbital+1","floor":37.0},{"not_picked":["OpenUniverse","DoubleSpark"],"picked":"BigCrunch","floor":40.0},{"not_picked":["Gensokyo:DreamlikeParadise","Gensokyo:LifeSpringInfinity"],"picked":"Gensokyo:UnlikelyAid","floor":41.0},{"not_picked":["BlazingStar","NonDirectionalLaser"],"picked":"SporeBomb","floor":42.0},{"not_picked":["SprinkleStarSeal","DeepEcoloBomb"],"picked":"EarthLightRay","floor":46.0},{"not_picked":["DC","PowerUp"],"picked":"AsteroidBelt","floor":48.0},{"not_picked":["Acceleration","PowerUp","SporeBomb"],"picked":"SKIP","floor":48.0},{"not_picked":["Orbital","BlazingStar"],"picked":"SprinkleStarSeal+1","floor":54.0},{"not_picked":["PropBag+1","OrrerysSun"],"picked":"SuperPerseids","floor":54.0},{"not_picked":["AlicesGift","WitchOfGreed"],"picked":"MysteriousBeam+1","floor":55.0},{"not_picked":["FairyDestructionRay","6A","OortCloud"],"picked":"SKIP","floor":55.0},{"not_picked":["BlazingStar+1","BigCrunch+1"],"picked":"SuperNova+1","floor":57.0},{"not_picked":["MysteriousBeam","DoubleSpark","NonDirectionalLaser"],"picked":"SKIP","floor":59.0},{"not_picked":["ShootingEcho","NonDirectionalLaser","MilkyWay"],"picked":"SKIP","floor":59.0},{"not_picked":["PowerUp","Orbital+1"],"picked":"AsteroidBelt","floor":60.0},{"not_picked":["NonDirectionalLaser","ManaRampage","FairyDestructionRay"],"picked":"SKIP","floor":60.0},{"not_picked":["DC","Acceleration"],"picked":"ManaConvection","floor":63.0},{"not_picked":["SuperNova","IllusionStar"],"picked":"EnergyFlow","floor":67.0}],"player_experience":427392,"relics_obtained":[{"floor":7.0,"key":"TungstenRod"},{"floor":10.0,"key":"Strawberry"},{"floor":14.0,"key":"Darkstone Periapt"},{"floor":16.0,"key":"Juzu Bracelet"},{"floor":16.0,"key":"Old Coin"},{"floor":26.0,"key":"Blue Candle"},{"floor":30.0,"key":"Mummified Hand"},{"floor":31.0,"key":"Whetstone"},{"floor":33.0,"key":"Ornamental Fan"},{"floor":33.0,"key":"AmplifyWand"},{"floor":40.0,"key":"Dream Catcher"},{"floor":42.0,"key":"Vajra"},{"floor":43.0,"key":"Peace Pipe"},{"floor":46.0,"key":"Oddly Smooth Stone"},{"floor":53.0,"key":"animator:TheEruzaStone"},{"floor":56.0,"key":"animator:AncientMedallion"},{"floor":63.0,"key":"animator:AncientMedallion"},{"floor":64.0,"key":"animator:AncientMedallion"},{"floor":65.0,"key":"animator:AncientMedallion"},{"floor":65.0,"key":"animator:AncientMedallion"},{"floor":65.0,"key":"animator:AncientMedallion"},{"floor":67.0,"key":"animator:AncientMedallion"}],"event_choices":[],"is_beta":false,"boss_relics":[{"not_picked":["Pandora\u0027s Box","Coffee Dripper"],"picked":"RampagingMagicTools"},{"not_picked":["SacredBark","BewitchedHakkero"],"picked":"ExperimentalFamiliar"}],"items_purged_floors":[3,3,3,13,13,29,66,66,66],"is_endless":false,"potions_floor_spawned":[1,10,10,12,12,14,18,21,27,27,31,31,35,37,40,42,46,55,60,60,63,63,67],"killed_by":"animator:TheUnnamed","ascension_level":16}}