{"host":"bzg9y3flbaqjj1j7","time":1613844741,"event":{"mods":["100% Spire Juice","AchievementEnabler","Act Like it!","Aspiration","BaseMod","Challenge The Spire","Dark Map","Ekko","Gensokyo","Hallownest","Hubris","Infinite Spire","Lobotomy","LobotomyExtend","Marisa????????","Marked Mod","Minty Spire (QoL Compilation)","Permanent Neow","Poor People Problems","Prisma Mod","Quick Restart","Rare Cards Sparkle","Reimu??????","Remilia??????","Replay The Spire","Shop Mod","Spicy Shops","Spire Arcade","StSLib","The Animator","The Blue Laboratory","The Bug Knight","Waifu the Spire"],"gold_per_floor":[114,129,129,144,159,159,159],"floor_reached":6,"language":"ENG","playtime":784,"items_purged":[],"score":63,"play_id":"dffa842a-4cab-48a0-8665-8b4a5b58de39","local_time":"20210220144221","daily_mods":["Shiny","Red Cards","DeadlyEvents"],"is_ascension_mode":false,"campfire_choices":[],"circlet_count":0,"master_deck":["Double Tap","Exhume","Bludgeon","Limit Break","Impervious","Juggernaut","Brutality","Feed","Barricade","hubris:StunningStrike","Fiend Fire","Eclipse","Demonic Infusion","Hemogenesis","Demon Form","Berserk","Offering","Replay:Many Hands","Corruption","Reaper","Immolate","Devotion","LessonLearned","MasterReality","Scrawl","Brilliance","Replay:LoomingThreat","DevaForm","Vault","Establishment","Judgement","Blasphemy","Wish","MarkedMod:SlowDance","MarkedMod:ChiBlock","Replay:AllIn","Alpha","DeusExMachina","ConjureBlade","MarkedMod:NorthStar","Ragnarok","Omniscience","SpiritShield","Dark Embrace"],"relics":["PureWater","LetterFromLob"],"acts_visited":["Exordium"],"potions_floor_usage":[],"damage_taken":[{"damage":0,"enemies":"Cultist","floor":1,"turns":1},{"damage":11,"enemies":"Jaw Worm","floor":2,"turns":6},{"damage":0,"enemies":"infinitespire:Voidling","floor":4,"turns":1},{"damage":16,"enemies":"2 Fungi Beasts","floor":5,"turns":3},{"damage":99999,"enemies":"HollowMod:MossKnight","floor":6,"turns":5}],"seed_played":"3618718455484561711","potions_obtained":[{"floor":5,"key":"MarkedMod:BlackLotusJuice"}],"is_trial":false,"path_per_floor":["M","M","$","M","M","E"],"character_chosen":"WATCHER","items_purchased":[],"campfire_rested":0,"item_purchase_floors":[],"current_hp_per_floor":[72,61,61,61,50,0,0],"gold":159,"neow_bonus":"","is_daily":true,"chose_seed":false,"campfire_upgraded":0,"win_rate":0.0,"timestamp":1613844741,"path_taken":["M","M","$","M","M","E"],"items_purchased_type":[],"build_version":"2020-12-22","purchased_purges":0,"victory":false,"max_hp_per_floor":[72,72,72,72,72,72,72],"card_choices":[{"not_picked":["Shrug It Off","ReplayTheSpireMod:LeadingStrike","Crescendo"],"picked":"SKIP","floor":1},{"not_picked":["Evolve","Replay:AtTheReady","Sword Boomerang"],"picked":"SKIP","floor":2},{"not_picked":["WheelKick","Protect","Prostrate"],"picked":"SKIP","floor":4},{"not_picked":["Inflame","PathToVictory"],"picked":"Dark Embrace","floor":5}],"player_experience":196346,"relics_obtained":[{"floor":1,"key":"LetterFromLob"}],"event_choices":[],"is_beta":false,"boss_relics":[],"items_purged_floors":[],"is_endless":false,"potions_floor_spawned":[5],"killed_by":"HollowMod:MossKnight","ascension_level":0}}