{"host":"g907ck67u7c3hrs6","time":1613812958,"event":{"mods":["BaseMod","Colored Map","DeckTracker","Force Act Four","Highlight Path","Keyboard Shortcuts","Minty Spire (QoL Compilation)","Permanent Neow","Say the Spire","SuperFastMode"],"gold_per_floor":[117,130,141,141,155,155,155,155,155,155,190,220,237,248,248,325,325,345,345,24,24,24,54,87,120,120,146,171,200,214,247,247,318,318,338,338,338,338,372,404,445,489,549,605,656,708,483,383,383,392,401,401,401,281,313,322],"floor_reached":57,"language":"KOR","playtime":1895,"items_purged":["Normality","Decay","Injury","Doubt"],"score":4296,"play_id":"6e7912ff-4d01-4062-88f8-85b94b0e114a","local_time":"20210220182238","daily_mods":["SealedDeck","Heirloom","Time Dilation","Flight","DeadlyEvents","Cursed Run","Elite Swarm"],"is_ascension_mode":true,"campfire_choices":[{"data":"Entrench","floor":6.0,"key":"SMITH"},{"data":"Entrench","floor":7.0,"key":"SMITH"},{"data":"Body Slam","floor":8.0,"key":"SMITH"},{"data":"Body Slam","floor":10.0,"key":"SMITH"},{"data":"Barricade","floor":15.0,"key":"SMITH"},{"data":"Power Through","floor":32,"key":"SMITH"},{"floor":49,"key":"RECALL"},{"data":"Evolve","floor":53,"key":"SMITH"}],"circlet_count":0,"master_deck":["AscendersBane","Feel No Pain","Sentinel","Sentinel+1","Armaments","Evolve+1","Armaments","Body Slam+1","Body Slam+1","Headbutt+1","Entrench+1","Entrench+1","Impervious","Barricade+1","Power Through+1","Clumsy","Impervious+1","Corruption","Exhume+1","Impervious+1","Corruption+1","Impervious+1","Exhume+1","Shrug It Off+1","Impervious+1","Brutality+1","Impervious+1","Impervious+1","Impervious+1","Offering+1","Dark Embrace+1","Parasite","Pain"],"relics":["Cursed Key","Darkstone Periapt","Du-Vu Doll","Ginger","Ornamental Fan","Question Card","Lizard Tail","Black Star","Bag of Preparation","MutagenicStrength","Bottled Lightning","Centennial Puzzle","Gremlin Horn","Mercury Hourglass","Whetstone","Toxic Egg 2","Pantograph","Happy Flower","Letter Opener","Meat on the Bone","Pen Nib","Frozen Egg 2","The Courier","Paper Frog","Champion Belt","Bottled Tornado","Empty Cage","Toy Ornithopter","Sundial","Calipers","MawBank","War Paint","StrikeDummy","Kunai","Bronze Scales","Mummified Hand","CeramicFish","Self Forming Clay","Singing Bowl","CaptainsWheel","Bottled Flame","HornCleat","StoneCalendar","Lantern","Blue Candle","Eternal Feather"],"acts_visited":["Exordium","TheCity","TheBeyond","TheEnding"],"potions_floor_usage":[56,56],"damage_taken":[{"damage":3.0,"enemies":"2 Louse","floor":1.0,"turns":4.0},{"damage":1.0,"enemies":"Small Slimes","floor":2.0,"turns":4.0},{"damage":0.0,"enemies":"Jaw Worm","floor":3.0,"turns":3.0},{"damage":0.0,"enemies":"Looter","floor":5.0,"turns":1.0},{"damage":15.0,"enemies":"3 Sentries","floor":11.0,"turns":10.0},{"damage":0.0,"enemies":"Gremlin Nob","floor":12.0,"turns":3.0},{"damage":14.0,"enemies":"Red Slaver","floor":13.0,"turns":4.0},{"damage":0.0,"enemies":"Gremlin Gang","floor":14.0,"turns":4.0},{"damage":3.0,"enemies":"Slime Boss","floor":16.0,"turns":4.0},{"damage":0.0,"enemies":"Chosen","floor":18.0,"turns":2.0},{"damage":17,"enemies":"Slavers","floor":23,"turns":7},{"damage":13,"enemies":"Book of Stabbing","floor":24,"turns":5},{"damage":9,"enemies":"Slavers","floor":25,"turns":4},{"damage":3,"enemies":"Gremlin Leader","floor":27,"turns":4},{"damage":9,"enemies":"Slavers","floor":28,"turns":6},{"damage":0,"enemies":"Book of Stabbing","floor":29,"turns":3},{"damage":0,"enemies":"2 Thieves","floor":30,"turns":3},{"damage":9,"enemies":"Slavers","floor":31,"turns":16},{"damage":0,"enemies":"Automaton","floor":33,"turns":4},{"damage":3,"enemies":"3 Darklings","floor":35,"turns":5},{"damage":0,"enemies":"Giant Head","floor":39,"turns":3},{"damage":0,"enemies":"Nemesis","floor":40,"turns":5},{"damage":2,"enemies":"Giant Head","floor":41,"turns":3},{"damage":4,"enemies":"Nemesis","floor":42,"turns":5},{"damage":1,"enemies":"Giant Head","floor":44,"turns":2},{"damage":6,"enemies":"Nemesis","floor":45,"turns":7},{"damage":2,"enemies":"Giant Head","floor":46,"turns":3},{"damage":2,"enemies":"Time Eater","floor":50,"turns":3},{"damage":3,"enemies":"Awakened One","floor":51,"turns":4},{"damage":4,"enemies":"Shield and Spear","floor":55,"turns":5},{"damage":13,"enemies":"The Heart","floor":56,"turns":6}],"seed_played":"4891281603041649892","potions_obtained":[{"floor":2.0,"key":"ColorlessPotion"},{"floor":3.0,"key":"Weak Potion"},{"floor":14.0,"key":"SneckoOil"},{"floor":16.0,"key":"BloodPotion"},{"floor":27,"key":"Block Potion"},{"floor":40,"key":"PowerPotion"}],"is_trial":true,"path_per_floor":["M","M","M","?","M","R","R","R","T","R","E","E","M","M","R","B",null,"M","?","$","?","T","E","E","E","T","E","E","E","M","E","R","B",null,"M","?","$","?","E","E","E","E","T","E","E","E","$","$","R","B","B",null,"R","$","E","B",null],"character_chosen":"IRONCLAD","items_purchased":["Bag of Preparation","Power Through","Dark Embrace+1","Lantern"],"campfire_rested":0,"item_purchase_floors":[20,20,47,47],"current_hp_per_floor":[65,64,64,59,59,59,59,59,65,65,50,50,36,36,36,39,75,75,75,75,75,81,64,51,42,48,45,48,60,60,51,51,82,99,96,96,96,96,96,96,94,90,96,95,89,87,87,87,87,115,120,122,122,122,120,131],"gold":322,"neow_bonus":"","is_daily":false,"chose_seed":false,"campfire_upgraded":7,"win_rate":0.0,"timestamp":1613812958,"path_taken":["M","M","M","?","M","R","R","R","T","R","E","E","M","M","R","BOSS","M","?","$","?","?","E","E","E","T","E","E","E","?","E","R","BOSS","M","?","$","?","?","E","E","E","T","E","E","?","$","$","R","BOSS","BOSS","R","$","E","BOSS"],"items_purchased_type":["Relic","Card","Card","Relic"],"build_version":"2020-12-22","purchased_purges":4,"victory":true,"max_hp_per_floor":[75,75,75,75,75,75,75,75,81,81,81,81,81,81,81,87,87,87,87,87,87,93,93,93,93,99,99,99,99,99,99,99,105,105,105,105,105,105,105,105,105,105,111,111,111,111,111,111,111,117,123,123,123,123,125,131],"card_choices":[{"not_picked":["Headbutt","Iron Wave"],"picked":"Entrench","floor":1.0},{"not_picked":["Hemokinesis","Perfected Strike","Heavy Blade"],"picked":"SKIP","floor":2.0},{"not_picked":["Clash","Carnage","True Grit"],"picked":"SKIP","floor":3.0},{"not_picked":["Cleave","Wild Strike"],"picked":"Bloodletting","floor":5.0},{"not_picked":["Exhume","Fiend Fire"],"picked":"Impervious","floor":11.0},{"not_picked":["Bludgeon","Fiend Fire","Berserk"],"picked":"Barricade","floor":12.0},{"not_picked":["True Grit","Thunderclap","Flex","Armaments"],"picked":"SKIP","floor":13.0},{"not_picked":["Thunderclap","Body Slam","Infernal Blade","Headbutt"],"picked":"SKIP","floor":14.0},{"not_picked":["Clash","Blood for Blood","Warcry","Pommel Strike"],"picked":"SKIP","floor":18.0},{"not_picked":["Berserk","Bludgeon","Feed"],"picked":"Impervious","floor":23},{"not_picked":["Double Tap","Limit Break","Berserk"],"picked":"Corruption","floor":24},{"not_picked":["Bludgeon","Immolate","Fiend Fire"],"picked":"Exhume+1","floor":25},{"not_picked":["Bludgeon","Reaper","Brutality"],"picked":"Impervious+1","floor":27},{"not_picked":["Reaper","Juggernaut+1","Immolate"],"picked":"Corruption+1","floor":28},{"not_picked":["Limit Break+1","Double Tap+1","Corruption+1"],"picked":"Impervious+1","floor":29},{"not_picked":["Perfected Strike","Rage+1","Headbutt","Bloodletting+1"],"picked":"SKIP","floor":30},{"not_picked":["Perfected Strike","Rage+1","Headbutt","Bloodletting+1"],"picked":"SKIP","floor":30},{"not_picked":["Double Tap+1","Fiend Fire","Feed","Bludgeon"],"picked":"SKIP","floor":31},{"not_picked":["Immolate","Barricade+1","Corruption+1"],"picked":"Exhume+1","floor":33},{"not_picked":["Havoc+1","Heavy Blade","Pommel Strike+1"],"picked":"Shrug It Off+1","floor":35},{"not_picked":["Berserk+1","Feed","Limit Break+1"],"picked":"Impervious+1","floor":39},{"not_picked":["Reaper","Immolate","Double Tap+1"],"picked":"Brutality+1","floor":40},{"not_picked":["Limit Break+1","Fiend Fire","Immolate"],"picked":"Impervious+1","floor":41},{"not_picked":["Brutality+1","Double Tap+1","Demon Form+1","Bludgeon"],"picked":"SKIP","floor":42},{"not_picked":["Reaper","Juggernaut+1","Immolate"],"picked":"Impervious+1","floor":44},{"not_picked":["Fiend Fire","Juggernaut+1","Brutality+1"],"picked":"Impervious+1","floor":45},{"not_picked":["Exhume+1","Impervious+1","Limit Break+1"],"picked":"Offering+1","floor":46},{"not_picked":["Reaper","Juggernaut+1","Fiend Fire","Berserk+1"],"picked":"Singing Bowl","floor":55}],"player_experience":330336,"relics_obtained":[{"floor":11.0,"key":"Question Card"},{"floor":12.0,"key":"Lizard Tail"},{"floor":22,"key":"Bottled Lightning"},{"floor":23,"key":"Centennial Puzzle"},{"floor":23,"key":"Gremlin Horn"},{"floor":24,"key":"Mercury Hourglass"},{"floor":24,"key":"Whetstone"},{"floor":25,"key":"Toxic Egg 2"},{"floor":25,"key":"Pantograph"},{"floor":26,"key":"Happy Flower"},{"floor":27,"key":"Letter Opener"},{"floor":27,"key":"Meat on the Bone"},{"floor":28,"key":"Pen Nib"},{"floor":28,"key":"Frozen Egg 2"},{"floor":29,"key":"The Courier"},{"floor":29,"key":"Paper Frog"},{"floor":31,"key":"Champion Belt"},{"floor":31,"key":"Bottled Tornado"},{"floor":39,"key":"Sundial"},{"floor":39,"key":"Calipers"},{"floor":40,"key":"MawBank"},{"floor":40,"key":"War Paint"},{"floor":41,"key":"StrikeDummy"},{"floor":41,"key":"Kunai"},{"floor":42,"key":"Bronze Scales"},{"floor":42,"key":"Mummified Hand"},{"floor":43,"key":"CeramicFish"},{"floor":44,"key":"Self Forming Clay"},{"floor":44,"key":"Singing Bowl"},{"floor":45,"key":"CaptainsWheel"},{"floor":45,"key":"Bottled Flame"},{"floor":46,"key":"HornCleat"},{"floor":46,"key":"StoneCalendar"},{"floor":55,"key":"Blue Candle"},{"floor":55,"key":"Eternal Feather"}],"event_choices":[{"damage_healed":0.0,"max_hp_gain":0.0,"max_hp_loss":0.0,"gold_gain":0.0,"event_name":"Scrap Ooze","player_choice":"Success","floor":4.0,"gold_loss":0.0,"damage_taken":5.0,"relics_obtained":["Ornamental Fan"]},{"damage_healed":0.0,"max_hp_gain":0.0,"max_hp_loss":0.0,"gold_gain":0.0,"event_name":"Ghosts","player_choice":"Ignored","floor":19.0,"gold_loss":0.0,"damage_taken":0.0},{"damage_healed":0,"gold_gain":0,"player_choice":"Inject Mutagens","damage_taken":0,"relics_obtained":["MutagenicStrength"],"max_hp_gain":0,"max_hp_loss":0,"event_name":"Drug Dealer","floor":21,"gold_loss":0},{"damage_healed":0,"gold_gain":0,"player_choice":"Ignored","damage_taken":0,"max_hp_gain":0,"max_hp_loss":0,"event_name":"Tomb of Lord Red Mask","floor":36,"gold_loss":0},{"cards_removed":["Bloodletting"],"damage_healed":0,"gold_gain":0,"player_choice":"Gave Card","damage_taken":0,"relics_obtained":["Toy Ornithopter"],"max_hp_gain":0,"max_hp_loss":0,"event_name":"WeMeetAgain","floor":38,"gold_loss":0}],"is_beta":false,"boss_relics":[{"not_picked":["Astrolabe","Fusion Hammer"],"picked":"Black Star"},{"not_picked":["Philosopher\u0027s Stone","Velvet Choker"],"picked":"Empty Cage"}],"items_purged_floors":[20,47,48,54],"is_endless":false,"potions_floor_spawned":[2,3,11,14,16,24,27,28,40,41,42],"ascension_level":20}}