{"host":"mc5v85iuptizxtr7","time":1613864960,"event":{"mods":["AchievementEnabler","Ascension Reborn","Aspiration","Bard","BaseMod","BetterRewards","Colored Map","Colored Powertips","Conspire","DeckTracker","Downfall","Hermit","Highlight Path","Hubris","Infinite Spire","Minty Spire (QoL Compilation)","Rare Cards Sparkle","Relic Stats","Shop Mod","StSLib","Synergy Search","The Animator","The Bladedancer","The Bug Knight","The Cursed","The Forsaken","The Necromancer","UnlockEverythingMod"],"gold_per_floor":[199,218,236,254,254,283,308,383,414,414,431,442,498,509,523,625,625,625,640,657,692,707,726,726,726,736,736,736,736,747,771,783,783,783,783],"floor_reached":33,"language":"DEU","playtime":2702,"items_purged":[],"score":288,"play_id":"a569626b-4fe9-4f9e-b75c-f8761cdec5e0","local_time":"20210221004920","is_ascension_mode":true,"campfire_choices":[{"data":"Slimebound:Split","floor":1,"key":"SMITH"},{"data":"Slimebound:MassRepurpose","floor":18,"key":"SMITH"},{"data":"Slimebound:AcidTongue","floor":25,"key":"SMITH"},{"floor":29,"key":"REST"}],"circlet_count":0,"master_deck":["conspire:GhostlyStrike","conspire:GhostlyStrike","conspire:GhostlyStrike","Slimebound:Tackle","conspire:GhostlyDefend","conspire:GhostlyDefend","conspire:GhostlyDefend","conspire:GhostlyDefend","Slimebound:Split+1","Slimebound:CorrosiveSpit","Slimebound:SlimeSpikes","Slimebound:RainOfGoop","Slimebound:LeechEnergy","Slimebound:SpikyOuterGoop","Slimebound:Gluttony","Slimebound:Nibble","Slimebound:PressTheAttack","Slimebound:AcidTongue+1","Slimebound:ItLooksTasty","Slimebound:MassRepurpose+1","Slimebound:SpikyOuterGoop","Slimebound:SplitLeeching","Slimebound:PressTheAttack","Slimebound:FirmFortitude","Slimebound:Schlurp","Pride","Slimebound:LeadByExample+1","Slimebound:SplitBruiser"],"relics":["Slimebound:AbsorbEndCombat","infinitespire:Lucky Rock","theForsaken:Lifeblossom","Happy Flower","conspire:Flyswatter","hubris:ToyBattleship","hubris:ScarierMask","Potion Belt","downfall:RedIOU","Turnip","infinitespire:Beetle Shell"],"acts_visited":["Exordium","TheCity"],"potions_floor_usage":[6,12,13,13,16,26,26],"damage_taken":[{"damage":13,"enemies":"infinitespire:Voidling","floor":2,"turns":4},{"damage":1,"enemies":"2 Louse","floor":3,"turns":2},{"damage":0,"enemies":"conspire:RoseBush","floor":4,"turns":3},{"damage":1,"enemies":"HollowMod:MossKnight","floor":6,"turns":7},{"damage":7,"enemies":"Lagavulin","floor":9,"turns":7},{"damage":13,"enemies":"downfall:LooterAlt","floor":11,"turns":3},{"damage":19,"enemies":"3 Louse","floor":12,"turns":3},{"damage":14,"enemies":"Gremlin Nob","floor":13,"turns":3},{"damage":0,"enemies":"Blue Slaver","floor":14,"turns":3},{"damage":9,"enemies":"Large Slime","floor":15,"turns":5},{"damage":10,"enemies":"SI_SHIV_ARCHETYPE","floor":16,"turns":5},{"damage":0,"enemies":"conspire:FuzzyDice","floor":19,"turns":3},{"damage":8,"enemies":"downfall:LooterAlt2","floor":20,"turns":3},{"damage":31,"enemies":"conspire:MimicChest","floor":21,"turns":5},{"damage":29,"enemies":"conspire:HollyBat","floor":22,"turns":6},{"damage":16,"enemies":"Snecko","floor":23,"turns":5},{"damage":18,"enemies":"Centurion and Healer","floor":26,"turns":3},{"damage":0,"enemies":"Sentry and Sphere","floor":30,"turns":4},{"damage":9,"enemies":"Cultist and Chosen","floor":32,"turns":6},{"damage":61,"enemies":"DF_ARCHETYPE_CLAW","floor":33,"turns":6}],"seed_played":"2577720167781198553","potions_obtained":[{"floor":2,"key":"Explosive Potion"},{"floor":4,"key":"champ:CounterPotion"},{"floor":9,"key":"champ:CounterPotion"},{"floor":12,"key":"Slimebound:SlimedPotion"},{"floor":15,"key":"champ:CounterPotion"},{"floor":19,"key":"SteroidPotion"},{"floor":23,"key":"Swift Potion"}],"is_trial":false,"path_per_floor":["R","M","M","M","?","E","T","?","E","?","M","M","?","M","M","B",null,"R","M","M","?","M","M","T","R","M","?","?","R","M","T","M","B"],"character_chosen":"SLIMEBOUND","items_purchased":[],"campfire_rested":1,"item_purchase_floors":[],"current_hp_per_floor":[65,63,62,64,64,65,65,65,63,56,50,36,33,40,43,47,65,65,65,62,41,22,18,18,18,13,13,13,32,40,40,41,0,0,0],"gold":783,"neow_bonus":"HUNDRED_GOLD","is_daily":false,"chose_seed":false,"campfire_upgraded":3,"win_rate":0.0,"timestamp":1613864960,"path_taken":["R","M","M","?","?","E","T","?","E","?","M","M","?","?","M","BOSS","R","M","M","?","M","M","T","R","?","?","?","R","M","?","M","BOSS"],"items_purchased_type":[],"build_version":"2020-12-22","purchased_purges":0,"victory":false,"max_hp_per_floor":[65,65,65,65,65,65,65,65,65,65,65,65,65,65,65,65,65,65,65,65,65,65,65,65,65,65,65,65,65,65,65,65,65,65,65],"relic_stats":{"Happy Flower":[21],"counters":[20,85],"Turnip":[0],"obtain_stats":[{"Potion Belt":21,"Happy Flower":9,"hubris:ScarierMask":17,"theForsaken:Lifeblossom":7,"downfall:RedIOU":27,"Turnip":28,"infinitespire:Beetle Shell":31,"Slimebound:AbsorbEndCombat":0,"hubris:ToyBattleship":13,"infinitespire:Lucky Rock":6,"aspiration:HiddenCompartment":24,"conspire:Flyswatter":10},{"Potion Belt":14,"Happy Flower":5,"hubris:ScarierMask":11,"theForsaken:Lifeblossom":4,"downfall:RedIOU":17,"Turnip":17,"infinitespire:Beetle Shell":18,"Slimebound:AbsorbEndCombat":0,"hubris:ToyBattleship":8,"infinitespire:Lucky Rock":4,"aspiration:HiddenCompartment":16,"conspire:Flyswatter":5},{"Potion Belt":56,"Happy Flower":23,"hubris:ScarierMask":45,"theForsaken:Lifeblossom":16,"downfall:RedIOU":70,"Turnip":70,"infinitespire:Beetle Shell":74,"Slimebound:AbsorbEndCombat":0,"hubris:ToyBattleship":32,"infinitespire:Lucky Rock":16,"aspiration:HiddenCompartment":67,"conspire:Flyswatter":23}]},"card_choices":[{"not_picked":["Slimebound:LivingWall","Slimebound:DisruptingSlam"],"picked":"Slimebound:SlimeSpikes","floor":2},{"not_picked":["Slimebound:Grow","Slimebound:MegaLick"],"picked":"Slimebound:RainOfGoop","floor":3},{"not_picked":["Slimebound:FinishingTackle","Slimebound:RollThrough"],"picked":"Slimebound:LeechEnergy","floor":4},{"not_picked":["Slimebound:DisruptingSlam","Slimebound:FirmFortitude"],"picked":"Slimebound:SpikyOuterGoop","floor":6},{"not_picked":["Slimebound:ForwardTackle","Slimebound:FormOfPuddle","Slimebound:GoopTackle"],"picked":"SKIP","floor":9},{"not_picked":["Slimebound:SlimeTap","Slimebound:ItLooksTasty"],"picked":"Slimebound:Gluttony","floor":11},{"not_picked":["Slimebound:FlameTackle","Slimebound:PressTheAttack"],"picked":"Slimebound:Nibble","floor":12},{"not_picked":["Slimebound:FinishingTackle","Slimebound:Replication"],"picked":"Slimebound:PressTheAttack","floor":13},{"not_picked":["Slimebound:LeechEnergy","Slimebound:RejuvenatingLick"],"picked":"Slimebound:AcidTongue","floor":14},{"not_picked":["Slimebound:FlameTackle","Slimebound:Chomp"],"picked":"Slimebound:ItLooksTasty","floor":15},{"not_picked":["Slimebound:SlimeSlap","Slimebound:MassFeed"],"picked":"Slimebound:MassRepurpose","floor":16},{"not_picked":["Slimebound:Schlurp","Slimebound:Prepare"],"picked":"Slimebound:SpikyOuterGoop","floor":19},{"not_picked":["Slimebound:LeechEnergy","Slimebound:SplitMire"],"picked":"Slimebound:SplitLeeching","floor":20},{"not_picked":["Slimebound:SlimeBarrage","Slimebound:Nibble"],"picked":"Slimebound:PressTheAttack","floor":21},{"not_picked":["Slimebound:PressTheAttack","Slimebound:ComboTackle"],"picked":"Slimebound:FirmFortitude","floor":22},{"not_picked":["Slimebound:LeechingTouch","Slimebound:FinishingTackle"],"picked":"Slimebound:Schlurp","floor":23},{"not_picked":["Slimebound:HauntingLick","Slimebound:LivingWall","Slimebound:LeechEnergy"],"picked":"SKIP","floor":26},{"not_picked":["Slimebound:SamplingLick+1","Slimebound:LeechEnergy+1"],"picked":"Slimebound:LeadByExample+1","floor":30},{"not_picked":["Slimebound:LivingWall","Slimebound:LeechEnergy"],"picked":"Slimebound:SplitBruiser","floor":32}],"player_experience":184298,"relics_obtained":[{"floor":6,"key":"infinitespire:Lucky Rock"},{"floor":7,"key":"theForsaken:Lifeblossom"},{"floor":9,"key":"Happy Flower"},{"floor":13,"key":"hubris:ToyBattleship"},{"floor":21,"key":"Potion Belt"},{"floor":24,"key":"aspiration:HiddenCompartment"},{"floor":31,"key":"infinitespire:Beetle Shell"}],"event_choices":[{"damage_healed":0,"gold_gain":0,"player_choice":"Agree","damage_taken":0,"max_hp_gain":0,"max_hp_loss":0,"event_name":"conspire:LoneGhost","floor":5,"gold_loss":0},{"damage_healed":0,"gold_gain":0,"player_choice":"Success","damage_taken":7,"relics_obtained":["conspire:Flyswatter"],"max_hp_gain":0,"max_hp_loss":0,"event_name":"Scrap Ooze","floor":10,"gold_loss":0},{"damage_healed":0,"gold_gain":0,"player_choice":"Stole Relic","damage_taken":0,"relics_obtained":["Turnip"],"max_hp_gain":0,"max_hp_loss":0,"event_name":"Addict","floor":28,"gold_loss":0,"cards_obtained":["Pride"]}],"is_beta":false,"boss_relics":[{"not_picked":["hubris:CrackedHourglass","conspire:SlowCooker"],"picked":"hubris:ScarierMask"}],"items_purged_floors":[],"is_endless":false,"potions_floor_spawned":[2,4,9,12,15,19,23],"killed_by":"DF_ARCHETYPE_CLAW","ascension_level":0}}