{"host":"3n5xmnb54n2y5mb4","time":1613784293,"event":{"mods":["BaseMod","Colored Map","Colored Powertips","Downfall","Minty Spire (QoL Compilation)","Permanent Neow","StSLib","Unceasing Turn Reminder","everything is the same but u backflip on backflip"],"gold_per_floor":[112,212,21,21,21,46,63,80,80,93,109,69,69,69],"floor_reached":13,"language":"ENG","playtime":523,"items_purged":[],"score":136,"play_id":"b32829d6-2208-4ee1-a34b-89ba816c9d39","local_time":"20210219202453","is_ascension_mode":true,"campfire_choices":[],"circlet_count":0,"master_deck":["AscendersBane","Strike_G","Strike_G","Strike_G","Strike_G","Defend_G","Defend_G","Defend_G","Defend_G","Defend_G","Survivor","Neutralize","Bullet Time","Acrobatics","Well Laid Plans","Escape Plan","Bandage Up","Masterful Stab","Predator","Backflip+1","Dash","Deflect+1","Footwork","Concentrate+1"],"relics":["Ring of the Snake","Toxic Egg 2","Letter Opener"],"acts_visited":["Exordium"],"potions_floor_usage":[],"damage_taken":[{"damage":0,"enemies":"Small Slimes","floor":1,"turns":3},{"damage":51,"enemies":"3 Sentries","floor":6,"turns":15},{"damage":3,"enemies":"Cultist","floor":7,"turns":4},{"damage":0,"enemies":"2 Louse","floor":8,"turns":3},{"damage":6,"enemies":"2 Fungi Beasts","floor":10,"turns":3},{"damage":0,"enemies":"Gremlin Gang","floor":11,"turns":4},{"damage":28,"enemies":"Gremlin Nob","floor":13,"turns":5}],"seed_played":"7093889608873747312","potions_obtained":[{"floor":7,"key":"DuplicationPotion"},{"floor":8,"key":"Explosive Potion"}],"is_trial":false,"path_per_floor":["M","?","$","?","?","E","M","M","T","M","M","$","E"],"character_chosen":"THE_SILENT","items_purchased":["Well Laid Plans","Escape Plan","Bandage Up","Concentrate+1"],"campfire_rested":0,"item_purchase_floors":[3,3,3,12],"current_hp_per_floor":[63,63,63,63,63,16,17,21,21,19,23,23,0,0],"gold":69,"neow_bonus":"ONE_RANDOM_RARE_CARD","is_daily":false,"chose_seed":false,"campfire_upgraded":0,"win_rate":0.0,"timestamp":1613784293,"path_taken":["M","?","?","?","?","E","M","M","T","M","?","?","E"],"items_purchased_type":["Card","Card","Card","Card"],"build_version":"2020-12-22","purchased_purges":0,"victory":false,"max_hp_per_floor":[70,70,70,70,70,70,70,70,70,70,70,70,70,70],"card_choices":[{"not_picked":["Prepared","PiercingWail"],"picked":"Acrobatics","floor":1},{"not_picked":["Crippling Poison+1","Leg Sweep+1"],"picked":"Predator","floor":6},{"not_picked":["Prepared+1","Flying Knee"],"picked":"Backflip+1","floor":7},{"not_picked":["Dagger Throw","Deadly Poison+1"],"picked":"Dash","floor":8},{"not_picked":["Flying Knee","Sucker Punch"],"picked":"Deflect+1","floor":10},{"not_picked":["Setup+1","Deflect+1"],"picked":"Footwork","floor":11}],"player_experience":1120536,"relics_obtained":[{"floor":6,"key":"Toxic Egg 2"},{"floor":9,"key":"Letter Opener"}],"event_choices":[{"damage_healed":0,"gold_gain":100,"player_choice":"Gold","damage_taken":0,"max_hp_gain":0,"max_hp_loss":0,"event_name":"Wheel of Change","floor":2,"gold_loss":0},{"damage_healed":0,"gold_gain":0,"player_choice":"Ignored","damage_taken":0,"max_hp_gain":0,"max_hp_loss":0,"event_name":"Golden Wing","floor":4,"gold_loss":0},{"damage_healed":0,"gold_gain":0,"cards_transformed":["Strike_G"],"player_choice":"Transformed","damage_taken":0,"max_hp_gain":0,"max_hp_loss":0,"event_name":"Transmorgrifier","floor":5,"gold_loss":0,"cards_obtained":["Masterful Stab"]}],"is_beta":false,"boss_relics":[],"items_purged_floors":[],"is_endless":false,"potions_floor_spawned":[7,8,10],"killed_by":"Gremlin Nob","ascension_level":12}}