{"host":"tq11g1xvjhf4r9h6","time":1613821179,"event":{"mods":["2.2 Compatiblity","BaseMod","Colored Powertips","Communication Mod","DeckTracker","Minty Spire (QoL Compilation)","Permanent Neow","Quick Restart","Rare Cards Sparkle","Relic Stats","StSLib","The Poker Player","Unknown Chances","UnlockEverythingMod","everything is the same but u backflip on backflip"],"gold_per_floor":[115,115,182,107,157,157,218,268,319,369,389,402,402,76,76,76,76],"floor_reached":16,"language":"KOR","playtime":413,"items_purged":["Strike_B","Strike_B"],"score":180,"play_id":"8ace6b33-0877-4649-9f78-c8571c9c56cf","local_time":"20210220203939","is_ascension_mode":true,"campfire_choices":[{"data":"Recycle","floor":6,"key":"SMITH"},{"data":"Decay","floor":13,"key":"PURGE"},{"floor":15,"key":"REST"}],"circlet_count":0,"master_deck":["AscendersBane","Strike_B","Strike_B","Defend_B","Defend_B","Defend_B","Zap+1","Dualcast+1","Recycle+1","Redo","Auto Shields","Echo Form","Leap"],"relics":["Cracked Core","Peace Pipe","SsserpentHead","Orichalcum"],"acts_visited":["Exordium"],"potions_floor_usage":[],"damage_taken":[{"damage":1,"enemies":"Cultist","floor":1,"turns":3},{"damage":0,"enemies":"Small Slimes","floor":3,"turns":2},{"damage":0,"enemies":"2 Louse","floor":7,"turns":2},{"damage":9,"enemies":"Looter","floor":11,"turns":3},{"damage":9,"enemies":"Red Slaver","floor":12,"turns":3},{"damage":48,"enemies":"Hexaghost","floor":16,"turns":9}],"seed_played":"7816279471279010655","potions_obtained":[{"floor":11,"key":"FocusPotion"},{"floor":12,"key":"Fruit Juice"}],"is_trial":false,"path_per_floor":["M","?","M","$","?","R","M","?","T","?","M","M","R","$","R","B"],"character_chosen":"DEFECT","items_purchased":["Echo Form","Leap"],"campfire_rested":1,"item_purchase_floors":[14,14],"current_hp_per_floor":[63,63,63,63,63,63,63,44,44,44,35,26,26,26,45,0,0],"gold":76,"neow_bonus":"ONE_RARE_RELIC","is_daily":false,"chose_seed":false,"campfire_upgraded":1,"win_rate":0.0,"timestamp":1613821179,"path_taken":["M","?","?","$","?","R","?","?","T","?","M","M","R","$","R","BOSS"],"items_purchased_type":["Card","Card"],"build_version":"2020-12-22","purchased_purges":2,"victory":false,"max_hp_per_floor":[64,64,64,64,64,64,64,64,64,64,64,64,64,64,64,64,64],"relic_stats":{"Peace Pipe":1,"SsserpentHead":250,"counters":[6,22],"Orichalcum":[6],"obtain_stats":[{"Peace Pipe":0,"SsserpentHead":2,"Orichalcum":9,"Cracked Core":0},{"Peace Pipe":0,"SsserpentHead":1,"Orichalcum":3,"Cracked Core":0},{"Peace Pipe":0,"SsserpentHead":3,"Orichalcum":7,"Cracked Core":0}]},"card_choices":[{"not_picked":["Stack","Lockon","Aggregate"],"picked":"SKIP","floor":1},{"not_picked":["Storm","Hello World"],"picked":"Recycle","floor":3},{"not_picked":["Force Field","Ball Lightning","Beam Cell"],"picked":"SKIP","floor":7},{"not_picked":["Steam","Turbo"],"picked":"Redo","floor":11},{"not_picked":["Tempest","Turbo"],"picked":"Auto Shields","floor":12}],"player_experience":358581,"relics_obtained":[{"floor":9,"key":"Orichalcum"}],"event_choices":[{"damage_healed":0,"gold_gain":0,"player_choice":"Trade","damage_taken":0,"relics_obtained":["SsserpentHead"],"max_hp_gain":0,"max_hp_loss":0,"event_name":"FaceTrader","floor":2,"gold_loss":0},{"cards_removed":["Defend_B"],"damage_healed":0,"gold_gain":0,"player_choice":"Offered Basic","damage_taken":0,"max_hp_gain":0,"max_hp_loss":0,"event_name":"Bonfire Elementals","floor":5,"gold_loss":0},{"damage_healed":0,"gold_gain":0,"player_choice":"Entered Light","damage_taken":19,"max_hp_gain":0,"max_hp_loss":0,"event_name":"Shining Light","floor":8,"gold_loss":0,"cards_upgraded":["Dualcast","Zap"]},{"damage_healed":0,"gold_gain":0,"player_choice":"Cursed","damage_taken":0,"max_hp_gain":0,"max_hp_loss":0,"event_name":"Wheel of Change","floor":10,"gold_loss":0,"cards_obtained":["Decay"]}],"is_beta":false,"boss_relics":[],"items_purged_floors":[4,14],"is_endless":false,"potions_floor_spawned":[11,12],"killed_by":"Hexaghost","ascension_level":20}}