{"host":"9pdg8buogrkk8pz5","time":1613863131,"event":{"mods":["AchievementEnabler","Bard","BaseMod","Downfall","Hermit","JesterMod","Mad Scientist","Minty Spire (QoL Compilation)","StSLib","The Cursed","The Disciple","The Necromancer","The Poker Player","The Runesmith","The Servant 0.9.4"],"gold_per_floor":[119,138,7,7,7,7,66,141,166,178,204,216,228,253,265,398,410,396,423,435,435],"floor_reached":20,"language":"ENG","playtime":2111,"items_purged":[],"score":197,"play_id":"9b24f23a-1cc2-43c1-bae6-39bcda172599","local_time":"20210220181851","is_ascension_mode":false,"campfire_choices":[{"data":"LockedBlood","floor":6,"key":"SMITH"},{"floor":10,"key":"REST"},{"floor":15,"key":"REST"}],"circlet_count":0,"master_deck":["Strike_Br","Strike_Br","Strike_Br","Strike_Br","Defend_Br","Defend_Br","Defend_Br","Defend_Br","SecondHand","PatternShift","LockedWhetstone","LockedScales","LockedBlood+1","Keepsakes","Injury","Cuckoo","WindUp","ExoVibe","LockedFlame","TickedOff","HandsUpC"],"relics":["Chronometer","Golden Idol","Boot","MawBank","Orichalcum?","Pear","Cursed Key"],"acts_visited":["Exordium","TheCity"],"potions_floor_usage":[7,7,16],"damage_taken":[{"damage":0,"enemies":"Jaw Worm","floor":1,"turns":5},{"damage":0,"enemies":"Small Slimes","floor":2,"turns":4},{"damage":34,"enemies":"Gremlin Nob","floor":7,"turns":5},{"damage":1,"enemies":"2 Louse","floor":11,"turns":6},{"damage":15,"enemies":"Large Slime","floor":14,"turns":6},{"damage":34,"enemies":"Hexaghost","floor":16,"turns":14},{"damage":42,"enemies":"2 Thieves","floor":18,"turns":5},{"damage":21,"enemies":"Spheric Guardian","floor":19,"turns":6},{"damage":47,"enemies":"3 Cultists","floor":20,"turns":4}],"seed_played":"-9093412741708964523","potions_obtained":[{"floor":1,"key":"bronze:BurnAndBuffPotion"},{"floor":2,"key":"ColorlessPotion"},{"floor":14,"key":"Block Potion"}],"is_trial":false,"path_per_floor":["M","M","$","?","?","R","E","?","T","R","M","?","T","M","R","B",null,"M","M","M"],"character_chosen":"CHRONO_CLASS","items_purchased":["LockedBlood","Keepsakes"],"campfire_rested":2,"item_purchase_floors":[3,3],"current_hp_per_floor":[71,71,71,71,71,71,43,32,32,53,61,61,71,65,81,56,81,45,33,0,0],"gold":435,"neow_bonus":"TEN_PERCENT_HP_BONUS","is_daily":false,"chose_seed":false,"campfire_upgraded":1,"win_rate":0.0,"timestamp":1613863131,"path_taken":["M","M","$","?","?","R","E","?","T","R","M","?","?","?","R","BOSS","M","M","?"],"items_purchased_type":["Card","Card"],"build_version":"2020-12-22","purchased_purges":0,"victory":false,"max_hp_per_floor":[71,71,71,71,71,71,71,71,71,71,71,71,81,81,81,81,81,81,81,81,81],"card_choices":[{"not_picked":["WatchCommand","LockedMawBank"],"picked":"LockedWhetstone","floor":1},{"not_picked":["HandsUpB","LockedMedicine"],"picked":"LockedScales","floor":2},{"not_picked":["HandsUpB","BeatsPerMinute"],"picked":"Cuckoo","floor":7},{"not_picked":["CrunchTime","HandsUpC"],"picked":"WindUp","floor":11},{"not_picked":["ShortSighted","HandsUpB"],"picked":"ExoVibe","floor":14},{"not_picked":["MasterKey","Chronoelasticity"],"picked":"LockedFlame","floor":16},{"not_picked":["ShortSighted","Engulf"],"picked":"TickedOff","floor":18},{"not_picked":["LockedOrichalcum","WakeUpCall"],"picked":"HandsUpC","floor":19}],"player_experience":82564,"relics_obtained":[{"floor":7,"key":"Boot"},{"floor":9,"key":"MawBank"},{"floor":13,"key":"Pear"}],"event_choices":[{"damage_healed":0,"gold_gain":0,"player_choice":"Ignored","damage_taken":0,"max_hp_gain":0,"max_hp_loss":0,"event_name":"Golden Wing","floor":4,"gold_loss":0},{"damage_healed":0,"gold_gain":0,"player_choice":"Take Wound","damage_taken":0,"relics_obtained":["Golden Idol"],"max_hp_gain":0,"max_hp_loss":0,"event_name":"Golden Idol","floor":5,"gold_loss":0,"cards_obtained":["Injury"]},{"damage_healed":0,"gold_gain":75,"player_choice":"Gather Gold","damage_taken":11,"max_hp_gain":0,"max_hp_loss":0,"event_name":"World of Goop","floor":8,"gold_loss":0}],"is_beta":false,"boss_relics":[{"not_picked":["Coffee Dripper","Ectoplasm"],"picked":"Cursed Key"}],"items_purged_floors":[],"is_endless":false,"potions_floor_spawned":[1,2,14],"killed_by":"3 Cultists","ascension_level":0}}