{"host":"dxw0slwvk2p0izr3","time":1613801654,"event":{"mods":["BaseMod","Downfall","Minty Spire (QoL Compilation)","Replay The Spire","Shop Mod","StSLib"],"gold_per_floor":[99,117,117,117,135,235,235,235,251,14,28,48,58,92,109,214,214,214,231,23,42,42,42,65,65,65,65,82,96,114,141,160,260,260,60,60,72,122,122,137,137,37,202,222,222,239,250,250,269,269,269,303,34,34,34,34,34],"floor_reached":55,"language":"ZHS","playtime":5869,"items_purged":["champ:Strike","champ:Strike","champ:Defend+1","champ:Defend+1"],"score":718,"play_id":"956cccac-6174-46d0-b8ff-892a1e2d5fdd","local_time":"20210220141414","is_ascension_mode":false,"campfire_choices":[{"data":"champ:Taunt","floor":1.0,"key":"SMITH"},{"data":"champ:HeartStrike","floor":8.0,"key":"SMITH"},{"data":"champ:CheapShot","floor":18.0,"key":"SMITH"},{"data":"champ:EnragedBash","floor":25.0,"key":"SMITH"},{"data":"champ:Duel","floor":27.0,"key":"SMITH"},{"floor":35.0,"key":"RECALL"},{"data":"champ:UltimateStance","floor":42.0,"key":"SMITH"},{"data":"champ:PreciseThrust","floor":45.0,"key":"SMITH"},{"data":"champ:UltimateStance","floor":54.0,"key":"SMITH"}],"circlet_count":0,"master_deck":["champ:Defend+1","champ:Defend+1","champ:Execute","champ:Taunt+1","champ:CrookedStrike","champ:Lariat+1","champ:HeartStrike+1","champ:PreciseThrust+1","champ:Duel+1","champ:PreciseThrust","champ:MurderStrike","champ:CrownThrow","champ:GutPunch","champ:CheapShot+1","champ:StanceDance","champ:FocusedBerserking","champ:EnragedBash+1","champ:CheapShot+1","champ:BringItOn","champ:Lariat+1","champ:UltimateStance+1","expansioncontent:YouAreMine","champ:PreciseThrust+1","Decay","champ:GutPunch","champ:StanceDance","champ:RisingSlash","champ:ArenaPreparation+1","champ:Lariat+1","champ:UltimateStance+1"],"relics":["champ:ChampionCrown","Centennial Puzzle","champ:BerserkersGuideToSlaughter","Akabeko","MerchantsRug","Eternal Feather","Sozu","downfall:HeartBlessingBlue","downfall:HeartBlessingGreen","Ring of Fury","ReplayTheSpireMod:Ring of Collecting","downfall:HeartBlessingRed","Membership Card","HornCleat","Thread and Needle","Bottled Lightning","Pen Nib"],"acts_visited":["Exordium","TheCity","TheBeyond","TheEnding"],"potions_floor_usage":[55],"damage_taken":[{"damage":21.0,"enemies":"Jaw Worm","floor":2.0,"turns":5.0},{"damage":10.0,"enemies":"Small Slimes","floor":5.0,"turns":4.0},{"damage":114.0,"enemies":"downfall:Heads","floor":6.0,"turns":8.0},{"damage":1.0,"enemies":"2 Louse","floor":9.0,"turns":2.0},{"damage":30.0,"enemies":"downfall:FleeingMerchant","floor":10.0,"turns":4.0},{"damage":4.0,"enemies":"Blue Slaver","floor":11.0,"turns":3.0},{"damage":5.0,"enemies":"Gremlin Gang","floor":12.0,"turns":5.0},{"damage":10.0,"enemies":"Exordium Thugs","floor":13.0,"turns":5.0},{"damage":16.0,"enemies":"3 Sentries","floor":14.0,"turns":9.0},{"damage":30.0,"enemies":"Large Slime","floor":15.0,"turns":4.0},{"damage":24.0,"enemies":"SI_SHIV_ARCHETYPE","floor":16.0,"turns":4.0},{"damage":20.0,"enemies":"Shell Parasite","floor":19.0,"turns":4.0},{"damage":32.0,"enemies":"downfall:FleeingMerchant","floor":20.0,"turns":6.0},{"damage":31.0,"enemies":"3 Byrds","floor":21.0,"turns":5.0},{"damage":41.0,"enemies":"3 Cultists","floor":28.0,"turns":5.0},{"damage":25.0,"enemies":"Snake Plant","floor":29.0,"turns":5.0},{"damage":16.0,"enemies":"Centurion and Healer","floor":30.0,"turns":5.0},{"damage":57.0,"enemies":"Gremlin Leader","floor":31.0,"turns":6.0},{"damage":40.0,"enemies":"3 Cultists","floor":32.0,"turns":5.0},{"damage":156.0,"enemies":"WA_ARCHETYPE_CALM","floor":33.0,"turns":16.0},{"damage":0.0,"enemies":"Orb Walker","floor":37.0,"turns":4.0},{"damage":20.0,"enemies":"Orb Walker","floor":38.0,"turns":7.0},{"damage":15.0,"enemies":"3 Darklings","floor":40.0,"turns":4.0},{"damage":17.0,"enemies":"downfall:FleeingMerchant","floor":43.0,"turns":5.0},{"damage":25.0,"enemies":"Nemesis","floor":44.0,"turns":4.0},{"damage":38.0,"enemies":"4 Shapes","floor":46.0,"turns":9.0},{"damage":10.0,"enemies":"Maw","floor":47.0,"turns":6.0},{"damage":40.0,"enemies":"Transient","floor":49.0,"turns":5.0},{"damage":155.0,"enemies":"IC_BLOCK_ARCHETYPE","floor":50.0,"turns":11.0},{"damage":102.0,"enemies":"downfall:CharBossMerchant","floor":52.0,"turns":7.0},{"damage":295,"enemies":"downfall:NeowBoss","floor":55,"turns":17}],"seed_played":"-671413035285690510","potions_obtained":[{"floor":5.0,"key":"Fire Potion"},{"floor":9.0,"key":"LiquidMemories"},{"floor":11.0,"key":"BlessingOfTheForge"},{"floor":12.0,"key":"Weak Potion"},{"floor":29.0,"key":"Languid Potion"},{"floor":30.0,"key":"Fire Potion"},{"floor":31.0,"key":"Adrenaline Potion"},{"floor":33.0,"key":"EssenceOfSteel"}],"is_trial":false,"path_per_floor":["R","M","?","?","M","?","T","R","M","$","M","M","M","E","M","B",null,"R","M","$","M","?","?","T","R","?","R","M","M","M","E","M","B",null,"R","?","M","?","?","M","T","R","$","E","R","M","M","?","M","B",null,"E","$","R","B"],"character_chosen":"THE_CHAMP","items_purchased":["champ:BerserkersGuideToSlaughter","MerchantsRug","champ:FocusedBerserking","Membership Card","HornCleat","champ:StanceDance","Bottled Lightning","Pen Nib"],"campfire_rested":0,"item_purchase_floors":[10,20,20,43,43,43,53,53],"current_hp_per_floor":[99,88,88,85,85,31,31,31,30,30,26,36,41,35,45,51,99,99,94,92,91,91,71,71,71,71,71,75,85,89,92,102,10,104,114,114,114,114,114,114,114,114,114,114,114,86,96,96,106,61,114,102,102,114,0,0,0],"gold":34,"neow_bonus":"TEN_PERCENT_HP_BONUS","is_daily":false,"chose_seed":false,"campfire_upgraded":8,"win_rate":0.0,"timestamp":1613801654,"path_taken":["R","M","?","?","M","?","T","R","M","?","?","M","M","E","M","BOSS","R","M","$","M","?","?","T","R","?","R","?","M","M","E","M","BOSS","R","?","M","?","?","M","T","R","$","E","R","M","M","?","M","BOSS","E","$","R","BOSS"],"items_purchased_type":["Relic","Relic","Card","Relic","Relic","Card","Relic","Relic"],"build_version":"2020-12-22","purchased_purges":4,"victory":false,"max_hp_per_floor":[99,99,99,99,99,99,99,99,99,99,99,99,99,99,99,99,99,99,99,99,99,99,104,104,104,104,104,104,104,104,104,104,104,104,114,114,114,114,114,114,114,114,114,114,114,114,114,114,114,114,114,114,114,114,114,114,114],"card_choices":[{"not_picked":["champ:PerfectedStrike","champ:FancyFootwork"],"picked":"champ:CrookedStrike","floor":2.0},{"not_picked":["champ:CrownThrow","champ:Encircle"],"picked":"champ:Lariat","floor":5.0},{"not_picked":["champ:SkillfulDodge","champ:SetATrap"],"picked":"champ:PreciseThrust","floor":6.0},{"not_picked":["champ:FanOfKnives","champ:CalledShot"],"picked":"champ:Duel","floor":9.0},{"not_picked":["champ:BladeFlurry","champ:EndlessRage"],"picked":"champ:PreciseThrust","floor":10.0},{"not_picked":["champ:CrookedStrike","champ:Lariat"],"picked":"champ:MurderStrike","floor":11.0},{"not_picked":["champ:RecklessLeap","champ:Shatter"],"picked":"champ:CrownThrow","floor":12.0},{"not_picked":["champ:BladeFlurry","champ:FalseCounter","champ:Encircle"],"picked":"SKIP","floor":13.0},{"not_picked":["champ:BringItOn","champ:Duel"],"picked":"champ:GutPunch","floor":14.0},{"not_picked":["champ:Haymaker","champ:SetATrap","champ:RapidStrikes"],"picked":"SKIP","floor":15.0},{"not_picked":["champ:HeavySlash","champ:ShieldThrow"],"picked":"champ:CheapShot","floor":16.0},{"not_picked":["champ:Shatter","champ:AdrenalArmor"],"picked":"champ:StanceDance","floor":19.0},{"not_picked":["champ:Parry","champ:StanceDance","champ:IronFortress"],"picked":"SKIP","floor":20.0},{"not_picked":["champ:DefensiveShout","champ:CrownThrow"],"picked":"champ:EnragedBash","floor":21.0},{"not_picked":["champ:TornadoPunch+1","champ:CrownThrow","champ:PerfectedStrike"],"picked":"SKIP","floor":28.0},{"not_picked":["champ:PreciseThrust","champ:Circumvent"],"picked":"champ:BringItOn","floor":29.0},{"not_picked":["champ:RisingSlash","champ:Parry"],"picked":"champ:Lariat+1","floor":30.0},{"not_picked":["champ:PreciseThrust","champ:SkillfulDodge","champ:DefensiveShout"],"picked":"SKIP","floor":31.0},{"not_picked":["champ:CalledShot","champ:EnGarde","champ:CrownThrow"],"picked":"SKIP","floor":32.0},{"not_picked":["champ:CheapShot","champ:ShieldThrow"],"picked":"champ:UltimateStance","floor":33.0},{"not_picked":["Replay:SS_fish_1","expansioncontent:InvincibleStrength"],"picked":"expansioncontent:YouAreMine","floor":36.0},{"not_picked":["champ:Shatter","champ:TornadoPunch","champ:ShieldWall"],"picked":"SKIP","floor":37.0},{"not_picked":["champ:Backstep","champ:Duel"],"picked":"champ:PreciseThrust+1","floor":38.0},{"not_picked":["champ:DeathBlow","champ:FocusedDefense+1"],"picked":"champ:GutPunch","floor":40.0},{"not_picked":["champ:PerfectedStrike+1","champ:CrookedStrike","champ:Haymaker"],"picked":"SKIP","floor":44.0},{"not_picked":["champ:Lariat","champ:Circumvent+1"],"picked":"champ:RisingSlash","floor":46.0},{"not_picked":["champ:PreciseThrust+1","champ:SetATrap"],"picked":"champ:ArenaPreparation+1","floor":47.0},{"not_picked":["champ:EnragedBash+1","champ:Circumvent"],"picked":"champ:Lariat+1","floor":49.0},{"not_picked":["champ:SetATrap","champ:Backstep+1"],"picked":"champ:UltimateStance","floor":52.0}],"player_experience":93314,"relics_obtained":[{"floor":7.0,"key":"Centennial Puzzle"},{"floor":14.0,"key":"Akabeko"},{"floor":31.0,"key":"Eternal Feather"},{"floor":38.0,"key":"Pocketwatch"},{"floor":39.0,"key":"Ring of Fury"},{"floor":39.0,"key":"ReplayTheSpireMod:Ring of Collecting"},{"floor":41.0,"key":"Mummified Hand"},{"floor":52.0,"key":"Thread and Needle"}],"event_choices":[{"damage_healed":0.0,"max_hp_gain":0.0,"max_hp_loss":0.0,"gold_gain":0.0,"event_name":"Scrap Ooze","player_choice":"Success","floor":4.0,"gold_loss":0.0,"damage_taken":3.0,"relics_obtained":["Replay:Bottled Eggs"]}],"is_beta":false,"boss_relics":[{"not_picked":["Busted Crown","Pandora\u0027s Box"],"picked":"Replay:Bronze Core"},{"not_picked":["Tiny House","bronze:MakeshiftBattery"],"picked":"Sozu"}],"items_purged_floors":[10,20,43,53],"is_endless":false,"potions_floor_spawned":[5,9,11,12,15,29,30,31,33,40,46],"killed_by":"downfall:NeowBoss","ascension_level":0}}