{"host":"YagamiMirai","time":1613865144,"event":{"mods":["Act Like it!","Alarm Clock","BaseMod","Bossed Relics","Conspire","Downfall","Hermit","Minty Spire (QoL Compilation)","Pale of the Ancients","Relic Filter Mod","Reliquary","Replay The Spire","Robot Space Explorer","Spicy Shops","StSLib","The Dragon Tamer","The Gatherer","The Mystic","TheHeartMod","Wide Potions","¡¾ÒÅÎï¿¨ÅÆ¡¿REMEMod","óô»ðÖ¸ÄÏ"],"gold_per_floor":[99,99,99,99,24,24,24,40,40,70,82,98,126,11,24,122,122,22,36,56,56,56,130,130,130,160,317,413,468,548,49,120,369,369,269,348,505,567,631,631,658,759,824,122,205,105,184,208,269,368,368,505,9,9,135,168],"floor_reached":57,"language":"ZHS","playtime":4418,"items_purged":["champ:Strike","champ:Strike","Sickly","champ:RecklessLeap"],"score":1742,"play_id":"37d550fb-4e09-4e71-ade4-238f0be9e436","local_time":"20210221075224","is_ascension_mode":true,"campfire_choices":[{"data":"RobotSpaceExplorer:DroneSwarm","floor":1.0,"key":"SMITH"},{"data":"champ:CrownThrow","floor":9.0,"key":"SMITH"},{"data":"champ:TripleStrike","floor":18.0,"key":"SMITH"},{"data":"champ:RageSigil","floor":25.0,"key":"SMITH"},{"data":"champ:StrikeOfGenius","floor":35.0,"key":"SMITH"},{"floor":40.0,"key":"RECALL"},{"data":"champ:LastStand","floor":46.0,"key":"SMITH"},{"data":"champ:RageSigil","floor":54.0,"key":"SMITH"}],"circlet_count":1,"master_deck":["champ:Defend","champ:Defend","champ:Defend","champ:Execute","champ:Taunt","RobotSpaceExplorer:DroneSwarm+1","champ:StanceDance","champ:CalledShot","champ:StanceDance","champ:CrownThrow+1","champ:LastStand+1","champ:TornadoPunch","champ:RageSigil+1","champ:Haymaker","champ:StanceDance","champ:TripleStrike+1","champ:FlashCut+1","champ:FanOfKnives+1","champ:RisingSlash+1","J.A.X.","champ:CrookedStrike","champ:FalseCounter","champ:DeathBlow","champ:StrikeOfGenius+1","champ:Shatter+1","champ:FocusedDefense+1","champ:StrikeOfGenius","CurseOfTheBell","champ:StanceDance","champ:Lariat+1","champ:Circumvent+1","champ:StanceDance+1","champ:TripleStrike","champ:Shatter+1","champ:RageSigil+1"],"relics":["champ:ChampionCrown","REME_ComplimentaryCards","downfall:HeartsMalice","downfall:ShatteredFragment","Bottled Flame","PreservedInsect","Painkiller Herb","downfall:HeartBlessingBlue","ReplayTheSpireMod:Ring of Addiction","Potion Belt","Circlet","ReplayTheSpireMod:Ring of Challenge","REME_PuzzleBoxRelic","FossilizedHelix","MawBank","MutagenicStrength","Juzu Bracelet","Bottled Tornado","Bag of Marbles","Chemical X","Counterbalance","REME_ArchaeologicalTools","Calling Bell","reliquary:PartyBalloon","reliquary:HotPoker","Thread and Needle","downfall:HeartBlessingGreen","ReplayTheSpireMod:TigerMarble","White Beast Statue","reliquary:OuijaBoard","Guardian:PocketSentry","Toy Ornithopter","Shuriken","Ginger","Replay:Ringing Soul","downfall:HeartBlessingRed","Letter Opener","reliquary:FerryPass","Blue Doll","reliquary:SharkskinSheath","ReplayTheSpireMod:Shallot","Toolbox","reliquary:IridiumChain"],"acts_visited":["Exordium","TheCity","TheBeyond","TheEnding"],"potions_floor_usage":[56,56,56,56,56],"damage_taken":[{"damage":0.0,"enemies":"conspire:RoseBush","floor":2.0,"turns":1.0},{"damage":0.0,"enemies":"2 Louse","floor":3.0,"turns":1.0},{"damage":0.0,"enemies":"downfall:FleeingMerchant","floor":5.0,"turns":1.0},{"damage":15.0,"enemies":"Jaw Worm","floor":8.0,"turns":3.0},{"damage":26.0,"enemies":"Gremlin Nob","floor":10.0,"turns":5.0},{"damage":8.0,"enemies":"Blue Slaver","floor":11.0,"turns":2.0},{"damage":10.0,"enemies":"Large Slime","floor":12.0,"turns":4.0},{"damage":3.0,"enemies":"3 Sentries","floor":13.0,"turns":3.0},{"damage":35.0,"enemies":"downfall:FleeingMerchant","floor":14.0,"turns":4.0},{"damage":0.0,"enemies":"Exordium Thugs","floor":15.0,"turns":2.0},{"damage":15.0,"enemies":"SI_SHIV_ARCHETYPE","floor":16.0,"turns":5.0},{"damage":20.0,"enemies":"Spheric Guardian","floor":19.0,"turns":3.0},{"damage":12.0,"enemies":"3 Byrds","floor":20.0,"turns":3.0},{"damage":60.0,"enemies":"Gremlin Leader","floor":23.0,"turns":3.0},{"damage":20.0,"enemies":"conspire:Head Lice","floor":26.0,"turns":4.0},{"damage":50.0,"enemies":"downfall:Augmenter","floor":27.0,"turns":4.0},{"damage":22.0,"enemies":"downfall:FleeingMerchant","floor":28.0,"turns":2.0},{"damage":17.0,"enemies":"Centurion and Healer","floor":29.0,"turns":5.0},{"damage":3.0,"enemies":"Book of Stabbing","floor":30.0,"turns":2.0},{"damage":10.0,"enemies":"Sentry and Sphere","floor":32.0,"turns":2.0},{"damage":23.0,"enemies":"DF_ARCHETYPE_CLAW","floor":33.0,"turns":4.0},{"damage":60.0,"enemies":"3 Darklings","floor":36.0,"turns":4.0},{"damage":28.0,"enemies":"downfall:LadyInBlue","floor":37.0,"turns":7.0},{"damage":0.0,"enemies":"3 Shapes","floor":38.0,"turns":2.0},{"damage":22.0,"enemies":"Jaw Worm Horde","floor":39.0,"turns":2.0},{"damage":54.0,"enemies":"Sphere and 2 Shapes","floor":42.0,"turns":4.0},{"damage":0.0,"enemies":"4 Shapes","floor":43.0,"turns":2.0},{"damage":3.0,"enemies":"Reptomancer","floor":45.0,"turns":3.0},{"damage":19.0,"enemies":"Nemesis","floor":47.0,"turns":3.0},{"damage":0.0,"enemies":"Spire Growth","floor":49.0,"turns":2.0},{"damage":3.0,"enemies":"WA_ARCHETYPE_DIVINITY","floor":50.0,"turns":5.0},{"damage":13.0,"enemies":"downfall:CharBossMerchant","floor":52.0,"turns":5.0},{"damage":55.0,"enemies":"downfall:NeowBoss","floor":55.0,"turns":6.0},{"damage":130,"enemies":"downfall:NeowBossFinal","floor":56,"turns":3}],"seed_played":"-546846520124502401","potions_obtained":[{"floor":11.0,"key":"Energy Potion"},{"floor":12.0,"key":"EssenceOfSteel"},{"floor":16.0,"key":"Swift Potion"},{"floor":21.0,"key":"Regen Potion"},{"floor":21.0,"key":"Fire Potion"},{"floor":21.0,"key":"Explosive Potion"},{"floor":30.0,"key":"Venom Potion"},{"floor":32.0,"key":"Languid Potion"},{"floor":33.0,"key":"Venom Potion"},{"floor":36.0,"key":"Fire Potion"},{"floor":37.0,"key":"LiquidMemories"},{"floor":37.0,"key":"Adrenaline Potion"},{"floor":38.0,"key":"champ:TechniquePotion"},{"floor":39.0,"key":"REME_GoldPotion"},{"floor":42.0,"key":"ColorlessPotion"},{"floor":43.0,"key":"Block Potion"},{"floor":45.0,"key":"Cursed Concoction"},{"floor":47.0,"key":"Toxic Potion"},{"floor":49.0,"key":"SteroidPotion"},{"floor":52.0,"key":"Energy Potion"}],"is_trial":false,"path_per_floor":["R","M","M","?","$","?","T","M","R","E","M","M","E","$","M","B",null,"T","?","?","?","?","E","T","T","E","?","T","?","E","T","?","B",null,"T","?","?","?","?","T","T","?","?","T","E","T","E","?","?","B",null,"E","T","T","B","B",null],"character_chosen":"THE_CHAMP","items_purchased":["Juzu Bracelet","Chemical X","Counterbalance","REME_ArchaeologicalTools","Toy Ornithopter","Shuriken","Ginger","Toolbox","reliquary:IridiumChain","SkillPotion"],"campfire_rested":0,"item_purchase_floors":[28,31,31,31,44,44,44,53,53,53],"current_hp_per_floor":[90,90,90,90,90,63,63,58,58,42,34,24,21,21,21,21,90,100,100,98,98,98,83,83,83,88,63,51,44,41,41,46,60,96,96,51,48,49,57,57,57,17,17,17,27,27,31,31,34,46,106,106,106,104,104,72],"gold":168,"neow_bonus":"THREE_ENEMY_KILL","is_daily":false,"chose_seed":false,"campfire_upgraded":7,"win_rate":0.0,"timestamp":1613865144,"path_taken":["R","M","M","?","$","?","T","M","R","E","M","M","E","?","M","BOSS","T","?","?","?","?","E","T","T","E","?","?","?","E","T","?","BOSS","T","?","?","?","?","T","T","?","?","?","E","T","E","?","?","BOSS","E","T","T","BOSS","BOSS"],"items_purchased_type":["Relic","Relic","Relic","Relic","Relic","Relic","Relic","Relic","Relic","Potion"],"build_version":"2020-12-18","purchased_purges":4,"victory":true,"max_hp_per_floor":[90,90,90,90,90,90,90,90,90,90,90,90,90,90,90,90,90,100,100,100,100,100,100,100,100,98,98,98,98,98,98,96,96,96,96,96,96,97,97,97,97,97,97,97,100,100,103,103,106,106,106,106,106,104,104,104],"card_choices":[{"not_picked":["champ:FaceSlap","champ:EnragedBash"],"picked":"champ:StanceDance","floor":2.0},{"not_picked":["champ:Shatter","champ:DeathBlow","champ:CalledShot"],"picked":"SKIP","floor":3.0},{"not_picked":["champ:Shatter","champ:DeathBlow"],"picked":"champ:CalledShot","floor":3.0},{"not_picked":["champ:Backstep","champ:ShieldSigil"],"picked":"champ:StanceDance","floor":5.0},{"not_picked":["champ:SwordSigil","champ:BerserkersShout"],"picked":"champ:CrownThrow","floor":8.0},{"not_picked":["champ:DefensiveShout","champ:VampiricStrike"],"picked":"champ:LastStand","floor":10.0},{"not_picked":["champ:StanceDance","champ:BerserkersShout"],"picked":"champ:TornadoPunch","floor":11.0},{"not_picked":["champ:AdrenalArmor","champ:BladeFlurry"],"picked":"champ:RecklessLeap","floor":12.0},{"not_picked":["champ:Improvising","champ:Circumvent"],"picked":"champ:RageSigil","floor":13.0},{"not_picked":["champ:Circumvent","champ:BladeFlurry"],"picked":"champ:Haymaker","floor":14.0},{"not_picked":["champ:Haymaker","champ:Circumvent"],"picked":"champ:StanceDance","floor":15.0},{"not_picked":["champ:MurderStrike","champ:SteelEdge"],"picked":"champ:TripleStrike","floor":16.0},{"not_picked":["champ:DefensiveStyle","champ:PreciseThrust"],"picked":"champ:FlashCut+1","floor":19.0},{"not_picked":["champ:EnGarde","champ:Haymaker"],"picked":"champ:FanOfKnives+1","floor":20.0},{"not_picked":["champ:PreemptiveStrike","champ:Duel","champ:EnragedBash"],"picked":"SKIP","floor":23.0},{"not_picked":["champ:BladeFlurry","champ:RecklessLeap"],"picked":"champ:RisingSlash+1","floor":26.0},{"not_picked":[],"picked":"J.A.X.","floor":27.0},{"not_picked":["champ:BerserkersShout","champ:RageSigil"],"picked":"champ:CrookedStrike","floor":27.0},{"not_picked":["champ:Lariat","champ:Backstep"],"picked":"champ:StrikeOfGenius","floor":28.0},{"not_picked":["champ:PreciseThrust","champ:EndlessRage","champ:Backstep"],"picked":"SKIP","floor":29.0},{"not_picked":["champ:FanOfKnives","champ:EnragedBash"],"picked":"champ:Shatter+1","floor":30.0},{"not_picked":["champ:BladeFlurry+1","champ:ShieldSlam"],"picked":"champ:FocusedDefense+1","floor":32.0},{"not_picked":["champ:EnchantShield","champ:DancingMaster"],"picked":"champ:StrikeOfGenius","floor":33.0},{"not_picked":["champ:BladeFlurry+1","champ:BerserkersShout"],"picked":"champ:StanceDance","floor":36.0},{"not_picked":["champ:BerserkersShout","champ:SetATrap+1"],"picked":"champ:Lariat+1","floor":38.0},{"not_picked":["champ:BringItOn","champ:DefensiveShout+1"],"picked":"champ:Circumvent+1","floor":39.0},{"not_picked":["champ:PreciseThrust+1","champ:FaceSlap"],"picked":"champ:StanceDance+1","floor":42.0},{"not_picked":["champ:EnchantSword","champ:SetATrap+1","champ:DefensiveShout"],"picked":"SKIP","floor":43.0},{"not_picked":["champ:PreemptiveStrike","champ:ShieldSigil"],"picked":"champ:TripleStrike","floor":45.0},{"not_picked":["champ:BladeFlurry+1","champ:Backstep+1"],"picked":"champ:Shatter+1","floor":47.0},{"not_picked":["champ:StrikeOfGenius","champ:Backstep+1"],"picked":"champ:RageSigil","floor":49.0},{"not_picked":["champ:PerfectedStrike+1","champ:RapidStrikes+1","champ:GladiatorStyle+1"],"picked":"SKIP","floor":52.0}],"player_experience":997236,"relics_obtained":[{"floor":10.0,"key":"Bottled Flame"},{"floor":13.0,"key":"PreservedInsect"},{"floor":21.0,"key":"ReplayTheSpireMod:Ring of Addiction"},{"floor":21.0,"key":"Potion Belt"},{"floor":21.0,"key":"Circlet"},{"floor":21.0,"key":"ReplayTheSpireMod:Ring of Challenge"},{"floor":23.0,"key":"REME_PuzzleBoxRelic"},{"floor":24.0,"key":"FossilizedHelix"},{"floor":26.0,"key":"MawBank"},{"floor":27.0,"key":"MutagenicStrength"},{"floor":29.0,"key":"Bottled Tornado"},{"floor":30.0,"key":"Bag of Marbles"},{"floor":34.0,"key":"reliquary:PartyBalloon"},{"floor":34.0,"key":"reliquary:HotPoker"},{"floor":34.0,"key":"Thread and Needle"},{"floor":36.0,"key":"ReplayTheSpireMod:TigerMarble"},{"floor":37.0,"key":"White Beast Statue"},{"floor":39.0,"key":"reliquary:OuijaBoard"},{"floor":41.0,"key":"Guardian:PocketSentry"},{"floor":45.0,"key":"Replay:Ringing Soul"},{"floor":47.0,"key":"Letter Opener"},{"floor":47.0,"key":"reliquary:FerryPass"},{"floor":48.0,"key":"Blue Doll"},{"floor":52.0,"key":"reliquary:SharkskinSheath"},{"floor":52.0,"key":"ReplayTheSpireMod:Shallot"}],"event_choices":[{"cards_removed":["champ:Defend"],"damage_healed":0.0,"max_hp_gain":0.0,"max_hp_loss":0.0,"gold_gain":0.0,"event_name":"The Cleric","player_choice":"Card Removal","floor":4.0,"gold_loss":0.0,"damage_taken":0.0},{"damage_healed":0.0,"max_hp_gain":0.0,"max_hp_loss":0.0,"gold_gain":0.0,"event_name":"conspire:Investor","player_choice":"Leave","floor":22.0,"gold_loss":0.0,"damage_taken":0.0}],"is_beta":true,"boss_relics":[{"not_picked":["reliquary:Craggleroot","champ:ChampionCrownUpgraded"],"picked":"Painkiller Herb"},{"not_picked":["Replay:Wanted Poster","Replay:Ancient Bell"],"picked":"Calling Bell"}],"items_purged_floors":[5,14,28,31],"is_endless":false,"potions_floor_spawned":[11,12,15,16,19,30,32,33,36,38,39,42,43,45,47,49,52],"ascension_level":1}}