{"host":"hf83sijwe64ts2lm","time":1613784577,"event":{"mods":["2.2 Compatiblity","BaseMod","Better Altar","Better Match","Better Note","Better Sensory Stone","Better Skull","Better Third Choice","Colored Map","Colored Powertips","Highlight Path","Hubris","Infinite Spire","Minty Spire (QoL Compilation)","Quick Restart","Rare Cards Sparkle","Relic Stats","Reliquary","Replay The Spire","Shop Mod","Spicy Shops","Spire Arcade","StSLib","Thieving Mod"],"gold_per_floor":[217,229,239,39,39,64,64,89,89,89,102,102,42,42,42,144,144,159,159,71,71,71,96,96,96,96],"floor_reached":25,"language":"ENG","playtime":434,"items_purged":[],"score":353,"play_id":"ad7255cb-ecfe-41d7-976b-68fbc43393b4","local_time":"20210219202937","is_ascension_mode":true,"campfire_choices":[{"floor":7.0,"key":"REST"},{"floor":10.0,"key":"REST"},{"floor":15.0,"key":"REST"},{"floor":24.0,"key":"RECALL"}],"circlet_count":0,"master_deck":["Strike_B","Strike_B","Strike_B","Strike_B","Defend_B","Defend_B","Defend_B","Defend_B","Zap","Dualcast","Double Energy","Tempest","ReplayTheSpireMod:Calculation Training","Streamline+1","Dramatic Entrance","Tempest","Consume","Echo Form","Doom and Gloom","Self Repair","Self Repair","Languid","hubris:Fate","Rainbow","Capacitor+1","Discovery","The Bomb","Self Repair","J.A.X.","infinitespire:Starlight","Chill"],"relics":["Cracked Core","reliquary:SilkGlove","hubris:TinFlute","hubris:Icosahedron","Replay:Multitool","Cables"],"acts_visited":["Exordium","TheCity"],"potions_floor_usage":[25],"damage_taken":[{"damage":10.0,"enemies":"Small Slimes","floor":1.0,"turns":3.0},{"damage":2.0,"enemies":"Jaw Worm","floor":2.0,"turns":4.0},{"damage":2.0,"enemies":"2 Louse","floor":3.0,"turns":2.0},{"damage":12.0,"enemies":"Gremlin Nob","floor":6.0,"turns":1.0},{"damage":30.0,"enemies":"3 Sentries","floor":8.0,"turns":4.0},{"damage":8.0,"enemies":"Blue Slaver","floor":11.0,"turns":2.0},{"damage":14.0,"enemies":"The Guardian","floor":16.0,"turns":7.0},{"damage":30.0,"enemies":"Shell Parasite","floor":18.0,"turns":3.0},{"damage":0.0,"enemies":"Spheric Guardian","floor":20.0,"turns":3.0},{"damage":29.0,"enemies":"Nightmare","floor":23.0,"turns":8.0},{"damage":64,"enemies":"Slavers","floor":25,"turns":4}],"seed_played":"6600262768417499964","potions_obtained":[{"floor":2.0,"key":"Death Potion"},{"floor":11.0,"key":"Ancient Potion"},{"floor":16.0,"key":"FearPotion"},{"floor":18.0,"key":"FocusPotion"},{"floor":20.0,"key":"Weak Potion"},{"floor":23.0,"key":"PowerPotion"}],"is_trial":false,"path_per_floor":["M","M","M","$","?","E","R","E","T","R","M","?","$","?","R","B",null,"M","?","M","?","AVR","NM","R","E"],"character_chosen":"DEFECT","items_purchased":["Streamline+1","Dramatic Entrance","Tempest","Self Repair"],"campfire_rested":3,"item_purchase_floors":[4,4,4,13],"current_hp_per_floor":[58,56,54,54,54,42,64,34,34,56,48,48,48,48,70,75,75,52,52,52,52,52,61,61,0,0],"gold":96,"neow_bonus":"HUNDRED_GOLD","is_daily":false,"chose_seed":false,"campfire_upgraded":0,"win_rate":0.0,"timestamp":1613784577,"path_taken":["M","M","M","$","?","E","R","E","T","R","M","?","?","?","R","BOSS","M","?","M","?","AVR","NM","R","E"],"items_purchased_type":["Card","Card","Card","Card"],"build_version":"2020-12-22","purchased_purges":0,"victory":false,"max_hp_per_floor":[75,75,75,75,75,75,75,75,75,75,75,75,75,75,75,75,75,75,75,75,75,75,75,75,75,75],"relic_stats":{"counters":[11,41],"obtain_stats":[{"reliquary:SilkGlove":6,"hubris:Icosahedron":12,"Replay:Multitool":22,"Cracked Core":0,"hubris:TinFlute":8,"Cables":23},{"reliquary:SilkGlove":4,"hubris:Icosahedron":6,"Replay:Multitool":9,"Cracked Core":0,"hubris:TinFlute":5,"Cables":10},{"reliquary:SilkGlove":10,"hubris:Icosahedron":16,"Replay:Multitool":29,"Cracked Core":0,"hubris:TinFlute":14,"Cables":37}],"Cables":[4,4,0,0,0]},"card_choices":[{"not_picked":["Recycle","Coolheaded"],"picked":"Double Energy","floor":1.0},{"not_picked":["Reinforced Body","Steam"],"picked":"Tempest","floor":2.0},{"not_picked":["Hologram","FIFO Queue"],"picked":"ReplayTheSpireMod:Calculation Training","floor":3.0},{"not_picked":["Blizzard","ReplayTheSpireMod:System Scan"],"picked":"Consume","floor":6.0},{"not_picked":["Glacier","Force Field"],"picked":"Echo Form","floor":8.0},{"not_picked":["Recycle","Go for the Eyes"],"picked":"Doom and Gloom","floor":11.0},{"not_picked":["infinitespire:Punishment","infinitespire:Fortify"],"picked":"hubris:Fate","floor":14.0},{"not_picked":["Multi-Cast","Buffer"],"picked":"Rainbow","floor":16.0},{"not_picked":["ReplayTheSpireMod:System Scan","Cold Snap"],"picked":"Capacitor+1","floor":18.0},{"not_picked":["ReplayTheSpireMod:Necrogeddon","Impatience"],"picked":"Discovery","floor":19.0},{"not_picked":["Replay:BasicMightCard","Dark Shackles"],"picked":"The Bomb","floor":19.0},{"not_picked":["Recycle+1","Ball Lightning"],"picked":"Self Repair","floor":20.0},{"not_picked":["hubris:Prefetch","ReplayTheSpireMod:System Scan+1"],"picked":"Chill","floor":23.0}],"player_experience":184586,"relics_obtained":[{"floor":6.0,"key":"reliquary:SilkGlove"},{"floor":8.0,"key":"hubris:TinFlute"},{"floor":23.0,"key":"Cables"}],"event_choices":[{"damage_healed":0.0,"max_hp_gain":0.0,"max_hp_loss":0.0,"gold_gain":2.0,"event_name":"betterStone:BetterStone","player_choice":"1","floor":19.0,"gold_loss":0.0,"damage_taken":0.0},{"damage_healed":0.0,"max_hp_gain":0.0,"max_hp_loss":0.0,"gold_gain":0.0,"event_name":"Drug Dealer","player_choice":"Obtain J.A.X.","floor":21.0,"gold_loss":0.0,"damage_taken":0.0,"cards_obtained":["J.A.X."]}],"is_beta":false,"boss_relics":[{"not_picked":["reliquary:Craggleroot","Velvet Choker","Ectoplasm"]}],"items_purged_floors":[],"is_endless":false,"potions_floor_spawned":[2,11,16,18,20,23],"killed_by":"Slavers","ascension_level":8}}