{"host":"ssceekdvsvld625r","time":1613802892,"event":{"mods":["AchievementEnabler","BaseMod","Better Third Choice","Block Reminder","Colored Map","Colored Powertips","Downfall","Minty Spire (QoL Compilation)","Permanent Neow","Quick Restart","Rare Cards Sparkle","Relic Stats","Reliquary","Replay The Spire","Shop Mod","StSLib"],"gold_per_floor":[118,131,59,59,71,71,100,111,137,10,10,10,20,37,37,37,37],"floor_reached":16,"language":"ENG","playtime":862,"items_purged":[],"score":112,"play_id":"126e3343-4ffc-40ca-8666-dce17273ff6c","local_time":"20210219233452","is_ascension_mode":true,"campfire_choices":[{"data":"Infinite Blades","floor":6,"key":"SMITH"},{"floor":15,"key":"DIG"}],"circlet_count":0,"master_deck":["Strike_G","Strike_G","Strike_G","Strike_G","Strike_G","Defend_G","Defend_G","Defend_G","Defend_G","Defend_G","Survivor","Neutralize+1","Infinite Blades+1","Poisoned Stab","Infinite Blades+1","Well Laid Plans","Infinite Blades","Tactician","Blade Dance+1","Apotheosis+1","Noxious Fumes","Sneak Up"],"relics":["Ring of the Snake","Regal Pillow","Blue Doll","Strawberry"],"acts_visited":["Exordium"],"potions_floor_usage":[7,8,14],"damage_taken":[{"damage":0,"enemies":"2 Louse","floor":1,"turns":3},{"damage":4,"enemies":"Cultist","floor":2,"turns":3},{"damage":12,"enemies":"Jaw Worm","floor":5,"turns":3},{"damage":31,"enemies":"Replay:BlueRogue","floor":7,"turns":5},{"damage":16,"enemies":"Exordium Thugs","floor":8,"turns":3},{"damage":17,"enemies":"Exordium Wildlife","floor":13,"turns":4},{"damage":10,"enemies":"Large Slime","floor":14,"turns":4},{"damage":0,"enemies":"The Guardian","floor":16,"turns":1}],"seed_played":"1673154276917595363","potions_obtained":[{"floor":1,"key":"Explosive Potion"},{"floor":5,"key":"Strength Potion"},{"floor":14,"key":"Fire Potion"}],"is_trial":false,"path_per_floor":["M","M","$","?","M","R","E","M","T","$","?","?","M","M","R_BF","B"],"character_chosen":"THE_SILENT","items_purchased":["Infinite Blades","Blade Dance+1","Block Potion","Strength Potion"],"campfire_rested":0,"item_purchase_floors":[3,10,10,10],"current_hp_per_floor":[70,66,66,66,54,54,23,7,7,7,7,30,13,3,10,10,10],"gold":37,"neow_bonus":"RANDOM_EVENT","is_daily":false,"chose_seed":false,"campfire_upgraded":1,"win_rate":0.0,"timestamp":1613802892,"path_taken":["M","M","$","?","M","R","E","M","T","?","?","?","?","M","R_BF","BOSS"],"items_purchased_type":["Card","Card","Potion","Potion"],"build_version":"2020-12-22","purchased_purges":0,"victory":false,"max_hp_per_floor":[70,70,70,70,70,70,70,70,70,70,70,70,70,70,77,77,77],"relic_stats":{"Regal Pillow":0,"counters":[8,26],"obtain_stats":[{"Regal Pillow":7,"Strawberry":15,"Blue Doll":9,"Ring of the Snake":0},{"Regal Pillow":4,"Strawberry":7,"Blue Doll":5,"Ring of the Snake":0},{"Regal Pillow":14,"Strawberry":25,"Blue Doll":17,"Ring of the Snake":0}],"Ring of the Snake":[16]},"card_choices":[{"not_picked":["Calculated Gamble","Catalyst"],"picked":"Infinite Blades","floor":1},{"not_picked":["Deadly Poison","Quick Slash"],"picked":"Poisoned Stab","floor":2},{"not_picked":["Deflect","Predator"],"picked":"Well Laid Plans","floor":5},{"not_picked":["Bullet Time","Dash"],"picked":"Infinite Blades","floor":7},{"not_picked":["ReplayTheSpireMod:Speed Training","Acrobatics"],"picked":"Tactician","floor":8},{"not_picked":["Outmaneuver","Slice"],"picked":"Noxious Fumes","floor":13},{"not_picked":["Flying Knee","Bane"],"picked":"Sneak Up","floor":14}],"player_experience":66145,"relics_obtained":[{"floor":7,"key":"Regal Pillow"},{"floor":9,"key":"Blue Doll"},{"floor":15,"key":"Strawberry"}],"event_choices":[{"damage_healed":0,"gold_gain":0,"player_choice":"Grow","damage_taken":0,"max_hp_gain":0,"max_hp_loss":0,"event_name":"Living Wall","floor":0,"gold_loss":0,"cards_upgraded":["Neutralize"]},{"damage_healed":0,"gold_gain":0,"player_choice":"Forge","damage_taken":0,"max_hp_gain":0,"max_hp_loss":0,"event_name":"Accursed Blacksmith","floor":4,"gold_loss":0,"cards_upgraded":["Infinite Blades"]},{"damage_healed":7,"gold_gain":0,"player_choice":"Embrace","damage_taken":0,"max_hp_gain":0,"max_hp_loss":70,"event_name":"betterThird:BetterShining","floor":11,"gold_loss":0},{"damage_healed":23,"gold_gain":0,"player_choice":"Banana","damage_taken":0,"max_hp_gain":0,"max_hp_loss":0,"event_name":"Big Fish","floor":12,"gold_loss":0}],"is_beta":false,"boss_relics":[],"items_purged_floors":[],"is_endless":false,"potions_floor_spawned":[1,5,14],"killed_by":"The Guardian","ascension_level":2}}