{"host":"gopu3kmfaoww0llm","time":1613841867,"event":{"mods":["BaseMod","DeckTracker","Minty Spire (QoL Compilation)","Quick Restart","StSLib","SuperFastMode"],"gold_per_floor":[113,113,74,94,154,154,187,187,187,200,232,232,248,266,266,339,339,355,369,369,369],"floor_reached":20,"language":"KOR","playtime":414,"items_purged":[],"score":372,"play_id":"6f1448cb-e3bd-438f-9d15-ab1b2df181d0","local_time":"20210221022427","is_ascension_mode":true,"campfire_choices":[{"data":"Noxious Fumes","floor":6.0,"key":"SMITH"},{"floor":8,"key":"RECALL"},{"data":"Phantasmal Killer","floor":12,"key":"SMITH"},{"data":"Neutralize","floor":15,"key":"SMITH"}],"circlet_count":0,"master_deck":["AscendersBane","Survivor","Neutralize+1","Predator","Noxious Fumes+1","All Out Attack","Dagger Throw","Phantasmal Killer+1","Corpse Explosion","Crippling Poison","Well Laid Plans","All Out Attack","Riddle With Holes","Escape Plan","Distraction","Prepared","Finisher","Glass Knife","Calculated Gamble","Acrobatics","Reflex"],"relics":["Ring of the Snake","NeowsBlessing","SsserpentHead","Nunchaku","Paper Crane","Omamori","Pandora\u0027s Box"],"acts_visited":["Exordium","TheCity"],"potions_floor_usage":[7,16,18,18,20],"damage_taken":[{"damage":0.0,"enemies":"Small Slimes","floor":1.0,"turns":1.0},{"damage":0.0,"enemies":"Cultist","floor":4.0,"turns":1.0},{"damage":0.0,"enemies":"2 Louse","floor":5.0,"turns":1.0},{"damage":6,"enemies":"Gremlin Nob","floor":7,"turns":3},{"damage":7,"enemies":"Red Slaver","floor":10,"turns":4},{"damage":20,"enemies":"3 Sentries","floor":11,"turns":7},{"damage":1,"enemies":"2 Fungi Beasts","floor":13,"turns":2},{"damage":0,"enemies":"Looter","floor":14,"turns":2},{"damage":17,"enemies":"Hexaghost","floor":16,"turns":9},{"damage":22,"enemies":"Shell Parasite","floor":18,"turns":5},{"damage":24,"enemies":"2 Thieves","floor":19,"turns":3},{"damage":10,"enemies":"Centurion and Healer","floor":20,"turns":1}],"seed_played":"-8231703262123333166","potions_obtained":[{"floor":1.0,"key":"FearPotion"},{"floor":11,"key":"SneckoOil"},{"floor":14,"key":"EntropicBrew"}],"is_trial":false,"path_per_floor":["M","?","$","M","M","R","E","R","T","M","E","R","M","M","R","B",null,"M","M","M"],"character_chosen":"THE_SILENT","items_purchased":["Noxious Fumes"],"campfire_rested":0,"item_purchase_floors":[3],"current_hp_per_floor":[59,59,59,59,59,59,53,53,53,46,26,26,25,25,25,8,52,30,6,0,0],"gold":369,"neow_bonus":"THREE_ENEMY_KILL","is_daily":false,"chose_seed":false,"campfire_upgraded":3,"win_rate":0.0,"timestamp":1613841867,"path_taken":["M","?","$","M","?","R","E","R","T","M","E","R","M","M","R","BOSS","M","M","M"],"items_purchased_type":["Card"],"build_version":"2020-12-22","purchased_purges":0,"victory":false,"max_hp_per_floor":[66,66,66,66,66,66,66,66,66,66,66,66,66,66,66,66,66,66,66,66,66],"card_choices":[{"not_picked":["Setup","Blade Dance"],"picked":"Predator","floor":1.0},{"not_picked":["Sucker Punch","Flying Knee"],"picked":"All Out Attack","floor":4.0},{"not_picked":["Bane","Poisoned Stab","Sucker Punch"],"picked":"SKIP","floor":5.0},{"not_picked":["Prepared","Dodge and Roll","Sucker Punch"],"picked":"SKIP","floor":7},{"not_picked":["Caltrops","Riddle With Holes"],"picked":"Dagger Throw","floor":10},{"not_picked":["Distraction","Riddle With Holes"],"picked":"Phantasmal Killer","floor":11},{"not_picked":["Sucker Punch","Outmaneuver","Prepared"],"picked":"SKIP","floor":13},{"not_picked":["Dagger Spray","Flying Knee","PiercingWail"],"picked":"SKIP","floor":14},{"not_picked":["Storm of Steel","Phantasmal Killer"],"picked":"Corpse Explosion","floor":16},{"not_picked":["Dodge and Roll","Predator"],"picked":"Acrobatics","floor":18},{"not_picked":["Eviscerate","Outmaneuver"],"picked":"Reflex","floor":19}],"player_experience":2919400,"relics_obtained":[{"floor":7,"key":"Nunchaku"},{"floor":9,"key":"Paper Crane"},{"floor":11,"key":"Omamori"}],"event_choices":[{"damage_healed":0.0,"max_hp_gain":0.0,"max_hp_loss":0.0,"gold_gain":0.0,"event_name":"FaceTrader","player_choice":"Trade","floor":2.0,"gold_loss":0.0,"damage_taken":0.0,"relics_obtained":["SsserpentHead"]}],"is_beta":false,"boss_relics":[{"not_picked":["Black Star","Ring of the Serpent"],"picked":"Pandora\u0027s Box"}],"items_purged_floors":[],"is_endless":false,"potions_floor_spawned":[1,11,14],"killed_by":"Centurion and Healer","ascension_level":20}}