{"host":"2lvuisjyit3p3u01","time":1613838505,"event":{"mods":["Act Like it!","BaseMod","Bestiary","Better Synergies","Bossed Relics","CapriCore","Colored Map","Colored Powertips","GifTheSpireLib","Minty Spire (QoL Compilation)","Quick Restart","Replay The Spire","StSLib","The Dragonkin"],"gold_per_floor":[116,116,132,82,94,122,122,133,156,156,184,237,237,237,237,237,237,237,237,269,269,374,374,374,374],"floor_reached":24,"language":"ENG","playtime":518,"items_purged":[],"score":433,"play_id":"1e64f59e-338e-44c8-8cb8-77c8eb7adce5","local_time":"20210220182825","daily_mods":["SealedDeck","Vintage","Heirloom","Time Dilation","DeadlyEvents","Cursed Run","Elite Swarm","Lethality"],"is_ascension_mode":false,"campfire_choices":[{"data":"theDragonkin:TwinBreath","floor":7,"key":"SMITH"},{"data":"theDragonkin:EmberSwipe","floor":10,"key":"SMITH"},{"data":"theDragonkin:MiasmicBreath","floor":21,"key":"SMITH"}],"circlet_count":0,"master_deck":["theDragonkin:EmberSwipe+1","theDragonkin:DivineFire","theDragonkin:FlameBreath","theDragonkin:CorrosiveBelch+1","theDragonkin:SlowBurn","theDragonkin:TwinBreath+1","theDragonkin:TwinBreath+1","theDragonkin:FlameBreath","theDragonkin:MiasmicBreath+1","Voices"],"relics":["Unceasing Top","Bird Faced Urn","PreservedInsect","Lantern","Strawberry","WingedGreaves","White Beast Statue","Happy Flower","Gremlin Food","Replay:Bottled Steam","Art of War","Fusion Hammer"],"acts_visited":["Exordium","TheCity"],"potions_floor_usage":[6,22,22],"damage_taken":[{"damage":0,"enemies":"Cultist","floor":1,"turns":2},{"damage":0,"enemies":"2 Louse","floor":3,"turns":1},{"damage":0,"enemies":"Small Slimes","floor":5,"turns":2},{"damage":0,"enemies":"Lagavulin","floor":6,"turns":2},{"damage":0,"enemies":"2 Fungi Beasts","floor":8,"turns":1},{"damage":0,"enemies":"Gremlin Nob","floor":11,"turns":2},{"damage":0,"enemies":"Lagavulin","floor":20,"turns":2},{"damage":0,"enemies":"Slime Boss","floor":22,"turns":2},{"damage":16,"enemies":"3 Byrds","floor":24,"turns":1}],"seed_played":"8032616775554906884","potions_obtained":[{"floor":1,"key":"Energy Potion"},{"floor":6,"key":"Fruit Juice"},{"floor":8,"key":"ColorlessPotion"},{"floor":11,"key":"SpeedPotion"},{"floor":20,"key":"EssenceOfSteel"},{"floor":22,"key":"Cursed Concoction"}],"is_trial":true,"path_per_floor":["M","?","M","?","M","E","R","M","T","R","E","?","T","PTL","PTL","PTL","PTL","PTL","PTL","E","R","B",null,"M"],"character_chosen":"THE_DRAGONKIN","items_purchased":[],"campfire_rested":0,"item_purchase_floors":[],"current_hp_per_floor":[1,1,1,1,8,13,13,13,13,13,13,13,13,13,13,13,13,13,13,13,13,13,13,0,0],"gold":374,"neow_bonus":"","is_daily":false,"chose_seed":false,"campfire_upgraded":3,"win_rate":0.0,"timestamp":1613838505,"path_taken":["M","?","M","?","M","E","R","?","T","R","?","?","?","PTL","PTL","PTL","PTL","PTL","PTL","E","R","BOSS","M"],"items_purchased_type":[],"build_version":"2020-12-22","purchased_purges":0,"victory":false,"max_hp_per_floor":[1,1,1,1,8,13,13,13,13,13,13,13,13,13,13,13,13,13,13,13,13,13,13,13,13],"card_choices":[{"not_picked":["theDragonkin:ShieldBash","theDragonkin:InfernoWard","theDragonkin:AshenArmor"],"picked":"SKIP","floor":6},{"not_picked":["theDragonkin:ShieldBash","theDragonkin:Detox","theDragonkin:BurnAfterReading"],"picked":"SKIP","floor":11},{"not_picked":["theDragonkin:BurnAfterReading","theDragonkin:ShieldBash","theDragonkin:Detox"],"picked":"SKIP","floor":20}],"player_experience":211215,"relics_obtained":[{"floor":1,"key":"PreservedInsect"},{"floor":3,"key":"Lantern"},{"floor":5,"key":"Strawberry"},{"floor":6,"key":"WingedGreaves"},{"floor":8,"key":"White Beast Statue"},{"floor":9,"key":"Happy Flower"},{"floor":11,"key":"Gremlin Food"},{"floor":13,"key":"Replay:Bottled Steam"},{"floor":20,"key":"Art of War"}],"event_choices":[{"damage_healed":0,"gold_gain":0,"player_choice":"Entered Light","damage_taken":0,"max_hp_gain":0,"max_hp_loss":0,"event_name":"Shining Light","floor":2,"gold_loss":0,"cards_upgraded":["theDragonkin:TwinBreath","theDragonkin:CorrosiveBelch"]},{"cards_removed":["theDragonkin:DeepBreath"],"damage_healed":0,"gold_gain":0,"player_choice":"Card Removal","damage_taken":0,"max_hp_gain":0,"max_hp_loss":0,"event_name":"The Cleric","floor":4,"gold_loss":50},{"damage_healed":0,"gold_gain":53,"player_choice":"Gained Gold","damage_taken":0,"max_hp_gain":0,"max_hp_loss":0,"event_name":"Golden Wing","floor":12,"gold_loss":0}],"is_beta":false,"boss_relics":[{"not_picked":["Ectoplasm","ChewingGum"],"picked":"Fusion Hammer"}],"items_purged_floors":[],"is_endless":true,"potions_floor_spawned":[1,6,8,11,20,22],"killed_by":"3 Byrds","ascension_level":0}}