{"host":"b3fp0sgzld04crtx","time":1613860528,"event":{"mods":["AchievementEnabler","BaseMod","Colored Map","Colored Powertips","Hermit","Highlight Path","Marisa（霧雨　魔理沙）","Minty Spire (QoL Compilation)","Quick Restart","StSLib","The Animator","The Cursed","The Senshi","The Servant 0.9.4"],"gold_per_floor":[115,115,190,201,219,219,249,261,322,334,363,28,28,43,43,141,141,151,170,188,287,287,287,212,49,72,102,114,133,133,33,33,129,129,148,0,18,68,68,97,111,12,83,101,111,71,88,117,117,117],"floor_reached":51,"language":"ENG","playtime":7573,"items_purged":["Defend_B","Strike_B"],"score":970,"play_id":"27fc40ab-3d8b-43d5-a3d8-479e5e19c4c2","local_time":"20210220163528","is_ascension_mode":true,"campfire_choices":[{"data":"Apotheosis","floor":6,"key":"SMITH"},{"data":"Echo Form","floor":8,"key":"SMITH"},{"floor":13,"key":"REST"},{"floor":15,"key":"REST"},{"floor":23,"key":"REST"},{"data":"Chill","floor":30,"key":"SMITH"},{"data":"Secret Technique","floor":32,"key":"SMITH"},{"data":"Seek","floor":49,"key":"SMITH"}],"circlet_count":0,"master_deck":["Strike_B","Strike_B","Strike_B","Defend_B","Defend_B","Defend_B","Zap","Dualcast","Apotheosis+1","Coolheaded","Chill","Coolheaded","Echo Form+1","Chill+1","Secret Technique+1","Rainbow","Turbo","Defragment","Bandage Up","Steam+1","Self Repair","Seek+1","Hologram","Gash+1","Glacier","BootSequence","Consume+1","Parasite","Loop+1","Barrage+1","Electrodynamics"],"relics":["Cracked Core","Oddly Smooth Stone","MawBank","Bag of Marbles","Inserter","Centennial Puzzle","Nunchaku","Runic Pyramid","Red Mask","Turnip","Cables","Omamori"],"acts_visited":["Exordium","TheCity","TheBeyond"],"potions_floor_usage":[7,7,16,16,33,40,50,50,50],"damage_taken":[{"damage":0,"enemies":"2 Louse","floor":1,"turns":3},{"damage":14,"enemies":"Jaw Worm","floor":4,"turns":4},{"damage":6,"enemies":"Cultist","floor":5,"turns":3},{"damage":14,"enemies":"3 Sentries","floor":7,"turns":8},{"damage":0,"enemies":"Exordium Thugs","floor":11,"turns":5},{"damage":7,"enemies":"Exordium Wildlife","floor":14,"turns":5},{"damage":2,"enemies":"Slime Boss","floor":16,"turns":10},{"damage":16,"enemies":"Spheric Guardian","floor":18,"turns":6},{"damage":7,"enemies":"Shell Parasite","floor":19,"turns":7},{"damage":27,"enemies":"Centurion and Healer","floor":20,"turns":9},{"damage":17,"enemies":"Book of Stabbing","floor":27,"turns":7},{"damage":11,"enemies":"Shelled Parasite and Fungi","floor":28,"turns":7},{"damage":15,"enemies":"3 Cultists","floor":29,"turns":8},{"damage":55,"enemies":"Automaton","floor":33,"turns":14},{"damage":27,"enemies":"3 Darklings","floor":35,"turns":7},{"damage":0,"enemies":"3 Shapes","floor":37,"turns":6},{"damage":0,"enemies":"Mind Bloom Boss Battle","floor":38,"turns":9},{"damage":37,"enemies":"Reptomancer","floor":40,"turns":9},{"damage":3,"enemies":"Jaw Worm Horde","floor":41,"turns":6},{"damage":19,"enemies":"Writhing Mass","floor":44,"turns":7},{"damage":0,"enemies":"Sphere and 2 Shapes","floor":45,"turns":8},{"damage":18,"enemies":"Spire Growth","floor":47,"turns":5},{"damage":0,"enemies":"Nemesis","floor":48,"turns":9},{"damage":54,"enemies":"Time Eater","floor":50,"turns":87}],"seed_played":"8286281727749639459","potions_obtained":[{"floor":1,"key":"Explosive Potion"},{"floor":4,"key":"SteroidPotion"},{"floor":5,"key":"Strength Potion"},{"floor":7,"key":"Energy Potion"},{"floor":14,"key":"ColorlessPotion"},{"floor":19,"key":"BlessingOfTheForge"},{"floor":35,"key":"Fire Potion"},{"floor":37,"key":"Block Potion"},{"floor":38,"key":"Dexterity Potion"}],"is_trial":false,"path_per_floor":["M","?","?","M","M","R","E","R","T","?","M","$","R","M","R","B",null,"M","M","M","?","?","R","?","$","T","E","M","M","R","$","R","B",null,"M","?","M","?","?","E","M","$","T","M","M","?","M","E","R","B",null],"character_chosen":"DEFECT","items_purchased":["Secret Technique","FairyPotion","Bandage Up","PotionOfCapacity","PowerPotion","Dexterity Potion"],"campfire_rested":3,"item_purchase_floors":[12,12,25,25,42,42],"current_hp_per_floor":[68,56,45,31,25,25,11,11,11,11,11,11,33,26,48,46,68,52,45,18,18,18,40,40,40,40,29,24,41,41,41,41,32,64,56,56,75,75,75,70,75,75,75,75,75,75,75,75,75,53],"gold":117,"neow_bonus":"RANDOM_COLORLESS_2","is_daily":false,"chose_seed":false,"campfire_upgraded":5,"win_rate":0.0,"timestamp":1613860528,"path_taken":["M","?","?","M","M","R","E","R","T","?","M","?","R","M","R","BOSS","M","M","?","?","?","R","?","$","T","E","M","?","R","?","R","BOSS","M","?","M","?","?","E","M","$","T","M","M","?","?","E","R","BOSS"],"items_purchased_type":["Card","Potion","Card","Potion","Potion","Potion"],"build_version":"2020-12-22","purchased_purges":2,"victory":true,"max_hp_per_floor":[75,75,75,75,75,75,75,75,75,75,75,75,75,75,75,75,75,75,75,75,75,75,75,75,75,75,75,75,75,75,75,75,75,75,75,75,75,75,75,75,75,75,75,75,75,75,75,75,75,75],"card_choices":[{"not_picked":["Secret Technique","Panache"],"picked":"Apotheosis","floor":0},{"not_picked":["Ball Lightning","Barrage"],"picked":"Coolheaded","floor":1},{"not_picked":["Stack","Reinforced Body"],"picked":"Chill","floor":4},{"not_picked":["Reprogram","Machine Learning"],"picked":"Coolheaded","floor":5},{"not_picked":["Stack","Leap"],"picked":"Echo Form","floor":7},{"not_picked":["Barrage","Aggregate"],"picked":"Chill","floor":11},{"not_picked":["Ball Lightning","Leap","Gash"],"picked":"SKIP","floor":14},{"not_picked":["Core Surge","Machine Learning"],"picked":"Rainbow","floor":16},{"not_picked":["Sweeping Beam","Stack"],"picked":"Cold Snap","floor":18},{"not_picked":["Scrape","Coolheaded+1"],"picked":"Turbo","floor":19},{"not_picked":["Melter","Cold Snap"],"picked":"Defragment","floor":20},{"not_picked":["Compile Driver+1","Coolheaded"],"picked":"Steam+1","floor":27},{"not_picked":["Cold Snap","Aggregate"],"picked":"Self Repair","floor":28},{"not_picked":["Tempest","Chaos","Beam Cell+1"],"picked":"SKIP","floor":29},{"not_picked":["Meteor Strike","Core Surge"],"picked":"Seek","floor":33},{"not_picked":["Redo","Melter"],"picked":"Hologram","floor":35},{"not_picked":["Melter+1","Beam Cell+1"],"picked":"Gash+1","floor":37},{"not_picked":["Turbo","Conserve Battery"],"picked":"Glacier","floor":38},{"not_picked":["Rainbow","White Noise"],"picked":"BootSequence","floor":40},{"not_picked":["Compile Driver+1","Redo"],"picked":"Consume+1","floor":41},{"not_picked":["Coolheaded+1","Rainbow"],"picked":"Loop+1","floor":44},{"not_picked":["Blizzard","Static Discharge","Redo+1"],"picked":"SKIP","floor":45},{"not_picked":["Compile Driver+1","White Noise+1"],"picked":"Barrage+1","floor":47},{"not_picked":["Beam Cell","Redo"],"picked":"Electrodynamics","floor":48}],"player_experience":321507,"relics_obtained":[{"floor":7,"key":"MawBank"},{"floor":9,"key":"Bag of Marbles"},{"floor":26,"key":"Centennial Puzzle"},{"floor":27,"key":"Nunchaku"},{"floor":38,"key":"Turnip"},{"floor":40,"key":"Cables"},{"floor":48,"key":"Omamori"}],"event_choices":[{"damage_healed":0,"gold_gain":0,"player_choice":"Success","damage_taken":12,"relics_obtained":["Oddly Smooth Stone"],"max_hp_gain":0,"max_hp_loss":0,"event_name":"Scrap Ooze","floor":2,"gold_loss":0},{"damage_healed":0,"gold_gain":75,"player_choice":"Gather Gold","damage_taken":11,"max_hp_gain":0,"max_hp_loss":0,"event_name":"World of Goop","floor":3,"gold_loss":0},{"cards_removed":["Decay"],"damage_healed":0,"gold_gain":0,"player_choice":"Forget","damage_taken":0,"max_hp_gain":0,"max_hp_loss":0,"event_name":"Living Wall","floor":10,"gold_loss":0},{"damage_healed":0,"gold_gain":99,"player_choice":"Stole From Cult","damage_taken":0,"max_hp_gain":0,"max_hp_loss":0,"event_name":"Nest","floor":21,"gold_loss":0},{"damage_healed":0,"gold_gain":0,"player_choice":"Smashed Altar","damage_taken":0,"max_hp_gain":0,"max_hp_loss":0,"event_name":"Forgotten Altar","floor":22,"gold_loss":0,"cards_obtained":["Decay"]},{"cards_removed":["Decay"],"damage_healed":0,"gold_gain":0,"player_choice":"Gave Gold","damage_taken":0,"max_hp_gain":0,"max_hp_loss":0,"event_name":"Beggar","floor":24,"gold_loss":75},{"damage_healed":0,"gold_gain":0,"player_choice":"Paid","damage_taken":0,"relics_obtained":["Red Mask"],"max_hp_gain":0,"max_hp_loss":0,"event_name":"Tomb of Lord Red Mask","floor":36,"gold_loss":148},{"damage_healed":0,"gold_gain":0,"player_choice":"Fight","damage_taken":0,"max_hp_gain":0,"max_hp_loss":0,"event_name":"MindBloom","floor":38,"gold_loss":0},{"cards_removed":["Cold Snap"],"damage_healed":0,"gold_gain":0,"player_choice":"Removed Attack","damage_taken":0,"max_hp_gain":0,"max_hp_loss":0,"event_name":"Falling","floor":39,"gold_loss":0},{"damage_healed":0,"gold_gain":0,"player_choice":"Bought 3 Potions","damage_taken":0,"max_hp_gain":0,"max_hp_loss":0,"event_name":"The Woman in Blue","floor":46,"gold_loss":0}],"is_beta":false,"boss_relics":[{"not_picked":["SacredBark","Runic Dome"],"picked":"Inserter"},{"not_picked":["Calling Bell","Black Star"],"picked":"Runic Pyramid"}],"items_purged_floors":[12,31],"is_endless":false,"potions_floor_spawned":[1,4,5,7,14,19,27,35,37,38,45],"ascension_level":6}}