{"host":"aa17gn30s1gymc0k","time":1613843923,"event":{"mods":["BaseMod","Downfall","GifTheSpireLib","Googly Eyes","Minty Spire (QoL Compilation)","StSLib"],"gold_per_floor":[119,134,309,309,327,327,342,354,354,354,20,51,0,25,25,121,121,132,57,70,70,88,88,114,114,138,138,138,150,150,250,250,354,354,372,382,11,11,29,54,71,86,86,86,86,105,105,455,455,455],"floor_reached":51,"language":"DEU","playtime":2639,"items_purged":["Doubt","downfall:Bewildered"],"score":789,"play_id":"e2c012a6-7440-46ee-a6bd-240bfff697e0","local_time":"20210220185843","is_ascension_mode":true,"campfire_choices":[{"data":"Cleave","floor":6,"key":"SMITH"},{"data":"Panacea","floor":10,"key":"SMITH"},{"data":"Apotheosis","floor":15,"key":"SMITH"},{"floor":23,"key":"REST"},{"floor":25,"key":"REST"},{"floor":30,"key":"REST"},{"floor":32,"key":"REST"},{"floor":44,"key":"REST"},{"floor":47,"key":"REST"},{"floor":49,"key":"REST"}],"circlet_count":0,"master_deck":["Strike_R","Strike_R","Strike_R","Strike_R","Strike_R","Defend_R","Defend_R","Defend_R","Defend_R","Bash","Panacea+1","Sword Boomerang","Thunderclap","Cleave+1","Thunderclap","Apotheosis+1","Heavy Blade","Sword Boomerang","Berserk","Thunderclap","Rage+1","Demon Form","Necronomicurse","Reaper","Flex+1","Inflame","Flex","Inflame+1","Limit Break","Parasite","Whirlwind"],"relics":["Burning Blood","Pear","Boot","Ornamental Fan","Meat on the Bone","Fusion Hammer","sneckomod:BabySnecko","Bottled Lightning","Toy Ornithopter","Necronomicon","Prayer Wheel","Mercury Hourglass","SacredBark","Pen Nib","Blue Candle","Lizard Tail","Old Coin"],"acts_visited":["Exordium","TheCity","TheBeyond"],"potions_floor_usage":[50,50,50],"damage_taken":[{"damage":12,"enemies":"Jaw Worm","floor":1,"turns":4},{"damage":10,"enemies":"Small Slimes","floor":2,"turns":3},{"damage":3,"enemies":"2 Louse","floor":5,"turns":2},{"damage":14,"enemies":"Blue Slaver","floor":7,"turns":4},{"damage":0,"enemies":"3 Louse","floor":8,"turns":1},{"damage":28,"enemies":"Gremlin Nob","floor":12,"turns":4},{"damage":23,"enemies":"3 Sentries","floor":14,"turns":8},{"damage":38,"enemies":"Slime Boss","floor":16,"turns":7},{"damage":10,"enemies":"Chosen","floor":18,"turns":4},{"damage":13,"enemies":"3 Byrds","floor":20,"turns":4},{"damage":11,"enemies":"Snecko","floor":22,"turns":4},{"damage":54,"enemies":"Gremlin Leader","floor":24,"turns":7},{"damage":10,"enemies":"Centurion and Healer","floor":29,"turns":5},{"damage":16,"enemies":"Colosseum Slavers","floor":31,"turns":3},{"damage":4,"enemies":"Colosseum Nobs","floor":31,"turns":3},{"damage":44,"enemies":"Champ","floor":33,"turns":8},{"damage":7,"enemies":"Orb Walker","floor":35,"turns":2},{"damage":18,"enemies":"3 Darklings","floor":36,"turns":5},{"damage":38,"enemies":"Maw","floor":39,"turns":6},{"damage":73,"enemies":"Nemesis","floor":40,"turns":5},{"damage":0,"enemies":"Transient","floor":41,"turns":5},{"damage":32,"enemies":"3 Darklings","floor":42,"turns":4},{"damage":45,"enemies":"Writhing Mass","floor":46,"turns":4},{"damage":26,"enemies":"Mind Bloom Boss Battle","floor":48,"turns":5},{"damage":47,"enemies":"Donu and Deca","floor":50,"turns":6}],"seed_played":"1279680949552617614","potions_obtained":[{"floor":2,"key":"Dexterity Potion"},{"floor":14,"key":"Dexterity Potion"},{"floor":16,"key":"CultistPotion"},{"floor":24,"key":"HeartOfIron"}],"is_trial":false,"path_per_floor":["M","M","?","?","M","R","M","M","T","R","$","E","$","E","R","B",null,"M","$","M","?","M","R","E","R","T","?","?","M","R","?","R","B",null,"M","M","$","?","M","E","M","M","T","R","$","M","R","?","R","B",null],"character_chosen":"IRONCLAD","items_purchased":["Apotheosis","Boot","Heavy Blade","Inflame","Flex","Pen Nib"],"campfire_rested":7,"item_purchase_floors":[11,11,13,37,37,37],"current_hp_per_floor":[74,70,70,70,73,73,65,71,81,81,81,59,59,42,42,22,90,86,86,79,79,74,90,54,81,81,65,65,61,88,80,90,52,90,89,77,77,68,79,24,78,52,52,79,79,52,79,70,90,64],"gold":455,"neow_bonus":"RANDOM_COLORLESS","is_daily":false,"chose_seed":false,"campfire_upgraded":3,"win_rate":0.0,"timestamp":1613843923,"path_taken":["M","M","?","?","M","R","M","M","T","R","$","E","$","E","R","BOSS","M","$","M","?","M","R","E","R","T","?","?","?","R","?","R","BOSS","M","M","$","?","M","E","M","M","T","R","?","M","R","?","R","BOSS"],"items_purchased_type":["Card","Relic","Card","Card","Card","Relic"],"build_version":"2020-12-22","purchased_purges":2,"victory":true,"max_hp_per_floor":[80,80,80,80,80,80,80,80,90,90,90,90,90,90,90,90,90,90,90,90,90,90,90,90,90,90,90,90,90,90,90,90,90,90,90,90,90,90,90,90,90,90,90,90,90,90,90,90,90,90],"card_choices":[{"not_picked":["Trip","Dramatic Entrance"],"picked":"Panacea","floor":0},{"not_picked":["Battle Trance","Pommel Strike"],"picked":"Sword Boomerang","floor":1},{"not_picked":["Combust","Sword Boomerang"],"picked":"Thunderclap","floor":2},{"not_picked":["Shrug It Off","Thunderclap"],"picked":"Cleave","floor":5},{"not_picked":["True Grit","Clothesline","Wild Strike"],"picked":"SKIP","floor":7},{"not_picked":["Burning Pact","Berserk"],"picked":"Thunderclap","floor":8},{"not_picked":["Ghostly Armor","Flame Barrier","Havoc"],"picked":"SKIP","floor":12},{"not_picked":["Impervious","Carnage"],"picked":"Sword Boomerang","floor":14},{"not_picked":["Brutality","Double Tap"],"picked":"Berserk","floor":16},{"not_picked":["Sentinel","Battle Trance","Sword Boomerang"],"picked":"SKIP","floor":18},{"not_picked":["Body Slam","Shrug It Off"],"picked":"Thunderclap","floor":20},{"not_picked":["Entrench","Wild Strike+1"],"picked":"Rage+1","floor":22},{"not_picked":["Double Tap","Uppercut"],"picked":"Demon Form","floor":24},{"not_picked":["Warcry","Twin Strike","Disarm"],"picked":"SKIP","floor":29},{"not_picked":["Brutality","Bludgeon"],"picked":"Reaper","floor":33},{"not_picked":["Sentinel+1","Flame Barrier"],"picked":"Flex+1","floor":35},{"not_picked":["Headbutt+1","Thunderclap","Clothesline"],"picked":"SKIP","floor":35},{"not_picked":["Sword Boomerang+1","Searing Blow+1","Disarm"],"picked":"SKIP","floor":36},{"not_picked":["Dual Wield+1","Thunderclap+1","Headbutt"],"picked":"SKIP","floor":36},{"not_picked":["Heavy Blade","Immolate","Armaments"],"picked":"SKIP","floor":39},{"not_picked":["Dual Wield+1","Uppercut+1","Headbutt+1"],"picked":"SKIP","floor":39},{"not_picked":["Fiend Fire","Sword Boomerang+1","Uppercut"],"picked":"SKIP","floor":40},{"not_picked":["Evolve","Intimidate"],"picked":"Inflame+1","floor":41},{"not_picked":["Perfected Strike","Spot Weakness+1","Warcry+1"],"picked":"SKIP","floor":41},{"not_picked":["Pommel Strike","Dark Embrace"],"picked":"Limit Break","floor":42},{"not_picked":["Clash+1","Wild Strike+1","Warcry+1"],"picked":"SKIP","floor":42},{"not_picked":["Shrug It Off+1","Thunderclap"],"picked":"Whirlwind","floor":46},{"not_picked":["Thunderclap","Sword Boomerang+1","Pommel Strike"],"picked":"SKIP","floor":46}],"player_experience":166084,"relics_obtained":[{"floor":9,"key":"Pear"},{"floor":12,"key":"Ornamental Fan"},{"floor":14,"key":"Meat on the Bone"},{"floor":24,"key":"Bottled Lightning"},{"floor":26,"key":"Toy Ornithopter"},{"floor":27,"key":"Necronomicon"},{"floor":31,"key":"Prayer Wheel"},{"floor":31,"key":"Mercury Hourglass"},{"floor":40,"key":"Blue Candle"},{"floor":43,"key":"Lizard Tail"},{"floor":48,"key":"Old Coin"}],"event_choices":[{"damage_healed":0,"gold_gain":175,"player_choice":"AGREE","damage_taken":0,"max_hp_gain":0,"max_hp_loss":0,"event_name":"Liars Game","floor":3,"gold_loss":0,"cards_obtained":["Doubt"]},{"damage_healed":0,"gold_gain":0,"player_choice":"Ignored","damage_taken":0,"max_hp_gain":0,"max_hp_loss":0,"event_name":"Shining Light","floor":4,"gold_loss":0},{"damage_healed":0,"gold_gain":0,"player_choice":"Obtained Book","damage_taken":16,"max_hp_gain":0,"max_hp_loss":0,"event_name":"Cursed Tome","floor":27,"gold_loss":0},{"damage_healed":0,"gold_gain":0,"player_choice":"Ignored","damage_taken":0,"max_hp_gain":0,"max_hp_loss":0,"event_name":"Vampires","floor":28,"gold_loss":0},{"damage_healed":0,"gold_gain":0,"player_choice":"Fight","damage_taken":0,"max_hp_gain":0,"max_hp_loss":0,"event_name":"Colosseum","floor":31,"gold_loss":0},{"damage_healed":0,"gold_gain":0,"player_choice":"Fought Nobs","damage_taken":0,"max_hp_gain":0,"max_hp_loss":0,"event_name":"Colosseum","floor":31,"gold_loss":0},{"damage_healed":0,"gold_gain":0,"player_choice":"Damaged","damage_taken":9,"max_hp_gain":0,"max_hp_loss":0,"event_name":"Wheel of Change","floor":38,"gold_loss":0},{"damage_healed":0,"gold_gain":0,"player_choice":"Fight","damage_taken":0,"max_hp_gain":0,"max_hp_loss":0,"event_name":"MindBloom","floor":48,"gold_loss":0}],"is_beta":false,"boss_relics":[{"not_picked":["Snecko Eye","Philosopher\u0027s Stone"],"picked":"Fusion Hammer"},{"not_picked":["Runic Pyramid","Coffee Dripper"],"picked":"SacredBark"}],"items_purged_floors":[19,37],"is_endless":false,"potions_floor_spawned":[2,14,16,22,24,29,31,31,35,41,42,46,48],"ascension_level":1}}