{"host":"l3lzhw5qete3bz2v","time":1613826302,"event":{"mods":["BaseMod","Colored Map","Colored Powertips","Minty Spire (QoL Compilation)","StSLib","SuperFastMode"],"gold_per_floor":[115,133,150,166,181,181,181,181,181,196,196,97,122,142,142,240,240,250,267,267,285,72,72,98,98,98,108,108,119,137,149,149,246,246,260,20,20,31,31,31,62,62,74,86,116,158,187,24,24,24],"floor_reached":51,"language":"JPN","playtime":2615,"items_purged":["Strike_B"],"score":1025,"play_id":"09575fa4-cc48-4523-b057-c6da570ecf93","local_time":"20210220220502","is_ascension_mode":true,"campfire_choices":[{"data":"Ball Lightning","floor":6.0,"key":"SMITH"},{"data":"Chaos","floor":8.0,"key":"SMITH"},{"data":"Coolheaded","floor":11.0,"key":"SMITH"},{"data":"Lockon","floor":15.0,"key":"SMITH"},{"data":"Biased Cognition","floor":23.0,"key":"SMITH"},{"floor":28.0,"key":"REST"},{"data":"Loop","floor":32.0,"key":"SMITH"},{"data":"Creative AI","floor":40.0,"key":"SMITH"},{"floor":42.0,"key":"DIG"},{"floor":44.0,"key":"DIG"},{"floor":49,"key":"DIG"}],"circlet_count":0,"master_deck":["Strike_B","Strike_B","Defend_B","Defend_B","Defend_B","Defend_B","Zap","Dualcast","Cold Snap","Chaos+1","Compile Driver","Ball Lightning+1","Seek","Coolheaded+1","Lockon+1","Hologram","Biased Cognition+1","Chill","Sweeping Beam","Defragment+1","Glacier+1","Turbo","Loop+1","Genetic Algorithm+1","Creative AI+1","Doom and Gloom","Panacea","Coolheaded+1","Capacitor+1","Undo+1","Compile Driver+1","Hologram"],"relics":["Cracked Core","Matryoshka","Toy Ornithopter","Peace Pipe","Nuclear Battery","Orrery","Art of War","MealTicket","Ornamental Fan","Coffee Dripper","White Beast Statue","Shovel","MawBank","Ancient Tea Set","Omamori","Bag of Marbles","Boot","Pear"],"acts_visited":["Exordium","TheCity","TheBeyond"],"potions_floor_usage":[46,46,50,50,50],"damage_taken":[{"damage":0.0,"enemies":"Jaw Worm","floor":1.0,"turns":3.0},{"damage":0.0,"enemies":"Small Slimes","floor":2.0,"turns":3.0},{"damage":2.0,"enemies":"Cultist","floor":3.0,"turns":3.0},{"damage":6.0,"enemies":"Exordium Wildlife","floor":4.0,"turns":4.0},{"damage":2.0,"enemies":"Lots of Slimes","floor":5.0,"turns":3.0},{"damage":6.0,"enemies":"Large Slime","floor":10.0,"turns":3.0},{"damage":16.0,"enemies":"Lagavulin","floor":13.0,"turns":6.0},{"damage":9.0,"enemies":"Red Slaver","floor":14.0,"turns":2.0},{"damage":18.0,"enemies":"Hexaghost","floor":16.0,"turns":11.0},{"damage":6.0,"enemies":"Shell Parasite","floor":18.0,"turns":3.0},{"damage":25.0,"enemies":"2 Thieves","floor":19.0,"turns":4.0},{"damage":19.0,"enemies":"Snake Plant","floor":21.0,"turns":3.0},{"damage":21.0,"enemies":"Book of Stabbing","floor":24.0,"turns":4.0},{"damage":0.0,"enemies":"Sentry and Sphere","floor":27.0,"turns":4.0},{"damage":19.0,"enemies":"Centurion and Healer","floor":29.0,"turns":5.0},{"damage":5.0,"enemies":"3 Cultists","floor":30.0,"turns":5.0},{"damage":18.0,"enemies":"Chosen and Byrds","floor":31.0,"turns":5.0},{"damage":40.0,"enemies":"Collector","floor":33.0,"turns":15.0},{"damage":0.0,"enemies":"3 Shapes","floor":35.0,"turns":4.0},{"damage":6.0,"enemies":"Orb Walker","floor":38.0,"turns":4.0},{"damage":0.0,"enemies":"Nemesis","floor":41.0,"turns":7.0},{"damage":10.0,"enemies":"3 Darklings","floor":45.0,"turns":4.0},{"damage":13,"enemies":"Reptomancer","floor":46,"turns":7},{"damage":0,"enemies":"4 Shapes","floor":47,"turns":6},{"damage":27,"enemies":"Donu and Deca","floor":50,"turns":9}],"seed_played":"-3659777719223266138","potions_obtained":[{"floor":1.0,"key":"BlessingOfTheForge"},{"floor":2.0,"key":"SkillPotion"},{"floor":3.0,"key":"EntropicBrew"},{"floor":5.0,"key":"Weak Potion"},{"floor":19.0,"key":"Energy Potion"},{"floor":20.0,"key":"Fruit Juice"},{"floor":20.0,"key":"FairyPotion"},{"floor":29.0,"key":"Ancient Potion"},{"floor":31.0,"key":"LiquidMemories"},{"floor":38.0,"key":"SkillPotion"},{"floor":41.0,"key":"DuplicationPotion"},{"floor":45.0,"key":"Energy Potion"},{"floor":46,"key":"SmokeBomb"},{"floor":47,"key":"DuplicationPotion"}],"is_trial":false,"path_per_floor":["M","M","M","M","M","R","?","R","T","M","R","?","E","M","R","B",null,"M","M","?","M","$","R","E","?","T","M","R","M","M","M","R","B",null,"M","$","?","M","?","R","E","R","T","R","M","E","M","$","R","B",null],"character_chosen":"DEFECT","items_purchased":["Defragment","Orrery","White Beast Statue","FocusPotion","PowerPotion"],"campfire_rested":1,"item_purchase_floors":[22,22,36,48,48],"current_hp_per_floor":[75,75,73,67,65,65,65,65,65,59,59,59,43,34,34,21,67,66,41,51,32,32,32,11,11,11,11,37,18,13,26,26,26,72,72,87,77,71,71,71,76,76,76,76,66,63,63,78,88,76],"gold":24,"neow_bonus":"TEN_PERCENT_HP_BONUS","is_daily":false,"chose_seed":false,"campfire_upgraded":7,"win_rate":0.0,"timestamp":1613826302,"path_taken":["M","M","M","M","M","R","?","R","T","M","R","?","E","?","R","BOSS","M","M","?","?","$","R","E","?","T","?","R","M","?","M","R","BOSS","M","$","?","M","?","R","E","R","T","R","M","E","M","$","R","BOSS"],"items_purchased_type":["Card","Relic","Relic","Potion","Potion"],"build_version":"2020-12-22","purchased_purges":1,"victory":true,"max_hp_per_floor":[82,82,82,82,82,82,82,82,82,82,82,82,82,82,82,82,82,82,82,87,87,87,87,87,87,87,87,87,87,87,87,87,87,87,87,87,87,87,83,83,83,83,83,83,83,83,83,83,93,93],"card_choices":[{"not_picked":["Aggregate","Go for the Eyes"],"picked":"Cold Snap","floor":1.0},{"not_picked":["Coolheaded","Rip and Tear"],"picked":"Chaos","floor":2.0},{"not_picked":["Conserve Battery","Turbo"],"picked":"Compile Driver","floor":3.0},{"not_picked":["Steam","Darkness"],"picked":"Ball Lightning","floor":4.0},{"not_picked":["Sweeping Beam","Streamline","All For One"],"picked":"SKIP","floor":5.0},{"not_picked":["Redo","Ball Lightning"],"picked":"Coolheaded","floor":10.0},{"not_picked":["Hyperbeam","Redo"],"picked":"Lockon","floor":13.0},{"not_picked":["Ball Lightning","Reinforced Body"],"picked":"Hologram","floor":14.0},{"not_picked":["Seek","Meteor Strike"],"picked":"Biased Cognition","floor":16.0},{"not_picked":["Coolheaded","Reprogram","Leap"],"picked":"SKIP","floor":18.0},{"not_picked":["Streamline","Beam Cell"],"picked":"Chill","floor":19.0},{"not_picked":["Coolheaded","Scrape"],"picked":"Sweeping Beam","floor":21.0},{"not_picked":["Sunder","Genetic Algorithm"],"picked":"Glacier+1","floor":22.0},{"not_picked":["Leap","Sweeping Beam+1"],"picked":"Turbo","floor":22.0},{"not_picked":["Reprogram+1","Fusion","Double Energy"],"picked":"SKIP","floor":24.0},{"not_picked":["Conserve Battery","Skim+1","Gash"],"picked":"SKIP","floor":27.0},{"not_picked":["Hologram","Compile Driver+1","Coolheaded"],"picked":"SKIP","floor":29.0},{"not_picked":["Static Discharge","Coolheaded"],"picked":"Loop","floor":30.0},{"not_picked":["Leap","Barrage+1"],"picked":"Genetic Algorithm+1","floor":31.0},{"not_picked":["All For One","Fission"],"picked":"Creative AI","floor":33.0},{"not_picked":["Blizzard","Stack"],"picked":"Doom and Gloom","floor":35.0},{"not_picked":["Bandage Up","Enlightenment"],"picked":"Panacea","floor":37.0},{"not_picked":["Reinforced Body+1","Barrage"],"picked":"Coolheaded+1","floor":38.0},{"not_picked":["Melter+1","Sunder+1"],"picked":"Capacitor+1","floor":41.0},{"not_picked":["Aggregate","Sweeping Beam+1"],"picked":"Undo+1","floor":45.0},{"not_picked":["Stack+1","Beam Cell+1"],"picked":"Compile Driver+1","floor":46},{"not_picked":["Beam Cell+1","Turbo"],"picked":"Hologram","floor":47}],"player_experience":130433,"relics_obtained":[{"floor":9.0,"key":"Matryoshka"},{"floor":13.0,"key":"Peace Pipe"},{"floor":24.0,"key":"Art of War"},{"floor":26.0,"key":"MealTicket"},{"floor":26.0,"key":"Ornamental Fan"},{"floor":41.0,"key":"Shovel"},{"floor":42.0,"key":"MawBank"},{"floor":43.0,"key":"Ancient Tea Set"},{"floor":43.0,"key":"Omamori"},{"floor":44.0,"key":"Bag of Marbles"},{"floor":46,"key":"Boot"},{"floor":49,"key":"Pear"}],"event_choices":[{"damage_healed":0.0,"max_hp_gain":0.0,"max_hp_loss":0.0,"gold_gain":0.0,"cards_transformed":["Strike_B"],"event_name":"Living Wall","player_choice":"Change","floor":7.0,"gold_loss":0.0,"damage_taken":0.0,"cards_obtained":["Seek"]},{"damage_healed":0.0,"max_hp_gain":0.0,"max_hp_loss":0.0,"gold_gain":0.0,"event_name":"WeMeetAgain","player_choice":"Paid Gold","floor":12.0,"gold_loss":99.0,"damage_taken":0.0,"relics_obtained":["Toy Ornithopter"]},{"damage_healed":0.0,"max_hp_gain":0.0,"max_hp_loss":0.0,"gold_gain":0.0,"event_name":"Lab","player_choice":"Got Potions","floor":20.0,"gold_loss":0.0,"damage_taken":0.0},{"damage_healed":0.0,"max_hp_gain":0.0,"max_hp_loss":0.0,"gold_gain":0.0,"event_name":"Accursed Blacksmith","player_choice":"Forge","floor":25.0,"gold_loss":0.0,"damage_taken":0.0,"cards_upgraded":["Defragment"]},{"damage_healed":0.0,"max_hp_gain":0.0,"max_hp_loss":0.0,"gold_gain":0.0,"event_name":"SensoryStone","player_choice":"Memory 3","floor":37.0,"gold_loss":0.0,"damage_taken":10.0},{"damage_healed":0.0,"max_hp_gain":0.0,"max_hp_loss":4.0,"gold_gain":0.0,"event_name":"Winding Halls","player_choice":"Max HP","floor":39.0,"gold_loss":0.0,"damage_taken":0.0}],"is_beta":false,"boss_relics":[{"not_picked":["SacredBark","Velvet Choker"],"picked":"Nuclear Battery"},{"not_picked":["Sozu","Busted Crown"],"picked":"Coffee Dripper"}],"items_purged_floors":[48],"is_endless":false,"potions_floor_spawned":[1,2,3,5,19,29,30,31,38,41,45,46,47],"ascension_level":6}}