{"host":"f5gffvlv6a66yqkd","time":1613790079,"event":{"mods":["2.2 Compatiblity","BaseMod","Colored Map","Custom Start","DeckTracker","Keyboard Shortcuts","Minty Spire (QoL Compilation)","Permanent Neow","Quick Restart","Relic Stats","StSLib","SuperFastMode"],"gold_per_floor":[117,132,145,160,160,160,174,204,204,224,224,257,270,289,289,368,368,381,381,0,14,14,14,14,14],"floor_reached":24,"language":"KOR","playtime":634,"items_purged":[],"score":400,"play_id":"7e343e79-47a0-4c03-812a-f766d63dc606","local_time":"20210220120119","is_ascension_mode":true,"campfire_choices":[{"data":"SandsOfTime","floor":6.0,"key":"SMITH"},{"floor":11.0,"key":"REST"},{"floor":15.0,"key":"REST"},{"floor":23,"key":"REST"}],"circlet_count":0,"master_deck":["AscendersBane","Strike_P","Strike_P","Strike_P","Defend_P","Defend_P","Defend_P","Defend_P+1","Eruption+1","Vigilance","SandsOfTime+1","CarveReality","EmptyMind+1","Halt","MentalFortress","Adaptation"],"relics":["PureWater","War Paint","Odd Mushroom","Kunai","Letter Opener","Runic Pyramid"],"acts_visited":["Exordium","TheCity"],"potions_floor_usage":[24],"damage_taken":[{"damage":4.0,"enemies":"Cultist","floor":1.0,"turns":3.0},{"damage":2.0,"enemies":"Jaw Worm","floor":2.0,"turns":3.0},{"damage":3.0,"enemies":"Small Slimes","floor":3.0,"turns":3.0},{"damage":5.0,"enemies":"2 Fungi Beasts","floor":4.0,"turns":4.0},{"damage":0.0,"enemies":"Looter","floor":7.0,"turns":2.0},{"damage":9.0,"enemies":"The Mushroom Lair","floor":8.0,"turns":6.0},{"damage":12.0,"enemies":"Lots of Slimes","floor":10.0,"turns":4.0},{"damage":2.0,"enemies":"Gremlin Nob","floor":12.0,"turns":3.0},{"damage":0.0,"enemies":"Blue Slaver","floor":13.0,"turns":4.0},{"damage":10.0,"enemies":"Gremlin Gang","floor":14.0,"turns":4.0},{"damage":6.0,"enemies":"The Guardian","floor":16.0,"turns":9.0},{"damage":24.0,"enemies":"Shell Parasite","floor":18.0,"turns":5.0},{"damage":26,"enemies":"2 Thieves","floor":21,"turns":4},{"damage":33,"enemies":"Gremlin Leader","floor":24,"turns":2}],"seed_played":"8702488969609379449","potions_obtained":[{"floor":1.0,"key":"Block Potion"},{"floor":4.0,"key":"LiquidBronze"},{"floor":8.0,"key":"DuplicationPotion"}],"is_trial":false,"path_per_floor":["M","M","M","M","?","R","M","?","T","M","R","E","M","M","R","B",null,"M","?","?","M","?","R","E"],"character_chosen":"WATCHER","items_purchased":[],"campfire_rested":3,"item_purchase_floors":[],"current_hp_per_floor":[57,55,52,47,36,36,36,27,27,15,35,33,33,23,43,37,60,36,36,36,10,10,30,0,0],"gold":14,"neow_bonus":"UPGRADE_CARD","is_daily":false,"chose_seed":false,"campfire_upgraded":1,"win_rate":0.0,"timestamp":1613790079,"path_taken":["M","M","M","?","?","R","M","?","T","M","R","E","M","M","R","BOSS","M","?","?","M","?","R","E"],"items_purchased_type":[],"build_version":"2020-12-22","purchased_purges":0,"victory":false,"max_hp_per_floor":[68,68,68,68,68,68,68,68,68,68,68,68,68,68,68,68,68,68,68,68,68,68,68,68,68],"relic_stats":{"counters":[14,56],"Kunai":[9],"Letter Opener":[50],"War Paint":["EmptyMind","Defend_P"],"obtain_stats":[{"Kunai":9,"Letter Opener":12,"PureWater":0,"War Paint":5,"Odd Mushroom":8,"Runic Pyramid":17},{"Kunai":6,"Letter Opener":8,"PureWater":0,"War Paint":4,"Odd Mushroom":6,"Runic Pyramid":11},{"Kunai":21,"Letter Opener":28,"PureWater":0,"War Paint":13,"Odd Mushroom":21,"Runic Pyramid":45}]},"card_choices":[{"not_picked":["Collect","CutThroughFate"],"picked":"SandsOfTime","floor":1.0},{"not_picked":["FlurryOfBlows","JustLucky"],"picked":"CarveReality","floor":2.0},{"not_picked":["Consecrate","FlyingSleeves"],"picked":"EmptyMind","floor":3.0},{"not_picked":["Pray","EmptyBody","MasterReality"],"picked":"SKIP","floor":4.0},{"not_picked":["Perseverance","Nirvana","SashWhip"],"picked":"SKIP","floor":7.0},{"not_picked":["JustLucky","Vengeance"],"picked":"Halt","floor":8.0},{"not_picked":["Pray","EmptyBody","EmptyFist"],"picked":"SKIP","floor":10.0},{"not_picked":["SashWhip","CutThroughFate","Indignation"],"picked":"SKIP","floor":12.0},{"not_picked":["Evaluate","SashWhip","FlyingSleeves"],"picked":"SKIP","floor":13.0},{"not_picked":["Pray","EmptyBody","CrushJoints"],"picked":"SKIP","floor":14.0},{"not_picked":["Evaluate","ClearTheMind"],"picked":"MentalFortress","floor":18.0},{"not_picked":["Halt","FollowUp"],"picked":"Adaptation","floor":21}],"player_experience":1522015,"relics_obtained":[{"floor":8.0,"key":"Odd Mushroom"},{"floor":9.0,"key":"Kunai"},{"floor":12.0,"key":"Letter Opener"}],"event_choices":[{"damage_healed":0.0,"max_hp_gain":0.0,"max_hp_loss":0.0,"gold_gain":0.0,"event_name":"Scrap Ooze","player_choice":"Success","floor":5.0,"gold_loss":0.0,"damage_taken":11.0,"relics_obtained":["War Paint"]},{"damage_healed":0.0,"max_hp_gain":0.0,"max_hp_loss":0.0,"gold_gain":0.0,"event_name":"Mushrooms","player_choice":"Fought Mushrooms","floor":8.0,"gold_loss":0.0,"damage_taken":0.0},{"damage_healed":0.0,"max_hp_gain":0.0,"max_hp_loss":0.0,"gold_gain":0.0,"event_name":"Ghosts","player_choice":"Ignored","floor":19.0,"gold_loss":0.0,"damage_taken":0.0},{"damage_healed":0,"gold_gain":0,"player_choice":"Paid Fearfully","damage_taken":0,"max_hp_gain":0,"max_hp_loss":0,"event_name":"Masked Bandits","floor":20,"gold_loss":381},{"cards_removed":["Strike_P"],"damage_healed":0,"gold_gain":0,"player_choice":"Purged","damage_taken":0,"max_hp_gain":0,"max_hp_loss":0,"event_name":"Purifier","floor":22,"gold_loss":0}],"is_beta":false,"boss_relics":[{"not_picked":["SlaversCollar","Fusion Hammer"],"picked":"Runic Pyramid"}],"items_purged_floors":[],"is_endless":false,"potions_floor_spawned":[1,4,7,8,12,16,18,21],"killed_by":"Gremlin Leader","ascension_level":20}}