{"host":"soyfmymeou4emntr","time":1613804595,"event":{"mods":["BaseMod","Minty Spire (QoL Compilation)","Permanent Neow","Relic Sorter","Relic Stats","StSLib"],"gold_per_floor":[116,135,135,151,162,190,190,219,219,245,257,292,292,309,309,309,309],"floor_reached":16,"language":"ENG","playtime":954,"items_purged":[],"score":339,"play_id":"e2b60de1-3f15-44a8-97ea-5c9ec053ac61","local_time":"20210220000315","is_ascension_mode":true,"campfire_choices":[{"data":"Inflame","floor":7.0,"key":"SMITH"},{"data":"Heavy Blade","floor":15.0,"key":"SMITH"}],"circlet_count":0,"master_deck":["AscendersBane","Strike_R","Strike_R","Strike_R","Defend_R","Defend_R","Defend_R","Defend_R","Bash","Clothesline","Inflame+1","Sword Boomerang","Carnage","Feel No Pain","Heavy Blade+1","Impervious","Sword Boomerang","Spot Weakness","Sword Boomerang"],"relics":["Burning Blood","Paper Frog","Bronze Scales","Pear","Tiny Chest"],"acts_visited":["Exordium"],"potions_floor_usage":[16],"damage_taken":[{"damage":4.0,"enemies":"Small Slimes","floor":1.0,"turns":5.0},{"damage":2.0,"enemies":"Cultist","floor":2.0,"turns":4.0},{"damage":8.0,"enemies":"2 Louse","floor":4.0,"turns":4.0},{"damage":0.0,"enemies":"Red Slaver","floor":5.0,"turns":4.0},{"damage":30.0,"enemies":"Lagavulin","floor":6.0,"turns":6.0},{"damage":0.0,"enemies":"Gremlin Nob","floor":8.0,"turns":2.0},{"damage":22.0,"enemies":"3 Sentries","floor":10.0,"turns":6.0},{"damage":12.0,"enemies":"Exordium Wildlife","floor":11.0,"turns":4.0},{"damage":15.0,"enemies":"Lagavulin","floor":12.0,"turns":5.0},{"damage":11.0,"enemies":"Exordium Thugs","floor":14.0,"turns":4.0},{"damage":32,"enemies":"The Guardian","floor":16,"turns":9}],"seed_played":"-2138740020603828353","potions_obtained":[{"floor":2.0,"key":"Block Potion"},{"floor":5.0,"key":"AttackPotion"},{"floor":6.0,"key":"Fire Potion"},{"floor":8.0,"key":"AttackPotion"},{"floor":11.0,"key":"Fire Potion"},{"floor":14.0,"key":"ColorlessPotion"}],"is_trial":false,"path_per_floor":["M","M","?","M","M","E","R","E","T","E","M","E","?","M","R","B"],"character_chosen":"IRONCLAD","items_purchased":[],"campfire_rested":0,"item_purchase_floors":[],"current_hp_per_floor":[66,70,70,68,74,50,50,56,56,50,44,35,35,30,30,0,0],"gold":309,"neow_bonus":"TWENTY_PERCENT_HP_BONUS","is_daily":false,"chose_seed":false,"campfire_upgraded":2,"win_rate":0.0,"timestamp":1613804595,"path_taken":["M","M","?","M","?","E","R","E","T","E","M","E","?","M","R","BOSS"],"items_purchased_type":[],"build_version":"2020-12-22","purchased_purges":0,"victory":false,"max_hp_per_floor":[89,89,89,89,89,89,89,89,89,99,99,99,99,99,99,99,99],"relic_stats":{"counters":[11,53],"Bronze Scales":[60],"Tiny Chest":0,"obtain_stats":[{"Pear":10,"Bronze Scales":8,"Tiny Chest":12,"Burning Blood":0,"Paper Frog":6},{"Pear":7,"Bronze Scales":6,"Tiny Chest":9,"Burning Blood":0,"Paper Frog":5},{"Pear":31,"Bronze Scales":25,"Tiny Chest":40,"Burning Blood":0,"Paper Frog":23}],"Burning Blood":60},"card_choices":[{"not_picked":["Havoc","Whirlwind"],"picked":"Clothesline","floor":1.0},{"not_picked":["Power Through","Blood for Blood"],"picked":"Inflame","floor":2.0},{"not_picked":["Body Slam","Pommel Strike"],"picked":"Sword Boomerang","floor":4.0},{"not_picked":["Seeing Red","Rampage"],"picked":"Carnage","floor":5.0},{"not_picked":["Infernal Blade","Body Slam"],"picked":"Feel No Pain","floor":6.0},{"not_picked":["Hemokinesis","Bludgeon"],"picked":"Heavy Blade","floor":8.0},{"not_picked":["Cleave","Anger"],"picked":"Impervious","floor":10.0},{"not_picked":["Body Slam","Heavy Blade"],"picked":"Sword Boomerang","floor":11.0},{"not_picked":["Dark Embrace","Headbutt"],"picked":"Spot Weakness","floor":12.0},{"not_picked":["Warcry","Body Slam"],"picked":"Sword Boomerang","floor":14.0}],"player_experience":3420513,"relics_obtained":[{"floor":6.0,"key":"Paper Frog"},{"floor":8.0,"key":"Bronze Scales"},{"floor":10.0,"key":"Pear"},{"floor":12.0,"key":"Tiny Chest"}],"event_choices":[{"cards_removed":["Strike_R"],"damage_healed":0.0,"max_hp_gain":0.0,"max_hp_loss":0.0,"gold_gain":0.0,"event_name":"Bonfire Elementals","player_choice":"Offered Basic","floor":3.0,"gold_loss":0.0,"damage_taken":0.0},{"cards_removed":["Strike_R"],"damage_healed":0.0,"max_hp_gain":0.0,"max_hp_loss":0.0,"gold_gain":0.0,"event_name":"Purifier","player_choice":"Purged","floor":13.0,"gold_loss":0.0,"damage_taken":0.0}],"is_beta":false,"boss_relics":[],"items_purged_floors":[],"is_endless":false,"potions_floor_spawned":[2,5,6,8,11,14],"killed_by":"The Guardian","ascension_level":20}}