{"host":"glqsg3p5q4u9u1ra","time":1613827142,"event":{"mods":["Act Like it!","Arknights","BaseMod","Better Third Choice","BetterRewards","Colored Map","Downfall","Friendly Minions","GifTheSpireLib","Hallownest","Highlight Path","Infinite Spire","Lobotomy","LobotomyExtend","Mimic Mod","Minty Spire (QoL Compilation)","Pale of the Ancients","Reliquary","Replay The Spire","Ruina","Spicy Shops","Spire Birthday Party","StSLib","The Blue Laboratory","The Bug Knight","The Exalted","The Servant 0.9.4","Wandering Minibosses"],"gold_per_floor":[110,61,61,75,140,140,174,190,190,190,315,332,332,13,13,118,168,187,187,202,212,289,289,289,289],"floor_reached":24,"language":"ENG","playtime":874,"items_purged":["Regret"],"score":452,"play_id":"09015f77-4e49-4b94-8755-8b4f1996aae0","local_time":"20210220051902","is_ascension_mode":true,"campfire_choices":[{"data":"Envenom","floor":6,"key":"SMITH"},{"floor":10,"key":"REST"},{"data":"Specialist","floor":15,"key":"SMITH"},{"data":"Bromod:HeatedCharge","floor":23,"key":"SMITH"}],"circlet_count":0,"master_deck":["Bromod:Strike_Bro","Bromod:Strike_Bro","Bromod:Strike_Bro","Bromod:Defend_Bro","Bromod:Defend_Bro","Bromod:Defend_Bro","Bromod:SlashDash","Bromod:SlashDash","Bromod:SlashDash","Bromod:HornetStrike+1","Bromod:NorthWind","Bromod:SteelFiber","Envenom+1","Bromod:HornetStrike","Bromod:BulletJump","Bromod:Rejuvenation","Bromod:HeatedCharge+1","Bromod:NorthWind","ReplayTheSpireMod:Brewmster","Good Instincts","Specialist+1","Bromod:RendingStrike","Bromod:BulletJump","Bromod:Stretch","Bromod:NoReturn+1"],"relics":["Bromod:Ordis","Bromod:AscarisDevice","Replay:Wax Seal","Medical Kit","LetterFromLob","reliquary:Knoch","Bronze Scales","Oddly Smooth Stone","ReplayTheSpireMod:ShopPack","Lantern","Tiny House"],"acts_visited":["Exordium","Exordium"],"potions_floor_usage":[4,7,7,7,16,16,16,16,16,16,18,18,20,20,21,21,21,21],"damage_taken":[{"damage":12,"enemies":"Small Slimes","floor":1,"turns":3},{"damage":13,"enemies":"2 Louse","floor":4,"turns":3},{"damage":3,"enemies":"3 Sentries","floor":7,"turns":8},{"damage":2,"enemies":"ats:Genji","floor":8,"turns":5},{"damage":13,"enemies":"Red Slaver","floor":11,"turns":6},{"damage":4,"enemies":"Large Slime","floor":12,"turns":4},{"damage":0,"enemies":"Hexaghost","floor":16,"turns":8},{"damage":9,"enemies":"ruina:2_Scarecrows","floor":18,"turns":3},{"damage":13,"enemies":"ruina:3_Bats","floor":20,"turns":4},{"damage":27,"enemies":"ruina:KnightOfDespair","floor":21,"turns":5},{"damage":16,"enemies":"ruina:Nos_and_Bat","floor":22,"turns":5},{"damage":58,"enemies":"ruina:Mountain","floor":24,"turns":8}],"seed_played":"-8770370162807129645","potions_obtained":[{"floor":1,"key":"SpeedPotion"},{"floor":5,"key":"LifebloodPotion"},{"floor":8,"key":"sneckomod:MuddlingPotion"},{"floor":11,"key":"bronze:BurnAndBuffPotion"},{"floor":16,"key":"blueLaboratory:BubblePotion"},{"floor":17,"key":"SteroidPotion"},{"floor":18,"key":"Block Potion"}],"is_trial":false,"path_per_floor":["M","$","?","M","?","R","E","M","T","R","M","M","?","$","R_BF","B",null,"M","?","M","M","M","R","E"],"character_chosen":"THE_EXALTED","items_purchased":["Replay:Wax Seal","Medical Kit","Bromod:HornetStrike","SteroidPotion","Elixir","Bromod:SteelFiber","ReplayTheSpireMod:ShopPack","Lantern","Block Potion"],"campfire_rested":1,"item_purchase_floors":[0,0,0,0,0,2,14,14,14],"current_hp_per_floor":[56,56,33,20,20,20,17,15,15,37,24,20,20,20,20,39,73,64,64,51,24,8,8,0,0],"gold":289,"neow_bonus":"","is_daily":false,"chose_seed":false,"campfire_upgraded":3,"win_rate":0.0,"timestamp":1613827142,"path_taken":["M","$","?","M","?","R","E","M","T","R","?","M","?","$","R_BF","BOSS","M","?","M","?","M","R","E"],"items_purchased_type":["Relic","Relic","Card","Potion","Potion","Card","Relic","Card","Potion"],"build_version":"2020-12-22","purchased_purges":1,"victory":false,"max_hp_per_floor":[75,75,75,75,75,75,75,75,75,75,75,75,75,75,75,77,82,82,78,78,78,78,78,78,78],"card_choices":[{"not_picked":["Bromod:QuickDraw","Bromod:Patagium"],"picked":"Bromod:NorthWind","floor":1},{"not_picked":["Bromod:PressurePoint","Bromod:Redirection"],"picked":"Bromod:HornetStrike","floor":4},{"not_picked":["Bromod:RelentlessCombination","Bromod:QuickDraw"],"picked":"Bromod:BulletJump","floor":5},{"not_picked":["Bromod:LifeStrike","Bromod:BloodRush"],"picked":"Bromod:Rejuvenation","floor":7},{"not_picked":["Bromod:FormaBlueprint","Bromod:Redirection"],"picked":"Bromod:HeatedCharge","floor":8},{"not_picked":["Bromod:EnergySiphon","Bromod:TacticalPump"],"picked":"Bromod:NorthWind","floor":11},{"not_picked":["Bromod:OrganShatter","Bromod:PressurePoint","Bromod:Patagium"],"picked":"SKIP","floor":12},{"not_picked":["Secret Technique","Transmutation"],"picked":"ReplayTheSpireMod:Brewmster","floor":14},{"not_picked":["ReplayTheSpireMod:Private Reserves","Dark Shackles"],"picked":"Good Instincts","floor":14},{"not_picked":["Deep Breath","Madness"],"picked":"Specialist","floor":14},{"not_picked":["Bromod:RadialJavelin","Bromod:ToxicFlight"],"picked":"Bromod:RendingStrike","floor":16},{"not_picked":["Bromod:RelentlessCombination","Bromod:BriefRespite"],"picked":"Bromod:BulletJump","floor":17},{"not_picked":["Bromod:ShatteringImpact","Bromod:Reflection","Bromod:PressurePoint"],"picked":"SKIP","floor":18},{"not_picked":["Bromod:OrganShatter","Bromod:QuickDraw+1","Bromod:BodyCount"],"picked":"SKIP","floor":20},{"not_picked":["Bromod:PointStrike+1","Bromod:Foundry"],"picked":"Bromod:Stretch","floor":21},{"not_picked":["Bromod:SlashDash","Bromod:VoltaicStrike"],"picked":"Bromod:NoReturn+1","floor":22}],"player_experience":1164010,"relics_obtained":[{"floor":1,"key":"LetterFromLob"},{"floor":7,"key":"Bronze Scales"},{"floor":9,"key":"Oddly Smooth Stone"}],"event_choices":[{"cards_removed":["ReplayTheSpireMod:Splinters"],"damage_healed":0,"gold_gain":0,"player_choice":"Forget","damage_taken":0,"max_hp_gain":0,"max_hp_loss":0,"event_name":"Living Wall","floor":13,"gold_loss":0}],"is_beta":false,"boss_relics":[{"not_picked":["Black Star","Replay:Drink Me"],"picked":"Tiny House"}],"items_purged_floors":[0],"is_endless":false,"potions_floor_spawned":[1,8,11,16,18],"killed_by":"ruina:Mountain","ascension_level":6}}