{"host":"5h6e4l6hpn0p5lap","time":1613863703,"event":{"mods":["AchievementEnabler","BaseMod","Better Altar","Better Match","Better Sensory Stone","Better Skull","Better Third Choice","Colored Map","Filter the Spire","Minty Spire (QoL Compilation)","StSLib"],"gold_per_floor":[116,191,201,214,234,234,262,274,274,274,11,11,44,60,60,159,159,178,197,197,197,215,61,61,61,85,103,103,113,113,113],"floor_reached":30,"language":"ENG","playtime":1580,"items_purged":["Strike_P"],"score":453,"play_id":"13a35a47-bda8-4cf2-9ca3-62e654cae5de","local_time":"20210220182823","is_ascension_mode":true,"campfire_choices":[{"floor":6,"key":"REST"},{"floor":10,"key":"REST"},{"data":"Weave","floor":12,"key":"SMITH"},{"floor":15,"key":"REST"},{"floor":24,"key":"REST"},{"floor":28,"key":"REST"}],"circlet_count":0,"master_deck":["AscendersBane","Strike_P+1","Strike_P+1","Strike_P+1","Defend_P+1","Defend_P+1","Defend_P+1","Defend_P+1","Eruption","Vigilance","SandsOfTime","ThirdEye","Weave+1","FollowUp","MentalFortress","FlurryOfBlows","WheelKick+1","FlurryOfBlows","Weave+1","Wireheading","JustLucky","ClearTheMind","FearNoEvil","CutThroughFate","Crescendo","EmptyFist","BowlingBash","Halt","Adaptation","SashWhip+1","DeceiveReality","Tantrum"],"relics":["PureWater","Dream Catcher","Peace Pipe","Mummified Hand","Orrery","Art of War","Sozu","Gremlin Horn","Whetstone"],"acts_visited":["Exordium","TheCity"],"potions_floor_usage":[8,16,22],"damage_taken":[{"damage":1.0,"enemies":"2 Louse","floor":1.0,"turns":3.0},{"damage":0,"enemies":"Cultist","floor":3,"turns":3},{"damage":12,"enemies":"Small Slimes","floor":4,"turns":3},{"damage":8,"enemies":"Blue Slaver","floor":5,"turns":5},{"damage":18,"enemies":"Lagavulin","floor":7,"turns":7},{"damage":11,"enemies":"Looter","floor":8,"turns":4},{"damage":23,"enemies":"3 Sentries","floor":13,"turns":4},{"damage":0,"enemies":"Large Slime","floor":14,"turns":2},{"damage":0,"enemies":"Slime Boss","floor":16,"turns":3},{"damage":7,"enemies":"Chosen","floor":18,"turns":4},{"damage":0,"enemies":"3 Byrds","floor":19,"turns":3},{"damage":47,"enemies":"Snake Plant","floor":22,"turns":6},{"damage":0,"enemies":"Snecko","floor":27,"turns":3},{"damage":15,"enemies":"Shelled Parasite and Fungi","floor":29,"turns":3},{"damage":32,"enemies":"Slavers","floor":30,"turns":4}],"seed_played":"-7497163174984063054","potions_obtained":[{"floor":1.0,"key":"SteroidPotion"},{"floor":5,"key":"DistilledChaos"},{"floor":16,"key":"Swift Potion"}],"is_trial":false,"path_per_floor":["M","?","M","M","M","R","E","M","T","R","$","R","E","M","R","B",null,"M","M","?","?","M","$","R","?","T","M","R","M","E"],"character_chosen":"WATCHER","items_purchased":["Weave","Wireheading","Orrery","Adaptation"],"campfire_rested":5,"item_purchase_floors":[11,11,11,23],"current_hp_per_floor":[64,57,57,45,37,58,40,29,29,50,50,50,27,27,48,48,66,59,59,59,59,12,12,33,33,33,33,54,39,7,7],"gold":113,"neow_bonus":"RANDOM_COMMON_RELIC","is_daily":false,"chose_seed":false,"campfire_upgraded":1,"win_rate":0.0,"timestamp":1613863703,"path_taken":["M","?","M","M","M","R","E","?","T","R","$","R","E","M","R","BOSS","M","M","?","?","M","$","R","?","T","M","R","M","E"],"items_purchased_type":["Card","Card","Relic","Card"],"build_version":"2020-12-22","purchased_purges":1,"victory":false,"max_hp_per_floor":[72,72,72,72,72,72,72,72,72,72,72,72,72,72,72,72,72,72,72,72,72,72,72,72,72,72,72,72,72,72,72],"card_choices":[{"not_picked":["CutThroughFate","CrushJoints"],"picked":"SandsOfTime","floor":1.0},{"not_picked":["Prostrate","Nirvana"],"picked":"ThirdEye","floor":3},{"not_picked":["EmptyBody","FlyingSleeves"],"picked":"Weave","floor":4},{"not_picked":["DeusExMachina","EmptyMind"],"picked":"FollowUp","floor":5},{"not_picked":["JustLucky","ThirdEye"],"picked":"MentalFortress","floor":6},{"not_picked":["Wallop","Swivel"],"picked":"FlurryOfBlows","floor":7},{"not_picked":["FollowUp","Protect"],"picked":"WheelKick","floor":8},{"not_picked":["PathToVictory","ForeignInfluence"],"picked":"FlurryOfBlows","floor":10},{"not_picked":["CrushJoints","SpiritShield"],"picked":"JustLucky","floor":11},{"not_picked":["MentalFortress","SignatureMove"],"picked":"ClearTheMind","floor":11},{"not_picked":["FollowUp","Prostrate"],"picked":"FearNoEvil","floor":11},{"not_picked":["FearNoEvil","ThirdEye"],"picked":"CutThroughFate","floor":11},{"not_picked":["Swivel","Protect"],"picked":"Crescendo","floor":11},{"not_picked":["Crescendo","Omniscience","Brilliance"],"picked":"SKIP","floor":13},{"not_picked":["SashWhip","Crescendo"],"picked":"EmptyFist","floor":14},{"not_picked":["Crescendo","Prostrate"],"picked":"BowlingBash","floor":18},{"not_picked":["FlurryOfBlows","EmptyFist+1","SignatureMove"],"picked":"SKIP","floor":19},{"not_picked":["MasterReality","Tantrum"],"picked":"Halt","floor":22},{"not_picked":["Protect","ClearTheMind"],"picked":"SashWhip+1","floor":24},{"not_picked":["Worship+1","WindmillStrike","SashWhip"],"picked":"SKIP","floor":27},{"not_picked":["Protect","BowlingBash"],"picked":"DeceiveReality","floor":28},{"not_picked":["LessonLearned","WaveOfTheHand"],"picked":"Tantrum","floor":29}],"player_experience":1147348,"relics_obtained":[{"floor":7,"key":"Peace Pipe"},{"floor":9,"key":"Mummified Hand"},{"floor":13,"key":"Art of War"},{"floor":26,"key":"Whetstone"}],"event_choices":[{"damage_healed":0,"gold_gain":75,"player_choice":"Touch","damage_taken":7,"max_hp_gain":0,"max_hp_loss":0,"event_name":"FaceTrader","floor":2,"gold_loss":0},{"damage_healed":0,"gold_gain":0,"player_choice":"Ignored","damage_taken":0,"max_hp_gain":0,"max_hp_loss":0,"event_name":"Ghosts","floor":20,"gold_loss":0},{"damage_healed":0,"gold_gain":0,"player_choice":"Opened","damage_taken":0,"relics_obtained":["Gremlin Horn"],"max_hp_gain":0,"max_hp_loss":0,"event_name":"The Mausoleum","floor":21,"gold_loss":0},{"damage_healed":0,"gold_gain":0,"player_choice":"Simplicity","damage_taken":0,"max_hp_gain":0,"max_hp_loss":7,"event_name":"betterThird:BetterWriting","floor":25,"gold_loss":0}],"is_beta":false,"boss_relics":[{"not_picked":["Calling Bell","Runic Dome"],"picked":"Sozu"}],"items_purged_floors":[23],"is_endless":false,"potions_floor_spawned":[1,5,16,19,29],"killed_by":"Slavers","ascension_level":11}}