{"host":"8u9gkmadxi1im6dj","time":1613834213,"event":{"mods":["Act Like it!","Bard","BaseMod","Block Reminder","Colored Map","Colored Powertips","DeckTracker","Downfall","Infinite Spire","Jorbs\u0027s Wanderer Trilogy","Marisa????????","Minty Spire (QoL Compilation)","Pale of the Ancients","Permanent Neow","Quick Restart","Random Character Button","Relic Sorter","Relic Stats","Replay The Spire","Shade Mod","StSLib","The Bug Knight","The Cursed","The IronCluck","The Necromancer","The Servant 0.9.4"],"gold_per_floor":[16,16,16,33,109,109,134,134,134,159,159,174,174,190,190,295,295,315,41,87,101,101,101],"floor_reached":22,"language":"ENG","playtime":847,"items_purged":["Bash"],"score":211,"play_id":"a809ac14-7e6f-42f2-b2a2-4874c7bc2461","local_time":"20210220161653","is_ascension_mode":true,"campfire_choices":[{"data":"Armaments","floor":6,"key":"SMITH"},{"data":"Warcry","floor":8,"key":"SMITH"},{"floor":11,"key":"RECALL"},{"data":"Heavy Blade","floor":15,"key":"SMITH"}],"circlet_count":0,"master_deck":["Strike_R","Strike_R","Strike_R","Strike_R","Strike_R","Defend_R","Defend_R","Defend_R","Defend_R","Warcry+1","Armaments+1","Uppercut+1","ReplayTheSpireMod:Stacked+1","True Grit+1","Thunderclap","Burning Pact+1","Heavy Blade+1","Twin Strike","Limit Break+1","Pommel Strike+1","Seeing Red+1","Metallicize+1","Sentinel+1","Armaments+1","Shrug It Off+1"],"relics":["Black Blood","Prayer Wheel","HollowMod:PaleOreRelic","Toxic Egg 2","Singing Bowl","Golden Egg","Ancient Tea Set","Eternal Feather"],"acts_visited":["Exordium","TheCity"],"potions_floor_usage":[7,16,16],"damage_taken":[{"damage":16,"enemies":"2 Louse","floor":1,"turns":3},{"damage":7,"enemies":"Jaw Worm","floor":4,"turns":3},{"damage":23,"enemies":"3 Sentries","floor":7,"turns":8},{"damage":29,"enemies":"Gremlin Nob","floor":10,"turns":5},{"damage":1,"enemies":"Cultist","floor":12,"turns":3},{"damage":0,"enemies":"Looter","floor":14,"turns":4},{"damage":34,"enemies":"The Guardian","floor":16,"turns":13},{"damage":35,"enemies":"Spheric Guardian","floor":18,"turns":6},{"damage":15,"enemies":"Shell Parasite","floor":21,"turns":8},{"damage":0,"enemies":"Snecko","floor":22,"turns":1}],"seed_played":"4375338459094340147","potions_obtained":[{"floor":1,"key":"Regen Potion"},{"floor":10,"key":"SkillPotion"},{"floor":12,"key":"champ:CounterPotion"},{"floor":18,"key":"Explosive Potion"},{"floor":21,"key":"Block Potion"}],"is_trial":false,"path_per_floor":["M","$","?","M","T","R","E","R","T","E","R","M","?","M","R","B",null,"M","$","?","M","M"],"character_chosen":"IRONCLAD","items_purchased":["Metallicize+1","Ancient Tea Set"],"campfire_rested":0,"item_purchase_floors":[19,19],"current_hp_per_floor":[70,70,58,57,57,57,55,55,55,32,32,37,37,43,43,15,80,57,57,37,36,36,36],"gold":101,"neow_bonus":"ONE_RARE_RELIC","is_daily":false,"chose_seed":false,"campfire_upgraded":3,"win_rate":0.0,"timestamp":1613834213,"path_taken":["M","$","?","M","?","R","E","R","T","E","R","M","?","?","R","BOSS","M","$","?","M","M"],"items_purchased_type":["Card","Relic"],"build_version":"2020-12-22","purchased_purges":1,"victory":false,"max_hp_per_floor":[80,80,80,80,80,80,80,80,80,80,80,80,80,80,80,80,80,80,80,80,82,82,82],"relic_stats":{"Singing Bowl":2,"counters":[10,54],"Black Blood":66,"Prayer Wheel":6,"Eternal Feather":0,"obtain_stats":[{"Golden Egg":10,"Singing Bowl":7,"Black Blood":17,"Prayer Wheel":0,"Eternal Feather":20,"HollowMod:PaleOreRelic":3,"Toxic Egg 2":5,"Ancient Tea Set":19,"Burning Blood":0},{"Golden Egg":4,"Singing Bowl":3,"Black Blood":7,"Prayer Wheel":0,"Eternal Feather":8,"HollowMod:PaleOreRelic":1,"Toxic Egg 2":2,"Ancient Tea Set":8,"Burning Blood":0},{"Golden Egg":19,"Singing Bowl":14,"Black Blood":39,"Prayer Wheel":0,"Eternal Feather":45,"HollowMod:PaleOreRelic":3,"Toxic Egg 2":6,"Ancient Tea Set":45,"Burning Blood":0}]},"card_choices":[{"not_picked":["Sword Boomerang","Life Link"],"picked":"Warcry","floor":1},{"not_picked":["Pummel","Armaments","Iron Wave"],"picked":"SKIP","floor":1},{"not_picked":["Pummel","Iron Wave"],"picked":"Armaments","floor":1},{"not_picked":["Feel No Pain","Disarm"],"picked":"Uppercut","floor":4},{"not_picked":["Sentinel","Dark Embrace","Replay:Undeath\u0027s Touch"],"picked":"SKIP","floor":4},{"not_picked":["Pummel","ReplayTheSpireMod:Strike From Hell"],"picked":"ReplayTheSpireMod:Stacked+1","floor":7},{"not_picked":["Clothesline","Run Through"],"picked":"True Grit+1","floor":10},{"not_picked":["Havoc+1","Perfected Strike"],"picked":"Thunderclap","floor":12},{"not_picked":["Anger","Clash"],"picked":"Burning Pact+1","floor":12},{"not_picked":["Flame Barrier+1","Hemogenesis"],"picked":"Heavy Blade","floor":14},{"not_picked":["ReplayTheSpireMod:Strike From Hell","Clash"],"picked":"Twin Strike","floor":14},{"not_picked":["Replay:Many Hands+1","Eclipse+1"],"picked":"Limit Break+1","floor":16},{"not_picked":["Intimidate+1","Cleave"],"picked":"Pommel Strike+1","floor":18},{"not_picked":["Sword Boomerang","Replay:Undeath\u0027s Touch+1"],"picked":"Seeing Red+1","floor":18},{"not_picked":["Clash","ReplayReversal+1"],"picked":"Sentinel+1","floor":20},{"not_picked":["Fire Breathing","Sword Boomerang"],"picked":"Armaments+1","floor":20},{"not_picked":["Havoc+1","Anger+1"],"picked":"Shrug It Off+1","floor":21},{"not_picked":["Clash","Run Through+1","Replay:Many Hands+1"],"picked":"Singing Bowl","floor":21}],"player_experience":111300,"relics_obtained":[{"floor":5,"key":"Toxic Egg 2"},{"floor":7,"key":"Singing Bowl"},{"floor":10,"key":"Golden Egg"},{"floor":20,"key":"Eternal Feather"}],"event_choices":[{"damage_healed":0,"gold_gain":0,"player_choice":"Success","damage_taken":12,"relics_obtained":["HollowMod:PaleOreRelic"],"max_hp_gain":0,"max_hp_loss":0,"event_name":"Scrap Ooze","floor":3,"gold_loss":0},{"damage_healed":0,"gold_gain":0,"player_choice":"Upgraded","damage_taken":0,"max_hp_gain":0,"max_hp_loss":0,"event_name":"Upgrade Shrine","floor":13,"gold_loss":0,"cards_upgraded":["Uppercut"]}],"is_beta":false,"boss_relics":[{"not_picked":["Tiny House","SacredBark"],"picked":"Black Blood"}],"items_purged_floors":[19],"is_endless":false,"potions_floor_spawned":[1,10,12,18,21],"killed_by":"Snecko","ascension_level":2}}