{"host":"gs0a38e4jr2axiip","time":1613854862,"event":{"mods":["100% Spire Juice","Abigail Mod","Act Like it!","BaseMod","Better Note","BetterRewards","CCEM2","Colored Map","Conspire","Dark Map","Downfall","Exacting","Gensokyo","Hallownest","Highlight Path","Hubris","Infinite Spire","Jedi Mod","Koishi","MarisaÅiñ∂âJÅ@ñÇóùçπÅj","Minty Spire (QoL Compilation)","Permanent Neow","Prisma Mod","Replay The Spire","Ruina","Shop Mod","Spire Arcade","Spire Birthday Party","StSLib","The Gatherer","The Necromancer","The Servant 0.9.4","Unceasing Turn Reminder","Waifu the Spire","Wandering Minibosses","Yuyuko"],"gold_per_floor":[114,114,114,124,124,124,152,152,152,181,181,197,197,232,232,330,330,347,13,39,39,86,86,86,86,86,120,120,120,131,141,141,161,161,260,260,280,280,18,18,18,51,51,51,51,77,102,115,115,115,115,115,115,115,79,112,112],"floor_reached":58,"language":"ENG","playtime":5549,"items_purged":["Barrier"],"score":1289,"play_id":"e5262224-5a96-4948-8caf-65024f7833c7","local_time":"20210220150102","is_ascension_mode":false,"campfire_choices":[{"floor":6.0,"key":"RECALL"},{"floor":8.0,"key":"REST"},{"data":"SilverBlades","floor":11.0,"key":"SMITH"},{"data":"BestPractice","floor":13.0,"key":"SMITH"},{"data":"infinitespire:Execution","floor":15.0,"key":"SMITH"},{"data":"Deny","floor":26.0,"key":"SMITH"},{"data":"Deny","floor":29.0,"key":"SMITH"},{"data":"MurderousAura","floor":34.0,"key":"SMITH"},{"data":"MurderousAura","floor":44,"key":"SMITH"},{"data":"InstantArmor","floor":49,"key":"SMITH"},{"data":"BottledTime","floor":51,"key":"SMITH"},{"data":"Potential","floor":54,"key":"SMITH"}],"circlet_count":0,"master_deck":["Exchange","Moonlight","Luminosity+1","infinitespire:Execution+1","SilverBlades+1","Contraction","TheWorld+1","ShiftingGears","Dilation","Contraction","Potential","Snipe","Deny+1","ShiftingGears","Deny+1","ruina:GoldRush","Revamp","TheWorld+1","InstantArmor+1","Snipe+1","GearUp","Potential+1","MurderousAura+1","InstantArmor+1","hubris:DuctTapeCard","Sabotage+1","Potential+1","BottledTime+1","BottledTime","BottledTime","Alleviate+1"],"relics":["Uniform","Dead Branch","jedi:firstaidkit","Ornamental Fan","ReplayTheSpireMod:TigerMarble","Pandora\u0027s Box","Orichalcum","jedi:arcanewood","hubris:BundleOfHerbs","SplendidAttire","CCEMRelics:CocoNut","Replay:Accelerometer","Coffee Dripper","wanderingMiniBosses:CarrionFlame","CCEMRelics:IronFruit","Broom","hubris:DuctTape","Vajra","infinitespire:WardingShard","Gremlin Food"],"acts_visited":["Exordium","ruina:Briah","Gensokyo:Gensokyoest","TheEnding"],"potions_floor_usage":[57,57,57,57,57,57],"damage_taken":[{"damage":0.0,"enemies":"Jaw Worm","floor":1.0,"turns":5.0},{"damage":0.0,"enemies":"conspire:RoseBush","floor":4.0,"turns":7.0},{"damage":2.0,"enemies":"Small Slimes","floor":7.0,"turns":5.0},{"damage":17.0,"enemies":"3 Sentries","floor":10.0,"turns":9.0},{"damage":4.0,"enemies":"2 Fungi Beasts","floor":12.0,"turns":5.0},{"damage":9.0,"enemies":"Replay:BlueRogue","floor":14.0,"turns":5.0},{"damage":14.0,"enemies":"The Guardian","floor":16.0,"turns":6.0},{"damage":24.0,"enemies":"ruina:BadWolf","floor":18.0,"turns":9.0},{"damage":0.0,"enemies":"ruina:3_Bats","floor":20.0,"turns":9.0},{"damage":14.0,"enemies":"ruina:Mountain","floor":27.0,"turns":6.0},{"damage":0.0,"enemies":"ruina:KingOfGreed","floor":30.0,"turns":2.0},{"damage":0.0,"enemies":"ruina:KnightOfDespair","floor":31.0,"turns":6.0},{"damage":0.0,"enemies":"ruina:Nos_and_Bat","floor":33.0,"turns":2.0},{"damage":9.0,"enemies":"ruina:Red_and_Wolf","floor":35.0,"turns":6.0},{"damage":0.0,"enemies":"Gensokyo:3_Bats","floor":37.0,"turns":5.0},{"damage":0,"enemies":"Gensokyo:Doremy","floor":42,"turns":2},{"damage":14,"enemies":"Gensokyo:Kasen","floor":46,"turns":4},{"damage":0,"enemies":"Gensokyo:3_Boulders","floor":47,"turns":3},{"damage":0,"enemies":"Gensokyo:Dusk_and_Dawn","floor":48,"turns":2},{"damage":0,"enemies":"Gensokyo:Yuyuko","floor":52,"turns":6},{"damage":0,"enemies":"Shield and Spear","floor":56,"turns":3},{"damage":32,"enemies":"The Heart","floor":57,"turns":6}],"seed_played":"-8813929963098307172","potions_obtained":[{"floor":1.0,"key":"BlessingOfTheForge"},{"floor":10.0,"key":"Dexterity Potion"},{"floor":12.0,"key":"PowerPotion"},{"floor":18.0,"key":"ColorlessPotion"},{"floor":30.0,"key":"GamblersBrew"},{"floor":46,"key":"EntropicBrew"}],"is_trial":false,"path_per_floor":["M","?","$","M","?","R","M","R","T","E","R","M","R","E","R","B",null,"M","$","M","?","T","AVR","PTL","PTL","R","E","T","R","M","M","?","M","R","B",null,"M","?","$","?","COS","E","$","R","T","E","M","M","R","T","R","B",null,"R","$","E","B",null],"character_chosen":"THE_SERVANT","items_purchased":["BestPractice","Moonlight","Barrier","Luminosity","Orichalcum","ruina:GoldRush","CCEMRelics:IronFruit","BottledTime"],"campfire_rested":1,"item_purchase_floors":[0,0,0,0,19,19,39,55],"current_hp_per_floor":[65,48,48,51,38,38,39,58,58,65,65,65,65,65,65,51,65,65,65,65,46,46,46,46,46,46,61,61,61,61,70,70,70,70,70,70,70,70,75,75,75,75,75,75,75,68,68,68,68,68,68,68,75,75,75,75,46],"gold":112,"neow_bonus":"","is_daily":false,"chose_seed":false,"campfire_upgraded":10,"win_rate":0.0,"timestamp":1613854862,"path_taken":["M","?","$","M","?","R","?","R","T","E","R","M","R","E","R","BOSS","M","$","M","?","?","AVR","PTL","PTL","R","E","T","R","M","M","?","?","R","BOSS","M","?","$","?","COS","E","?","R","T","E","?","M","R","?","R","BOSS","R","$","E","BOSS"],"items_purchased_type":["Card","Card","Card","Card","Relic","Card","Relic","Card"],"build_version":"2020-12-22","purchased_purges":1,"victory":true,"max_hp_per_floor":[65,65,65,65,65,65,65,65,65,65,65,65,65,65,65,65,65,65,65,65,65,65,65,65,65,65,70,70,70,70,70,70,70,70,70,70,70,70,75,75,75,75,75,75,75,75,75,75,75,75,75,75,75,75,75,75,75],"card_choices":[{"not_picked":["Snipe","Hightail","StarChef"],"picked":"SKIP","floor":1.0},{"not_picked":["hubris:InfiniteBlow","infinitespire:Gouge"],"picked":"infinitespire:Execution","floor":2.0},{"not_picked":["ShatteredReality","Ricochet"],"picked":"Gouge","floor":4.0},{"not_picked":["Rearm","Starlight"],"picked":"SilverBlades","floor":7.0},{"not_picked":["Replace","LightFlow"],"picked":"Contraction","floor":10.0},{"not_picked":["Potential","Spin","Shuttle"],"picked":"SKIP","floor":12.0},{"not_picked":["Ricochet","Replace","DoubleEdge"],"picked":"SKIP","floor":14.0},{"not_picked":["FloweringNight","PendulumOfEternity"],"picked":"TheWorld","floor":16.0},{"not_picked":["Potential","FanOfKnives"],"picked":"BottledTime","floor":18.0},{"not_picked":["Potential","WasteNot+1"],"picked":"Revamp","floor":20.0},{"not_picked":["Manipulate","Shuttle+1"],"picked":"InstantArmor+1","floor":27.0},{"not_picked":["ShatteredReality","Spin+1","Revamp+1"],"picked":"SKIP","floor":30.0},{"not_picked":["SpecialFormula","Ricochet"],"picked":"Snipe+1","floor":31.0},{"not_picked":["Replace","Moonlight"],"picked":"MurderousAura","floor":33.0},{"not_picked":["Rewind","Sabotage+1"],"picked":"Potential+1","floor":33.0},{"not_picked":["FloweringNight","ForgedInTime"],"picked":"MurderousAura","floor":35.0},{"not_picked":["Shuttle+1","Snipe"],"picked":"InstantArmor","floor":37.0},{"not_picked":["Spin","Misdirection","GearUp+1"],"picked":"SKIP","floor":42},{"not_picked":["Defy","DoubleEdge"],"picked":"Sabotage+1","floor":46},{"not_picked":["Revamp+1","Alleviate"],"picked":"Potential","floor":47},{"not_picked":["Ricochet+1","DoubleEdge"],"picked":"BottledTime","floor":48},{"not_picked":["BestPractice","Sabotage+1"],"picked":"Alleviate+1","floor":56}],"player_experience":793696,"relics_obtained":[{"floor":10.0,"key":"Ornamental Fan"},{"floor":14.0,"key":"ReplayTheSpireMod:TigerMarble"},{"floor":22.0,"key":"jedi:arcanewood"},{"floor":27.0,"key":"CCEMRelics:CocoNut"},{"floor":28.0,"key":"Replay:Accelerometer"},{"floor":37.0,"key":"wanderingMiniBosses:CarrionFlame"},{"floor":42,"key":"Broom"},{"floor":45,"key":"hubris:DuctTape"},{"floor":46,"key":"Vajra"},{"floor":50,"key":"infinitespire:WardingShard"},{"floor":56,"key":"Gremlin Food"}],"event_choices":[{"damage_healed":0.0,"max_hp_gain":0.0,"max_hp_loss":0.0,"gold_gain":0.0,"event_name":"Shining Light","player_choice":"Entered Light","floor":5.0,"gold_loss":0.0,"damage_taken":13.0,"cards_upgraded":["Strike_S","Luminosity"]}],"is_beta":false,"boss_relics":[{"not_picked":["Runic Dome","Kintsugi"],"picked":"Pandora\u0027s Box"},{"not_picked":["MysterySword","Replay:Wanted Poster"],"picked":"Coffee Dripper"}],"items_purged_floors":[23],"is_endless":false,"potions_floor_spawned":[1,10,12,14,18,20,30,31,37,46,47,48],"ascension_level":0}}