{"host":"mc5v85iuptizxtr7","time":1613862126,"event":{"mods":["AchievementEnabler","Ascension Reborn","Aspiration","Bard","BaseMod","BetterRewards","Colored Map","Colored Powertips","Conspire","DeckTracker","Downfall","Hermit","Highlight Path","Hubris","Infinite Spire","Minty Spire (QoL Compilation)","Rare Cards Sparkle","Relic Stats","Shop Mod","StSLib","Synergy Search","The Animator","The Bladedancer","The Bug Knight","The Cursed","The Forsaken","The Necromancer","UnlockEverythingMod"],"gold_per_floor":[121,139,349,372,389,419,485,485,485,498,554,568,605,619,633,772,786,831,867,439,558,558,595,835,835,900,932,956,968,1008,1030,1030,1144,1144,1168,1187,1209,1249,1271,1271,1301,1325,1325,1337,1377,970,990,1013,1013,1133,1133,1155,1176,1196,1226,1226,1226,1255,1255,1313,1324,1351,1351,1397,1414,1414,1537,1537,1550,123,123,146,167,167,201,201,201,215,246,246,246,260,260,358,369,381,381,394,394,409,409,468,468,468,484,384,384,401,430,430,551,551,551],"floor_reached":102,"language":"DEU","playtime":6031,"items_purged":[],"score":250,"play_id":"77b11e43-b3a0-4bc3-9b7a-26518b17264b","local_time":"20210221000206","is_ascension_mode":true,"campfire_choices":[{"data":"Creative AI","floor":8,"key":"SMITH"},{"floor":15,"key":"RECALL"},{"data":"Storm","floor":32,"key":"SMITH"},{"data":"Electrodynamics","floor":40,"key":"SMITH"},{"data":"Biased Cognition","floor":49,"key":"SMITH"},{"data":"Ball Lightning","floor":57,"key":"SMITH"},{"data":"1","floor":59,"key":"LIFT"},{"data":"2","floor":63,"key":"LIFT"},{"data":"3","floor":66,"key":"LIFT"},{"data":"Loop","floor":74,"key":"SMITH"},{"data":"Storm","floor":76,"key":"SMITH"},{"data":"Ball Lightning","floor":80,"key":"SMITH"},{"data":"Self Repair","floor":83,"key":"SMITH"},{"floor":91,"key":"REST"},{"floor":93,"key":"REST"},{"floor":100,"key":"REST"}],"circlet_count":0,"master_deck":["conspire:GhostlyStrike+1","conspire:GhostlyStrike+1","conspire:GhostlyStrike+1","conspire:GhostlyStrike+1","conspire:GhostlyDefend+1","conspire:GhostlyDefend+1","conspire:GhostlyDefend+1","conspire:GhostlyDefend+1","Zap+1","Dualcast+1","Conserve Battery+1","Creative AI+1","Compile Driver+1","Self Repair+1","Ball Lightning+1","Fission+1","Redo+1","Redo+1","White Noise+1","conspire:Rain+1","Ball Lightning+1","Tempest+1","Redo+1","Redo+1","Lockon+1","hubris:PowerSurge+1","hubris:Rewind+1","White Noise+1","hubris:DuctTapeCard","Go for the Eyes+1","Biased Cognition+1","Fission+1","Storm+1","infinitespire:FutureSight+1","Redo+1","Chaos+1","White Noise+1","Loop+1","hubris:DoWhile+1","Redo+1","infinitespire:Collect+1","Cold Snap+1","Rainbow+1"],"relics":["Cracked Core","aspiration:Nostalgia","bronze:BronzeCore","Eternal Feather","hubris:TenFootPole","Ornamental Fan","HornCleat","MawBank","infinitespire:CursedDice","Toxic Egg 2","Emotion Chip","Black Star","Strange Spoon","infinitespire:Magic Flask","Boot","aspiration:RitualStick","InkBottle","White Beast Statue","aspiration:Lifesprig","SlaversCollar","Mummified Hand","hubris:BallOfYels","Bronze Scales","infinitespire:CheckeredPen","Question Card","Smiling Mask","hubris:GlazedTorus","aspiration:PoetsPen_weak","Toy Ornithopter","DataDisk","Bag of Marbles","conspire:Dentures","hubris:DuctTape","infinitespire:EmpoweringShard","infinitespire:Satchel","hubris:PeanutButter","Nunchaku","infinitespire:SolderingIron","ClockworkSouvenir","Vajra","infinitespire:Golems Mask","aspiration:SecretTechniqueScroll","CeramicFish","Odd Mushroom","Girya","The Courier","Anchor","hubris:OldNail","Lantern","hubris:ToyBattleship","PreservedInsect","infinitespire:Lychee Nut","aspiration:RunicSpoon","Omamori","Lee\u0027s Waffle","aspiration:FrozenJewel","Turnip","Gambling Chip","hubris:Spice","theForsaken:Lifeblossom","Whetstone","Pen Nib","Busted Crown","hubris:RGBLights","hubris:DeckOfHolding","aspiration:AnachronicSnailShell","Du-Vu Doll","Fusion Hammer"],"acts_visited":["Exordium","TheCity","TheBeyond","Exordium","TheCity","TheBeyond","Exordium"],"potions_floor_usage":[6,16,18,19,23,23,27,27,30,31,33,35,36,39,39,41,41,42,42,50,50,58,58,58,75,75,98,98,101,101],"damage_taken":[{"damage":0,"enemies":"conspire:RoseBush","floor":1,"turns":1},{"damage":0,"enemies":"2 Louse","floor":2,"turns":2},{"damage":0,"enemies":"Cultist","floor":4,"turns":1},{"damage":0,"enemies":"Looter","floor":5,"turns":2},{"damage":0,"enemies":"Lagavulin","floor":6,"turns":4},{"damage":0,"enemies":"Gremlin Nob","floor":7,"turns":2},{"damage":0,"enemies":"2 Fungi Beasts","floor":10,"turns":2},{"damage":0,"enemies":"3 Sentries","floor":11,"turns":5},{"damage":0,"enemies":"Lots of Slimes","floor":13,"turns":3},{"damage":5,"enemies":"Slime Boss","floor":16,"turns":6},{"damage":0,"enemies":"2 Thieves","floor":18,"turns":3},{"damage":0,"enemies":"conspire:FuzzyDice","floor":19,"turns":3},{"damage":0,"enemies":"Gremlin Leader","floor":23,"turns":4},{"damage":0,"enemies":"Slavers","floor":27,"turns":3},{"damage":0,"enemies":"Chosen and Byrds","floor":28,"turns":2},{"damage":0,"enemies":"Shelled Parasite and Fungi","floor":29,"turns":2},{"damage":0,"enemies":"conspire:SneckoGhost","floor":30,"turns":2},{"damage":5,"enemies":"Snake Plant","floor":31,"turns":2},{"damage":0,"enemies":"Automaton","floor":33,"turns":3},{"damage":0,"enemies":"3 Darklings","floor":35,"turns":2},{"damage":0,"enemies":"Orb Walker","floor":36,"turns":1},{"damage":0,"enemies":"Sphere and 2 Shapes","floor":37,"turns":1},{"damage":0,"enemies":"conspire:MimicChest","floor":38,"turns":2},{"damage":0,"enemies":"Maw","floor":39,"turns":2},{"damage":16,"enemies":"Nightmare","floor":41,"turns":3},{"damage":0,"enemies":"HollowMod:SlobberingHusk","floor":42,"turns":2},{"damage":0,"enemies":"4 Shapes","floor":44,"turns":1},{"damage":0,"enemies":"Nemesis","floor":45,"turns":1},{"damage":0,"enemies":"Writhing Mass","floor":47,"turns":1},{"damage":0,"enemies":"Transient","floor":48,"turns":4},{"damage":4,"enemies":"Time Eater","floor":50,"turns":3},{"damage":0,"enemies":"2 Louse","floor":52,"turns":1},{"damage":0,"enemies":"Small Slimes","floor":53,"turns":1},{"damage":0,"enemies":"Cultist","floor":54,"turns":1},{"damage":0,"enemies":"The Mushroom Lair","floor":55,"turns":1},{"damage":0,"enemies":"Nightmare","floor":58,"turns":1},{"damage":0,"enemies":"3 Louse","floor":62,"turns":1},{"damage":0,"enemies":"Gremlin Nob","floor":64,"turns":1},{"damage":0,"enemies":"Looter","floor":65,"turns":1},{"damage":0,"enemies":"Slime Boss","floor":67,"turns":1},{"damage":0,"enemies":"2 Thieves","floor":69,"turns":1},{"damage":0,"enemies":"Chosen","floor":72,"turns":1},{"damage":0,"enemies":"3 Cultists","floor":73,"turns":1},{"damage":0,"enemies":"Gremlin Leader","floor":75,"turns":1},{"damage":0,"enemies":"Centurion and Healer","floor":78,"turns":1},{"damage":0,"enemies":"Slavers","floor":79,"turns":1},{"damage":0,"enemies":"Snecko","floor":82,"turns":1},{"damage":0,"enemies":"conspire:MysteriousRune","floor":84,"turns":1},{"damage":0,"enemies":"3 Darklings","floor":86,"turns":1},{"damage":0,"enemies":"3 Shapes","floor":88,"turns":1},{"damage":0,"enemies":"Writhing Mass","floor":90,"turns":1},{"damage":0,"enemies":"2 Orb Walkers","floor":92,"turns":1},{"damage":0,"enemies":"4 Shapes","floor":95,"turns":1},{"damage":0,"enemies":"Spire Growth","floor":98,"turns":1},{"damage":0,"enemies":"3 Darklings","floor":99,"turns":1},{"damage":0,"enemies":"Time Eater","floor":101,"turns":1}],"seed_played":"-4682139909465224625","potions_obtained":[{"floor":1,"key":"DuplicationPotion"},{"floor":1,"key":"PotionOfCapacity"},{"floor":2,"key":"Swift Potion"},{"floor":4,"key":"EssenceOfSteel"},{"floor":6,"key":"champ:CounterPotion"},{"floor":7,"key":"CultistPotion"},{"floor":16,"key":"Explosive Potion"},{"floor":18,"key":"AttackPotion"},{"floor":19,"key":"Energy Potion"},{"floor":23,"key":"Fruit Juice"},{"floor":23,"key":"DistilledChaos"},{"floor":27,"key":"Guardian:BlockOnCardUsePotion"},{"floor":27,"key":"GamblersBrew"},{"floor":28,"key":"Dexterity Potion"},{"floor":29,"key":"Regen Potion"},{"floor":29,"key":"Block Potion"},{"floor":30,"key":"SkillPotion"},{"floor":31,"key":"Weak Potion"},{"floor":31,"key":"AttackPotion"},{"floor":33,"key":"Fruit Juice"},{"floor":33,"key":"Explosive Potion"},{"floor":35,"key":"PotionOfCapacity"},{"floor":36,"key":"LiquidBronze"},{"floor":37,"key":"Guardian:BlockOnCardUsePotion"},{"floor":37,"key":"EssenceOfSteel"},{"floor":38,"key":"Fire Potion"},{"floor":39,"key":"DuplicationPotion"},{"floor":39,"key":"BlessingOfTheForge"},{"floor":41,"key":"PotionOfCapacity"},{"floor":41,"key":"Swift Potion"},{"floor":42,"key":"infinitespire:BlackPotion"},{"floor":42,"key":"SteroidPotion"},{"floor":44,"key":"DuplicationPotion"},{"floor":50,"key":"BlessingOfTheForge"},{"floor":50,"key":"Energy Potion"},{"floor":58,"key":"Dexterity Potion"},{"floor":58,"key":"sneckomod:MuddlingPotion"},{"floor":62,"key":"DuplicationPotion"},{"floor":75,"key":"PowerPotion"},{"floor":78,"key":"Dexterity Potion"},{"floor":99,"key":"champ:CounterPotion"},{"floor":101,"key":"DuplicationPotion"},{"floor":101,"key":"LiquidBronze"}],"is_trial":false,"path_per_floor":["M","M","?","M","M","E","?","R","T","M","E","?","M","?","R","B",null,"M","M","$","?","?","E","?","AVR","T","E","M","M","E","M","R","B",null,"M","M","M","?","M","R","NM","M","T","M","E","$","M","M","R","B",null,"M","M","M","?","?","R","NM","R","T","AVR","M","R","E","M","R","B",null,"M","$","?","M","M","R","E","R","T","M","E","R","?","M","R","B",null,"M","?","M","?","M","R","?","R","T","M","NS","?","M","M","R","B",null],"character_chosen":"DEFECT","items_purchased":["Strange Spoon","infinitespire:Magic Flask","Boot","Nunchaku","infinitespire:SolderingIron","ClockworkSouvenir","Omamori","Lee\u0027s Waffle","aspiration:FrozenJewel","Turnip","Gambling Chip","hubris:Spice","theForsaken:Lifeblossom","hubris:Spice"],"campfire_rested":3,"item_purchase_floors":[20,20,20,46,46,46,70,70,70,70,70,70,70,70],"current_hp_per_floor":[79,79,79,79,79,79,79,79,79,79,79,79,79,79,79,80,83,83,83,83,83,75,88,88,88,88,88,88,88,88,83,88,97,97,97,97,97,97,97,97,81,97,97,97,97,97,97,97,97,99,101,101,101,101,101,101,101,101,101,101,101,101,101,101,101,101,78,78,78,101,101,101,101,101,93,93,77,77,77,77,77,77,77,81,81,81,81,81,81,81,81,73,73,73,73,73,73,73,73,73,77,77,77],"gold":551,"neow_bonus":"NOSTALGIA","is_daily":false,"chose_seed":false,"campfire_upgraded":9,"win_rate":0.0,"timestamp":1613862126,"path_taken":["M","M","?","M","M","E","?","R","T","M","E","?","M","?","R","BOSS","M","M","$","?","?","E","?","AVR","T","E","M","M","E","M","R","BOSS","M","?","?","?","M","R","NM","M","T","M","E","$","M","M","R","BOSS","M","M","M","?","?","R","NM","R","T","AVR","M","R","E","M","R","BOSS","M","$","?","M","M","R","E","R","T","M","E","R","?","M","R","BOSS","M","?","?","?","M","R","?","R","T","?","NS","?","M","M","R","BOSS"],"items_purchased_type":["Relic","Relic","Relic","Relic","Relic","Relic","Relic","Relic","Relic","Relic","Relic","Relic","Relic","Relic"],"build_version":"2020-12-22","purchased_purges":0,"victory":false,"max_hp_per_floor":[79,79,79,79,79,79,79,79,79,79,79,79,79,79,79,83,83,83,83,83,83,83,88,88,88,88,88,88,88,88,88,88,97,97,97,97,97,97,97,97,97,97,97,97,97,97,97,97,97,101,101,101,101,101,101,101,101,101,101,101,101,101,101,101,101,101,78,78,78,101,101,101,101,101,93,93,77,77,77,77,77,77,77,81,81,81,81,81,81,81,81,73,73,73,73,73,73,73,73,73,77,77,77],"relic_stats":{"CeramicFish":121,"Whetstone":["Compile Driver","Ball Lightning"],"Boot":[6],"Smiling Mask":0,"aspiration:RitualStick":[0],"Emotion Chip":[13,13,0,0,0],"Nunchaku":[5],"Mummified Hand":[122],"Gambling Chip":[29],"InkBottle":[38],"Lee\u0027s Waffle":7,"counters":[56,100],"aspiration:RunicSpoon":[29],"Eternal Feather":5,"PreservedInsect":107,"Pen Nib":[1],"MawBank":140,"Question Card":55,"Strange Spoon":[27],"Busted Crown":26,"Ornamental Fan":[124],"Bronze Scales":[70],"Turnip":[0],"Black Star":9,"obtain_stats":[{"hubris:BallOfYels":26,"CeramicFish":52,"Vajra":48,"aspiration:PoetsPen_weak":34,"Whetstone":75,"Boot":20,"aspiration:RitualStick":22,"HornCleat":9,"infinitespire:SolderingIron":46,"infinitespire:Golems Mask":50,"hubris:DeckOfHolding":94,"Fusion Hammer":102,"Toxic Egg 2":14,"hubris:RGBLights":94,"conspire:Dentures":41,"Girya":58,"hubris:DuctTape":42,"aspiration:Nostalgia":0,"Eternal Feather":6,"Pen Nib":79,"infinitespire:Magic Flask":20,"Question Card":30,"aspiration:FrozenJewel":70,"Du-Vu Doll":101,"SlaversCollar":25,"infinitespire:Lychee Nut":67,"Bronze Scales":27,"hubris:PeanutButter":45,"hubris:TenFootPole":7,"Black Star":17,"infinitespire:EmpoweringShard":43,"hubris:ToyBattleship":64,"aspiration:Lifesprig":25,"Lantern":61,"bronze:BronzeCore":0,"theForsaken:Lifeblossom":70,"Smiling Mask":30,"ClockworkSouvenir":46,"Emotion Chip":16,"Nunchaku":46,"Mummified Hand":26,"Gambling Chip":70,"aspiration:AnachronicSnailShell":99,"Cracked Core":0,"InkBottle":23,"hubris:GlazedTorus":33,"Lee\u0027s Waffle":70,"infinitespire:CursedDice":11,"aspiration:RunicSpoon":68,"The Courier":58,"PreservedInsect":64,"Omamori":70,"infinitespire:CheckeredPen":27,"aspiration:SecretTechniqueScroll":51,"Odd Mushroom":55,"MawBank":10,"White Beast Statue":23,"Strange Spoon":20,"DataDisk":39,"Anchor":60,"Busted Crown":85,"Ornamental Fan":9,"hubris:Spice":70,"infinitespire:Satchel":45,"Turnip":70,"Bag of Marbles":41,"Toy Ornithopter":38,"hubris:OldNail":60},{"hubris:BallOfYels":13,"CeramicFish":32,"Vajra":30,"aspiration:PoetsPen_weak":19,"Whetstone":44,"Boot":12,"aspiration:RitualStick":12,"HornCleat":6,"infinitespire:SolderingIron":28,"infinitespire:Golems Mask":31,"hubris:DeckOfHolding":52,"Fusion Hammer":56,"Toxic Egg 2":9,"hubris:RGBLights":52,"conspire:Dentures":25,"Girya":36,"hubris:DuctTape":26,"aspiration:Nostalgia":0,"Eternal Feather":5,"Pen Nib":46,"infinitespire:Magic Flask":12,"Question Card":17,"aspiration:FrozenJewel":41,"Du-Vu Doll":56,"SlaversCollar":13,"infinitespire:Lychee Nut":40,"Bronze Scales":14,"hubris:PeanutButter":28,"hubris:TenFootPole":5,"Black Star":10,"infinitespire:EmpoweringShard":26,"hubris:ToyBattleship":38,"aspiration:Lifesprig":13,"Lantern":36,"bronze:BronzeCore":0,"theForsaken:Lifeblossom":41,"Smiling Mask":17,"ClockworkSouvenir":28,"Emotion Chip":10,"Nunchaku":28,"Mummified Hand":13,"Gambling Chip":41,"aspiration:AnachronicSnailShell":55,"Cracked Core":0,"InkBottle":13,"hubris:GlazedTorus":19,"Lee\u0027s Waffle":41,"infinitespire:CursedDice":8,"aspiration:RunicSpoon":40,"The Courier":36,"PreservedInsect":38,"Omamori":41,"infinitespire:CheckeredPen":14,"aspiration:SecretTechniqueScroll":31,"Odd Mushroom":35,"MawBank":7,"White Beast Statue":13,"Strange Spoon":12,"DataDisk":24,"Anchor":36,"Busted Crown":48,"Ornamental Fan":6,"hubris:Spice":41,"infinitespire:Satchel":28,"Turnip":41,"Bag of Marbles":25,"Toy Ornithopter":23,"hubris:OldNail":36},{"hubris:BallOfYels":38,"CeramicFish":76,"Vajra":72,"aspiration:PoetsPen_weak":52,"Whetstone":88,"Boot":34,"aspiration:RitualStick":34,"HornCleat":12,"infinitespire:SolderingIron":67,"infinitespire:Golems Mask":75,"hubris:DeckOfHolding":96,"Fusion Hammer":100,"Toxic Egg 2":22,"hubris:RGBLights":96,"conspire:Dentures":63,"Girya":80,"hubris:DuctTape":65,"aspiration:Nostalgia":0,"Eternal Feather":10,"Pen Nib":90,"infinitespire:Magic Flask":34,"Question Card":47,"aspiration:FrozenJewel":85,"Du-Vu Doll":100,"SlaversCollar":38,"infinitespire:Lychee Nut":84,"Bronze Scales":41,"hubris:PeanutButter":67,"hubris:TenFootPole":10,"Black Star":28,"infinitespire:EmpoweringShard":65,"hubris:ToyBattleship":82,"aspiration:Lifesprig":38,"Lantern":80,"bronze:BronzeCore":0,"theForsaken:Lifeblossom":85,"Smiling Mask":47,"ClockworkSouvenir":67,"Emotion Chip":28,"Nunchaku":67,"Mummified Hand":38,"Gambling Chip":85,"aspiration:AnachronicSnailShell":99,"Cracked Core":0,"InkBottle":38,"hubris:GlazedTorus":52,"Lee\u0027s Waffle":85,"infinitespire:CursedDice":19,"aspiration:RunicSpoon":84,"The Courier":80,"PreservedInsect":82,"Omamori":85,"infinitespire:CheckeredPen":41,"aspiration:SecretTechniqueScroll":75,"Odd Mushroom":79,"MawBank":14,"White Beast Statue":38,"Strange Spoon":34,"DataDisk":60,"Anchor":80,"Busted Crown":92,"Ornamental Fan":12,"hubris:Spice":85,"infinitespire:Satchel":67,"Turnip":85,"Bag of Marbles":63,"Toy Ornithopter":58,"hubris:OldNail":80}],"Toy Ornithopter":14},"card_choices":[{"not_picked":["Recycle+1","Compile Driver"],"picked":"Conserve Battery+1","floor":1},{"not_picked":["Redo+1","Steam+1"],"picked":"Ball Lightning","floor":2},{"not_picked":["Force Field","Stack"],"picked":"Ball Lightning","floor":4},{"not_picked":["Hologram+1","conspire:SharedLibrary"],"picked":"Storm","floor":5},{"not_picked":["Lockon","Turbo"],"picked":"Creative AI","floor":6},{"not_picked":["conspire:Rain","Lockon","Leap+1"],"picked":"SKIP","floor":6},{"not_picked":["Chill","Hologram"],"picked":"Compile Driver","floor":7},{"not_picked":["Go for the Eyes","Scrape","Rebound"],"picked":"SKIP","floor":10},{"not_picked":["Double Energy","Beam Cell+1"],"picked":"Self Repair","floor":11},{"not_picked":["Sweeping Beam","Go for the Eyes","Conserve Battery"],"picked":"SKIP","floor":11},{"not_picked":["Rebound","Leap"],"picked":"Ball Lightning","floor":13},{"not_picked":["All For One","Core Surge"],"picked":"Fission+1","floor":16},{"not_picked":["Self Repair","Go for the Eyes+1","Beam Cell"],"picked":"SKIP","floor":18},{"not_picked":["Beam Cell+1","Skim+1"],"picked":"Redo+1","floor":19},{"not_picked":["Coolheaded+1","Streamline+1"],"picked":"Redo+1","floor":23},{"not_picked":["Sunder","Rebound"],"picked":"White Noise+1","floor":27},{"not_picked":["Coolheaded+1","Leap+1"],"picked":"conspire:Rain+1","floor":28},{"not_picked":["Go for the Eyes+1","Fusion+1"],"picked":"Ball Lightning+1","floor":29},{"not_picked":["Leap+1","Conserve Battery+1"],"picked":"Tempest+1","floor":30},{"not_picked":["Stack+1","Streamline+1","Hologram+1","Cold Snap+1"],"picked":"SKIP","floor":31},{"not_picked":["Buffer","Biased Cognition","Thunder Strike"],"picked":"Electrodynamics","floor":33},{"not_picked":["FTL+1","Sweeping Beam+1","Beam Cell+1"],"picked":"Redo+1","floor":35},{"not_picked":["Cold Snap+1","Beam Cell","Leap+1"],"picked":"Redo+1","floor":36},{"not_picked":["Gash","Stack+1","Darkness+1"],"picked":"Lockon+1","floor":37},{"not_picked":["Beam Cell","Steam+1","Sunder+1"],"picked":"hubris:PowerSurge+1","floor":39},{"not_picked":["infinitespire:TheBestDefense","infinitespire:DeathsTouch"],"picked":"hubris:Rewind","floor":41},{"not_picked":["Hologram+1","Steam+1","FTL+1"],"picked":"White Noise+1","floor":41},{"not_picked":["Darkness+1","Turbo+1","Scrape+1"],"picked":"Go for the Eyes+1","floor":42},{"not_picked":["Coolheaded+1","Turbo+1","Barrage","Hologram+1"],"picked":"SKIP","floor":44},{"not_picked":["Conserve Battery+1","Coolheaded+1","Rebound+1"],"picked":"Biased Cognition","floor":45},{"not_picked":["Coolheaded+1","Streamline+1","Steam+1","Steam Power+1"],"picked":"SKIP","floor":47},{"not_picked":["Ball Lightning+1","Reprogram+1","Steam+1","Gash"],"picked":"SKIP","floor":48},{"not_picked":["hubris:SpecializedCircuitry","hubris:DoWhile+1","Buffer"],"picked":"Fission+1","floor":50},{"not_picked":["Force Field+1","Coolheaded+1","Ball Lightning+1","Steam+1"],"picked":"SKIP","floor":52},{"not_picked":["Streamline","conspire:SharedLibrary+1","Hello World+1","Rebound"],"picked":"SKIP","floor":53},{"not_picked":["Doom and Gloom","Genetic Algorithm+1","Go for the Eyes+1","Chill+1"],"picked":"SKIP","floor":54},{"not_picked":["conspire:Rain+1","Streamline+1","Double Energy+1"],"picked":"Storm","floor":58},{"not_picked":["Reinforced Body+1","Genetic Algorithm+1","Coolheaded+1","Sweeping Beam+1"],"picked":"SKIP","floor":58},{"not_picked":["Go for the Eyes","Conserve Battery+1","Ball Lightning"],"picked":"Redo+1","floor":62},{"not_picked":["FTL+1","Gash","Skim+1"],"picked":"Chaos+1","floor":64},{"not_picked":["Leap+1","Beam Cell","Compile Driver"],"picked":"White Noise+1","floor":64},{"not_picked":["Conserve Battery+1","Redo+1","Leap+1"],"picked":"Loop","floor":65},{"not_picked":["hubris:Prefetch+1","Multi-Cast+1","hubris:SpecializedCircuitry"],"picked":"hubris:DoWhile+1","floor":67},{"not_picked":["Fusion+1","Force Field+1","Skim+1","Barrage"],"picked":"SKIP","floor":69},{"not_picked":["Beam Cell","Auto Shields+1","Sweeping Beam"],"picked":"Redo+1","floor":72},{"not_picked":["Streamline+1","Glacier+1","Consume+1","Leap+1"],"picked":"SKIP","floor":73},{"not_picked":["Streamline+1","Glacier+1","Consume+1","Leap+1"],"picked":"SKIP","floor":73},{"not_picked":["Conserve Battery+1","BootSequence+1","Amplify+1","Go for the Eyes+1"],"picked":"SKIP","floor":75},{"not_picked":["Gash+1","Rebound","Leap+1","Steam+1"],"picked":"SKIP","floor":78},{"not_picked":["Darkness+1","Scrape","Recycle+1","All For One"],"picked":"SKIP","floor":79},{"not_picked":["Hologram+1","Go for the Eyes","hubris:SpiceAddiction","Barrage"],"picked":"SKIP","floor":82},{"not_picked":["infinitespire:Execution","infinitespire:FutureSight"],"picked":"infinitespire:Collect","floor":85},{"not_picked":["Glacier+1","hubris:SpiceAddiction"],"picked":"SKIP","floor":86},{"not_picked":["hubris:SpiceAddiction","hubris:SpiceAddiction"],"picked":"SKIP","floor":88},{"not_picked":["Coolheaded+1","FTL+1"],"picked":"SKIP","floor":90},{"not_picked":["Compile Driver+1","Turbo+1"],"picked":"SKIP","floor":95},{"not_picked":["Rebound","Steam+1"],"picked":"SKIP","floor":98},{"not_picked":["Beam Cell+1"],"picked":"Cold Snap+1","floor":99},{"not_picked":["All For One"],"picked":"Rainbow+1","floor":101}],"player_experience":178267,"relics_obtained":[{"floor":6,"key":"Eternal Feather"},{"floor":9,"key":"Ornamental Fan"},{"floor":9,"key":"HornCleat"},{"floor":10,"key":"MawBank"},{"floor":11,"key":"infinitespire:CursedDice"},{"floor":14,"key":"Toxic Egg 2"},{"floor":16,"key":"Emotion Chip"},{"floor":23,"key":"InkBottle"},{"floor":23,"key":"White Beast Statue"},{"floor":26,"key":"Mummified Hand"},{"floor":26,"key":"hubris:BallOfYels"},{"floor":27,"key":"Bronze Scales"},{"floor":27,"key":"infinitespire:CheckeredPen"},{"floor":30,"key":"Question Card"},{"floor":30,"key":"Smiling Mask"},{"floor":33,"key":"hubris:GlazedTorus"},{"floor":38,"key":"Toy Ornithopter"},{"floor":39,"key":"DataDisk"},{"floor":41,"key":"Bag of Marbles"},{"floor":41,"key":"conspire:Dentures"},{"floor":42,"key":"hubris:DuctTape"},{"floor":43,"key":"infinitespire:EmpoweringShard"},{"floor":45,"key":"infinitespire:Satchel"},{"floor":45,"key":"hubris:PeanutButter"},{"floor":48,"key":"Vajra"},{"floor":50,"key":"infinitespire:Golems Mask"},{"floor":52,"key":"CeramicFish"},{"floor":55,"key":"Odd Mushroom"},{"floor":58,"key":"Girya"},{"floor":58,"key":"The Courier"},{"floor":60,"key":"Anchor"},{"floor":60,"key":"hubris:OldNail"},{"floor":64,"key":"hubris:ToyBattleship"},{"floor":64,"key":"PreservedInsect"},{"floor":67,"key":"infinitespire:Lychee Nut"},{"floor":75,"key":"hubris:Spice"},{"floor":75,"key":"Whetstone"},{"floor":77,"key":"hubris:Spice"},{"floor":77,"key":"hubris:Spice"},{"floor":79,"key":"Pen Nib"},{"floor":92,"key":"hubris:Spice"},{"floor":94,"key":"hubris:RGBLights"},{"floor":94,"key":"hubris:DeckOfHolding"},{"floor":99,"key":"aspiration:AnachronicSnailShell"},{"floor":101,"key":"Du-Vu Doll"}],"event_choices":[{"damage_healed":0,"gold_gain":175,"player_choice":"AGREE","damage_taken":0,"max_hp_gain":0,"max_hp_loss":0,"event_name":"Liars Game","floor":3,"gold_loss":0,"cards_obtained":["Doubt"]},{"damage_healed":0,"gold_gain":0,"player_choice":"Searched \u00273\u0027 times","damage_taken":0,"relics_obtained":["hubris:TenFootPole"],"max_hp_gain":0,"max_hp_loss":0,"event_name":"Dead Adventurer","floor":7,"gold_loss":0},{"damage_healed":0,"gold_gain":0,"player_choice":"Relic","damage_taken":0,"max_hp_gain":0,"max_hp_loss":0,"event_name":"Wheel of Change","floor":14,"gold_loss":0},{"damage_healed":0,"gold_gain":99,"player_choice":"Stole From Cult","damage_taken":0,"max_hp_gain":0,"max_hp_loss":0,"event_name":"Nest","floor":21,"gold_loss":0},{"damage_healed":0,"gold_gain":200,"player_choice":"Gold","damage_taken":0,"max_hp_gain":0,"max_hp_loss":0,"event_name":"Wheel of Change","floor":24,"gold_loss":0},{"damage_healed":0,"gold_gain":0,"player_choice":"Fought Mushrooms","damage_taken":0,"max_hp_gain":0,"max_hp_loss":0,"event_name":"Mushrooms","floor":55,"gold_loss":0},{"damage_healed":0,"gold_gain":0,"player_choice":"Agree","damage_taken":0,"max_hp_gain":0,"max_hp_loss":0,"event_name":"conspire:LoneGhost","floor":56,"gold_loss":0},{"damage_healed":0,"gold_gain":0,"player_choice":"Ignored","damage_taken":0,"max_hp_gain":0,"max_hp_loss":0,"event_name":"Ghosts","floor":71,"gold_loss":0},{"cards_removed":["Doubt"],"damage_healed":0,"gold_gain":0,"player_choice":"Removed Curses","damage_taken":0,"max_hp_gain":0,"max_hp_loss":0,"event_name":"Fountain of Cleansing","floor":87,"gold_loss":0},{"damage_healed":0,"gold_gain":0,"player_choice":"Memory 1","damage_taken":0,"max_hp_gain":0,"max_hp_loss":0,"event_name":"SensoryStone","floor":89,"gold_loss":0},{"damage_healed":0,"gold_gain":0,"player_choice":"Fight","damage_taken":0,"max_hp_gain":0,"max_hp_loss":0,"event_name":"Mysterious Sphere","floor":92,"gold_loss":0},{"damage_healed":0,"gold_gain":0,"player_choice":"Bought 0 Potions","damage_taken":0,"max_hp_gain":0,"max_hp_loss":0,"event_name":"The Woman in Blue","floor":97,"gold_loss":0}],"is_beta":false,"boss_relics":[{"not_picked":["Pandora\u0027s Box","Nuclear Battery"],"picked":"Black Star"},{"not_picked":["Astrolabe","hubris:CrackedHourglass"],"picked":"aspiration:PoetsPen_weak"},{"not_picked":["aspiration:RunicSpoon","aspiration:BardSkillbook"],"picked":"aspiration:SecretTechniqueScroll"},{"not_picked":["Astrolabe","bronze:MakeshiftBattery"],"picked":"aspiration:RunicSpoon"},{"not_picked":["Runic Dome","hubris:Spice"],"picked":"Busted Crown"},{"not_picked":["aspiration:RitualDagger","infinitespire:Cupcake"],"picked":"Fusion Hammer"}],"items_purged_floors":[],"is_endless":true,"potions_floor_spawned":[1,7,10,11,16,19,23,27,28,29,30,31,33,35,36,37,38,39,41,42,44,45,47,48,50,52,53,54,55,58,62,64,65,67,69,72,73,75,78,79,82,84,86,88,90,92,95,98,99,101],"ascension_level":-20}}