{"host":"1dhlu4qzehvrzpot","time":1613859785,"event":{"mods":["2.2 Compatiblity","AchievementEnabler","BaseMod","Block Reminder","Minty Spire (QoL Compilation)","Permanent Neow","Quick Restart","Rare Cards Sparkle","Relic Stats","Say the Spire","Slay-I","StSLib","SuperFastMode"],"gold_per_floor":[116,116,116,137,157,157,157,157,192,263,263,276,295,314,345,345,476,476,489,489,113,44,58,58,76,76,76,76,76],"floor_reached":28,"language":"ENG","playtime":425,"items_purged":["Strike_B"],"score":349,"play_id":"922c9a0b-c1c3-40be-9a07-9006acd8a657","local_time":"20210220232305","is_ascension_mode":true,"campfire_choices":[{"data":"Electrodynamics","floor":7,"key":"SMITH"},{"floor":11,"key":"REST"},{"floor":16,"key":"REST"},{"floor":24,"key":"REST"},{"data":"Defragment","floor":26,"key":"SMITH"}],"circlet_count":0,"master_deck":["AscendersBane","Strike_B","Defend_B","Defend_B","Defend_B","Defend_B","Zap","Dualcast","Electrodynamics+1","White Noise","Fission","Ball Lightning+1","Static Discharge","Coolheaded","Creative AI","Storm","Defragment+1","Storm","Barrage+1"],"relics":["Cracked Core","Golden Idol","Potion Belt","Molten Egg 2","Odd Mushroom","Black Star","PreservedInsect","ClockworkSouvenir","Letter Opener"],"acts_visited":["Exordium","TheCity"],"potions_floor_usage":[1,12,17],"damage_taken":[{"damage":2,"enemies":"Jaw Worm","floor":1,"turns":3},{"damage":3,"enemies":"2 Louse","floor":4,"turns":3},{"damage":20,"enemies":"Small Slimes","floor":5,"turns":4},{"damage":33,"enemies":"Gremlin Nob","floor":9,"turns":4},{"damage":13,"enemies":"Blue Slaver","floor":12,"turns":2},{"damage":6,"enemies":"Exordium Thugs","floor":13,"turns":2},{"damage":0,"enemies":"3 Louse","floor":14,"turns":1},{"damage":0,"enemies":"The Mushroom Lair","floor":15,"turns":1},{"damage":19,"enemies":"Hexaghost","floor":17,"turns":6},{"damage":13,"enemies":"3 Byrds","floor":19,"turns":2},{"damage":30,"enemies":"Spheric Guardian","floor":23,"turns":4},{"damage":10,"enemies":"Cultist and Chosen","floor":25,"turns":3},{"damage":36,"enemies":"Gremlin Leader","floor":28,"turns":2}],"seed_played":"4163340958936126767","potions_obtained":[{"floor":1,"key":"Fruit Juice"},{"floor":9,"key":"LiquidMemories"},{"floor":14,"key":"BlessingOfTheForge"},{"floor":25,"key":"Strength Potion"}],"is_trial":false,"path_per_floor":["M","?","?","M","M","M","R","?","E","T","R","M","M","M","?","R","B",null,"M","?","$","$","M","R","M","R","T","E"],"character_chosen":"DEFECT","items_purchased":["PreservedInsect","ClockworkSouvenir","Defragment"],"campfire_rested":3,"item_purchase_floors":[21,21,22],"current_hp_per_floor":[71,64,64,61,41,41,41,41,8,8,32,19,13,13,13,37,18,65,52,52,52,52,22,46,36,36,36,0,0],"gold":76,"neow_bonus":"ONE_RANDOM_RARE_CARD","is_daily":false,"chose_seed":false,"campfire_upgraded":2,"win_rate":0.0,"timestamp":1613859785,"path_taken":["M","?","?","M","M","M","R","?","E","T","R","M","M","?","?","R","BOSS","M","?","?","$","?","R","M","R","T","E"],"items_purchased_type":["Relic","Relic","Card"],"build_version":"2020-12-22","purchased_purges":1,"victory":false,"max_hp_per_floor":[80,80,80,80,80,80,80,80,80,80,80,80,80,80,80,80,80,80,80,80,80,80,80,80,80,80,80,80,80],"relic_stats":{"counters":[13,37],"Golden Idol":68,"PreservedInsect":46,"Black Star":0,"Letter Opener":[5],"obtain_stats":[{"Potion Belt":9,"Golden Idol":3,"Molten Egg 2":10,"PreservedInsect":21,"Black Star":18,"Letter Opener":27,"Odd Mushroom":15,"Cracked Core":0,"ClockworkSouvenir":21},{"Potion Belt":4,"Golden Idol":1,"Molten Egg 2":4,"PreservedInsect":10,"Black Star":9,"Letter Opener":12,"Odd Mushroom":8,"Cracked Core":0,"ClockworkSouvenir":10},{"Potion Belt":14,"Golden Idol":3,"Molten Egg 2":14,"PreservedInsect":28,"Black Star":26,"Letter Opener":35,"Odd Mushroom":20,"Cracked Core":0,"ClockworkSouvenir":28}]},"card_choices":[{"not_picked":["Melter","Gash","Rebound"],"picked":"SKIP","floor":1},{"not_picked":["Stack","Conserve Battery"],"picked":"White Noise","floor":4},{"not_picked":["Leap","Rebound","Compile Driver"],"picked":"SKIP","floor":5},{"not_picked":["Streamline","Melter"],"picked":"Fission","floor":9},{"not_picked":["Undo","Turbo"],"picked":"Ball Lightning+1","floor":12},{"not_picked":["Consume","Leap","Redo"],"picked":"SKIP","floor":13},{"not_picked":["Melter+1","Streamline+1"],"picked":"Static Discharge","floor":14},{"not_picked":["Streamline+1","Undo"],"picked":"Coolheaded","floor":15},{"not_picked":["Buffer","Fission"],"picked":"Creative AI","floor":17},{"not_picked":["Loop","Gash+1"],"picked":"Storm","floor":19},{"not_picked":["Sweeping Beam+1","Cold Snap+1"],"picked":"Storm","floor":23},{"not_picked":["Beam Cell+1","Gash+1"],"picked":"Barrage+1","floor":25}],"player_experience":558832,"relics_obtained":[{"floor":9,"key":"Potion Belt"},{"floor":10,"key":"Molten Egg 2"},{"floor":15,"key":"Odd Mushroom"},{"floor":27,"key":"Letter Opener"}],"event_choices":[{"cards_removed":["Strike_B"],"damage_healed":0,"gold_gain":0,"player_choice":"Card Removal","damage_taken":7,"max_hp_gain":0,"max_hp_loss":0,"event_name":"Golden Wing","floor":2,"gold_loss":0},{"damage_healed":0,"gold_gain":0,"player_choice":"Take Wound","damage_taken":0,"relics_obtained":["Golden Idol"],"max_hp_gain":0,"max_hp_loss":0,"event_name":"Golden Idol","floor":3,"gold_loss":0,"cards_obtained":["Injury"]},{"cards_removed":["Injury"],"damage_healed":0,"gold_gain":0,"player_choice":"Removed Curses","damage_taken":0,"max_hp_gain":0,"max_hp_loss":0,"event_name":"Fountain of Cleansing","floor":8,"gold_loss":0},{"damage_healed":0,"gold_gain":0,"player_choice":"Fought Mushrooms","damage_taken":0,"max_hp_gain":0,"max_hp_loss":0,"event_name":"Mushrooms","floor":15,"gold_loss":0},{"cards_removed":["Strike_B"],"damage_healed":0,"gold_gain":0,"player_choice":"Card Removal","damage_taken":0,"max_hp_gain":0,"max_hp_loss":0,"event_name":"Wheel of Change","floor":20,"gold_loss":0}],"is_beta":false,"boss_relics":[{"not_picked":["Runic Dome","Astrolabe"],"picked":"Black Star"}],"items_purged_floors":[21],"is_endless":false,"potions_floor_spawned":[1,9,14,25],"killed_by":"Gremlin Leader","ascension_level":12}}