{"host":"ndpbn7fqb3wjbd7p","time":1613810388,"event":{"mods":["AchievementEnabler","Act Like it!","AlwaysNeverKeys","BaseMod","Better Vampires","Block Reminder","Colored Powertips","DeckTracker","Defuse TimeMaze Blight","Friendly Minions","Highlight Path","MarisaÅiñ∂âJÅ@ñÇóùçπÅj","Minty Spire (QoL Compilation)","Permanent Neow","StSLib","SuperFastMode","Synergy Search","Unceasing Turn Reminder","Wandering Minibosses"],"gold_per_floor":[115,190,115,132,32,66,66,77,77,77,92,92,122,122,122,220,220,233,233,248,123,141,141,141,141],"floor_reached":24,"language":"ENG","playtime":1073,"items_purged":["Eruption","Strike_P","Strike_P"],"score":263,"play_id":"6e98ac9f-2126-4cee-8d05-eba52eabe33a","local_time":"20210220093948","is_ascension_mode":true,"campfire_choices":[{"data":"Alpha","floor":7,"key":"SMITH"},{"data":"Study","floor":10,"key":"SMITH"},{"data":"Protect","floor":12,"key":"SMITH"},{"floor":15,"key":"REST"},{"floor":23,"key":"REST"}],"circlet_count":0,"master_deck":["Strike_P","Strike_P","Defend_P","Defend_P","Defend_P","Defend_P","Vigilance","Alpha+1","Protect+1","InnerPeace","Study+1","ThirdEye+1","Alpha+1","Protect+1","EmptyBody+1"],"relics":["PureWater","Toxic Egg 2","Odd Mushroom","SlaversCollar"],"acts_visited":["Exordium","TheCity"],"potions_floor_usage":[16,16],"damage_taken":[{"damage":2,"enemies":"Cultist","floor":1,"turns":5},{"damage":0,"enemies":"Jaw Worm","floor":4,"turns":3},{"damage":0,"enemies":"Lagavulin","floor":6,"turns":5},{"damage":8,"enemies":"2 Louse","floor":8,"turns":3},{"damage":10,"enemies":"Large Slime","floor":11,"turns":4},{"damage":3,"enemies":"The Mushroom Lair","floor":13,"turns":3},{"damage":31,"enemies":"The Guardian","floor":16,"turns":8},{"damage":31,"enemies":"Spheric Guardian","floor":18,"turns":8},{"damage":10,"enemies":"Shell Parasite","floor":20,"turns":5},{"damage":23,"enemies":"Cultist and Chosen","floor":22,"turns":5},{"damage":29,"enemies":"Centurion and Healer","floor":24,"turns":7}],"seed_played":"3395917824965327624","potions_obtained":[{"floor":8,"key":"Regen Potion"},{"floor":11,"key":"Regen Potion"},{"floor":13,"key":"FearPotion"},{"floor":18,"key":"SteroidPotion"},{"floor":22,"key":"FearPotion"}],"is_trial":false,"path_per_floor":["M","?","$","M","$","E","R","M","T","R","M","R","?","?","R","B",null,"M","?","M","$","M","R","M"],"character_chosen":"WATCHER","items_purchased":[],"campfire_rested":2,"item_purchase_floors":[],"current_hp_per_floor":[49,38,38,38,38,38,38,30,30,30,20,20,17,5,26,47,72,41,41,31,31,8,29,0,0],"gold":141,"neow_bonus":"THREE_RARE_CARDS","is_daily":false,"chose_seed":false,"campfire_upgraded":3,"win_rate":0.0,"timestamp":1613810388,"path_taken":["M","?","$","M","$","E","R","M","T","R","M","R","?","?","R","BOSS","M","?","M","$","?","R","?"],"items_purchased_type":[],"build_version":"2020-12-22","purchased_purges":3,"victory":false,"max_hp_per_floor":[72,72,72,72,72,72,72,72,72,72,72,72,72,72,72,72,72,72,72,72,72,72,72,72,72],"card_choices":[{"not_picked":["Establishment","MasterReality"],"picked":"Alpha","floor":0},{"not_picked":["PathToVictory","ClearTheMind"],"picked":"Protect","floor":1},{"not_picked":["FlurryOfBlows","FearNoEvil","EmptyBody"],"picked":"SKIP","floor":4},{"not_picked":["Protect","Adaptation"],"picked":"InnerPeace","floor":6},{"not_picked":["JustLucky","SashWhip"],"picked":"Study","floor":8},{"not_picked":["MentalFortress","Prostrate+1"],"picked":"ThirdEye+1","floor":11},{"not_picked":["Devotion","DevaForm"],"picked":"Alpha+1","floor":16},{"not_picked":["FlyingSleeves","CrushJoints","JustLucky+1"],"picked":"SKIP","floor":18},{"not_picked":["SashWhip","Tantrum","WreathOfFlame+1"],"picked":"SKIP","floor":20},{"not_picked":["ThirdEye+1","Consecrate"],"picked":"EmptyBody+1","floor":22}],"player_experience":1195211,"relics_obtained":[{"floor":9,"key":"Toxic Egg 2"},{"floor":13,"key":"Odd Mushroom"}],"event_choices":[{"damage_healed":0,"gold_gain":75,"player_choice":"Gather Gold","damage_taken":11,"max_hp_gain":0,"max_hp_loss":0,"event_name":"World of Goop","floor":2,"gold_loss":0},{"damage_healed":0,"gold_gain":0,"player_choice":"Fought Mushrooms","damage_taken":0,"max_hp_gain":0,"max_hp_loss":0,"event_name":"Mushrooms","floor":13,"gold_loss":0},{"damage_healed":0,"gold_gain":0,"player_choice":"Fled","damage_taken":12,"max_hp_gain":0,"max_hp_loss":0,"event_name":"Scrap Ooze","floor":14,"gold_loss":0},{"damage_healed":0,"gold_gain":0,"player_choice":"Copied","damage_taken":0,"max_hp_gain":0,"max_hp_loss":0,"event_name":"Duplicator","floor":19,"gold_loss":0,"cards_obtained":["Protect"]}],"is_beta":false,"boss_relics":[{"not_picked":["Tiny House","Astrolabe"],"picked":"SlaversCollar"}],"items_purged_floors":[3,5,21],"is_endless":false,"potions_floor_spawned":[8,11,13,18,22],"killed_by":"Centurion and Healer","ascension_level":4}}