{"host":"sxnl403xm2xmiyj1","time":1613817147,"event":{"mods":["BaseMod","Colored Map","Keyboard Shortcuts","Koishi","Lobotomy","Minty Spire (QoL Compilation)","Quick Restart","StSLib","SuperFastMode"],"gold_per_floor":[119,119,119,140,440,474,474,490,490,505,505,196,237,261,261,355,355,371,394,394,319,319,319],"floor_reached":22,"language":"KOR","playtime":724,"items_purged":["Koishi:BasicStrike"],"score":369,"play_id":"a0548560-45b3-4e19-a9ca-af93a3fb4ef0","local_time":"20210220193227","is_ascension_mode":true,"campfire_choices":[{"floor":7.0,"key":"REST"},{"data":"Koishi:PhantomBarrier","floor":11.0,"key":"SMITH"},{"floor":15,"key":"REST"}],"circlet_count":0,"master_deck":["AscendersBane","Koishi:BasicDefend","Koishi:BasicDefend","Koishi:BasicDefend","Koishi:BasicDefend","Koishi:Provoke","Koishi:HauntingSlash","OSAHOGD","Koishi:SubconsciousSweep","UniverseFragment","Koishi:UnseenTerror","SpiderBud","Koishi:PhantomBarrier+1","Koishi:SpiritedAway","Koishi:FleetingPhantom","Koishi:FormlessExistence","Koishi:SubterraneanRose","Koishi:UnansweredLove","Koishi:SubterraneanRose","Koishi:GrowingPain","OldLady","LongBird","Koishi:FormlessExistence","Koishi:CatchAndRose+1","Koishi:PhilosophyOfTheDespised+1","Koishi:BramblyRoseGarden+1","Koishi:PredatoryInstincts","BlackSwan","Koishi:GhostParty"],"relics":["Koishi:ImaginaryFriend","CogitoBucket","RabbitCall","Bloody Idol","Old Coin","Bronze Scales","Regal Pillow","Theresia","Astrolabe"],"acts_visited":["Exordium","TheCity"],"potions_floor_usage":[13,16,22],"damage_taken":[{"damage":1.0,"enemies":"Small Slimes","floor":1.0,"turns":4.0},{"damage":8.0,"enemies":"2 Louse","floor":4.0,"turns":2.0},{"damage":33.0,"enemies":"Lagavulin","floor":6.0,"turns":10.0},{"damage":2.0,"enemies":"Jaw Worm","floor":8.0,"turns":5.0},{"damage":3.0,"enemies":"Blue Slaver","floor":10.0,"turns":4.0},{"damage":20,"enemies":"3 Sentries","floor":13,"turns":7},{"damage":3,"enemies":"Exordium Thugs","floor":14,"turns":9},{"damage":26,"enemies":"Slime Boss","floor":16,"turns":8},{"damage":17,"enemies":"Chosen","floor":18,"turns":5},{"damage":36,"enemies":"Shell Parasite","floor":19,"turns":6},{"damage":32,"enemies":"Shelled Parasite and Fungi","floor":22,"turns":4}],"seed_played":"-995084474994669825","potions_obtained":[{"floor":1.0,"key":"Strength Potion"},{"floor":14,"key":"SkillPotion"},{"floor":16,"key":"Dexterity Potion"},{"floor":18,"key":"PowerPotion"}],"is_trial":false,"path_per_floor":["M","?","?","M","T","E","R","M","T","M","R","$","E","M","R","B",null,"M","M","?","?","M"],"character_chosen":"KOISHI","items_purchased":["Koishi:FormlessExistence","Koishi:SubterraneanRose","Koishi:UnansweredLove"],"campfire_rested":2,"item_purchase_floors":[12,12,12],"current_hp_per_floor":[51,51,44,36,36,8,25,26,26,24,24,24,4,7,39,13,46,29,28,28,28,0,0],"gold":319,"neow_bonus":"","is_daily":false,"chose_seed":false,"campfire_upgraded":1,"win_rate":0.0,"timestamp":1613817147,"path_taken":["M","?","?","M","?","E","R","M","T","M","R","?","E","?","R","BOSS","M","M","?","?","M"],"items_purchased_type":["Card","Card","Card"],"build_version":"2020-12-22","purchased_purges":1,"victory":false,"max_hp_per_floor":[57,57,57,57,57,57,57,57,57,57,57,57,57,57,57,57,57,57,57,57,57,57,57],"card_choices":[{"not_picked":["MHz","LittleHelper"],"picked":"OSAHOGD","floor":1.0},{"not_picked":["Koishi:SpiritedAway","Koishi:CatchAndRose"],"picked":"Koishi:SubconsciousSweep","floor":1.0},{"not_picked":["Alriune","SpiderBud"],"picked":"UniverseFragment","floor":4.0},{"not_picked":["Koishi:PhantomBarrier","Koishi:TraumaticStroke"],"picked":"Koishi:UnseenTerror","floor":4.0},{"not_picked":["CherryBlossoms","BlueStar"],"picked":"SpiderBud","floor":6.0},{"not_picked":["Koishi:SpiritedAway","Koishi:FleetingPhantom"],"picked":"Koishi:PhantomBarrier","floor":6.0},{"not_picked":["BeautyBeast","CrumblingArmor","VoidDream"],"picked":"Singing Bowl","floor":8.0},{"not_picked":["Koishi:FidgetySnatcher","Koishi:EmbryosDream"],"picked":"Koishi:SpiritedAway","floor":8.0},{"not_picked":["Woodsman","MeatLantern","VoidDream"],"picked":"Singing Bowl","floor":10.0},{"not_picked":["Koishi:DreadfulBlow","Koishi:Prune"],"picked":"Koishi:FleetingPhantom","floor":10.0},{"not_picked":["Scorched","Woodsman","RedShoes"],"picked":"Singing Bowl","floor":13},{"not_picked":["Koishi:HeartfeltFancy","Koishi:EmbersOfLove"],"picked":"Koishi:SubterraneanRose","floor":13},{"not_picked":["Koishi:YoukaiPolygraph","Koishi:PhantomStrike"],"picked":"Koishi:GrowingPain","floor":14},{"not_picked":["Wellcheers","Scarecrow"],"picked":"OldLady","floor":14},{"not_picked":["FairyFestival","CENSORED"],"picked":"LongBird","floor":16},{"not_picked":["Koishi:SilentAndRestless","Koishi:TerrifyingSpectre"],"picked":"Koishi:FormlessExistence","floor":16},{"not_picked":["VoidDream","FairyFestival","PunishingBird"],"picked":"Singing Bowl","floor":18},{"not_picked":["QueenBee","CrumblingArmor"],"picked":"DreamingCurrent","floor":18},{"not_picked":["Koishi:DreadfulBlow","Koishi:BloodcurdlingScream"],"picked":"Koishi:PredatoryInstincts","floor":18},{"not_picked":["CherryBlossoms","FairyFestival","MeatLantern"],"picked":"Singing Bowl","floor":19},{"not_picked":["PunishingBird","DespairKnight"],"picked":"BlackSwan","floor":19},{"not_picked":["Koishi:MassHysteria","Koishi:PhantomStrike"],"picked":"Koishi:GhostParty","floor":19}],"player_experience":348944,"relics_obtained":[{"floor":5.0,"key":"Old Coin"},{"floor":6.0,"key":"Bronze Scales"},{"floor":13,"key":"Regal Pillow"}],"event_choices":[{"damage_healed":0.0,"max_hp_gain":0.0,"max_hp_loss":0.0,"gold_gain":0.0,"event_name":"Golden Idol","player_choice":"Take Wound","floor":2.0,"gold_loss":0.0,"damage_taken":0.0,"relics_obtained":["Golden Idol"],"cards_obtained":["Injury"]},{"cards_removed":["Injury"],"damage_healed":0.0,"max_hp_gain":0.0,"max_hp_loss":0.0,"gold_gain":0.0,"event_name":"Golden Wing","player_choice":"Card Removal","floor":3.0,"gold_loss":0.0,"damage_taken":7.0},{"damage_healed":0,"gold_gain":0,"player_choice":"Gave Idol","damage_taken":0,"relics_obtained":["Bloody Idol"],"max_hp_gain":0,"max_hp_loss":0,"event_name":"Forgotten Altar","floor":20,"relics_lost":["Golden Idol"],"gold_loss":0},{"cards_removed":["DreamingCurrent"],"damage_healed":0,"gold_gain":0,"player_choice":"Gave Gold","damage_taken":0,"max_hp_gain":0,"max_hp_loss":0,"event_name":"Beggar","floor":21,"gold_loss":75}],"is_beta":false,"boss_relics":[{"not_picked":["Snecko Eye","Calling Bell"],"picked":"Astrolabe"}],"items_purged_floors":[12],"is_endless":false,"potions_floor_spawned":[1,14,16,18,19],"killed_by":"Shelled Parasite and Fungi","ascension_level":18}}