{"host":"pgm1p3lvdjflie30","time":1613835984,"event":{"mods":["ATMod(ªü½@Mod)","Act Like it!","Aspiration","BaseMod","Colored Map","Colored Powertips","Conspire","Downfall","Energized Spire","Gensokyo","Hermit","HornydragonMod","Minty Spire (QoL Compilation)","Quarter Circle Forward PUNCH!","Reliquary","Robot Space Explorer","Spicy Shops","StSLib","The Jungle","The Marked","Waifu the Spire","¡i?ª«¥dµP¡jREMEMod"],"gold_per_floor":[99,99,99,99,99,117,167,194,208,8,8,8,25,39,59,162,162,162,182,182,182,182,182,182,201,286,317,217,230,241,241,241,241],"floor_reached":31,"language":"ZHS","playtime":3758,"items_purged":[],"score":278,"play_id":"cf02415c-915e-43a6-8529-5dc06da3d31b","local_time":"20210220234624","is_ascension_mode":false,"campfire_choices":[{"floor":1,"key":"RECALL"},{"data":"expansioncontent:AwakenDeath","floor":10,"key":"SMITH"},{"data":"hexamod:HexaLevel","floor":18,"key":"SMITH"},{"floor":23,"key":"REST"},{"floor":28,"key":"REST"}],"circlet_count":0,"master_deck":["hexamod:Strike","hexamod:Strike","hexamod:Strike","hexamod:Strike","hexamod:Defend","hexamod:Defend","hexamod:Defend","hexamod:Defend","hexamod:Sear+1","hexamod:Float+1","expansioncontent:AwakenDeath+1","hexamod:SoulSteal","hexamod:SpectersWail","Defend_G","hexamod:FirstSeal","hexamod:AdvancingGuard","hexamod:Firestarter","hexamod:RadiantFlame","expansioncontent:AwakenDeath+1","hexamod:RainOfEmbers","hexamod:TimeOfNeed","hexamod:DynamicBlow","hexamod:HexaLevel+1","hexamod:Again+1","hexamod:SkipABeat+1","hexamod:NightmareStrike","hexamod:ShieldOfDarkness","hexamod:HauntingEcho+1"],"relics":["hexamod:SpiritBrand","AT_ATBox","REME_ComplimentaryCards","downfall:HeartsMalice","Strawberry","downfall:HeartBlessingRed","downfall:HeartBlessingGreen","REME_ChargedStone","downfall:RedIOU","Nilry\u0027s Codex","War Paint","downfall:HeartBlessingBlue"],"acts_visited":["Exordium","TheCity"],"potions_floor_usage":[8,14,14,16,25,27],"damage_taken":[{"damage":0,"enemies":"Small Slimes","floor":2,"turns":1},{"damage":0,"enemies":"Cultist","floor":3,"turns":1},{"damage":0,"enemies":"downfall:FleeingMerchant","floor":5,"turns":1},{"damage":6,"enemies":"2 Louse","floor":6,"turns":2},{"damage":103,"enemies":"Gremlin Nob","floor":8,"turns":7},{"damage":25,"enemies":"Exordium Thugs","floor":9,"turns":4},{"damage":17,"enemies":"Exordium Wildlife","floor":13,"turns":8},{"damage":0,"enemies":"3 Louse","floor":14,"turns":3},{"damage":3,"enemies":"2 Fungi Beasts","floor":15,"turns":3},{"damage":46,"enemies":"WA_ARCHETYPE_RETAIN","floor":16,"turns":7},{"damage":43,"enemies":"Shell Parasite","floor":19,"turns":6},{"damage":37,"enemies":"conspire:FuzzyDice","floor":25,"turns":6},{"damage":53,"enemies":"Slavers","floor":27,"turns":4},{"damage":27,"enemies":"3 Cultists","floor":29,"turns":5},{"damage":12,"enemies":"Snake Plant","floor":30,"turns":4},{"damage":30,"enemies":"Centurion and Healer","floor":31,"turns":4}],"seed_played":"-1480669745094544669","potions_obtained":[{"floor":6,"key":"Fire Potion"},{"floor":9,"key":"AttackPotion"},{"floor":13,"key":"Regen Potion"},{"floor":14,"key":"BlessingOfTheForge"},{"floor":15,"key":"Weak Potion"},{"floor":19,"key":"Fire Potion"},{"floor":27,"key":"SmokeBomb"}],"is_trial":false,"path_per_floor":["R","M","M","?","$","M","T","E","M","R","?","?","M","M","M","B",null,"R","M","?","?","?","R","T","M","?","E","R","M","M","M"],"character_chosen":"THE_SPIRIT","items_purchased":[],"campfire_rested":2,"item_purchase_floors":[],"current_hp_per_floor":[70,70,70,70,70,70,70,27,9,9,28,28,18,23,20,48,77,77,41,41,66,50,73,73,43,29,16,52,32,20,0,0,0],"gold":241,"neow_bonus":"THREE_ENEMY_KILL","is_daily":false,"chose_seed":false,"campfire_upgraded":2,"win_rate":0.0,"timestamp":1613835984,"path_taken":["R","M","M","?","?","M","T","E","M","R","?","?","?","M","M","BOSS","R","M","?","?","?","R","T","M","?","E","R","M","M","M"],"items_purchased_type":[],"build_version":"2020-12-22","purchased_purges":0,"victory":false,"max_hp_per_floor":[70,70,70,70,70,70,70,77,77,77,77,77,77,77,77,77,77,77,77,77,77,77,77,77,77,77,77,87,87,87,87,87,87],"card_choices":[{"not_picked":["hexamod:Haunt","hexamod:GhostLash"],"picked":"hexamod:SoulSteal","floor":2},{"not_picked":["hexamod:BacktrackSmack","hexamod:PhantomCloak"],"picked":"hexamod:SpectersWail","floor":3},{"not_picked":["hexamod:ThermalTransfer","hexamod:Hexaguard"],"picked":"hexamod:FirstSeal","floor":5},{"not_picked":["hexamod:FirstSeal","hexamod:GhostLash"],"picked":"hexamod:AdvancingGuard","floor":6},{"not_picked":["hexamod:AdvancingGuard","hexamod:NecessarySacrifice"],"picked":"hexamod:Firestarter","floor":8},{"not_picked":["hexamod:InspiringFlames","hexamod:NightmareGuise"],"picked":"hexamod:RadiantFlame","floor":9},{"not_picked":["hexamod:AdvancingGuard","hexamod:FastForward"],"picked":"hexamod:RainOfEmbers","floor":13},{"not_picked":["hexamod:GhostflameBarrier","hexamod:SoulSteal"],"picked":"hexamod:TimeOfNeed","floor":14},{"not_picked":["hexamod:ShieldOfDarkness","hexamod:SpectersWail"],"picked":"hexamod:DynamicBlow","floor":15},{"not_picked":["hexamod:TurnItUp","hexamod:WildfireWeapon"],"picked":"hexamod:HexaLevel","floor":16},{"not_picked":["hexamod:InspiringFlames","hexamod:FastForward"],"picked":"hexamod:Again+1","floor":19},{"not_picked":["hexamod:Firestarter+1","hexamod:NightmareGuise"],"picked":"hexamod:SkipABeat+1","floor":25},{"not_picked":["hexamod:BacktrackSmack","hexamod:ChargedBarrage"],"picked":"hexamod:NightmareStrike","floor":27},{"not_picked":["hexamod:GhostOfSpireFuture","hexamod:FastForward"],"picked":"hexamod:ShieldOfDarkness","floor":29},{"not_picked":["hexamod:VolcanoVisage","hexamod:EmpoweredFlame+1"],"picked":"hexamod:HauntingEcho+1","floor":30}],"player_experience":478553,"relics_obtained":[{"floor":7,"key":"Omamori"},{"floor":8,"key":"Strawberry"},{"floor":22,"key":"Nilry\u0027s Codex"},{"floor":27,"key":"War Paint"}],"event_choices":[{"cards_removed":["AT_Dispersion"],"damage_healed":0,"gold_gain":0,"player_choice":"Took Card","damage_taken":0,"max_hp_gain":0,"max_hp_loss":0,"event_name":"NoteForYourself","floor":4,"gold_loss":0,"cards_obtained":["Defend_G"]},{"damage_healed":19,"gold_gain":0,"player_choice":"Healed and dodged fight","damage_taken":0,"max_hp_gain":0,"max_hp_loss":0,"event_name":"Mushrooms","floor":11,"gold_loss":0,"cards_obtained":["Parasite"]},{"damage_healed":25,"gold_gain":0,"player_choice":"Heal","damage_taken":0,"max_hp_gain":0,"max_hp_loss":0,"event_name":"The Library","floor":21,"gold_loss":0}],"is_beta":false,"boss_relics":[{"not_picked":["conspire:SlowCooker","reliquary:KinkedSpring"],"picked":"REME_ChargedStone"}],"items_purged_floors":[],"is_endless":false,"potions_floor_spawned":[6,9,13,14,15,19,27],"killed_by":"Centurion and Healer","ascension_level":0}}