{"host":"gh97pv908ci4ql26","time":1613789207,"event":{"mods":["AchievementEnabler","BaseMod","Better Altar","Better Match","Better Note","Better Sensory Stone","Better Skull","Better Third Choice","Block Reminder","Colored Powertips","Curses Come First","Displayed Cursed Tome","Emptier Cage","Minty Spire (QoL Compilation)","Permanent Neow","Rare Cards Sparkle","Smile Girya","StSLib","Together in Spire"],"gold_per_floor":[113,133,308,328,342,373,298,333,356,375,78,95,109,112,112,215,265,280,280,280,261,27,27,52,70,96,96,116,146,76,94,94,194,194,213,213,213,213,213],"floor_reached":38,"language":"ENG","playtime":5277,"items_purged":["Doubt"],"score":428,"play_id":"c629e9c0-291d-4385-aa71-d3a97ae117b5","local_time":"20210219184647","is_ascension_mode":false,"campfire_choices":[{"data":"Hologram","floor":15.0,"key":"SMITH"},{"data":"Seek","floor":23.0,"key":"SMITH"},{"data":"Turbo","floor":27.0,"key":"SMITH"},{"data":"Double Energy","floor":32.0,"key":"SMITH"}],"circlet_count":0,"master_deck":["Strike_B","Strike_B","Strike_B","Defend_B","Defend_B","Defend_B+1","Defend_B","Zap","Dualcast","Coolheaded","Turbo","Gash","Go for the Eyes","Tempest","Meteor Strike+1","Hologram+1","Multi-Cast","Self Repair","Hologram","Turbo+1","Beam Cell","Seek+1","BootSequence","Reprogram+1","Feed+1","Melter","Turbo","Gash","FTL","Skim","Tempest+1","Double Energy+1","Scrape","Buffer","Thunder Strike","Conserve Battery+1","Sadistic Nature","Metamorphosis"],"relics":["Cracked Core","Anchor","Potion Belt","Toy Ornithopter","Tiny House","Blood Vial","Frozen Eye","MealTicket","Vajra","Pantograph","Inserter"],"acts_visited":[],"potions_floor_usage":[],"damage_taken":[{"damage":0.0,"enemies":"Jaw Worm","floor":1.0,"turns":1.0},{"damage":3.0,"enemies":"Small Slimes","floor":2.0,"turns":2.0},{"damage":0.0,"enemies":"Cultist","floor":4.0,"turns":2.0},{"damage":1.0,"enemies":"Exordium Thugs","floor":5.0,"turns":4.0},{"damage":15.0,"enemies":"3 Sentries","floor":6.0,"turns":4.0},{"damage":14.0,"enemies":"Lagavulin","floor":8.0,"turns":7.0},{"damage":0.0,"enemies":"2 Fungi Beasts","floor":10.0,"turns":3.0},{"damage":0.0,"enemies":"3 Louse","floor":12.0,"turns":3.0},{"damage":0.0,"enemies":"Looter","floor":13.0,"turns":1.0},{"damage":0.0,"enemies":"Exordium Thugs","floor":14.0,"turns":2.0},{"damage":31.0,"enemies":"The Guardian","floor":16.0,"turns":5.0},{"damage":17.0,"enemies":"Spheric Guardian","floor":18.0,"turns":5.0},{"damage":13.0,"enemies":"2 Thieves","floor":21.0,"turns":3.0},{"damage":0.0,"enemies":"Book of Stabbing","floor":24.0,"turns":2.0},{"damage":5.0,"enemies":"3 Cultists","floor":25.0,"turns":3.0},{"damage":0.0,"enemies":"Cultist and Chosen","floor":28.0,"turns":1.0},{"damage":17.0,"enemies":"Slavers","floor":29.0,"turns":3.0},{"damage":0.0,"enemies":"Shelled Parasite and Fungi","floor":31.0,"turns":2.0},{"damage":20.0,"enemies":"Collector","floor":33.0,"turns":6.0},{"damage":0.0,"enemies":"Orb Walker","floor":35.0,"turns":1.0},{"damage":0,"enemies":"3 Shapes","floor":38,"turns":1}],"seed_played":"285276973647639836","potions_obtained":[{"floor":5.0,"key":"DistilledChaos"},{"floor":8.0,"key":"EntropicBrew"},{"floor":12.0,"key":"Regen Potion"},{"floor":13.0,"key":"GamblersBrew"},{"floor":14.0,"key":"Fruit Juice"},{"floor":16.0,"key":"Explosive Potion"},{"floor":17.0,"key":"SpeedPotion"},{"floor":18.0,"key":"SpeedPotion"},{"floor":21.0,"key":"Fire Potion"},{"floor":29.0,"key":"ColorlessPotion"},{"floor":33.0,"key":"DistilledChaos"}],"is_trial":false,"path_per_floor":["M","M","?","M","M","E","?","E","T","M","$","M","M","M","R","B",null,"M","?","?","M","$","R","E","M","T","R","M","E","$","M","R","B",null,"M","?","?","M"],"character_chosen":"DEFECT","items_purchased":["Multi-Cast","Self Repair","Frozen Eye","Turbo","Gash","Scrape"],"campfire_rested":0,"item_purchase_floors":[11,11,22,22,22,30],"current_hp_per_floor":[82,79,79,79,78,63,63,49,49,49,49,56,56,68,68,49,92,87,87,87,79,79,79,86,87,87,87,89,78,93,99,99,91,104,104,104,104,104,104],"gold":213,"neow_bonus":"TEN_PERCENT_HP_BONUS","is_daily":false,"chose_seed":false,"campfire_upgraded":4,"win_rate":0.0,"timestamp":1613789207,"path_taken":["M","M","?","M","M","E","?","E","T","M","$","M","?","M","R","BOSS","M","?","?","M","$","R","E","M","T","R","?","E","$","M","R","BOSS","M","?","?","?"],"items_purchased_type":["Card","Card","Relic","Card","Card","Card"],"build_version":"2020-12-22","purchased_purges":1,"victory":false,"max_hp_per_floor":[82,82,82,82,82,82,82,82,82,82,82,82,82,82,82,82,92,92,92,92,92,92,92,92,96,96,96,96,100,100,104,104,104,104,104,104,104,104,104],"card_choices":[{"not_picked":["Ball Lightning","Cold Snap"],"picked":"Coolheaded","floor":1.0},{"not_picked":["Redo","Stack"],"picked":"Turbo","floor":2.0},{"not_picked":["Aggregate","Conserve Battery"],"picked":"Gash","floor":4.0},{"not_picked":["Doom and Gloom","Sweeping Beam"],"picked":"Go for the Eyes","floor":5.0},{"not_picked":["Consume","Stack"],"picked":"Tempest","floor":6.0},{"not_picked":["Machine Learning+1","Multi-Cast+1"],"picked":"Meteor Strike+1","floor":7.0},{"not_picked":["Go for the Eyes","Cold Snap"],"picked":"Hologram","floor":8.0},{"not_picked":["Stack","Tempest","Compile Driver"],"picked":"SKIP","floor":10.0},{"not_picked":["Biased Cognition","Rebound"],"picked":"Hologram","floor":12.0},{"not_picked":["Barrage","Coolheaded"],"picked":"Turbo","floor":13.0},{"not_picked":["Storm","Barrage"],"picked":"Beam Cell","floor":14.0},{"not_picked":["All For One","Amplify"],"picked":"Seek","floor":16.0},{"not_picked":["Turbo","Conserve Battery"],"picked":"BootSequence","floor":17.0},{"not_picked":["Beam Cell","Tempest"],"picked":"Reprogram+1","floor":18.0},{"not_picked":["Streamline","Coolheaded"],"picked":"Melter","floor":21.0},{"not_picked":["Defragment","Stack"],"picked":"FTL","floor":24.0},{"not_picked":["Darkness","Defragment"],"picked":"Skim","floor":25.0},{"not_picked":["Aggregate","Gash"],"picked":"Tempest+1","floor":28.0},{"not_picked":["Barrage","Defragment"],"picked":"Double Energy","floor":29.0},{"not_picked":["Genetic Algorithm","Barrage"],"picked":"Buffer","floor":31.0},{"not_picked":["Meteor Strike","Fission"],"picked":"Thunder Strike","floor":33.0},{"not_picked":["Defragment","Rebound"],"picked":"Conserve Battery+1","floor":35.0},{"not_picked":["Blind","Purity"],"picked":"Sadistic Nature","floor":36.0},{"not_picked":["Panacea","PanicButton"],"picked":"Metamorphosis","floor":36.0}],"player_experience":150994,"relics_obtained":[{"floor":6.0,"key":"Anchor"},{"floor":8.0,"key":"Potion Belt"},{"floor":9.0,"key":"Toy Ornithopter"},{"floor":24.0,"key":"MealTicket"},{"floor":26.0,"key":"Vajra"},{"floor":29.0,"key":"Pantograph"}],"event_choices":[{"damage_healed":0.0,"max_hp_gain":0.0,"max_hp_loss":0.0,"gold_gain":175.0,"event_name":"betterThird:BetterSerpent","player_choice":"AGREE","floor":3.0,"gold_loss":0.0,"damage_taken":133.0},{"damage_healed":0.0,"max_hp_gain":0.0,"max_hp_loss":0.0,"gold_gain":0.0,"event_name":"betterMatch:BetterMatch","player_choice":"2","floor":7.0,"gold_loss":0.0,"damage_taken":0.0,"cards_obtained":["betterMatch:RareCard"]},{"damage_healed":0.0,"max_hp_gain":0.0,"max_hp_loss":0.0,"gold_gain":0.0,"event_name":"WeMeetAgain","player_choice":"Gave Potion","floor":19.0,"gold_loss":0.0,"damage_taken":0.0,"relics_obtained":["Blood Vial"]},{"cards_removed":["Reprogram"],"damage_healed":0.0,"max_hp_gain":0.0,"max_hp_loss":0.0,"gold_gain":0.0,"event_name":"betterNote:BetterNote","player_choice":"Take \u0026 Give","floor":20.0,"gold_loss":0.0,"damage_taken":0.0,"cards_obtained":["Feed"]},{"damage_healed":0.0,"max_hp_gain":0.0,"max_hp_loss":0.0,"gold_gain":3.0,"event_name":"betterStone:BetterStone","player_choice":"1","floor":36.0,"gold_loss":0.0,"damage_taken":0.0},{"cards_removed":["Strike_B"],"damage_healed":0.0,"max_hp_gain":0.0,"max_hp_loss":0.0,"gold_gain":0.0,"event_name":"Wheel of Change","player_choice":"Card Removal","floor":37.0,"gold_loss":0.0,"damage_taken":0.0}],"is_beta":false,"boss_relics":[{"not_picked":["Snecko Eye","Runic Pyramid"],"picked":"Tiny House"},{"not_picked":["Cursed Key","Coffee Dripper"],"picked":"Inserter"}],"items_purged_floors":[11],"is_endless":false,"potions_floor_spawned":[5,8,12,13,14,16,18,21,29,33],"killed_by":"3 Shapes","ascension_level":0}}