{"host":"vl29iwkwnyytuw8q","time":1613863145,"event":{"mods":["BaseMod","Minty Spire (QoL Compilation)","Permanent Neow","Relic Stats","StSLib"],"gold_per_floor":[111,129,129,129,152,191,212,212,212,212,236,279,309,322,322,418,418,436,450,450,450],"floor_reached":20,"language":"ENG","playtime":1014,"items_purged":[],"score":372,"play_id":"a4c8a778-08ce-4216-972e-c3a79afe3022","local_time":"20210221001905","is_ascension_mode":true,"campfire_choices":[{"data":"A Thousand Cuts","floor":8.0,"key":"SMITH"},{"data":"Footwork","floor":15.0,"key":"SMITH"}],"circlet_count":0,"master_deck":["AscendersBane","Survivor","Neutralize","Footwork+1","Skewer","A Thousand Cuts+1","Backflip","Outmaneuver","Cloak And Dagger","PiercingWail","Underhanded Strike","Night Terror","Acrobatics","All Out Attack","After Image","Flechettes","Choke","PiercingWail","Tactician","A Thousand Cuts","All Out Attack","Flying Knee+1","Blade Dance"],"relics":["Cursed Key","Golden Idol","Whetstone","Blue Candle","Pandora\u0027s Box"],"acts_visited":["Exordium","TheCity"],"potions_floor_usage":[20],"damage_taken":[{"damage":1.0,"enemies":"Small Slimes","floor":1.0,"turns":3.0},{"damage":0.0,"enemies":"Jaw Worm","floor":2.0,"turns":5.0},{"damage":0.0,"enemies":"2 Louse","floor":5.0,"turns":4.0},{"damage":18.0,"enemies":"3 Sentries","floor":6.0,"turns":8.0},{"damage":4.0,"enemies":"Large Slime","floor":7.0,"turns":7.0},{"damage":2.0,"enemies":"Blue Slaver","floor":11.0,"turns":3.0},{"damage":7.0,"enemies":"Lagavulin","floor":12.0,"turns":7.0},{"damage":6.0,"enemies":"Gremlin Gang","floor":14.0,"turns":4.0},{"damage":4.0,"enemies":"Hexaghost","floor":16.0,"turns":9.0},{"damage":20.0,"enemies":"3 Byrds","floor":18.0,"turns":6.0},{"damage":23.0,"enemies":"Shell Parasite","floor":19.0,"turns":7.0},{"damage":8,"enemies":"Centurion and Healer","floor":20,"turns":3}],"seed_played":"-6076043881201760056","potions_obtained":[{"floor":1.0,"key":"Strength Potion"},{"floor":5.0,"key":"Swift Potion"},{"floor":11.0,"key":"Energy Potion"},{"floor":14.0,"key":"CultistPotion"},{"floor":18.0,"key":"BlessingOfTheForge"}],"is_trial":false,"path_per_floor":["M","M","?","?","M","E","M","R","T","?","M","E","?","M","R","B",null,"M","M","M"],"character_chosen":"THE_SILENT","items_purchased":[],"campfire_rested":0,"item_purchase_floors":[],"current_hp_per_floor":[58,58,58,58,58,40,36,36,36,36,34,27,27,21,21,17,49,29,6,0,0],"gold":450,"neow_bonus":"BOSS_RELIC","is_daily":false,"chose_seed":false,"campfire_upgraded":2,"win_rate":0.0,"timestamp":1613863145,"path_taken":["M","M","?","?","M","E","M","R","T","?","M","E","?","M","R","BOSS","M","M","M"],"items_purchased_type":[],"build_version":"2020-12-22","purchased_purges":0,"victory":false,"max_hp_per_floor":[66,66,60,60,60,60,60,60,60,60,60,60,60,60,60,60,60,60,60,60,60],"relic_stats":{"counters":[12,66],"Golden Idol":60,"Blue Candle":[0],"Pandora\u0027s Box":["Acrobatics","All Out Attack","After Image","Flechettes","Choke","PiercingWail","Tactician","A Thousand Cuts","All Out Attack"],"Whetstone":["Strike_G","Strike_G"],"Cursed Key":0,"obtain_stats":[{"Golden Idol":3,"Blue Candle":12,"Pandora\u0027s Box":17,"Whetstone":6,"Cursed Key":0,"Ring of the Snake":0},{"Golden Idol":2,"Blue Candle":7,"Pandora\u0027s Box":9,"Whetstone":4,"Cursed Key":0,"Ring of the Snake":0},{"Golden Idol":8,"Blue Candle":37,"Pandora\u0027s Box":50,"Whetstone":20,"Cursed Key":0,"Ring of the Snake":0}]},"card_choices":[{"not_picked":["Infinite Blades","Blade Dance"],"picked":"Footwork","floor":1.0},{"not_picked":["Backflip","Masterful Stab"],"picked":"Skewer","floor":2.0},{"not_picked":["Prepared","PiercingWail"],"picked":"Backflip","floor":5.0},{"not_picked":["Dodge and Roll","Envenom"],"picked":"Outmaneuver","floor":6.0},{"not_picked":["Choke","Deadly Poison"],"picked":"Cloak And Dagger","floor":7.0},{"not_picked":["Dodge and Roll","Deflect"],"picked":"PiercingWail","floor":11.0},{"not_picked":["Quick Slash","Accuracy"],"picked":"Underhanded Strike","floor":12.0},{"not_picked":["PiercingWail","Sucker Punch","Flying Knee"],"picked":"SKIP","floor":14.0},{"not_picked":["Envenom","Tools of the Trade"],"picked":"Night Terror","floor":16.0},{"not_picked":["Bane","Heel Hook"],"picked":"Flying Knee+1","floor":18.0},{"not_picked":["Prepared","Slice"],"picked":"Blade Dance","floor":19.0}],"player_experience":705883,"relics_obtained":[{"floor":6.0,"key":"Whetstone"},{"floor":12.0,"key":"Blue Candle"}],"event_choices":[{"damage_healed":0.0,"max_hp_gain":0.0,"max_hp_loss":6.0,"gold_gain":0.0,"event_name":"Golden Idol","player_choice":"Lose Max HP","floor":3.0,"gold_loss":0.0,"damage_taken":0.0,"relics_obtained":["Golden Idol"]},{"damage_healed":0.0,"max_hp_gain":0.0,"max_hp_loss":0.0,"gold_gain":0.0,"cards_transformed":["Strike_G"],"event_name":"Living Wall","player_choice":"Change","floor":4.0,"gold_loss":0.0,"damage_taken":0.0,"cards_obtained":["A Thousand Cuts"]},{"damage_healed":0.0,"max_hp_gain":0.0,"max_hp_loss":0.0,"gold_gain":0.0,"event_name":"Liars Game","player_choice":"Ignored","floor":10.0,"gold_loss":0.0,"damage_taken":0.0},{"damage_healed":0.0,"max_hp_gain":0.0,"max_hp_loss":0.0,"gold_gain":30.0,"event_name":"Dead Adventurer","player_choice":"Searched \u00271\u0027 times","floor":13.0,"gold_loss":0.0,"damage_taken":0.0}],"is_beta":false,"boss_relics":[{"not_picked":["SlaversCollar","Velvet Choker"],"picked":"Pandora\u0027s Box"}],"items_purged_floors":[],"is_endless":false,"potions_floor_spawned":[1,5,11,14,18],"killed_by":"Centurion and Healer","ascension_level":20}}