{"host":"pft5kheyb7v7gger","time":1613787882,"event":{"mods":["Act Like it!","BaseMod","Downfall","Energized Spire","Gensokyo","LagranYue(¿≠∏Ò¿ °§‘¬)","Marisa£®ÏF”Í°°ƒß¿Ì…≥£©","Minty Spire (QoL Compilation)","Reimu£®≤©¿ˆ¡È√Œ£©","Replay The Spire","StSLib","The Animator","°æ“≈ŒÔø®≈∆°øREMEMod"],"gold_per_floor":[99,113,133,152,163,163,187,221,241,341,141,156,156,26,42,140,190,190,201,214,214,225,225,252,352,372,400,400,135,35,63,79,179,179,179,192,210,210,210,210,210],"floor_reached":39,"language":"ZHS","playtime":3067,"items_purged":["downfall:Bewildered"],"score":473,"play_id":"468fe9f5-a244-4cd1-a5a8-edf1775b42ce","local_time":"20210220102442","is_ascension_mode":false,"campfire_choices":[{"data":"champ:FaceSlap","floor":6.0,"key":"SMITH"},{"floor":11.0,"key":"REST"},{"floor":13.0,"key":"REST"},{"floor":18.0,"key":"RECALL"},{"data":"Replay:BasicMightCard","floor":30,"key":"SMITH"},{"data":"Magnetism","floor":35,"key":"SMITH"}],"circlet_count":1,"master_deck":["champ:Strike","champ:Strike","champ:Defend","champ:Defend","champ:Defend","champ:Execute","champ:Taunt","champ:Endure","champ:FaceSlap+1","champ:RisingSlash","champ:FanOfKnives","champ:EnGarde","champ:Encircle","champ:ArenaPreparation+1","champ:GutPunch+1","champ:RisingSlash","champ:Haymaker","champ:VampiricStrike","champ:UltimateStance+1","champ:StanceDance","champ:MurderStrike","champ:ArenaPreparation","champ:CalledShot","champ:BringItOn","champ:ShieldSlam+1","Pride","champ:Taunt","champ:FlashCut","champ:IronFortress","champ:ShieldThrow","Replay:BasicMightCard+1","Overencumbered","champ:FocusedBerserking+1","champ:RapidStrikes+1","champ:StanceDance","champ:Haymaker+1","Magnetism+1","champ:StanceDance+1","champ:CrookedStrike","champ:HoldFirm","champ:FocusedBerserking+1","champ:GladiatorStyle+1","Looming Evil"],"relics":["champ:ChampionCrown","REME_ComplimentaryCards","LagranYue:RandomDrawCardRelic","Circlet","ReplayFunnel","downfall:HeartBlessingGreen","downfall:HeartBlessingBlue","Tiny House","Art of War","Akabeko","downfall:GremlinSack","Lantern","sneckomod:BabySnecko","downfall:HeartBlessingRed","Iron Hammer","Black Star","Ring of Fury","Ring of Peace"],"acts_visited":["Exordium","TheCity","TheBeyond"],"potions_floor_usage":[31,33,39,39,39],"damage_taken":[{"damage":15.0,"enemies":"2 Louse","floor":2.0,"turns":2.0},{"damage":14.0,"enemies":"Jaw Worm","floor":3.0,"turns":3.0},{"damage":0.0,"enemies":"Cultist","floor":4.0,"turns":2.0},{"damage":6.0,"enemies":"2 Fungi Beasts","floor":5.0,"turns":2.0},{"damage":50.0,"enemies":"3 Sentries","floor":8.0,"turns":7.0},{"damage":6.0,"enemies":"Exordium Wildlife","floor":9.0,"turns":3.0},{"damage":52.0,"enemies":"downfall:Heads","floor":10.0,"turns":5.0},{"damage":15.0,"enemies":"3 Louse","floor":12.0,"turns":2.0},{"damage":40.0,"enemies":"downfall:FleeingMerchant","floor":14.0,"turns":4.0},{"damage":18.0,"enemies":"Blue Slaver","floor":15.0,"turns":2.0},{"damage":93.0,"enemies":"WA_ARCHETYPE_RETAIN","floor":16.0,"turns":6.0},{"damage":46.0,"enemies":"downfall:LooterAlt2","floor":19.0,"turns":3.0},{"damage":64.0,"enemies":"Spheric Guardian","floor":20.0,"turns":4.0},{"damage":55.0,"enemies":"3 Cultists","floor":22.0,"turns":4.0},{"damage":25,"floor":25,"turns":4},{"damage":33,"enemies":"Centurion and Healer","floor":26,"turns":5},{"damage":66,"enemies":"Gremlin Leader","floor":27,"turns":6},{"damage":32,"enemies":"downfall:FleeingMerchant","floor":29,"turns":4},{"damage":73,"enemies":"Slavers","floor":31,"turns":5},{"damage":11,"enemies":"Snecko","floor":32,"turns":2},{"damage":52,"enemies":"SI_MIRROR_ARCHETYPE","floor":33,"turns":8},{"damage":30,"enemies":"Orb Walker","floor":36,"turns":2},{"damage":45,"enemies":"3 Darklings","floor":37,"turns":5},{"damage":96,"enemies":"Orin","floor":39,"turns":7}],"seed_played":"3444933640903200168","potions_obtained":[{"floor":3.0,"key":"Dexterity Potion"},{"floor":4.0,"key":"Fire Potion"},{"floor":5.0,"key":"PowerPotion"},{"floor":10.0,"key":"Dexterity Potion"},{"floor":12.0,"key":"SkillPotion"},{"floor":17.0,"key":"Elixir"},{"floor":26,"key":"champ:CounterPotion"},{"floor":27,"key":"Regen Potion"},{"floor":32,"key":"Reflective Coating"},{"floor":36,"key":"Energy Potion"}],"is_trial":false,"path_per_floor":["R","M","M","M","M","R","T","E","M","?","R","M","R","$","M","B",null,"R","M","M","?","M","?","T","?","M","E","?","$","R","E","M","B",null,"R","M","M","?","?"],"character_chosen":"THE_CHAMP","items_purchased":["champ:UltimateStance+1","Magnetism"],"campfire_rested":2,"item_purchase_floors":[14,29],"current_hp_per_floor":[99,99,95,95,89,89,89,59,53,21,63,63,95,95,92,54,114,114,108,104,114,114,114,114,114,101,75,75,73,73,59,48,19,114,114,114,94,94,0,0,0],"gold":210,"neow_bonus":"TEN_PERCENT_HP_BONUS","is_daily":false,"chose_seed":false,"campfire_upgraded":3,"win_rate":0.0,"timestamp":1613787882,"path_taken":["R","M","M","M","M","R","T","E","M","?","R","M","R","$","M","BOSS","R","M","M","?","M","?","T","?","?","E","?","?","R","E","M","BOSS","R","M","M","?","?"],"items_purchased_type":["Card","Card"],"build_version":"2020-12-22","purchased_purges":1,"victory":false,"max_hp_per_floor":[99,99,99,99,99,99,99,99,99,99,109,109,109,109,109,109,114,114,114,114,114,114,114,114,114,114,114,114,114,114,114,114,114,114,114,114,114,114,114,114,114],"card_choices":[{"not_picked":["champ:PreciseThrust","champ:GladiatorStyle"],"picked":"champ:FaceSlap","floor":2.0},{"not_picked":["champ:PerfectedStrike","champ:TornadoPunch"],"picked":"champ:RisingSlash","floor":3.0},{"not_picked":["champ:FancyFootwork","champ:BringItOn"],"picked":"champ:FanOfKnives","floor":4.0},{"not_picked":["champ:PreciseThrust","champ:CrownThrow"],"picked":"champ:EnGarde","floor":5.0},{"not_picked":["champ:PerfectedStrike","champ:PreemptiveStrike"],"picked":"champ:Encircle","floor":8.0},{"not_picked":["champ:Shatter","champ:EnGarde"],"picked":"champ:ArenaPreparation","floor":9.0},{"not_picked":["champ:FancyFootwork","champ:FanOfKnives"],"picked":"champ:GutPunch","floor":10.0},{"not_picked":["champ:EnGarde","champ:Circumvent"],"picked":"champ:Haymaker","floor":12.0},{"not_picked":["champ:DefensiveShout","champ:BerserkersShout"],"picked":"champ:VampiricStrike","floor":14.0},{"not_picked":["champ:Circumvent","champ:TornadoPunch"],"picked":"champ:StanceDance","floor":15.0},{"not_picked":["champ:DancingMaster","champ:SteelEdge"],"picked":"champ:MurderStrike","floor":16.0},{"not_picked":["champ:SkillfulDodge","champ:StanceDance"],"picked":"champ:ArenaPreparation","floor":17.0},{"not_picked":["champ:Circumvent","champ:Shatter"],"picked":"champ:CalledShot","floor":19.0},{"not_picked":["champ:PerfectedStrike+1","champ:BerserkersShout"],"picked":"champ:BringItOn","floor":20.0},{"not_picked":["champ:Encircle","champ:BringItOn"],"picked":"champ:ShieldSlam+1","floor":22.0},{"not_picked":["champ:RisingSlash","champ:StanceDance"],"picked":"champ:FocusedBerserking+1","floor":25},{"not_picked":["champ:Endure","champ:FancyFootwork+1"],"picked":"champ:RapidStrikes+1","floor":26},{"not_picked":["champ:Circumvent","champ:Shatter"],"picked":"champ:StanceDance","floor":27},{"not_picked":["champ:ArenaPreparation","champ:TornadoPunch"],"picked":"champ:Haymaker+1","floor":29},{"not_picked":["champ:Haymaker","champ:PreemptiveStrike"],"picked":"champ:StanceDance+1","floor":31},{"not_picked":["champ:EndlessRage","champ:Backstep+1"],"picked":"champ:CrookedStrike","floor":32},{"not_picked":["champ:MurderStrike","champ:ShieldThrow"],"picked":"champ:HoldFirm","floor":33},{"not_picked":["champ:Circumvent+1","champ:EnGarde"],"picked":"champ:FocusedBerserking+1","floor":36},{"not_picked":["champ:FanOfKnives+1","champ:PerfectedStrike"],"picked":"champ:GladiatorStyle+1","floor":37}],"player_experience":332665,"relics_obtained":[{"floor":2.0,"key":"LetterFromLob"},{"floor":8.0,"key":"ReplayFunnel"},{"floor":22.0,"key":"RedMistMask"},{"floor":24.0,"key":"Akabeko"},{"floor":25,"key":"downfall:GremlinSack"},{"floor":27,"key":"Lantern"},{"floor":31,"key":"Iron Hammer"},{"floor":38,"key":"Ring of Fury"},{"floor":38,"key":"Ring of Peace"}],"event_choices":[{"damage_healed":0.0,"max_hp_gain":0.0,"max_hp_loss":0.0,"gold_gain":0.0,"event_name":"Addict","player_choice":"Stole Relic","floor":23.0,"gold_loss":0.0,"damage_taken":0.0,"relics_obtained":["Art of War"],"cards_obtained":["Pride"]},{"damage_healed":0,"gold_gain":0,"player_choice":"Fight","damage_taken":0,"max_hp_gain":0,"max_hp_loss":0,"event_name":"OrinTheCat","floor":39,"gold_loss":0}],"is_beta":false,"boss_relics":[{"not_picked":["Astrolabe","Coffee Dripper"],"picked":"Tiny House"},{"not_picked":["REME_LowDesire","Painkiller Herb"],"picked":"Black Star"}],"items_purged_floors":[29],"is_endless":false,"potions_floor_spawned":[3,4,5,10,12,22,26,27,32,36],"killed_by":"Orin","ascension_level":0}}