{"host":"udyc8f81k2jocuhg","time":1613825430,"event":{"mods":["2.2 Compatiblity","BaseMod","Better Third Choice","Colored Powertips","Conspire","Custom Start","GifTheSpireLib","Hermit","Minty Spire (QoL Compilation)","Permanent Neow","Quick Restart","Relic Filter","Relic Stats","Replay The Spire","Shop Mod","Spikes Relics","StSLib","Stuff the Spire"],"gold_per_floor":[119,136,156,168,187,187,187,187],"floor_reached":7,"language":"ENG","playtime":298,"items_purged":[],"score":83,"play_id":"696760ce-dc93-403a-9945-0bb08552ea6c","local_time":"20210220135030","is_ascension_mode":true,"campfire_choices":[{"data":"Neutralize","floor":6,"key":"SMITH"}],"circlet_count":0,"master_deck":["AscendersBane","Strike_G","Strike_G","Strike_G","Strike_G","Strike_G","Defend_G","Defend_G","Defend_G","Defend_G","Defend_G","Survivor","Neutralize+1","Deflect","Blade Dance"],"relics":["Ring of the Snake","conspire:InfiniteJournal"],"acts_visited":["Exordium"],"potions_floor_usage":[7,7],"damage_taken":[{"damage":2,"enemies":"Cultist","floor":1,"turns":5},{"damage":4,"enemies":"Small Slimes","floor":2,"turns":4},{"damage":6,"enemies":"Jaw Worm","floor":3,"turns":6},{"damage":0,"enemies":"2 Fungi Beasts","floor":4,"turns":5},{"damage":0,"enemies":"Looter","floor":5,"turns":4},{"damage":44,"enemies":"Lagavulin","floor":7,"turns":6}],"seed_played":"-7728082984017594627","potions_obtained":[{"floor":2,"key":"AttackPotion"},{"floor":3,"key":"FearPotion"}],"is_trial":false,"path_per_floor":["M","M","M","M","M","R","E"],"character_chosen":"THE_SILENT","items_purchased":[],"campfire_rested":0,"item_purchase_floors":[],"current_hp_per_floor":[42,38,32,32,32,32,0,0],"gold":187,"neow_bonus":"ONE_RARE_RELIC","is_daily":false,"chose_seed":false,"campfire_upgraded":1,"win_rate":0.0,"timestamp":1613825430,"path_taken":["M","M","M","M","M","R","E"],"items_purchased_type":[],"build_version":"2020-12-22","purchased_purges":0,"victory":false,"max_hp_per_floor":[66,66,66,66,66,66,66,66],"relic_stats":{"counters":[6,30],"obtain_stats":[{"Ring of the Snake":0,"conspire:InfiniteJournal":0},{"Ring of the Snake":0,"conspire:InfiniteJournal":0},{"Ring of the Snake":0,"conspire:InfiniteJournal":0}],"Ring of the Snake":[12]},"card_choices":[{"not_picked":["Quick Slash","Sucker Punch","ShadowRift"],"picked":"SKIP","floor":1},{"not_picked":["Masterful Stab","StuffTheSpire:Repulse","Eviscerate"],"picked":"SKIP","floor":2},{"not_picked":["StuffTheSpire:Injection","Hidden Blade"],"picked":"Deflect","floor":3},{"not_picked":["PiercingWail","StuffTheSpire:ClusterCrunch"],"picked":"Blade Dance","floor":4},{"not_picked":["StuffTheSpire:BumpUp","Dagger Throw","ReplayTheSpireMod:Tripwire"],"picked":"SKIP","floor":5}],"player_experience":2040823,"relics_obtained":[],"event_choices":[],"is_beta":false,"boss_relics":[],"items_purged_floors":[],"is_endless":false,"potions_floor_spawned":[2,3,5],"killed_by":"Lagavulin","ascension_level":17}}