{"host":"5f8yr5jxnqok2jdo","time":1613835509,"event":{"mods":["AchievementEnabler","BaseMod","Better Altar","Better Match","Better Note","Better Skull","Better Third Choice","Block Reminder","Colored Map","Colored Powertips","DeckTracker","Displayed Cursed Tome","Filter the Spire","Googly Eyes","Highlight Path","Key Reminder","Minty Spire (QoL Compilation)","Quick Restart","Rare Cards Sparkle","Relic Sorter","Relic Stats","ShortenTheSpire","Smile Girya","Spire Arcade","Spire Birthday Party","StSLib","Steal the Spire","SuperFastMode","Uncapped","Unceasing Turn Reminder","UnlockEverythingMod","Weighted Paths","everything is the same but u backflip on backflip","slay the spire mod where everything is the same but ironclad has a cowboy hat"],"gold_per_floor":[110,110,123,14,32,63,63,98,98,113,113,113,113],"floor_reached":12,"language":"ENG","playtime":249,"items_purged":[],"score":176,"play_id":"cba47cc3-05f9-46cf-b1e3-7175510127cd","local_time":"20210220163829","is_ascension_mode":true,"campfire_choices":[{"data":"Spot Weakness","floor":7,"key":"SMITH"},{"floor":11,"key":"REST"}],"circlet_count":0,"master_deck":["AscendersBane","Strike_R","Strike_R","Strike_R","Strike_R","Strike_R","Defend_R","Defend_R","Defend_R","Defend_R","Bash","Perfected Strike","Spot Weakness+1","Wild Strike","Evolve","Heavy Blade"],"relics":["Snecko Eye","Centennial Puzzle","Peace Pipe","Bottled Lightning"],"acts_visited":["Exordium"],"potions_floor_usage":[3,8],"damage_taken":[{"damage":7,"enemies":"Jaw Worm","floor":1,"turns":2},{"damage":1,"enemies":"Cultist","floor":3,"turns":3},{"damage":7,"enemies":"Small Slimes","floor":5,"turns":3},{"damage":30,"enemies":"Lagavulin","floor":6,"turns":6},{"damage":20,"enemies":"3 Sentries","floor":8,"turns":4},{"damage":6,"enemies":"Looter","floor":10,"turns":2},{"damage":30,"enemies":"Lagavulin","floor":12,"turns":5}],"seed_played":"-8129544469372309670","potions_obtained":[{"floor":2,"key":"SpeedPotion"},{"floor":2,"key":"ColorlessPotion"},{"floor":3,"key":"Fruit Juice"},{"floor":5,"key":"Weak Potion"}],"is_trial":false,"path_per_floor":["M","?","M","$","M","E","R","E","T","M","R","E"],"character_chosen":"IRONCLAD","items_purchased":["Wild Strike","Evolve"],"campfire_rested":1,"item_purchase_floors":[4,4],"current_hp_per_floor":[61,61,65,65,58,28,28,8,8,2,26,0,0],"gold":113,"neow_bonus":"BOSS_RELIC","is_daily":false,"chose_seed":false,"campfire_upgraded":1,"win_rate":0.0,"timestamp":1613835509,"path_taken":["M","?","M","$","?","E","R","E","T","M","R","E"],"items_purchased_type":["Card","Card"],"build_version":"2020-12-22","purchased_purges":0,"victory":false,"max_hp_per_floor":[75,75,80,80,80,80,80,80,80,80,80,80,80],"relic_stats":{"Peace Pipe":0,"Centennial Puzzle":[9],"counters":[7,25],"Snecko Eye":[51,33,46,43],"obtain_stats":[{"Peace Pipe":8,"Centennial Puzzle":6,"Snecko Eye":0,"Bottled Lightning":9,"Burning Blood":0},{"Peace Pipe":5,"Centennial Puzzle":4,"Snecko Eye":0,"Bottled Lightning":5,"Burning Blood":0},{"Peace Pipe":18,"Centennial Puzzle":14,"Snecko Eye":0,"Bottled Lightning":18,"Burning Blood":0}]},"card_choices":[{"not_picked":["Cleave","Heavy Blade"],"picked":"Perfected Strike","floor":1},{"not_picked":["True Grit","Feel No Pain"],"picked":"Spot Weakness","floor":3},{"not_picked":["Heavy Blade","Twin Strike","Body Slam"],"picked":"SKIP","floor":5},{"not_picked":["Fire Breathing","Anger","Pummel"],"picked":"SKIP","floor":6},{"not_picked":["Sword Boomerang","Feed"],"picked":"Heavy Blade","floor":8},{"not_picked":["Shrug It Off","Cleave","True Grit"],"picked":"SKIP","floor":10}],"player_experience":371717,"relics_obtained":[{"floor":6,"key":"Centennial Puzzle"},{"floor":8,"key":"Peace Pipe"},{"floor":9,"key":"Bottled Lightning"}],"event_choices":[{"damage_healed":0,"gold_gain":0,"player_choice":"Got Potions","damage_taken":0,"max_hp_gain":0,"max_hp_loss":0,"event_name":"Lab","floor":2,"gold_loss":0}],"is_beta":false,"boss_relics":[],"items_purged_floors":[],"is_endless":false,"potions_floor_spawned":[3,5],"killed_by":"Lagavulin","ascension_level":20}}