{"host":"gmuvwrmxgyh1poc6","time":1613792940,"event":{"mods":["BaseMod","Better Third Choice","BetterRewards","Clockwork Mod","Conspire","Downfall","Infinite Spire","Minty Spire (QoL Compilation)","Pikachu Mod","Relic Stats","Replay The Spire","StSLib","The Administrix","The Alterego","The Construct","The Death Knight","The Sage"],"gold_per_floor":[110,185,203,216,216,245,245,278,303,329,360,384,396,427,439,554,566,595,532,544,556,568,580,620,632,714,785,820,747,811,823,901,955,967,1145,1157,1213,1225,1275,1346,1462,1548,1560,1649,1661,1673,1731,808,286,332,332,364],"floor_reached":53,"language":"ENG","playtime":7675,"items_purged":["construct:DefenseMode","construct:Defend_Gold"],"score":1004,"play_id":"f40caffd-5b5f-449a-be83-9ec1f001aea6","local_time":"20210219204900","is_ascension_mode":true,"campfire_choices":[{"data":"construct:ForceCore","floor":15,"key":"SMITH"},{"data":"construct:BatteryCore","floor":25,"key":"SMITH"},{"data":"construct:Failsafe","floor":34,"key":"SMITH"},{"data":"construct:Failsafe+1","floor":43,"key":"SMITH"},{"data":"construct:BatteryCore+1","floor":46,"key":"SMITH"},{"data":"construct:SyphonStrike","floor":51,"key":"SMITH"}],"circlet_count":0,"master_deck":["construct:Strike_Gold","construct:Strike_Gold","construct:Strike_Gold","construct:Strike_Gold+1","construct:Strike_Gold","construct:Defend_Gold","construct:Defend_Gold","construct:Defend_Gold","construct:Defend_Gold","construct:AttackMode","construct:Autoturret","construct:PowerUp+1","construct:PointDefense","construct:SyphonStrike+1","construct:ForceCore+1","construct:Autoturret","construct:Autoturret","construct:BatteryCore+2","construct:Enhance","construct:Failsafe+2","construct:Reserves+1","construct:LaserCore+1","construct:Autoturret+1","construct:LaserCore"],"relics":["construct:ClockworkPhoenix","Toy Ornithopter","Replay:Wax Seal","MawBank","construct:WeddingRing","Painkiller Herb","Replay:Bandana","Replay:Bandana","construct:MasterCore","Art of War","Gremlin Horn","conspire:RunicOctahedron","Torii","Regal Pillow","Nunchaku","Iron Hammer","Guide Book","StoneCalendar"],"acts_visited":["Exordium","TheCity","TheBeyond"],"potions_floor_usage":[4,6,12,16,27,27,27,35,39,44,48,50,52],"damage_taken":[{"damage":1,"enemies":"Cultist","floor":1,"turns":4},{"damage":3,"enemies":"Jaw Worm","floor":3,"turns":4},{"damage":0,"enemies":"Small Slimes","floor":4,"turns":3},{"damage":1,"enemies":"3 Sentries","floor":6,"turns":11},{"damage":0,"enemies":"Gremlin Nob","floor":8,"turns":2},{"damage":0,"enemies":"Replay:BlueRogue","floor":10,"turns":3},{"damage":0,"enemies":"Exordium Wildlife","floor":11,"turns":3},{"damage":0,"enemies":"2 Fungi Beasts","floor":12,"turns":2},{"damage":0,"enemies":"Looter","floor":14,"turns":2},{"damage":0,"enemies":"Slime Boss","floor":16,"turns":3},{"damage":10,"enemies":"Chosen","floor":18,"turns":4},{"damage":0,"enemies":"Spheric Guardian","floor":24,"turns":2},{"damage":0,"enemies":"Slavers","floor":27,"turns":2},{"damage":0,"enemies":"Centurion and Healer","floor":30,"turns":2},{"damage":0,"enemies":"conspire:HollyBat","floor":32,"turns":2},{"damage":0,"enemies":"Shelled Parasite and Fungi","floor":33,"turns":1},{"damage":8,"enemies":"Champ","floor":35,"turns":4},{"damage":23,"enemies":"Orb Walker","floor":37,"turns":3},{"damage":0,"enemies":"3 Shapes","floor":39,"turns":1},{"damage":0,"enemies":"Spire Growth","floor":40,"turns":1},{"damage":0,"enemies":"Transient","floor":41,"turns":2},{"damage":0,"enemies":"Reptomancer","floor":42,"turns":2},{"damage":0,"enemies":"Nemesis","floor":44,"turns":3},{"damage":0,"enemies":"Jaw Worm Horde","floor":47,"turns":2},{"damage":0,"enemies":"Writhing Mass","floor":50,"turns":1},{"damage":11,"enemies":"Time Eater","floor":52,"turns":3}],"seed_played":"-5938304589412034508","potions_obtained":[{"floor":3,"key":"BlessingOfTheForge"},{"floor":4,"key":"AttackPotion"},{"floor":10,"key":"Block Potion"},{"floor":14,"key":"Adrenaline Potion"},{"floor":24,"key":"PowerPotion"},{"floor":26,"key":"DistilledChaos"},{"floor":26,"key":"LifebloodPotion"},{"floor":30,"key":"infinitespire:BlackPotion"},{"floor":35,"key":"Regen Potion"},{"floor":40,"key":"construct:ShiftPotion"},{"floor":42,"key":"Ancient Potion"},{"floor":44,"key":"sagemod:Wine"},{"floor":50,"key":"construct:ShiftPotion"}],"is_trial":false,"path_per_floor":["M","?","M","M","?","E","?","E","T","E","M","M","$","M","R","B",null,"M","?","AVR","PTL","PTL","T","?","T","?","E","T","?","?","?","?","?","T","B",null,"?","T","?","?","?","E","T","E","T","T","?","T","?","?","T","B",null],"character_chosen":"THE_CONSTRUCT_MOD","items_purchased":["Iron Hammer","Guide Book","construct:LaserCore","Energy Potion","StoneCalendar","Venom Potion"],"campfire_rested":0,"item_purchase_floors":[48,48,48,48,48,48],"current_hp_per_floor":[84,73,70,70,70,69,74,74,74,74,74,79,79,79,79,84,85,75,75,75,75,75,75,75,75,75,85,85,85,85,85,85,85,85,77,85,62,62,67,67,67,67,67,72,72,72,72,72,72,77,77,71],"gold":364,"neow_bonus":"RANDOM_EVENT","is_daily":false,"chose_seed":false,"campfire_upgraded":6,"win_rate":0.0,"timestamp":1613792940,"path_taken":["M","?","M","M","?","E","?","E","T","E","?","M","$","M","R","BOSS","M","?","AVR","PTL","PTL","T","?","T","?","E","T","?","?","?","?","?","T","BOSS","?","T","?","?","?","E","T","E","T","T","?","T","?","?","T","BOSS"],"items_purchased_type":["Relic","Relic","Card","Potion","Relic","Potion"],"build_version":"2020-12-22","purchased_purges":2,"victory":true,"max_hp_per_floor":[85,85,85,85,85,85,85,85,85,85,85,85,85,85,85,85,85,85,85,85,85,85,85,85,85,85,85,85,85,85,85,85,85,85,85,85,85,85,85,85,85,85,85,85,85,85,85,85,85,85,85,85],"relic_stats":{"Regal Pillow":0,"Nunchaku":[2],"Gremlin Horn":[8,9],"Torii":0,"counters":[26,71],"StoneCalendar":[0],"Art of War":[1],"MawBank":456,"obtain_stats":[{"Regal Pillow":44,"construct:WeddingRing":17,"Gremlin Horn":29,"Torii":42,"Guide Book":48,"Painkiller Herb":20,"conspire:RunicOctahedron":36,"StoneCalendar":48,"construct:ClockworkPhoenix":0,"MawBank":10,"Replay:Bandana":20,"Nunchaku":45,"Iron Hammer":48,"Art of War":28,"Replay:Wax Seal":8,"construct:MasterCore":27,"Toy Ornithopter":6},{"Regal Pillow":23,"construct:WeddingRing":10,"Gremlin Horn":13,"Torii":22,"Guide Book":24,"Painkiller Herb":11,"conspire:RunicOctahedron":17,"StoneCalendar":24,"construct:ClockworkPhoenix":0,"MawBank":6,"Replay:Bandana":11,"Nunchaku":23,"Iron Hammer":24,"Art of War":13,"Replay:Wax Seal":5,"construct:MasterCore":13,"Toy Ornithopter":4},{"Regal Pillow":66,"construct:WeddingRing":37,"Gremlin Horn":45,"Torii":63,"Guide Book":68,"Painkiller Herb":41,"conspire:RunicOctahedron":54,"StoneCalendar":68,"construct:ClockworkPhoenix":0,"MawBank":27,"Replay:Bandana":41,"Nunchaku":66,"Iron Hammer":68,"Art of War":45,"Replay:Wax Seal":24,"construct:MasterCore":45,"Toy Ornithopter":22}],"Toy Ornithopter":40},"card_choices":[{"not_picked":["construct:SaveState","construct:VentSteam","construct:SyphonStrike"],"picked":"SKIP","floor":1},{"not_picked":["construct:Missile","construct:ScrapCannon","construct:SaveState"],"picked":"SKIP","floor":3},{"not_picked":["construct:Boost","construct:ReactiveShield"],"picked":"construct:Autoturret","floor":4},{"not_picked":["construct:FierceBash","construct:SyphonStrike","construct:VentSteam"],"picked":"SKIP","floor":6},{"not_picked":["construct:FierceBash","construct:LongRangeLance"],"picked":"construct:ForceCore","floor":8},{"not_picked":["construct:ShiftStrike","construct:Boost"],"picked":"construct:Autoturret","floor":10},{"not_picked":["construct:SaveState","construct:SuppressiveFire","construct:Backup"],"picked":"SKIP","floor":11},{"not_picked":["construct:ScrapCannon","construct:Accumulate"],"picked":"construct:Autoturret","floor":12},{"not_picked":["construct:Reinforce","construct:Antimatter","construct:Construct_Overclock"],"picked":"SKIP","floor":14},{"not_picked":["construct:MemoryTap","construct:LongRangeLance"],"picked":"construct:BatteryCore","floor":16},{"not_picked":["construct:Accumulate","construct:Versatility+1","construct:Forcefield"],"picked":"SKIP","floor":18},{"not_picked":["construct:ScrapCannon+1","construct:Accumulate","construct:OneWayMirror+1"],"picked":"SKIP","floor":24},{"not_picked":["construct:ChargeShot","construct:SaveState","construct:FocusedBeam"],"picked":"SKIP","floor":27},{"not_picked":["construct:GuardCore","construct:Backfire"],"picked":"construct:Enhance","floor":30},{"not_picked":["construct:SuppressiveFire","construct:ScrapCannon+1","construct:Versatility"],"picked":"SKIP","floor":32},{"not_picked":["construct:Forcefield","construct:PointDefense"],"picked":"construct:Failsafe","floor":33},{"not_picked":["construct:ClockworkEgg","construct:GatlingGun"],"picked":"construct:Reserves","floor":35},{"not_picked":["construct:ClusterMines","construct:Backfire+1","construct:Construct_Overclock+1"],"picked":"SKIP","floor":37},{"not_picked":["construct:Autoturret+1","construct:HeavyBolt+1","construct:SweepLaser+1"],"picked":"SKIP","floor":39},{"not_picked":["construct:HardReboot+1","construct:OneWayMirror+1"],"picked":"construct:LaserCore+1","floor":40},{"not_picked":["construct:FocusedBeam+1","construct:Backfire","construct:SweepLaser+1"],"picked":"SKIP","floor":41},{"not_picked":["construct:Anticipate+1","construct:HardReboot+1"],"picked":"construct:Autoturret+1","floor":42},{"not_picked":["construct:SuppressiveFire+1","construct:Isolate+1","construct:Dampening+1"],"picked":"SKIP","floor":44},{"not_picked":["construct:Boost+1","construct:FierceBash+1","construct:ElectricArmor+1"],"picked":"SKIP","floor":47},{"not_picked":["construct:Missile","construct:Isolate+1","construct:Chainstrike+1"],"picked":"SKIP","floor":50}],"player_experience":161997,"relics_obtained":[{"floor":6,"key":"Toy Ornithopter"},{"floor":8,"key":"Replay:Wax Seal"},{"floor":10,"key":"MawBank"},{"floor":26,"key":"Replay:Bandana"},{"floor":27,"key":"construct:MasterCore"},{"floor":28,"key":"Art of War"},{"floor":42,"key":"Torii"},{"floor":44,"key":"Regal Pillow"},{"floor":45,"key":"Nunchaku"}],"event_choices":[{"damage_healed":0,"gold_gain":75,"player_choice":"Gold","damage_taken":11,"max_hp_gain":0,"max_hp_loss":0,"event_name":"betterThird:BetterGoop","floor":2,"gold_loss":0},{"cards_removed":["construct:ScrapCannon"],"damage_healed":5,"gold_gain":0,"player_choice":"Offered Common","damage_taken":0,"max_hp_gain":0,"max_hp_loss":0,"event_name":"Bonfire Elementals","floor":7,"gold_loss":0},{"cards_removed":["construct:ScrapCannon"],"damage_healed":5,"gold_gain":0,"player_choice":"Offered Special","damage_taken":0,"max_hp_gain":0,"max_hp_loss":0,"event_name":"Bonfire Elementals","floor":7,"gold_loss":0},{"cards_removed":["construct:Reinforce"],"damage_healed":0,"gold_gain":0,"player_choice":"Gave Gold","damage_taken":0,"max_hp_gain":0,"max_hp_loss":0,"event_name":"Beggar","floor":19,"gold_loss":75},{"damage_healed":0,"gold_gain":0,"player_choice":"Obtained Relic","damage_taken":0,"relics_obtained":["Gremlin Horn"],"max_hp_gain":0,"max_hp_loss":0,"event_name":"Addict","floor":29,"gold_loss":85}],"is_beta":false,"boss_relics":[{"not_picked":["Black Star","ChewingGum"],"picked":"construct:WeddingRing"},{"not_picked":["Cursed Key","Velvet Choker"],"picked":"conspire:RunicOctahedron"}],"items_purged_floors":[20,48],"is_endless":false,"potions_floor_spawned":[3,4,10,12,14,24,30,35,40,42,44,50],"ascension_level":1}}