{"host":"s41rn2jhghpwfrvz","time":1613800930,"event":{"mods":["BaseMod","Minty Spire (QoL Compilation)","Quick Restart","Relic Stats","SuperFastMode"],"gold_per_floor":[111,131,56,56,56,56,56,81,81,100,134,150,175,190,190,266,266,286,26,26,26,45,76,106,140,166,192,202,202,227,227,227,301,301,321,336,347,347,347,373,373,211,211,224,259,259,292,65,65,65,65,65,65,65,91,91],"floor_reached":57,"language":"ENG","playtime":1915,"items_purged":["Warcry","JustLucky","Writhe","Ghostly Armor"],"score":3458,"play_id":"93569f8e-90f9-408c-aa86-8e18e34fa948","local_time":"20210220080210","daily_mods":["SealedDeck","Diverse","DeadlyEvents"],"is_ascension_mode":true,"campfire_choices":[{"data":"Recycle","floor":6,"key":"SMITH"},{"data":"Dark Embrace","floor":15,"key":"SMITH"},{"floor":29,"key":"RECALL"},{"floor":32,"key":"REST"}],"circlet_count":0,"master_deck":["AscendersBane","Uppercut+1","Spot Weakness","Blade Dance","Rage","Backflip","Recycle+1","Dark Embrace+1","Backflip","Madness","Madness","Evolve","Feel No Pain"],"relics":["Burning Blood","Bag of Marbles","Regal Pillow","Molten Egg 2","Orichalcum","Fusion Hammer","OrangePellets","Darkstone Periapt","InkBottle","Pocketwatch","Whetstone","Thread and Needle","Bronze Scales","Centennial Puzzle","Coffee Dripper","Akabeko","Blood Vial","Oddly Smooth Stone","Eternal Feather","Art of War"],"acts_visited":["Exordium","TheCity","TheBeyond","TheEnding"],"potions_floor_usage":[11,22,56,56],"damage_taken":[{"damage":4,"enemies":"Cultist","floor":1,"turns":3},{"damage":0,"enemies":"Jaw Worm","floor":2,"turns":2},{"damage":15,"enemies":"Lagavulin","floor":8,"turns":6},{"damage":0,"enemies":"2 Louse","floor":10,"turns":2},{"damage":14,"enemies":"3 Sentries","floor":11,"turns":5},{"damage":0,"enemies":"Exordium Wildlife","floor":12,"turns":4},{"damage":20,"enemies":"Lagavulin","floor":13,"turns":4},{"damage":0,"enemies":"2 Fungi Beasts","floor":14,"turns":2},{"damage":0,"enemies":"Hexaghost","floor":16,"turns":5},{"damage":2,"enemies":"2 Thieves","floor":18,"turns":2},{"damage":6,"enemies":"3 Byrds","floor":22,"turns":4},{"damage":2,"enemies":"Gremlin Leader","floor":23,"turns":3},{"damage":28,"enemies":"Slavers","floor":24,"turns":5},{"damage":0,"enemies":"Book of Stabbing","floor":25,"turns":3},{"damage":0,"enemies":"Gremlin Leader","floor":27,"turns":3},{"damage":11,"enemies":"Snake Plant","floor":28,"turns":3},{"damage":0,"enemies":"Book of Stabbing","floor":30,"turns":3},{"damage":0,"enemies":"Automaton","floor":33,"turns":3},{"damage":7,"enemies":"3 Shapes","floor":35,"turns":3},{"damage":0,"enemies":"3 Darklings","floor":36,"turns":2},{"damage":0,"enemies":"Maw","floor":37,"turns":4},{"damage":0,"enemies":"Nemesis","floor":40,"turns":3},{"damage":0,"enemies":"Jaw Worm Horde","floor":44,"turns":2},{"damage":0,"enemies":"Giant Head","floor":45,"turns":2},{"damage":0,"enemies":"Reptomancer","floor":47,"turns":2},{"damage":17,"enemies":"Awakened One","floor":50,"turns":6},{"damage":19,"enemies":"Time Eater","floor":51,"turns":6},{"damage":11,"enemies":"Shield and Spear","floor":55,"turns":2},{"damage":4,"enemies":"The Heart","floor":56,"turns":5}],"seed_played":"4450763622645829566","potions_obtained":[{"floor":2,"key":"DistilledChaos"},{"floor":10,"key":"Strength Potion"},{"floor":12,"key":"AttackPotion"},{"floor":22,"key":"FearPotion"},{"floor":45,"key":"Dexterity Potion"}],"is_trial":true,"path_per_floor":["M","M","$","?","T","R","$","E","T","M","E","M","E","M","R","B",null,"M","$","?","?","M","E","E","E","T","E","M","R","E","?","R","B",null,"M","M","M","?","?","E","R","$","T","M","E","$","E","$","R","B","B",null,"R","$","E","B",null],"character_chosen":"IRONCLAD","items_purchased":["OrangePellets","Evolve","Feel No Pain"],"campfire_rested":1,"item_purchase_floors":[19,42,48],"current_hp_per_floor":[70,75,75,75,75,75,75,66,66,72,64,70,56,62,62,68,73,75,75,75,75,75,75,53,59,59,65,60,60,66,72,81,81,81,80,81,81,81,66,72,72,72,72,80,81,81,81,81,81,70,59,76,81,81,76,80],"gold":91,"neow_bonus":"","is_daily":false,"chose_seed":false,"campfire_upgraded":2,"win_rate":0.0,"timestamp":1613800930,"path_taken":["M","M","$","?","?","R","?","E","T","M","E","M","E","M","R","BOSS","M","$","?","?","M","E","?","E","T","E","M","R","E","?","R","BOSS","M","M","M","?","?","E","R","?","T","M","E","$","?","$","R","BOSS","BOSS","R","$","E","BOSS"],"items_purchased_type":["Relic","Card","Card"],"build_version":"2020-12-22","purchased_purges":4,"victory":true,"max_hp_per_floor":[75,75,75,75,75,75,75,75,75,75,75,75,75,75,75,75,75,75,75,75,75,75,75,75,75,75,75,75,75,75,81,81,81,81,81,81,81,81,81,81,81,81,81,81,81,81,81,81,81,81,81,81,81,81,81,81],"relic_stats":{"Darkstone Periapt":6,"Regal Pillow":0,"counters":[29,99],"Eternal Feather":5,"Whetstone":["Go for the Eyes","Uppercut"],"Orichalcum":[30],"Burning Blood":138,"Blood Vial":7,"OrangePellets":[4],"Centennial Puzzle":[15],"Bronze Scales":[150],"Art of War":[0],"obtain_stats":[{"Darkstone Periapt":23,"Regal Pillow":9,"Oddly Smooth Stone":45,"Thread and Needle":27,"Eternal Feather":47,"Whetstone":26,"Orichalcum":13,"Burning Blood":0,"Akabeko":40,"Blood Vial":43,"OrangePellets":19,"Centennial Puzzle":31,"Bronze Scales":30,"Molten Egg 2":11,"Fusion Hammer":17,"Bag of Marbles":8,"Coffee Dripper":34,"Art of War":55,"InkBottle":24,"Pocketwatch":25},{"Darkstone Periapt":12,"Regal Pillow":3,"Oddly Smooth Stone":24,"Thread and Needle":15,"Eternal Feather":25,"Whetstone":14,"Orichalcum":7,"Burning Blood":0,"Akabeko":22,"Blood Vial":22,"OrangePellets":10,"Centennial Puzzle":17,"Bronze Scales":17,"Molten Egg 2":5,"Fusion Hammer":9,"Bag of Marbles":3,"Coffee Dripper":18,"Art of War":28,"InkBottle":13,"Pocketwatch":14},{"Darkstone Periapt":42,"Regal Pillow":11,"Oddly Smooth Stone":78,"Thread and Needle":53,"Eternal Feather":80,"Whetstone":50,"Orichalcum":26,"Burning Blood":0,"Akabeko":74,"Blood Vial":74,"OrangePellets":35,"Centennial Puzzle":59,"Bronze Scales":59,"Molten Egg 2":18,"Fusion Hammer":33,"Bag of Marbles":11,"Coffee Dripper":62,"Art of War":94,"InkBottle":47,"Pocketwatch":50}],"InkBottle":[57],"Pocketwatch":[8]},"card_choices":[{"not_picked":["Seeing Red","FlurryOfBlows"],"picked":"Recycle","floor":1},{"not_picked":["EmptyBody","Heavy Blade","BowlingBash"],"picked":"SKIP","floor":2},{"not_picked":["Doom and Gloom","CrushJoints","Clothesline"],"picked":"SKIP","floor":8},{"not_picked":["Evaluate","FearNoEvil","Perseverance"],"picked":"SKIP","floor":10},{"not_picked":["Combust","Melter+1","Halt"],"picked":"SKIP","floor":11},{"not_picked":["Dodge and Roll","Entrench"],"picked":"Dark Embrace","floor":12},{"not_picked":["Impervious","ClearTheMind","Leap"],"picked":"SKIP","floor":13},{"not_picked":["Anger+1","Thunderclap+1","Undo"],"picked":"SKIP","floor":14},{"not_picked":["White Noise","Cold Snap+1","WreathOfFlame"],"picked":"SKIP","floor":18},{"not_picked":["Protect","Gash+1","Disarm"],"picked":"SKIP","floor":22},{"not_picked":["Genetic Algorithm","Compile Driver+1","Halt"],"picked":"SKIP","floor":23},{"not_picked":["Doom and Gloom+1","Recycle"],"picked":"Backflip","floor":24},{"not_picked":["Inflame","Stack","Fire Breathing"],"picked":"SKIP","floor":25},{"not_picked":["Flechettes+1","Dash+1","Crescendo+1"],"picked":"SKIP","floor":27},{"not_picked":["Outmaneuver","Battle Trance","Ball Lightning+1"],"picked":"SKIP","floor":28},{"not_picked":["Slice+1","Echo Form","True Grit"],"picked":"SKIP","floor":30},{"not_picked":["Deflect","Terror","Clothesline+1"],"picked":"SKIP","floor":35},{"not_picked":["Tactician","Infernal Blade","WindmillStrike+1"],"picked":"SKIP","floor":36},{"not_picked":["PathToVictory","Go for the Eyes+1","Spot Weakness"],"picked":"SKIP","floor":37},{"not_picked":["Skim+1","Thunderclap+1","Study"],"picked":"SKIP","floor":40},{"not_picked":["Anger+1","BattleHymn","Sword Boomerang+1"],"picked":"SKIP","floor":44},{"not_picked":["Dark Embrace","Twin Strike+1","Hello World"],"picked":"SKIP","floor":45},{"not_picked":["Swivel+1","Rebound+1","FlurryOfBlows+1"],"picked":"SKIP","floor":47},{"not_picked":["Ghostly Armor","FollowUp+1","Sever Soul+1"],"picked":"SKIP","floor":55}],"player_experience":1942809,"relics_obtained":[{"floor":8,"key":"Bag of Marbles"},{"floor":9,"key":"Regal Pillow"},{"floor":11,"key":"Molten Egg 2"},{"floor":13,"key":"Orichalcum"},{"floor":23,"key":"Darkstone Periapt"},{"floor":24,"key":"InkBottle"},{"floor":25,"key":"Pocketwatch"},{"floor":26,"key":"Whetstone"},{"floor":27,"key":"Thread and Needle"},{"floor":30,"key":"Bronze Scales"},{"floor":40,"key":"Akabeko"},{"floor":43,"key":"Blood Vial"},{"floor":45,"key":"Oddly Smooth Stone"},{"floor":47,"key":"Eternal Feather"},{"floor":55,"key":"Art of War"}],"event_choices":[{"damage_healed":0,"gold_gain":0,"player_choice":"Ignored","damage_taken":0,"max_hp_gain":0,"max_hp_loss":0,"event_name":"Liars Game","floor":4,"gold_loss":0},{"cards_removed":["Caltrops"],"damage_healed":0,"gold_gain":0,"player_choice":"Elegance","damage_taken":0,"max_hp_gain":0,"max_hp_loss":0,"event_name":"Back to Basics","floor":20,"gold_loss":0},{"damage_healed":0,"gold_gain":0,"player_choice":"Ignored","damage_taken":0,"max_hp_gain":0,"max_hp_loss":0,"event_name":"Ghosts","floor":21,"gold_loss":0},{"damage_healed":0,"gold_gain":0,"player_choice":"Opened","damage_taken":0,"relics_obtained":["Centennial Puzzle"],"max_hp_gain":0,"max_hp_loss":0,"event_name":"The Mausoleum","floor":31,"gold_loss":0,"cards_obtained":["Writhe"]},{"cards_removed":["Go for the Eyes"],"damage_healed":0,"gold_gain":0,"player_choice":"Removed Attack","damage_taken":0,"max_hp_gain":0,"max_hp_loss":0,"event_name":"Falling","floor":38,"gold_loss":0},{"damage_healed":0,"gold_gain":0,"player_choice":"Embrace Madness","damage_taken":15,"max_hp_gain":0,"max_hp_loss":0,"event_name":"Winding Halls","floor":39,"gold_loss":0,"cards_obtained":["Madness","Madness"]}],"is_beta":false,"boss_relics":[{"not_picked":["Snecko Eye","Sozu"],"picked":"Fusion Hammer"},{"not_picked":["Astrolabe","SacredBark"],"picked":"Coffee Dripper"}],"items_purged_floors":[3,19,42,48],"is_endless":false,"potions_floor_spawned":[2,10,12,22,23,24,28,30,37,45,55],"ascension_level":20}}