{"host":"rg29p8m4aqjozpzt","time":1613834477,"event":{"mods":["100% Spire Juice","Aspiration","Bartender","BaseMod","Beaked The Cultist","Better Altar","Better Match","Better Sensory Stone","Better Skull","Better Third Choice","BetterRewards","Chen","Colored Powertips","Conspire","Downfall","Friendly Minions","Hermit","Hubris","JesterMod","Magitek Elite","Minty Spire (QoL Compilation)","Permanent Neow","Prisma Mod","QueenMod","Quick Restart","Relic Filter","Reorder Act Four","Shade Mod","StSLib","SuperFastMode","The Alterego","The Marked","The Runesmith","Unceasing Turn Reminder"],"gold_per_floor":[111,40,40,40,58,58,233,233,257,257,270,270,300,310,310,411,411,428,428,443,458,484,484,501,501,501,501,501,501],"floor_reached":27,"language":"ENG","playtime":2831,"items_purged":[],"score":236,"play_id":"7c283185-0e29-4360-8dc6-21b66ea924dd","local_time":"20210220162117","is_ascension_mode":false,"campfire_choices":[{"data":"hexamod:Hexaguard","floor":6,"key":"SMITH"},{"data":"hexamod:EmpoweredFlame","floor":8,"key":"SMITH"},{"data":"hexamod:SkipABeat","floor":12,"key":"SMITH"},{"data":"hexamod:Again","floor":15,"key":"SMITH"},{"data":"hexamod:ForkedFlame","floor":23,"key":"SMITH"},{"floor":25,"key":"REST"}],"circlet_count":0,"master_deck":["conspire:GhostlyStrike","conspire:GhostlyStrike","conspire:GhostlyStrike","conspire:GhostlyDefend","conspire:GhostlyDefend","conspire:GhostlyDefend","conspire:GhostlyDefend","hexamod:Sear","hexamod:Float+1","hexamod:GhostOfSpirePresent","hexamod:BacktrackSmack","hexamod:EmpoweredFlame+1","hexamod:Hexaguard+1","Doubt","hexamod:SkipABeat+1","hexamod:Again+1","hexamod:HauntingEcho","hexamod:ForkedFlame+1","hexamod:RainOfEmbers+1","hexamod:PhantomCloak","hexamod:FastForward","hexamod:RadiantFlame+1"],"relics":["hexamod:UnbrokenSoul","Runesmith:Locket","aspiration:RitualStick","Blood Vial","aspiration:StickyExplosives_weak"],"acts_visited":["Exordium","TheCity"],"potions_floor_usage":[13,16,16,20,24,24,27],"damage_taken":[{"damage":9,"enemies":"Small Slimes","floor":1,"turns":6},{"damage":4,"enemies":"2 Louse","floor":5,"turns":3},{"damage":0,"enemies":"Jaw Worm","floor":11,"turns":4},{"damage":15,"enemies":"Lagavulin","floor":13,"turns":8},{"damage":0,"enemies":"Looter","floor":14,"turns":3},{"damage":27,"enemies":"Hexaghost","floor":16,"turns":10},{"damage":5,"enemies":"3 Byrds","floor":18,"turns":4},{"damage":7,"enemies":"Shell Parasite","floor":20,"turns":2},{"damage":23,"enemies":"Centurion and Healer","floor":21,"turns":7},{"damage":9,"enemies":"Snake Plant","floor":24,"turns":3},{"damage":44,"enemies":"Slavers","floor":27,"turns":2}],"seed_played":"-3027929136862106861","potions_obtained":[{"floor":5,"key":"Dexterity Potion"},{"floor":13,"key":"EssenceOfSteel"},{"floor":14,"key":"sneckomod:MuddlingPotion"},{"floor":18,"key":"hexamod:DoubleChargePotion"},{"floor":20,"key":"EntropicBrew"}],"is_trial":false,"path_per_floor":["M","$","?","$","M","R","?","R","T","?","M","R","E","M","R","B",null,"M","?","M","M","T","R","M","R","T","E"],"character_chosen":"THE_SPIRIT","items_purchased":["hexamod:EmpoweredFlame"],"campfire_rested":1,"item_purchase_floors":[2],"current_hp_per_floor":[61,61,61,61,57,57,57,57,57,57,57,57,42,42,42,15,70,65,51,44,21,21,21,14,35,35,0,0,0],"gold":501,"neow_bonus":"TRANSFORM_CARD","is_daily":false,"chose_seed":false,"campfire_upgraded":5,"win_rate":0.0,"timestamp":1613834477,"path_taken":["M","$","?","$","M","R","?","R","T","?","M","R","E","M","R","BOSS","M","?","M","M","?","R","M","R","T","E"],"items_purchased_type":["Card"],"build_version":"2020-12-22","purchased_purges":0,"victory":false,"max_hp_per_floor":[70,70,70,70,70,70,70,70,70,70,70,70,70,70,70,70,70,70,70,70,70,70,70,70,70,70,70,70,70],"card_choices":[{"not_picked":["hexamod:NecessarySacrifice","hexamod:BurningTouch"],"picked":"hexamod:BacktrackSmack","floor":1},{"not_picked":["hexamod:InspiringFlames","hexamod:TurnItUp"],"picked":"hexamod:Hexaguard","floor":5},{"not_picked":["hexamod:PhantomFireball","hexamod:RadiantFlame"],"picked":"hexamod:SkipABeat","floor":11},{"not_picked":["hexamod:NightmareStrike","hexamod:RetreatToShadows"],"picked":"hexamod:Again","floor":13},{"not_picked":["hexamod:SwordOfDarkness","hexamod:NightmareGuise"],"picked":"hexamod:HauntingEcho","floor":14},{"not_picked":["hexamod:ParanormalForm","hexamod:SixthSeal"],"picked":"hexamod:ForkedFlame","floor":16},{"not_picked":["hexamod:DynamicBlow","hexamod:NightmareGuise"],"picked":"hexamod:RainOfEmbers+1","floor":18},{"not_picked":["hexamod:GhostflameBarrier","hexamod:HeatCrush"],"picked":"hexamod:PhantomCloak","floor":20},{"not_picked":["hexamod:HauntingEcho+1","hexamod:ShieldOfDarkness"],"picked":"hexamod:FastForward","floor":21},{"not_picked":["hexamod:HauntingEcho","hexamod:ThermalTransfer+1"],"picked":"hexamod:RadiantFlame+1","floor":24}],"player_experience":1561886,"relics_obtained":[{"floor":13,"key":"Runesmith:Locket"},{"floor":22,"key":"Blood Vial"},{"floor":26,"key":"aspiration:StickyExplosives_weak"}],"event_choices":[{"damage_healed":0,"gold_gain":175,"player_choice":"AGREE","damage_taken":58,"max_hp_gain":0,"max_hp_loss":0,"event_name":"betterThird:BetterSerpent","floor":7,"gold_loss":0},{"damage_healed":0,"gold_gain":0,"player_choice":"Agree","damage_taken":0,"max_hp_gain":0,"max_hp_loss":0,"event_name":"conspire:LoneGhost","floor":10,"gold_loss":0}],"is_beta":false,"boss_relics":[{"not_picked":["Runic Dome","aspiration:RitualDagger"],"picked":"hexamod:UnbrokenSoul"}],"items_purged_floors":[],"is_endless":false,"potions_floor_spawned":[5,13,14,18,20],"killed_by":"Slavers","ascension_level":0}}