{"host":"cjhtzh7tp54jdfyv","time":1613785045,"event":{"mods":["AchievementEnabler","BaseMod","Colored Map","Colored Powertips","Curses Come First","DeckTracker","Filter the Spire","Minty Spire (QoL Compilation)","RNG Fix","Relic Sorter","Relic Stats","StSLib","UnlockEverythingMod","ojb\u0027s Better Paths Mod","ojb\u0027s Info Mod"],"gold_per_floor":[116,131,141,141,66,81,115,133,133,166,176,176,76,103,103,174,174,185,202,212,232,107,132,132,132,132,163,179,29,60,77,77,153,153,172,172,184,184,184,212,212,37,37,62,80,80,105,105,105,105,105,105,105,22,56,56],"floor_reached":57,"language":"ENG","playtime":4066,"items_purged":["Regret","Defend_P","Defend_P","Defend_P","Strike_P"],"score":3280,"play_id":"5edcd30d-0bf7-49d1-95ac-f21369d47ff4","local_time":"20210219203725","is_ascension_mode":true,"campfire_choices":[{"data":"Eruption","floor":15.0,"key":"SMITH"},{"data":"CrushJoints","floor":25,"key":"SMITH"},{"data":"EmptyFist","floor":32,"key":"SMITH"},{"floor":41,"key":"RECALL"}],"circlet_count":0,"master_deck":["AscendersBane","Strike_P+1","Eruption+1","Vigilance+1","Consecrate+1","Blasphemy+1","BowlingBash+1","EmptyFist+1","InnerPeace+1","Weave+1","EmptyMind+1","Tantrum+1","LessonLearned+1","CrushJoints+1","Weave+1","Adaptation+1","Dark Shackles+1","Halt+1","JustLucky+1"],"relics":["Runic Pyramid","Lizard Tail","TeardropLocket","Yang","Anchor","Question Card","Bag of Marbles","Coffee Dripper","InkBottle","Ornamental Fan","Nunchaku","Bag of Preparation","Empty Cage","Lantern","Shuriken","Torii","Thread and Needle","Art of War"],"acts_visited":["Exordium","TheCity","TheBeyond","TheEnding"],"potions_floor_usage":[19,56,56],"damage_taken":[{"damage":0.0,"enemies":"Cultist","floor":1.0,"turns":2.0},{"damage":0.0,"enemies":"Small Slimes","floor":2.0,"turns":4.0},{"damage":1.0,"enemies":"2 Louse","floor":3.0,"turns":3.0},{"damage":4.0,"enemies":"Red Slaver","floor":6.0,"turns":2.0},{"damage":8.0,"enemies":"Gremlin Nob","floor":7.0,"turns":3.0},{"damage":0.0,"enemies":"Large Slime","floor":8.0,"turns":3.0},{"damage":0.0,"enemies":"Lagavulin","floor":10.0,"turns":3.0},{"damage":0.0,"enemies":"2 Fungi Beasts","floor":11.0,"turns":2.0},{"damage":0.0,"enemies":"3 Sentries","floor":14.0,"turns":3.0},{"damage":0.0,"enemies":"Slime Boss","floor":16.0,"turns":4.0},{"damage":0,"enemies":"2 Thieves","floor":18,"turns":2},{"damage":0,"enemies":"3 Byrds","floor":19,"turns":3},{"damage":0,"enemies":"3 Cultists","floor":20,"turns":4},{"damage":0,"enemies":"Cultist and Chosen","floor":21,"turns":3},{"damage":0,"enemies":"Gremlin Leader","floor":23,"turns":2},{"damage":0,"enemies":"Book of Stabbing","floor":27,"turns":2},{"damage":0,"enemies":"Chosen and Byrds","floor":28,"turns":2},{"damage":0,"enemies":"Gremlin Leader","floor":30,"turns":3},{"damage":0,"enemies":"Snake Plant","floor":31,"turns":1},{"damage":5,"enemies":"Champ","floor":33,"turns":4},{"damage":0,"enemies":"3 Shapes","floor":35,"turns":1},{"damage":0,"enemies":"Orb Walker","floor":37,"turns":1},{"damage":0,"enemies":"Giant Head","floor":40,"turns":3},{"damage":0,"enemies":"Nemesis","floor":44,"turns":1},{"damage":0,"enemies":"Jaw Worm Horde","floor":45,"turns":1},{"damage":0,"enemies":"Mind Bloom Boss Battle","floor":47,"turns":2},{"damage":0,"enemies":"Awakened One","floor":50,"turns":4},{"damage":20,"enemies":"Time Eater","floor":51,"turns":4},{"damage":0,"enemies":"Shield and Spear","floor":55,"turns":3},{"damage":14,"enemies":"The Heart","floor":56,"turns":5}],"seed_played":"-1653809153889270734","potions_obtained":[{"floor":1.0,"key":"FearPotion"},{"floor":3.0,"key":"BottledMiracle"},{"floor":19,"key":"AttackPotion"},{"floor":21,"key":"Fire Potion"},{"floor":23,"key":"Regen Potion"},{"floor":31,"key":"PowerPotion"},{"floor":44,"key":"ColorlessPotion"}],"is_trial":false,"path_per_floor":["M","M","M","?","$","M","E","M","T","E","M","T","$","E","R","B",null,"M","M","M","M","$","E","?","R","T","E","M","$","E","M","R","B",null,"M","?","M","?","?","E","R","$","T","E","M","$","?","T","R","B","B",null,"R","$","E","B",null],"character_chosen":"WATCHER","items_purchased":["JustLucky","Swift Potion"],"campfire_rested":0,"item_purchase_floors":[54,54],"current_hp_per_floor":[61,61,60,60,60,56,48,48,48,48,48,48,48,48,48,48,63,63,63,63,63,63,63,63,63,63,63,63,63,63,63,63,58,66,66,56,56,56,56,56,56,56,56,56,56,56,56,56,56,56,36,60,60,60,60,46],"gold":56,"neow_bonus":"BOSS_RELIC","is_daily":false,"chose_seed":false,"campfire_upgraded":3,"win_rate":0.0,"timestamp":1613785045,"path_taken":["M","M","M","?","$","M","E","M","T","E","M","?","?","E","R","BOSS","M","M","M","M","$","E","?","R","T","E","M","$","E","M","R","BOSS","M","?","?","?","?","E","R","$","T","E","?","?","?","?","R","BOSS","BOSS","R","$","E","BOSS"],"items_purchased_type":["Card","Potion"],"build_version":"2020-12-22","purchased_purges":5,"victory":true,"max_hp_per_floor":[68,68,68,68,68,68,68,68,68,68,68,68,68,68,68,68,68,68,68,68,68,68,68,68,68,68,68,68,68,68,68,68,68,68,68,68,68,68,68,68,68,68,68,68,68,68,68,68,68,68,68,68,68,68,68,68],"relic_stats":{"Lizard Tail":0,"Nunchaku":[17],"Torii":1,"counters":[30,80],"Ornamental Fan":[208],"Shuriken":[30],"Yang":[266],"Bag of Preparation":[24],"Art of War":[1],"Question Card":22,"obtain_stats":[{"Lantern":40,"Torii":47,"Yang":9,"Thread and Needle":48,"Bag of Preparation":30,"TeardropLocket":7,"Question Card":12,"Empty Cage":34,"Lizard Tail":4,"Anchor":10,"Nunchaku":27,"Ornamental Fan":26,"Shuriken":44,"Bag of Marbles":14,"Coffee Dripper":17,"Art of War":55,"PureWater":0,"InkBottle":23,"Runic Pyramid":0},{"Lantern":23,"Torii":26,"Yang":6,"Thread and Needle":26,"Bag of Preparation":18,"TeardropLocket":5,"Question Card":8,"Empty Cage":20,"Lizard Tail":3,"Anchor":7,"Nunchaku":16,"Ornamental Fan":15,"Shuriken":24,"Bag of Marbles":9,"Coffee Dripper":10,"Art of War":29,"PureWater":0,"InkBottle":15,"Runic Pyramid":0},{"Lantern":60,"Torii":64,"Yang":17,"Thread and Needle":64,"Bag of Preparation":50,"TeardropLocket":14,"Question Card":22,"Empty Cage":55,"Lizard Tail":9,"Anchor":20,"Nunchaku":45,"Ornamental Fan":43,"Shuriken":61,"Bag of Marbles":25,"Coffee Dripper":29,"Art of War":75,"PureWater":0,"InkBottle":43,"Runic Pyramid":0}],"InkBottle":[28]},"card_choices":[{"not_picked":["FollowUp","JustLucky"],"picked":"Consecrate","floor":1.0},{"not_picked":["WreathOfFlame","ThirdEye"],"picked":"Blasphemy","floor":2.0},{"not_picked":["ThirdEye","Evaluate"],"picked":"BowlingBash","floor":3.0},{"not_picked":["FollowUp","Halt"],"picked":"EmptyFist","floor":6.0},{"not_picked":["Omniscience","CrushJoints"],"picked":"InnerPeace","floor":7.0},{"not_picked":["Meditate","Nirvana"],"picked":"Weave","floor":8.0},{"not_picked":["Collect","Crescendo"],"picked":"EmptyMind","floor":10.0},{"not_picked":["PathToVictory","Crescendo"],"picked":"Tantrum","floor":11.0},{"not_picked":["FollowUp","Wish","Halt","FearNoEvil"],"picked":"SKIP","floor":14.0},{"not_picked":["FollowUp","Wish","Halt","FearNoEvil"],"picked":"SKIP","floor":14.0},{"not_picked":["Devotion","Blasphemy","DeusExMachina"],"picked":"LessonLearned","floor":16.0},{"not_picked":["ForeignInfluence","Conclude","DeceiveReality"],"picked":"CrushJoints","floor":18},{"not_picked":["JustLucky","SignatureMove","CutThroughFate"],"picked":"Weave","floor":19},{"not_picked":["FollowUp","ClearTheMind","Consecrate"],"picked":"Adaptation","floor":20},{"not_picked":["BowlingBash","CrushJoints","PathToVictory+1","Prostrate"],"picked":"SKIP","floor":21},{"not_picked":["Consecrate","SashWhip+1","Vengeance","CrushJoints"],"picked":"SKIP","floor":23},{"not_picked":["Ragnarok","Tantrum","CutThroughFate","Wallop+1"],"picked":"SKIP","floor":27},{"not_picked":["ThirdEye","FlyingSleeves","ReachHeaven","CutThroughFate"],"picked":"SKIP","floor":28},{"not_picked":["Vengeance+1","PathToVictory","FlurryOfBlows","EmptyFist"],"picked":"SKIP","floor":30},{"not_picked":["Worship+1","SashWhip+1","PathToVictory","CutThroughFate+1"],"picked":"SKIP","floor":31},{"not_picked":["Indignation","ForeignInfluence","Consecrate+1","Protect"],"picked":"SKIP","floor":35},{"not_picked":["Enlightenment","Good Instincts","Secret Weapon"],"picked":"Dark Shackles","floor":36},{"not_picked":["Prostrate","InnerPeace","WheelKick+1","ClearTheMind"],"picked":"SKIP","floor":37},{"not_picked":["SignatureMove","Protect","JustLucky+1","Study"],"picked":"SKIP","floor":40},{"not_picked":["SignatureMove","Protect","JustLucky+1","Study"],"picked":"SKIP","floor":40},{"not_picked":["Pray","FlyingSleeves","Tantrum"],"picked":"Halt","floor":44},{"not_picked":["BowlingBash","SandsOfTime","JustLucky","CutThroughFate"],"picked":"SKIP","floor":45},{"not_picked":["BowlingBash","SandsOfTime","JustLucky","CutThroughFate"],"picked":"SKIP","floor":45},{"not_picked":["Crescendo","CrushJoints","EmptyBody","FollowUp"],"picked":"SKIP","floor":55}],"player_experience":4725788,"relics_obtained":[{"floor":7.0,"key":"TeardropLocket"},{"floor":9.0,"key":"Yang"},{"floor":10.0,"key":"Anchor"},{"floor":12.0,"key":"Question Card"},{"floor":14.0,"key":"Bag of Marbles"},{"floor":23,"key":"InkBottle"},{"floor":26,"key":"Ornamental Fan"},{"floor":27,"key":"Nunchaku"},{"floor":30,"key":"Bag of Preparation"},{"floor":40,"key":"Lantern"},{"floor":44,"key":"Shuriken"},{"floor":47,"key":"Torii"},{"floor":48,"key":"Thread and Needle"},{"floor":55,"key":"Art of War"}],"event_choices":[{"damage_healed":0.0,"max_hp_gain":0.0,"max_hp_loss":0.0,"gold_gain":0.0,"event_name":"Big Fish","player_choice":"Box","floor":4.0,"gold_loss":0.0,"damage_taken":0.0,"relics_obtained":["Lizard Tail"],"cards_obtained":["Regret"]},{"damage_healed":0,"gold_gain":0,"player_choice":"Forge","damage_taken":0,"max_hp_gain":0,"max_hp_loss":0,"event_name":"Accursed Blacksmith","floor":24,"gold_loss":0,"cards_upgraded":["Adaptation"]},{"damage_healed":0,"gold_gain":0,"player_choice":"Memory 3","damage_taken":10,"max_hp_gain":0,"max_hp_loss":0,"event_name":"SensoryStone","floor":36,"gold_loss":0},{"cards_removed":["Strike_P"],"damage_healed":0,"gold_gain":0,"player_choice":"Removed Attack","damage_taken":0,"max_hp_gain":0,"max_hp_loss":0,"event_name":"Falling","floor":38,"gold_loss":0},{"damage_healed":0,"gold_gain":0,"player_choice":"Ignored","damage_taken":0,"max_hp_gain":0,"max_hp_loss":0,"event_name":"Tomb of Lord Red Mask","floor":39,"gold_loss":0},{"damage_healed":0,"gold_gain":0,"player_choice":"Fight","damage_taken":0,"max_hp_gain":0,"max_hp_loss":0,"event_name":"MindBloom","floor":47,"gold_loss":0}],"is_beta":false,"boss_relics":[{"not_picked":["Velvet Choker","Cursed Key"],"picked":"Coffee Dripper"},{"not_picked":["Tiny House","VioletLotus"],"picked":"Empty Cage"}],"items_purged_floors":[5,13,22,29,42],"is_endless":false,"potions_floor_spawned":[1,3,11,19,21,23,28,31,44,45,55],"ascension_level":20}}