{"host":"dlyy4wv9zatha4f7","time":1613843626,"event":{"mods":["Act Like it!","BaseMod","Colored Map","GifTheSpireLib","Minty Spire (QoL Compilation)","Ruina","Spicy Shops","StSLib","SuperFastMode","Unceasing Turn Reminder"],"gold_per_floor":[209,209,209,219,0,30,30,50,50,79,79,2,32,42,42,143,143,154,154,54,54,71,71,102,102,102,130,5,5,5],"floor_reached":29,"language":"ENG","playtime":1273,"items_purged":["Strike_G","Pain","Writhe"],"score":492,"play_id":"3185915e-a852-4ef9-908f-416c9263beb3","local_time":"20210220195346","is_ascension_mode":true,"campfire_choices":[{"floor":7,"key":"REST"},{"data":"Deadly Poison","floor":11,"key":"SMITH"},{"data":"Corpse Explosion","floor":15,"key":"SMITH"},{"data":"Wraith Form v2","floor":23,"key":"SMITH"},{"data":"Bouncing Flask","floor":25,"key":"SMITH"}],"circlet_count":0,"master_deck":["Strike_G","Strike_G","Strike_G","Strike_G","Defend_G","Defend_G","Defend_G","Defend_G","Defend_G","Survivor","Neutralize","Quick Slash","Reflex","Masterful Stab","Backflip","Dagger Spray","Deadly Poison+1","Corpse Explosion+1","Bane","Wraith Form v2+1","PiercingWail","Bouncing Flask+1"],"relics":["Ring of the Snake","FossilizedHelix","Lantern","PreservedInsect","Torii","Orichalcum","Potion Belt","Bird Faced Urn","Sozu","Calipers","ruina:Goodbye","Kunai","Dead Branch","Meat on the Bone","Frozen Eye"],"acts_visited":["Exordium","Exordium"],"potions_floor_usage":[6,10,16,18,27],"damage_taken":[{"damage":0,"enemies":"Small Slimes","floor":1,"turns":4},{"damage":0,"enemies":"Jaw Worm","floor":4,"turns":5},{"damage":30,"enemies":"Lagavulin","floor":6,"turns":7},{"damage":0,"enemies":"Cultist","floor":8,"turns":3},{"damage":0,"enemies":"3 Sentries","floor":10,"turns":4},{"damage":1,"enemies":"Lagavulin","floor":13,"turns":5},{"damage":0,"enemies":"Large Slime","floor":14,"turns":4},{"damage":4,"enemies":"Hexaghost","floor":16,"turns":8},{"damage":0,"enemies":"ruina:3_Bats","floor":18,"turns":3},{"damage":0,"enemies":"ruina:Nosferatu","floor":22,"turns":4},{"damage":0,"enemies":"ruina:ServantOfWrath","floor":24,"turns":5},{"damage":38,"enemies":"ruina:Mountain","floor":27,"turns":12},{"damage":13,"enemies":"ruina:3_Scarecrows","floor":29,"turns":1}],"seed_played":"7124945071869069400","potions_obtained":[{"floor":4,"key":"ColorlessPotion"},{"floor":6,"key":"SteroidPotion"},{"floor":8,"key":"Strength Potion"},{"floor":10,"key":"SpeedPotion"},{"floor":16,"key":"Swift Potion"}],"is_trial":false,"path_per_floor":["M","?","?","M","$","E","R","M","T","E","R","$","E","M","R","B",null,"M","?","$","?","M","R","E","R","T","E","$","M"],"character_chosen":"THE_SILENT","items_purchased":["Lantern","Potion Belt"],"campfire_rested":1,"item_purchase_floors":[5,12],"current_hp_per_floor":[63,51,51,51,51,21,42,42,42,42,42,42,41,41,41,37,62,62,62,62,62,64,64,44,44,44,8,8,0,0],"gold":5,"neow_bonus":"HUNDRED_GOLD","is_daily":false,"chose_seed":false,"campfire_upgraded":4,"win_rate":0.0,"timestamp":1613843626,"path_taken":["M","?","?","?","$","E","R","M","T","E","R","$","E","M","R","BOSS","M","?","?","?","M","R","E","R","T","E","$","M"],"items_purchased_type":["Relic","Relic"],"build_version":"2020-12-22","purchased_purges":3,"victory":false,"max_hp_per_floor":[70,70,70,70,70,70,70,70,70,70,70,70,70,70,70,70,70,70,70,70,70,70,70,70,70,70,70,70,70,70],"card_choices":[{"not_picked":["Cloak And Dagger","Underhanded Strike"],"picked":"Quick Slash","floor":1},{"not_picked":["Dagger Throw","Flechettes"],"picked":"Masterful Stab","floor":4},{"not_picked":["Underhanded Strike","Dagger Throw"],"picked":"Backflip","floor":6},{"not_picked":["Underhanded Strike","Caltrops"],"picked":"Dagger Spray","floor":8},{"not_picked":["Flying Knee","Flechettes"],"picked":"Deadly Poison","floor":10},{"not_picked":["Endless Agony","Distraction"],"picked":"Corpse Explosion","floor":13},{"not_picked":["All Out Attack","Slice"],"picked":"Bane","floor":14},{"not_picked":["Night Terror","Grand Finale"],"picked":"Wraith Form v2","floor":16},{"not_picked":["Bane","Backflip+1"],"picked":"PiercingWail","floor":18},{"not_picked":["Acrobatics","Finisher"],"picked":"Bouncing Flask","floor":22},{"not_picked":["Night Terror","Dagger Spray","Sucker Punch+1"],"picked":"SKIP","floor":24},{"not_picked":["Deflect","Sucker Punch","Choke+1"],"picked":"SKIP","floor":27}],"player_experience":2300500,"relics_obtained":[{"floor":6,"key":"PreservedInsect"},{"floor":9,"key":"Torii"},{"floor":10,"key":"Orichalcum"},{"floor":13,"key":"Bird Faced Urn"},{"floor":24,"key":"Kunai"},{"floor":26,"key":"Dead Branch"},{"floor":27,"key":"Meat on the Bone"}],"event_choices":[{"damage_healed":0,"gold_gain":0,"player_choice":"Success","damage_taken":12,"relics_obtained":["FossilizedHelix"],"max_hp_gain":0,"max_hp_loss":0,"event_name":"Scrap Ooze","floor":2,"gold_loss":0},{"damage_healed":0,"gold_gain":0,"player_choice":"1 cards matched","damage_taken":0,"max_hp_gain":0,"max_hp_loss":0,"event_name":"Match and Keep!","floor":3,"gold_loss":0,"cards_obtained":["Reflex"]}],"is_beta":false,"boss_relics":[{"not_picked":["Calling Bell","Busted Crown"],"picked":"Sozu"}],"items_purged_floors":[5,20,28],"is_endless":false,"potions_floor_spawned":[4,6,8,10,16,24,27],"killed_by":"ruina:3_Scarecrows","ascension_level":9}}