{"host":"xsuxkwaivmtd234a","time":1613783743,"event":{"mods":["BaseMod","Bestiary","Colored Map","Filter the Spire","Minty Spire (QoL Compilation)","Relic Stats","StSLib"],"gold_per_floor":[359,370,73,73,1,1,35,47,128,138,238,268,284,319,319,424,424,434,434,217,217,231,266,266,282,305,329,329,339,352,369,369,471,471,481,22,22,22,22,54,54,54,54,65,79,129,129,129],"floor_reached":47,"language":"ENG","playtime":2389,"items_purged":["Strike_R","Decay"],"score":790,"play_id":"3cd7de38-5380-41b1-b86b-d55055512f0e","local_time":"20210219201543","is_ascension_mode":true,"campfire_choices":[{"data":"Whirlwind","floor":6.0,"key":"SMITH"},{"floor":15.0,"key":"REST"},{"floor":24.0,"key":"REST"},{"floor":32,"key":"REST"},{"data":"Barricade","floor":41,"key":"SMITH"}],"circlet_count":0,"master_deck":["AscendersBane","Bash","Whirlwind+1","Twin Strike","Hemokinesis","Inflame","Fire Breathing","Immolate","Blood for Blood","Burning Pact","Clothesline+1","Anger+1","Thunderclap+1","Demon Form","Dual Wield","Entrench","Uppercut+1","Disarm+1","Pommel Strike+1","Dropkick+1","Juggernaut","Flex","Ghostly Armor","Heavy Blade+1","Barricade+1","Thunderclap+1","Disarm","Searing Blow+1","Feed+1","Power Through","Pummel+1","Clothesline+1","Flex+1","Writhe","Feel No Pain","Disarm+1","Inflame+1"],"relics":["Burning Blood","Vajra","Strawberry","Molten Egg 2","Charon\u0027s Ashes","Dream Catcher","Snecko Eye","MutagenicStrength","War Paint","Toy Ornithopter","Anchor","Pandora\u0027s Box","Singing Bowl","Bottled Tornado","Toxic Egg 2","Turnip"],"acts_visited":["Exordium","TheCity","TheBeyond"],"potions_floor_usage":[30,33,33,40,45,47,47,47,47,47],"damage_taken":[{"damage":3.0,"enemies":"2 Louse","floor":1.0,"turns":4.0},{"damage":6.0,"enemies":"Cultist","floor":2.0,"turns":3.0},{"damage":34.0,"enemies":"Lagavulin","floor":7.0,"turns":7.0},{"damage":5.0,"enemies":"Small Slimes","floor":8.0,"turns":2.0},{"damage":13.0,"enemies":"Exordium Thugs","floor":10.0,"turns":4.0},{"damage":11.0,"enemies":"Gremlin Nob","floor":12.0,"turns":3.0},{"damage":9.0,"enemies":"Blue Slaver","floor":13.0,"turns":3.0},{"damage":25.0,"enemies":"3 Sentries","floor":14.0,"turns":4.0},{"damage":30.0,"enemies":"Hexaghost","floor":16.0,"turns":9.0},{"damage":0.0,"enemies":"Spheric Guardian","floor":18.0,"turns":2.0},{"damage":0.0,"enemies":"Shell Parasite","floor":22.0,"turns":1.0},{"damage":56.0,"enemies":"Book of Stabbing","floor":23.0,"turns":5.0},{"damage":11.0,"enemies":"Cultist and Chosen","floor":25.0,"turns":4.0},{"damage":25.0,"enemies":"Chosen and Byrds","floor":29.0,"turns":5.0},{"damage":7,"enemies":"Snecko","floor":30,"turns":3},{"damage":4,"enemies":"Shelled Parasite and Fungi","floor":31,"turns":2},{"damage":54,"enemies":"Champ","floor":33,"turns":8},{"damage":14,"enemies":"3 Darklings","floor":35,"turns":3},{"damage":28,"enemies":"Reptomancer","floor":40,"turns":6},{"damage":3,"enemies":"3 Shapes","floor":44,"turns":6},{"damage":34,"enemies":"Sphere and 2 Shapes","floor":45,"turns":9},{"damage":0,"enemies":"Mind Bloom Boss Battle","floor":46,"turns":4},{"damage":93,"enemies":"Giant Head","floor":47,"turns":8}],"seed_played":"1415146835582533272","potions_obtained":[{"floor":2.0,"key":"SkillPotion"},{"floor":7.0,"key":"GamblersBrew"},{"floor":14.0,"key":"Regen Potion"},{"floor":16.0,"key":"Strength Potion"},{"floor":22.0,"key":"Swift Potion"},{"floor":23.0,"key":"Swift Potion"},{"floor":29.0,"key":"Energy Potion"},{"floor":31,"key":"Strength Potion"},{"floor":46,"key":"EntropicBrew"}],"is_trial":false,"path_per_floor":["M","M","$","?","$","R","E","M","T","M","?","E","M","E","R","B",null,"M","?","$","?","M","E","R","M","T","T","?","M","M","M","R","B",null,"M","$","?","?","?","E","R","T","T","M","M","?","E"],"character_chosen":"IRONCLAD","items_purchased":["Vajra","Hemokinesis","Inflame","Fire Breathing","Entrench","Uppercut+1","Singing Bowl","EntropicBrew"],"campfire_rested":3,"item_purchase_floors":[3,3,3,5,20,20,36,36],"current_hp_per_floor":[72,72,72,65,65,65,44,45,45,38,38,33,30,11,34,25,66,72,72,72,72,78,28,51,46,46,46,46,27,31,33,56,18,64,56,56,56,52,73,58,58,58,58,61,42,48,0,0],"gold":129,"neow_bonus":"TWO_FIFTY_GOLD","is_daily":false,"chose_seed":false,"campfire_upgraded":2,"win_rate":0.0,"timestamp":1613783743,"path_taken":["M","M","$","?","$","R","E","?","T","M","?","E","M","E","R","BOSS","M","?","$","?","M","E","R","M","T","?","?","M","M","M","R","BOSS","M","$","?","?","?","E","R","?","T","M","M","?","E"],"items_purchased_type":["Relic","Card","Card","Card","Card","Card","Relic","Potion"],"build_version":"2020-12-22","purchased_purges":2,"victory":false,"max_hp_per_floor":[72,72,72,72,72,72,79,79,79,79,79,79,79,79,79,79,79,79,79,79,79,79,79,79,79,79,79,79,79,79,79,79,79,79,79,79,79,85,85,87,87,87,87,87,91,91,91,91],"relic_stats":{"Dream Catcher":3,"Singing Bowl":8,"counters":[23,105],"Snecko Eye":[109,103,123,114],"Pandora\u0027s Box":["Thunderclap","Disarm","Carnage","Searing Blow","Feed","Power Through","Pummel","Clothesline"],"Charon\u0027s Ashes":[180],"Turnip":[0],"War Paint":["Disarm","Defend_R"],"obtain_stats":[{"Singing Bowl":36,"Vajra":3,"Charon\u0027s Ashes":12,"War Paint":23,"Bottled Tornado":40,"Burning Blood":0,"Dream Catcher":14,"Anchor":27,"Strawberry":7,"MutagenicStrength":19,"Snecko Eye":17,"Molten Egg 2":9,"Pandora\u0027s Box":34,"Turnip":46,"Toxic Egg 2":43,"Toy Ornithopter":26},{"Singing Bowl":18,"Vajra":2,"Charon\u0027s Ashes":6,"War Paint":12,"Bottled Tornado":19,"Burning Blood":0,"Dream Catcher":8,"Anchor":13,"Strawberry":3,"MutagenicStrength":10,"Snecko Eye":9,"Molten Egg 2":4,"Pandora\u0027s Box":17,"Turnip":22,"Toxic Egg 2":19,"Toy Ornithopter":13},{"Singing Bowl":72,"Vajra":7,"Charon\u0027s Ashes":23,"War Paint":47,"Bottled Tornado":78,"Burning Blood":0,"Dream Catcher":30,"Anchor":51,"Strawberry":14,"MutagenicStrength":41,"Snecko Eye":39,"Molten Egg 2":16,"Pandora\u0027s Box":69,"Turnip":97,"Toxic Egg 2":78,"Toy Ornithopter":51}],"Burning Blood":129,"Toy Ornithopter":50},"card_choices":[{"not_picked":["Clothesline","Thunderclap"],"picked":"Whirlwind","floor":1.0},{"not_picked":["Wild Strike","Perfected Strike"],"picked":"Twin Strike","floor":2.0},{"not_picked":["Body Slam","Iron Wave"],"picked":"Immolate","floor":7.0},{"not_picked":["Cleave","Perfected Strike"],"picked":"Blood for Blood","floor":8.0},{"not_picked":["Shrug It Off","Perfected Strike+1"],"picked":"Burning Pact","floor":10.0},{"not_picked":["Brutality","Searing Blow+1"],"picked":"Clothesline+1","floor":12.0},{"not_picked":["Burning Pact","Intimidate","Reckless Charge+1"],"picked":"SKIP","floor":13.0},{"not_picked":["Perfected Strike+1","Sword Boomerang+1"],"picked":"Anger+1","floor":14.0},{"not_picked":["Reckless Charge+1","Perfected Strike+1"],"picked":"Thunderclap+1","floor":15.0},{"not_picked":["Offering","Exhume"],"picked":"Demon Form","floor":16.0},{"not_picked":["Cleave+1","Headbutt+1"],"picked":"Dual Wield","floor":18.0},{"not_picked":["True Grit","Cleave+1","Havoc+1"],"picked":"SKIP","floor":22.0},{"not_picked":["Hemokinesis+1","Havoc","Rampage+1"],"picked":"SKIP","floor":23.0},{"not_picked":["Heavy Blade+1","Havoc"],"picked":"Pommel Strike+1","floor":24.0},{"not_picked":["Searing Blow+1","Fire Breathing"],"picked":"Dropkick+1","floor":25.0},{"not_picked":["Rage","Sever Soul+1"],"picked":"Juggernaut","floor":29.0},{"not_picked":["Anger+1","Havoc"],"picked":"Flex","floor":30},{"not_picked":["Intimidate","Shrug It Off"],"picked":"Ghostly Armor","floor":31},{"not_picked":["Armaments","Sentinel"],"picked":"Heavy Blade+1","floor":32},{"not_picked":["Feed+1","Exhume"],"picked":"Barricade","floor":33},{"not_picked":["Intimidate+1","Reckless Charge+1"],"picked":"Flex+1","floor":35},{"not_picked":["Jack Of All Trades","Sadistic Nature","Thinking Ahead"],"picked":"Singing Bowl","floor":38},{"not_picked":["Metamorphosis","Purity","Bandage Up"],"picked":"Singing Bowl","floor":38},{"not_picked":["Violence","Blind","Thinking Ahead"],"picked":"Singing Bowl","floor":38},{"not_picked":["Combust","Anger+1","Clothesline+1"],"picked":"Singing Bowl","floor":40},{"not_picked":["Warcry+1","Shrug It Off+1"],"picked":"Feel No Pain","floor":44},{"not_picked":["Clothesline+1","Sword Boomerang+1"],"picked":"Disarm+1","floor":45},{"not_picked":["Whirlwind+1","Reckless Charge+1"],"picked":"Inflame+1","floor":46}],"player_experience":1312458,"relics_obtained":[{"floor":7.0,"key":"Strawberry"},{"floor":9.0,"key":"Molten Egg 2"},{"floor":12.0,"key":"Charon\u0027s Ashes"},{"floor":14.0,"key":"Dream Catcher"},{"floor":23.0,"key":"War Paint"},{"floor":26.0,"key":"Toy Ornithopter"},{"floor":27.0,"key":"Anchor"},{"floor":40,"key":"Bottled Tornado"},{"floor":43,"key":"Toxic Egg 2"},{"floor":46,"key":"Turnip"}],"event_choices":[{"damage_healed":0.0,"max_hp_gain":0.0,"max_hp_loss":0.0,"gold_gain":0.0,"event_name":"Wheel of Change","player_choice":"Damaged","floor":4.0,"gold_loss":0.0,"damage_taken":7.0},{"damage_healed":0.0,"max_hp_gain":0.0,"max_hp_loss":0.0,"gold_gain":100.0,"event_name":"Golden Shrine","player_choice":"Pray","floor":11.0,"gold_loss":0.0,"damage_taken":0.0},{"damage_healed":0.0,"max_hp_gain":0.0,"max_hp_loss":0.0,"gold_gain":0.0,"event_name":"Drug Dealer","player_choice":"Inject Mutagens","floor":19.0,"gold_loss":0.0,"damage_taken":0.0,"relics_obtained":["MutagenicStrength"]},{"damage_healed":0.0,"max_hp_gain":0.0,"max_hp_loss":0.0,"gold_gain":0.0,"event_name":"The Library","player_choice":"Read","floor":21.0,"gold_loss":0.0,"damage_taken":0.0,"cards_obtained":["Disarm"]},{"damage_healed":0.0,"max_hp_gain":0.0,"max_hp_loss":0.0,"gold_gain":0.0,"event_name":"Forgotten Altar","player_choice":"Smashed Altar","floor":28.0,"gold_loss":0.0,"damage_taken":0.0,"cards_obtained":["Decay"]},{"cards_removed":["Carnage"],"damage_healed":0,"gold_gain":0,"player_choice":"Removed Attack","damage_taken":0,"max_hp_gain":0,"max_hp_loss":0,"event_name":"Falling","floor":37,"gold_loss":0},{"damage_healed":0,"gold_gain":0,"player_choice":"Memory 3","damage_taken":10,"max_hp_gain":0,"max_hp_loss":0,"event_name":"SensoryStone","floor":38,"gold_loss":0},{"damage_healed":21,"gold_gain":0,"player_choice":"Writhe","damage_taken":0,"max_hp_gain":0,"max_hp_loss":0,"event_name":"Winding Halls","floor":39,"gold_loss":0,"cards_obtained":["Writhe"]},{"damage_healed":0,"gold_gain":0,"player_choice":"Fight","damage_taken":0,"max_hp_gain":0,"max_hp_loss":0,"event_name":"MindBloom","floor":46,"gold_loss":0}],"is_beta":false,"boss_relics":[{"not_picked":["SlaversCollar","Calling Bell"],"picked":"Snecko Eye"},{"not_picked":["Black Blood","Empty Cage"],"picked":"Pandora\u0027s Box"}],"items_purged_floors":[20,36],"is_endless":false,"potions_floor_spawned":[2,7,14,16,22,23,29,31,46],"killed_by":"Giant Head","ascension_level":10}}