{"host":"5f8yr5jxnqok2jdo","time":1613835257,"event":{"mods":["AchievementEnabler","BaseMod","Better Altar","Better Match","Better Note","Better Skull","Better Third Choice","Block Reminder","Colored Map","Colored Powertips","DeckTracker","Displayed Cursed Tome","Filter the Spire","Googly Eyes","Highlight Path","Key Reminder","Minty Spire (QoL Compilation)","Quick Restart","Rare Cards Sparkle","Relic Sorter","Relic Stats","ShortenTheSpire","Smile Girya","Spire Arcade","Spire Birthday Party","StSLib","Steal the Spire","SuperFastMode","Uncapped","Unceasing Turn Reminder","UnlockEverythingMod","Weighted Paths","everything is the same but u backflip on backflip","slay the spire mod where everything is the same but ironclad has a cowboy hat"],"gold_per_floor":[112,112,112,128,148,148,148,183,208,208,208],"floor_reached":10,"language":"ENG","playtime":164,"items_purged":[],"score":132,"play_id":"c2f91f9b-d0e6-4894-a900-8f38bebc2838","local_time":"20210220163417","is_ascension_mode":true,"campfire_choices":[{"data":"Blood for Blood","floor":6,"key":"SMITH"}],"circlet_count":0,"master_deck":["AscendersBane","Strike_R","Strike_R","Strike_R","Strike_R","Strike_R+1","Defend_R+1","Defend_R","Defend_R","Defend_R+1","Bash+1","Blood for Blood+1","Clothesline","Eviscerate","Double Tap"],"relics":["Snecko Eye","War Paint","Nunchaku","Tiny Chest"],"acts_visited":["Exordium"],"potions_floor_usage":[10],"damage_taken":[{"damage":0,"enemies":"Small Slimes","floor":1,"turns":4},{"damage":0,"enemies":"Cultist","floor":4,"turns":2},{"damage":0,"enemies":"2 Louse","floor":5,"turns":3},{"damage":10,"enemies":"3 Sentries","floor":8,"turns":4},{"damage":8,"enemies":"Lagavulin","floor":10,"turns":3}],"seed_played":"-3571028685802892628","potions_obtained":[{"floor":1,"key":"BlessingOfTheForge"},{"floor":5,"key":"SkillPotion"}],"is_trial":false,"path_per_floor":["M","?","?","M","M","R","?","E","T","E"],"character_chosen":"IRONCLAD","items_purchased":[],"campfire_rested":0,"item_purchase_floors":[],"current_hp_per_floor":[68,45,47,47,47,47,18,8,8,0,0],"gold":208,"neow_bonus":"BOSS_RELIC","is_daily":false,"chose_seed":false,"campfire_upgraded":1,"win_rate":0.0,"timestamp":1613835257,"path_taken":["M","?","?","?","M","R","?","E","T","E"],"items_purchased_type":[],"build_version":"2020-12-22","purchased_purges":0,"victory":false,"max_hp_per_floor":[75,75,75,75,75,75,75,75,75,75,75],"relic_stats":{"Nunchaku":[0],"counters":[5,16],"Snecko Eye":[26,24,32,20],"Tiny Chest":0,"War Paint":["Defend_R","Defend_R"],"obtain_stats":[{"Nunchaku":8,"Snecko Eye":0,"Tiny Chest":9,"War Paint":7,"Burning Blood":0},{"Nunchaku":4,"Snecko Eye":0,"Tiny Chest":4,"War Paint":3,"Burning Blood":0},{"Nunchaku":13,"Snecko Eye":0,"Tiny Chest":13,"War Paint":9,"Burning Blood":0}]},"card_choices":[{"not_picked":["Inflame","Thunderclap"],"picked":"Blood for Blood","floor":1},{"not_picked":["Power Through","Twin Strike"],"picked":"Clothesline","floor":4},{"not_picked":["Dark Embrace","Evolve","Havoc"],"picked":"SKIP","floor":5},{"not_picked":["Ghostly Armor","Reckless Charge"],"picked":"Double Tap","floor":8}],"player_experience":371717,"relics_obtained":[{"floor":8,"key":"Nunchaku"},{"floor":9,"key":"Tiny Chest"}],"event_choices":[{"damage_healed":68,"gold_gain":0,"player_choice":"Upgrade","damage_taken":23,"max_hp_gain":0,"max_hp_loss":75,"event_name":"betterThird:BetterShining","floor":2,"gold_loss":0,"cards_upgraded":["Bash","Strike_R"]},{"damage_healed":2,"gold_gain":0,"player_choice":"LEAVE ","damage_taken":0,"relics_obtained":[],"max_hp_gain":0,"max_hp_loss":0,"event_name":"betterSkull:BetterSkull","floor":3,"gold_loss":0,"cards_upgraded":[]}],"is_beta":false,"boss_relics":[],"items_purged_floors":[],"is_endless":false,"potions_floor_spawned":[1,5],"killed_by":"Lagavulin","ascension_level":20}}