{"host":"jsd6g3c2vo13e69c","time":1613782946,"event":{"mods":["2.2 Compatiblity","Act Like it!","BaseMod","Better Note","Better Third Choice","BetterRewards","Colored Map","Colored Powertips","Conspire","DeckTracker","Downfall","Friendly Minions","GifTheSpireLib","Googly Eyes","Hermit","Highlight Path","Hubris","Infinite Spire","Lobotomy","LobotomyExtend","Minty Spire (QoL Compilation)","Quick Restart","Random Character Button","Rare Cards Sparkle","Relic Sorter","Relic Stats","Replay The Spire","Ruina","Shop Mod","Spire Arcade","StSLib","SuperFastMode","The Cursed","The Disciple","The Forsaken","The Jungle"],"gold_per_floor":[99,109,109,109,123,123,147,15,30,30,30,50,50,35,48,149,149,219,219,219,219,219,219],"floor_reached":21,"language":"ENG","playtime":1119,"items_purged":[],"score":165,"play_id":"ce07f379-594d-45bd-a1bb-e1e26e79f3ff","local_time":"20210219200226","is_ascension_mode":false,"campfire_choices":[{"data":"sneckomod:UnendingSupply","floor":11,"key":"SMITH"}],"circlet_count":0,"master_deck":["sneckomod:Strike","sneckomod:Strike","sneckomod:Defend","sneckomod:Defend","sneckomod:Defend","sneckomod:TailWhip+1","sneckomod:SnekBite","champ:SkillfulDodge","sneckomod:QuickBite","Twilight","sneckomod:DiceBoulder+1","sneckomod:SlitherStrike+1","sneckomod:SnakeSap","sneckomod:UnendingSupply+1","sneckomod:UnknownRarePower+1","downfall:Malfunctioning","sneckomod:SoulCleanse","sneckomod:SoulExchange","CurseOfTheBell","sneckomod:Unknown3Cost"],"relics":["hexamod:SpiritBrand","LetterFromLob","conspire:Flyswatter","Simple Rune","infinitespire:Cubic Diamond","Calling Bell","Happy Flower","Replay:Towering Pillar of Hats"],"acts_visited":["Exordium","Exordium"],"potions_floor_usage":[21],"damage_taken":[{"damage":9,"enemies":"2 Louse","floor":2,"turns":2},{"damage":3,"enemies":"Small Slimes","floor":5,"turns":4},{"damage":3,"enemies":"downfall:FleeingMerchant","floor":8,"turns":4},{"damage":6,"enemies":"Jaw Worm","floor":9,"turns":3},{"damage":6,"enemies":"downfall:LooterAlt","floor":12,"turns":2},{"damage":15,"enemies":"downfall:FleeingMerchant","floor":14,"turns":4},{"damage":12,"enemies":"Blue Slaver","floor":15,"turns":3},{"damage":2,"enemies":"SI_SHIV_ARCHETYPE","floor":16,"turns":4},{"damage":31,"enemies":"theJungle:5_Spyders","floor":21,"turns":4}],"seed_played":"-304112523418554695","potions_obtained":[{"floor":9,"key":"Guardian:BlockOnCardUsePotion"},{"floor":15,"key":"sneckomod:DiceRollPotion"},{"floor":16,"key":"sneckomod:MuddlingPotion"}],"is_trial":false,"path_per_floor":["R","M","?","?","M","R","T","$","M","?","R","M","?","$","M","B",null,"R_BF","M","?","M"],"character_chosen":"THE_SNECKO","items_purchased":["sneckomod:SlitherStrike","sneckomod:SnakeSap"],"campfire_rested":0,"item_purchase_floors":[8,8],"current_hp_per_floor":[99,90,90,90,87,87,87,84,78,78,78,72,72,57,45,43,99,99,99,99,68,68,68],"gold":219,"neow_bonus":"TEN_PERCENT_HP_BONUS","is_daily":false,"chose_seed":false,"campfire_upgraded":1,"win_rate":0.0,"timestamp":1613782946,"path_taken":["R","M","?","?","M","R","T","$","M","?","R","M","?","$","M","BOSS","R_BF","M","?","M"],"items_purchased_type":["Card","Card"],"build_version":"2020-12-22","purchased_purges":0,"victory":false,"max_hp_per_floor":[99,99,99,99,99,99,99,99,99,99,99,99,99,99,99,99,99,99,99,99,99,99,99],"relic_stats":{"Happy Flower":[1],"counters":[9,30],"obtain_stats":[{"Calling Bell":17,"Happy Flower":17,"Replay:Towering Pillar of Hats":17,"Simple Rune":7,"hubris:DeckOfHolding":17,"infinitespire:Cubic Diamond":10,"LetterFromLob":2,"sneckomod:SneckoSoul":0,"hexamod:SpiritBrand":10,"conspire:Flyswatter":3},{"Calling Bell":8,"Happy Flower":8,"Replay:Towering Pillar of Hats":8,"Simple Rune":2,"hubris:DeckOfHolding":8,"infinitespire:Cubic Diamond":4,"LetterFromLob":1,"sneckomod:SneckoSoul":0,"hexamod:SpiritBrand":4,"conspire:Flyswatter":1},{"Calling Bell":26,"Happy Flower":26,"Replay:Towering Pillar of Hats":26,"Simple Rune":6,"hubris:DeckOfHolding":26,"infinitespire:Cubic Diamond":13,"LetterFromLob":2,"sneckomod:SneckoSoul":0,"hexamod:SpiritBrand":13,"conspire:Flyswatter":2}]},"card_choices":[{"not_picked":["sneckomod:Nope","sneckomod:UnknownCommonSkill"],"picked":"sneckomod:QuickBite","floor":2},{"not_picked":["sneckomod:UnknownCommonSkill","sneckomod:UnknownCommonAttack","sneckomod:SoulRoll"],"picked":"SKIP","floor":5},{"not_picked":["sneckomod:SoulDraw","sneckomod:Unknown1Cost"],"picked":"sneckomod:DiceBoulder","floor":8},{"not_picked":["sneckomod:UnknownUncommonPower","sneckomod:SoulDraw"],"picked":"sneckomod:UnendingSupply","floor":9},{"not_picked":["sneckomod:WideSting","sneckomod:UnknownCommonAttack"],"picked":"sneckomod:UnknownRarePower","floor":12},{"not_picked":["sneckomod:SoulDraw","sneckomod:UnknownDraw"],"picked":"sneckomod:SoulCleanse","floor":14},{"not_picked":["sneckomod:SoulDraw","sneckomod:UnknownBlock","sneckomod:MasterEye"],"picked":"SKIP","floor":15},{"not_picked":["sneckomod:SerpentMind","sneckomod:Mudshield"],"picked":"sneckomod:SoulExchange","floor":16}],"player_experience":372928,"relics_obtained":[{"floor":2,"key":"LetterFromLob"},{"floor":3,"key":"conspire:Flyswatter"},{"floor":7,"key":"Simple Rune"},{"floor":17,"key":"Happy Flower"},{"floor":17,"key":"hubris:DeckOfHolding"},{"floor":17,"key":"Replay:Towering Pillar of Hats"}],"event_choices":[],"is_beta":false,"boss_relics":[{"not_picked":["hubris:VirtuousBlindfold","Snecko Eye"],"picked":"Calling Bell"}],"items_purged_floors":[],"is_endless":false,"potions_floor_spawned":[9,15,16],"killed_by":"theJungle:5_Spyders","ascension_level":0}}