{"host":"f55nj4gldpx3ksju","time":1613836664,"event":{"mods":["BaseMod","Colored Map","Highlight Path","Minty Spire (QoL Compilation)"],"gold_per_floor":[99,99,99,99,99,99,99,63,63,63,63,63,63,63,63,63,63,63,63,63,63,63,63,63,63,63,63,63,63,63,63,63,63,63,63,13,13,13,13,13,13,13,13,13,13,13,13,13,13,13,13,13,13,13,13,13],"floor_reached":55,"language":"ZHS","playtime":1865,"items_purged":["Eruption"],"score":1057,"play_id":"f5927c64-b112-4741-9863-182006ee2a92","local_time":"20210220235744","is_ascension_mode":true,"campfire_choices":[{"data":"LikeWater","floor":7.0,"key":"SMITH"},{"data":"1","floor":13.0,"key":"LIFT"},{"data":"SignatureMove","floor":15.0,"key":"SMITH"},{"data":"Strike_P","floor":23.0,"key":"PURGE"},{"data":"Strike_P","floor":25.0,"key":"PURGE"},{"data":"Brilliance","floor":32.0,"key":"SMITH"},{"data":"SpiritShield","floor":40.0,"key":"SMITH"},{"floor":45.0,"key":"RECALL"},{"data":"Perseverance","floor":49.0,"key":"SMITH"},{"data":"Defend_P","floor":52.0,"key":"PURGE"}],"circlet_count":0,"master_deck":["Defend_P","Defend_P","Defend_P","Vigilance","Perseverance+1","LikeWater+1","SignatureMove+1","Brilliance+1","Prostrate+1","SpiritShield+1","Prostrate+1"],"relics":["Ectoplasm","Peace Pipe","Tiny Chest","Girya","Kunai","Runic Pyramid","MutagenicStrength","Smiling Mask","InkBottle","Pocketwatch","VioletLotus","White Beast Statue","Unceasing Top","Centennial Puzzle","TeardropLocket"],"acts_visited":["Exordium","TheCity","TheBeyond","TheEnding"],"potions_floor_usage":[54,55,55],"damage_taken":[{"damage":0.0,"enemies":"Jaw Worm","floor":1.0,"turns":3.0},{"damage":23.0,"enemies":"3 Sentries","floor":6.0,"turns":11.0},{"damage":0.0,"enemies":"Small Slimes","floor":10.0,"turns":3.0},{"damage":11.0,"enemies":"Slime Boss","floor":16.0,"turns":5.0},{"damage":7.0,"enemies":"Chosen","floor":18.0,"turns":3.0},{"damage":0.0,"enemies":"Shell Parasite","floor":19.0,"turns":2.0},{"damage":8.0,"enemies":"Shelled Parasite and Fungi","floor":22.0,"turns":3.0},{"damage":5.0,"enemies":"Centurion and Healer","floor":24.0,"turns":3.0},{"damage":0.0,"enemies":"Snake Plant","floor":27.0,"turns":2.0},{"damage":9.0,"enemies":"Book of Stabbing","floor":30.0,"turns":3.0},{"damage":2.0,"enemies":"Cultist and Chosen","floor":31.0,"turns":3.0},{"damage":50.0,"enemies":"Automaton","floor":33.0,"turns":5.0},{"damage":0.0,"enemies":"Orb Walker","floor":35.0,"turns":2.0},{"damage":1.0,"enemies":"3 Shapes","floor":39.0,"turns":4.0},{"damage":0.0,"enemies":"Spire Growth","floor":41.0,"turns":4.0},{"damage":5.0,"enemies":"Reptomancer","floor":42.0,"turns":4.0},{"damage":21.0,"enemies":"Nemesis","floor":44.0,"turns":3.0},{"damage":16.0,"enemies":"Donu and Deca","floor":50.0,"turns":6.0},{"damage":2,"enemies":"Shield and Spear","floor":54,"turns":3},{"damage":57,"enemies":"The Heart","floor":55,"turns":5}],"seed_played":"-3095045070467459620","potions_obtained":[{"floor":1.0,"key":"EssenceOfSteel"},{"floor":10.0,"key":"Block Potion"},{"floor":18.0,"key":"StancePotion"},{"floor":24.0,"key":"Dexterity Potion"},{"floor":29.0,"key":"CultistPotion"},{"floor":30.0,"key":"FairyPotion"},{"floor":33.0,"key":"GamblersBrew"},{"floor":35.0,"key":"Energy Potion"},{"floor":39.0,"key":"DistilledChaos"},{"floor":42.0,"key":"SmokeBomb"},{"floor":44.0,"key":"Swift Potion"}],"is_trial":false,"path_per_floor":["M","?","$","?","$","E","R","$","T","M","$","?","R","T","R","B",null,"M","M","?","?","M","R","M","R","T","M","T","?","E","M","R","B",null,"M","$","?","T","M","R","M","E","T","E","R","?","$","T","R","B",null,"R","$","E","B"],"character_chosen":"WATCHER","items_purchased":["SignatureMove"],"campfire_rested":0,"item_purchase_floors":[8],"current_hp_per_floor":[65,65,65,65,65,42,42,42,42,42,42,35,35,35,35,24,60,53,53,53,53,45,45,40,40,40,40,40,40,31,29,29,21,59,59,59,59,59,58,58,58,53,53,32,32,63,63,63,63,47,59,59,59,57,0,0],"gold":13,"neow_bonus":"BOSS_RELIC","is_daily":false,"chose_seed":false,"campfire_upgraded":5,"win_rate":0.0,"timestamp":1613836664,"path_taken":["M","?","$","?","$","E","R","$","T","?","?","?","R","?","R","BOSS","M","M","?","?","M","R","M","R","T","?","?","?","E","?","R","BOSS","M","$","?","?","?","R","M","E","T","E","R","?","?","?","R","BOSS","R","$","E","BOSS"],"items_purchased_type":["Card"],"build_version":"2020-12-22","purchased_purges":1,"victory":false,"max_hp_per_floor":[72,72,72,72,72,72,72,72,72,72,72,72,72,72,72,72,72,72,72,72,72,72,72,72,72,72,72,72,72,72,72,72,72,72,72,72,72,72,72,72,72,72,72,72,72,63,63,63,63,63,63,63,63,63,63,63],"card_choices":[{"not_picked":["Weave","FollowUp","Crescendo"],"picked":"SKIP","floor":1.0},{"not_picked":["JustLucky","Halt"],"picked":"LikeWater","floor":6.0},{"not_picked":["Crescendo","ClearTheMind","TalkToTheHand"],"picked":"SKIP","floor":10.0},{"not_picked":["Blasphemy","Devotion"],"picked":"Brilliance","floor":16.0},{"not_picked":["PathToVictory+1","Collect+1","ThirdEye"],"picked":"SKIP","floor":18.0},{"not_picked":["Halt+1","BowlingBash"],"picked":"Prostrate+1","floor":19.0},{"not_picked":["FearNoEvil","Nirvana","ClearTheMind"],"picked":"SKIP","floor":22.0},{"not_picked":["JustLucky","EmptyFist","ThirdEye"],"picked":"SKIP","floor":24.0},{"not_picked":["ConjureBlade","Prostrate","InnerPeace+1"],"picked":"SKIP","floor":27.0},{"not_picked":["Halt","ClearTheMind+1","BowlingBash"],"picked":"SKIP","floor":30.0},{"not_picked":["SandsOfTime+1","FollowUp","Protect"],"picked":"SKIP","floor":31.0},{"not_picked":["DevaForm","Omniscience"],"picked":"SpiritShield","floor":33.0},{"not_picked":["FlyingSleeves","Halt+1","Consecrate"],"picked":"SKIP","floor":35.0},{"not_picked":["BowlingBash","Wallop+1","ThirdEye+1"],"picked":"SKIP","floor":39.0},{"not_picked":["Protect+1","CutThroughFate"],"picked":"Prostrate+1","floor":41.0},{"not_picked":["ClearTheMind","Crescendo","Vengeance"],"picked":"SKIP","floor":42.0},{"not_picked":["SashWhip","FearNoEvil","Judgement"],"picked":"SKIP","floor":44.0}],"player_experience":413669,"relics_obtained":[{"floor":6.0,"key":"Tiny Chest"},{"floor":9.0,"key":"Girya"},{"floor":14.0,"key":"Kunai"},{"floor":26.0,"key":"Smiling Mask"},{"floor":28.0,"key":"InkBottle"},{"floor":30.0,"key":"Pocketwatch"},{"floor":38.0,"key":"White Beast Statue"},{"floor":42.0,"key":"Unceasing Top"},{"floor":44.0,"key":"Centennial Puzzle"},{"floor":48.0,"key":"TeardropLocket"}],"event_choices":[{"damage_healed":0.0,"max_hp_gain":0.0,"max_hp_loss":0.0,"gold_gain":0.0,"cards_transformed":["Strike_P"],"event_name":"Living Wall","player_choice":"Change","floor":2.0,"gold_loss":0.0,"damage_taken":0.0,"cards_obtained":["Perseverance"]},{"damage_healed":0.0,"max_hp_gain":0.0,"max_hp_loss":0.0,"gold_gain":0.0,"event_name":"WeMeetAgain","player_choice":"Gave Potion","floor":4.0,"gold_loss":0.0,"damage_taken":0.0,"relics_obtained":["Peace Pipe"]},{"cards_removed":["Strike_P"],"damage_healed":0.0,"max_hp_gain":0.0,"max_hp_loss":0.0,"gold_gain":0.0,"event_name":"Golden Wing","player_choice":"Card Removal","floor":12.0,"gold_loss":0.0,"damage_taken":7.0},{"damage_healed":0.0,"max_hp_gain":0.0,"max_hp_loss":0.0,"gold_gain":0.0,"event_name":"Drug Dealer","player_choice":"Inject Mutagens","floor":20.0,"gold_loss":0.0,"damage_taken":0.0,"relics_obtained":["MutagenicStrength"]},{"damage_healed":0.0,"max_hp_gain":0.0,"max_hp_loss":0.0,"gold_gain":0.0,"event_name":"The Woman in Blue","player_choice":"Bought 0 Potions","floor":21.0,"gold_loss":0.0,"damage_taken":0.0},{"damage_healed":0.0,"max_hp_gain":0.0,"max_hp_loss":0.0,"gold_gain":0.0,"event_name":"Lab","player_choice":"Got Potions","floor":29.0,"gold_loss":0.0,"damage_taken":0.0},{"damage_healed":0.0,"max_hp_gain":0.0,"max_hp_loss":0.0,"gold_gain":0.0,"event_name":"Mysterious Sphere","player_choice":"Ignored","floor":37.0,"gold_loss":0.0,"damage_taken":0.0},{"damage_healed":63.0,"max_hp_gain":0.0,"max_hp_loss":9.0,"gold_gain":0.0,"event_name":"The Moai Head","player_choice":"Heal","floor":46.0,"gold_loss":0.0,"damage_taken":0.0}],"is_beta":false,"boss_relics":[{"not_picked":["SlaversCollar","Pandora\u0027s Box"],"picked":"Runic Pyramid"},{"not_picked":["Runic Dome","Velvet Choker"],"picked":"VioletLotus"}],"items_purged_floors":[36],"is_endless":false,"potions_floor_spawned":[1,10,18,24,30,31,33,35,39,41,42,44,54],"killed_by":"The Heart","ascension_level":9}}