{"host":"f5gffvlv6a66yqkd","time":1613824170,"event":{"mods":["2.2 Compatiblity","BaseMod","Colored Map","Custom Start","DeckTracker","Keyboard Shortcuts","Minty Spire (QoL Compilation)","Permanent Neow","Quick Restart","Relic Stats","StSLib","SuperFastMode"],"gold_per_floor":[10,10,24,24,41,41,69,86,112,125,13,13,13,25,25,25,25],"floor_reached":16,"language":"KOR","playtime":358,"items_purged":["Strike_B"],"score":204,"play_id":"f7bbaab5-91bd-4c92-a288-bade75c717de","local_time":"20210220212930","is_ascension_mode":true,"campfire_choices":[{"data":"Redo","floor":6.0,"key":"SMITH"},{"data":"Defragment","floor":12,"key":"SMITH"},{"data":"Darkness","floor":15,"key":"SMITH"}],"circlet_count":0,"master_deck":["AscendersBane","Strike_B","Strike_B","Defend_B","Defend_B","Defend_B","Zap","Dualcast","Undo","Genetic Algorithm","Doom and Gloom","Redo+1","White Noise","Coolheaded","Defragment+1","Recycle","Darkness+1"],"relics":["Cracked Core","Calipers","Omamori","Bronze Scales"],"acts_visited":["Exordium"],"potions_floor_usage":[8,16,16],"damage_taken":[{"damage":0.0,"enemies":"Cultist","floor":1.0,"turns":4.0},{"damage":7.0,"enemies":"Small Slimes","floor":3.0,"turns":4.0},{"damage":9.0,"enemies":"2 Louse","floor":5.0,"turns":3.0},{"damage":17.0,"enemies":"Lagavulin","floor":7.0,"turns":6.0},{"damage":12,"enemies":"Lots of Slimes","floor":8,"turns":3},{"damage":0,"enemies":"2 Fungi Beasts","floor":10,"turns":2},{"damage":3,"enemies":"Exordium Wildlife","floor":14,"turns":4},{"damage":21,"enemies":"Slime Boss","floor":16,"turns":6}],"seed_played":"2500578302697232892","potions_obtained":[{"floor":1.0,"key":"PowerPotion"},{"floor":3.0,"key":"Fire Potion"},{"floor":13,"key":"BlessingOfTheForge"}],"is_trial":false,"path_per_floor":["M","?","M","?","M","R","E","M","T","M","$","R","?","M","R","B"],"character_chosen":"DEFECT","items_purchased":["Recycle"],"campfire_rested":0,"item_purchase_floors":[11],"current_hp_per_floor":[64,64,57,57,48,48,31,19,19,19,19,19,19,16,16,0,0],"gold":25,"neow_bonus":"ONE_RARE_RELIC","is_daily":false,"chose_seed":false,"campfire_upgraded":3,"win_rate":0.0,"timestamp":1613824170,"path_taken":["M","?","M","?","?","R","E","M","T","M","$","R","?","M","R","BOSS"],"items_purchased_type":["Card"],"build_version":"2020-12-22","purchased_purges":1,"victory":false,"max_hp_per_floor":[71,71,71,71,71,71,71,71,71,71,71,71,71,71,71,71,71],"relic_stats":{"counters":[8,32],"Bronze Scales":[12],"obtain_stats":[{"Calipers":0,"Bronze Scales":9,"Omamori":7,"Cracked Core":0},{"Calipers":0,"Bronze Scales":5,"Omamori":4,"Cracked Core":0},{"Calipers":0,"Bronze Scales":20,"Omamori":17,"Cracked Core":0}]},"card_choices":[{"not_picked":["Chill","Blizzard"],"picked":"Undo","floor":1.0},{"not_picked":["Redo","Go for the Eyes"],"picked":"Doom and Gloom","floor":3.0},{"not_picked":["Heatsinks","Chaos"],"picked":"Redo","floor":5.0},{"not_picked":["Hello World","Auto Shields"],"picked":"White Noise","floor":7.0},{"not_picked":["Rebound","Compile Driver"],"picked":"Coolheaded","floor":8},{"not_picked":["Stack","Rip and Tear"],"picked":"Defragment","floor":10},{"not_picked":["Compile Driver","Conserve Battery"],"picked":"Darkness","floor":14}],"player_experience":1534473,"relics_obtained":[{"floor":7.0,"key":"Omamori"},{"floor":9,"key":"Bronze Scales"}],"event_choices":[{"damage_healed":0.0,"max_hp_gain":0.0,"max_hp_loss":0.0,"gold_gain":0.0,"cards_transformed":["Strike_B"],"event_name":"Living Wall","player_choice":"Change","floor":2.0,"gold_loss":0.0,"damage_taken":0.0,"cards_obtained":["Genetic Algorithm"]},{"cards_removed":["Defend_B"],"damage_healed":0.0,"max_hp_gain":0.0,"max_hp_loss":0.0,"gold_gain":0.0,"event_name":"Purifier","player_choice":"Purged","floor":4.0,"gold_loss":0.0,"damage_taken":0.0},{"damage_healed":0,"gold_gain":0,"player_choice":"Got Potions","damage_taken":0,"max_hp_gain":0,"max_hp_loss":0,"event_name":"Lab","floor":13,"gold_loss":0}],"is_beta":false,"boss_relics":[],"items_purged_floors":[11],"is_endless":false,"potions_floor_spawned":[1,3,5,14],"killed_by":"Slime Boss","ascension_level":20}}