{"host":"i2ieyndca3ivj85d","time":1613788585,"event":{"mods":["Act Like it!","Arknights","BaseMod","Minty Spire (QoL Compilation)","Quick Restart","StSLib","¡¾ÒÅÎï¿¨ÅÆ¡¿REMEMod"],"gold_per_floor":[114,134,134,59,70,112,150,150,150],"floor_reached":8,"language":"ZHS","playtime":331,"items_purged":["Regret"],"score":257,"play_id":"6a54ad5a-b0ac-450f-b13a-be90087e9659","local_time":"20210220103625","daily_mods":["Vintage","Heirloom","Flight","DeadlyEvents","Elite Swarm"],"is_ascension_mode":true,"campfire_choices":[],"circlet_count":0,"master_deck":["AscendersBane","ats:Strike C","ats:Strike G","ats:Strike S","ats:Strike V","ats:Armor Crushing Shot","ats:Defend","ats:Defend","ats:Defend","ats:Defend","ats:Emotion Absorption","Conclude","ats:Nebulous Foxfire","ats:Shadow Assault"],"relics":["ats:Sanity","REME_ComplimentaryCards","Mango","Calipers","Oddly Smooth Stone","Darkstone Periapt","CeramicFish","ats:Originium","ats:Hidden Killer","StrikeDummy"],"acts_visited":["Exordium"],"potions_floor_usage":[],"damage_taken":[{"damage":7.0,"enemies":"Cultist","floor":1.0,"turns":4.0},{"damage":0.0,"enemies":"Small Slimes","floor":2.0,"turns":2.0},{"damage":0.0,"enemies":"Jaw Worm","floor":5.0,"turns":3.0},{"damage":62.0,"enemies":"Lagavulin","floor":6.0,"turns":9.0},{"damage":21,"enemies":"3 Sentries","floor":7,"turns":7},{"damage":6,"enemies":"Gremlin Nob","floor":8,"turns":3}],"seed_played":"-3695832548085430572","potions_obtained":[{"floor":1.0,"key":"CultistPotion"},{"floor":5.0,"key":"SkillPotion"},{"floor":7,"key":"Regen Potion"}],"is_trial":true,"path_per_floor":["M","M","?","$","M","E","E","E"],"character_chosen":"DOCTOR_CLASS","items_purchased":[],"campfire_rested":0,"item_purchase_floors":[],"current_hp_per_floor":[72,72,78,78,78,16,6,5,5],"gold":150,"neow_bonus":"","is_daily":false,"chose_seed":false,"campfire_upgraded":0,"win_rate":0.0,"timestamp":1613788585,"path_taken":["M","?","?","?","?","E","E","E"],"items_purchased_type":[],"build_version":"2020-12-22","purchased_purges":1,"victory":false,"max_hp_per_floor":[86,86,92,92,92,92,92,92,92],"card_choices":[{"not_picked":["ats:Wolf Pack","ats:Dogmatic Field"],"picked":"ats:Nebulous Foxfire","floor":6.0},{"not_picked":["ats:Disruption Kick","ats:Rat Pack"],"picked":"ats:Shadow Assault","floor":7}],"player_experience":187411,"relics_obtained":[{"floor":1.0,"key":"Calipers"},{"floor":2.0,"key":"Oddly Smooth Stone"},{"floor":5.0,"key":"CeramicFish"},{"floor":6.0,"key":"ats:Originium"},{"floor":6.0,"key":"ats:Hidden Killer"},{"floor":7,"key":"ats:Originium"},{"floor":7,"key":"StrikeDummy"}],"event_choices":[{"damage_healed":0.0,"max_hp_gain":0.0,"max_hp_loss":0.0,"gold_gain":0.0,"event_name":"Big Fish","player_choice":"Box","floor":3.0,"gold_loss":0.0,"damage_taken":0.0,"relics_obtained":["Darkstone Periapt"],"cards_obtained":["Regret"]}],"is_beta":false,"boss_relics":[],"items_purged_floors":[4],"is_endless":true,"potions_floor_spawned":[1,5,7],"killed_by":"Gremlin Nob","ascension_level":20}}