{"host":"pheno","time":1613838630,"event":{"mods":["BaseMod","Minty Spire (QoL Compilation)","StSLib","The Marked"],"gold_per_floor":[210,230,208,218,218,218,248,260,284,284,315,331,349,524,524,620,620,631,631,642,317,349,349,379,379,379,48,68,99,99,99,99,201,201,219,41,91,141,141,141,168,168,168,199,199,215,125,155,155,155,155,155,24,54,54,54],"floor_reached":55,"language":"ZHS","playtime":3608,"items_purged":["Doubt"],"score":979,"play_id":"07411877-04e4-452c-8e23-67ec5000a6fa","local_time":"20210221003030","is_ascension_mode":true,"campfire_choices":[{"data":"theMarked:AttractMetal","floor":6.0,"key":"SMITH"},{"data":"theMarked:Determination","floor":15.0,"key":"SMITH"},{"data":"theMarked:Memento","floor":23.0,"key":"SMITH"},{"data":"theMarked:SoldierOfQuellstein","floor":25.0,"key":"SMITH"},{"data":"theMarked:Toughness","floor":30.0,"key":"SMITH"},{"floor":32.0,"key":"RECALL"},{"data":"theMarked:Panic","floor":40.0,"key":"SMITH"},{"data":"theMarked:TakeOffHeels","floor":42.0,"key":"SMITH"},{"floor":49.0,"key":"DIG"},{"floor":52.0,"key":"DIG"}],"circlet_count":0,"master_deck":["theMarked:Strike","theMarked:Strike","theMarked:Strike+1","theMarked:Defend","theMarked:Defend","theMarked:Defend","theMarked:Defend","theMarked:SoldierOfQuellstein+1","theMarked:AttractMetal+1","theMarked:Panic+1","theMarked:BanishingStrike","theMarked:ElectricStrings+1","theMarked:Determination+1","theMarked:TakeOffHeels+1","theMarked:WardOff","theMarked:Memento+1","theMarked:Frustration","theMarked:Levitate","theMarked:WardOff","theMarked:TwofoldDefense","theMarked:SwordAndMagic+1","theMarked:TwofoldDefense+1","theMarked:Improvise+1","theMarked:Aftermath+1","theMarked:RepellingDischarge+1","theMarked:Toughness+1","theMarked:FavorableWinds+1","theMarked:TwofoldDefense+1","Transmutation+1","theMarked:Convert+1","theMarked:AttractMetal+1","theMarked:Frustration","theMarked:WardOff+1","theMarked:TwofoldDefense+1","theMarked:Challenge+1","theMarked:Determination","theMarked:Polarize+1"],"relics":["theMarked:ArtifactOfAir","Vajra","Lantern","Juzu Bracelet","Boot","Busted Crown","Nilry\u0027s Codex","Shuriken","Red Mask","StoneCalendar","Letter Opener","Toxic Egg 2","Question Card","Philosopher\u0027s Stone","FossilizedHelix","theMarked:VonisonLock","Whetstone","Shovel","Smiling Mask","Bag of Preparation","Sundial","Gremlin Horn"],"acts_visited":["Exordium","TheCity","TheBeyond","TheEnding"],"potions_floor_usage":[55],"damage_taken":[{"damage":1.0,"enemies":"Cultist","floor":1.0,"turns":3.0},{"damage":0.0,"enemies":"2 Louse","floor":2.0,"turns":2.0},{"damage":2.0,"enemies":"Small Slimes","floor":4.0,"turns":3.0},{"damage":18.0,"enemies":"3 Sentries","floor":7.0,"turns":6.0},{"damage":3.0,"enemies":"Exordium Wildlife","floor":8.0,"turns":3.0},{"damage":14.0,"enemies":"Gremlin Nob","floor":11.0,"turns":3.0},{"damage":1.0,"enemies":"Looter","floor":12.0,"turns":3.0},{"damage":0.0,"enemies":"Exordium Thugs","floor":13.0,"turns":3.0},{"damage":15.0,"enemies":"Hexaghost","floor":16.0,"turns":11.0},{"damage":2.0,"enemies":"Chosen","floor":18.0,"turns":4.0},{"damage":2.0,"enemies":"3 Byrds","floor":20.0,"turns":4.0},{"damage":6.0,"enemies":"Masked Bandits","floor":22.0,"turns":5.0},{"damage":3.0,"enemies":"Slavers","floor":24.0,"turns":5.0},{"damage":5.0,"enemies":"3 Cultists","floor":28.0,"turns":4.0},{"damage":6.0,"enemies":"Book of Stabbing","floor":29.0,"turns":4.0},{"damage":2.0,"enemies":"Champ","floor":33.0,"turns":7.0},{"damage":0.0,"enemies":"Orb Walker","floor":35.0,"turns":2.0},{"damage":1.0,"enemies":"Mind Bloom Boss Battle","floor":37.0,"turns":6.0},{"damage":4.0,"enemies":"2 Orb Walkers","floor":38.0,"turns":4.0},{"damage":0.0,"enemies":"Giant Head","floor":41.0,"turns":6.0},{"damage":0.0,"enemies":"Nemesis","floor":44.0,"turns":9.0},{"damage":0.0,"enemies":"3 Darklings","floor":46.0,"turns":4.0},{"damage":0.0,"enemies":"Giant Head","floor":48.0,"turns":6.0},{"damage":15.0,"enemies":"Awakened One","floor":50.0,"turns":14.0},{"damage":6.0,"enemies":"Shield and Spear","floor":54.0,"turns":5.0},{"damage":98,"enemies":"The Heart","floor":55,"turns":12}],"seed_played":"-9154571237420670297","potions_obtained":[{"floor":1.0,"key":"FairyPotion"},{"floor":2.0,"key":"theMarked:SummonPotion"},{"floor":4.0,"key":"GamblersBrew"},{"floor":13.0,"key":"Ancient Potion"},{"floor":16.0,"key":"Energy Potion"},{"floor":24.0,"key":"SkillPotion"},{"floor":44.0,"key":"SneckoOil"}],"is_trial":false,"path_per_floor":["M","M","$","M","?","R","E","M","T","?","E","M","M","?","R","B",null,"M","?","M","$","?","R","E","R","T","$","M","E","R","?","R","B",null,"M","$","?","?","?","R","E","R","T","E","?","M","?","E","R","B",null,"R","$","E","B"],"character_chosen":"THE_DEFAULT","items_purchased":["theMarked:BanishingStrike","Shuriken","Toxic Egg 2","theMarked:Improvise+1","theMarked:Aftermath+1","Transmutation+1","theMarked:Determination","Explosive Potion"],"campfire_rested":0,"item_purchase_floors":[3,21,27,27,27,36,53,53],"current_hp_per_floor":[71,71,71,69,62,62,44,41,41,46,32,31,31,31,31,16,77,75,59,57,57,51,51,48,48,48,48,43,37,37,62,62,60,77,77,77,76,72,72,72,72,72,72,72,72,72,72,72,72,57,73,73,73,67,0,0],"gold":54,"neow_bonus":"HUNDRED_GOLD","is_daily":false,"chose_seed":false,"campfire_upgraded":7,"win_rate":0.0,"timestamp":1613838630,"path_taken":["M","?","?","M","?","R","E","M","T","?","E","M","M","?","R","BOSS","M","?","M","$","?","R","E","R","T","?","M","E","R","?","R","BOSS","M","$","?","?","?","R","E","R","T","E","?","M","?","E","R","BOSS","R","$","E","BOSS"],"items_purchased_type":["Card","Relic","Relic","Card","Card","Card","Card","Potion"],"build_version":"2020-12-18","purchased_purges":1,"victory":false,"max_hp_per_floor":[72,72,72,72,72,72,72,72,72,77,77,77,77,77,77,77,77,77,77,77,77,77,77,77,77,77,77,77,77,77,77,77,77,77,77,77,77,77,77,77,77,77,77,77,73,73,73,73,73,73,73,73,73,73,73,73],"card_choices":[{"not_picked":["theMarked:RepellingDischarge","theMarked:Aftermath"],"picked":"theMarked:AttractMetal","floor":1.0},{"not_picked":["theMarked:EmpowerWeapon","theMarked:ElectricStrings"],"picked":"theMarked:Panic","floor":2.0},{"not_picked":["theMarked:TwofoldDefense","theMarked:HeightenedSenses"],"picked":"theMarked:ElectricStrings","floor":4.0},{"not_picked":["theMarked:TwofoldDefense","theMarked:Parry"],"picked":"theMarked:Determination","floor":7.0},{"not_picked":["theMarked:ResourceFulStrike","theMarked:KeepCalmAndFight"],"picked":"theMarked:TakeOffHeels","floor":8.0},{"not_picked":["theMarked:EmpowerWeapon","theMarked:Frustration"],"picked":"theMarked:WardOff","floor":11.0},{"not_picked":["theMarked:RogueSparks","theMarked:KeepCalmAndFight"],"picked":"theMarked:Memento","floor":12.0},{"not_picked":["theMarked:Panic","theMarked:WastefulAttack"],"picked":"theMarked:Frustration","floor":13.0},{"not_picked":["theMarked:MagusForm","theMarked:Challenge"],"picked":"theMarked:Levitate","floor":16.0},{"not_picked":[],"picked":"theMarked:WardOff","floor":18.0},{"not_picked":[],"picked":"theMarked:TwofoldDefense","floor":20.0},{"not_picked":[],"picked":"theMarked:SwordAndMagic","floor":22.0},{"not_picked":[],"picked":"theMarked:TwofoldDefense+1","floor":24.0},{"not_picked":[],"picked":"theMarked:RepellingDischarge+1","floor":28.0},{"not_picked":[],"picked":"theMarked:Toughness","floor":29.0},{"not_picked":["theMarked:TurnInvisible+1"],"picked":"theMarked:FavorableWinds+1","floor":33.0},{"not_picked":["theMarked:PowerFlow+1"],"picked":"theMarked:TwofoldDefense+1","floor":35.0},{"not_picked":["theMarked:SelfDefenseTraining"],"picked":"theMarked:Convert+1","floor":37.0},{"not_picked":["theMarked:ShockingTouch+1"],"picked":"theMarked:AttractMetal+1","floor":38.0},{"not_picked":["theMarked:Parry+1"],"picked":"theMarked:Frustration","floor":41.0},{"not_picked":["theMarked:TunnelVision+1"],"picked":"theMarked:WardOff+1","floor":44.0},{"not_picked":["theMarked:EmpowerWeapon+1"],"picked":"theMarked:TwofoldDefense+1","floor":46.0},{"not_picked":["theMarked:Toughness"],"picked":"theMarked:Challenge+1","floor":48.0},{"not_picked":["theMarked:BanishingStrike"],"picked":"theMarked:Polarize+1","floor":54.0}],"player_experience":717447,"relics_obtained":[{"floor":7.0,"key":"Lantern"},{"floor":9.0,"key":"Juzu Bracelet"},{"floor":11.0,"key":"Boot"},{"floor":19.0,"key":"Nilry\u0027s Codex"},{"floor":22.0,"key":"Red Mask"},{"floor":24.0,"key":"StoneCalendar"},{"floor":26.0,"key":"Letter Opener"},{"floor":29.0,"key":"Question Card"},{"floor":37.0,"key":"FossilizedHelix"},{"floor":38.0,"key":"theMarked:VonisonLock"},{"floor":41.0,"key":"Whetstone"},{"floor":44.0,"key":"Shovel"},{"floor":48.0,"key":"Smiling Mask"},{"floor":49.0,"key":"Bag of Preparation"},{"floor":52.0,"key":"Sundial"},{"floor":54.0,"key":"Gremlin Horn"}],"event_choices":[{"damage_healed":0.0,"max_hp_gain":0.0,"max_hp_loss":0.0,"gold_gain":0.0,"event_name":"Scrap Ooze","player_choice":"Success","floor":5.0,"gold_loss":0.0,"damage_taken":7.0,"relics_obtained":["Vajra"]},{"damage_healed":0.0,"max_hp_gain":5.0,"max_hp_loss":0.0,"gold_gain":0.0,"event_name":"Big Fish","player_choice":"Donut","floor":10.0,"gold_loss":0.0,"damage_taken":0.0},{"damage_healed":0.0,"max_hp_gain":0.0,"max_hp_loss":0.0,"gold_gain":175.0,"event_name":"Liars Game","player_choice":"AGREE","floor":14.0,"gold_loss":0.0,"damage_taken":0.0,"cards_obtained":["Doubt"]},{"damage_healed":0.0,"max_hp_gain":0.0,"max_hp_loss":0.0,"gold_gain":0.0,"event_name":"Cursed Tome","player_choice":"Obtained Book","floor":19.0,"gold_loss":0.0,"damage_taken":16.0},{"damage_healed":0.0,"max_hp_gain":0.0,"max_hp_loss":0.0,"gold_gain":0.0,"event_name":"Masked Bandits","player_choice":"Fought Bandits","floor":22.0,"gold_loss":0.0,"damage_taken":0.0},{"damage_healed":25.0,"max_hp_gain":0.0,"max_hp_loss":0.0,"gold_gain":0.0,"event_name":"The Library","player_choice":"Heal","floor":31.0,"gold_loss":0.0,"damage_taken":0.0},{"damage_healed":0.0,"max_hp_gain":0.0,"max_hp_loss":0.0,"gold_gain":0.0,"event_name":"MindBloom","player_choice":"Fight","floor":37.0,"gold_loss":0.0,"damage_taken":0.0},{"damage_healed":0.0,"max_hp_gain":0.0,"max_hp_loss":0.0,"gold_gain":0.0,"event_name":"Mysterious Sphere","player_choice":"Fight","floor":38.0,"gold_loss":0.0,"damage_taken":0.0},{"cards_removed":["theMarked:Strike"],"damage_healed":0.0,"max_hp_gain":0.0,"max_hp_loss":0.0,"gold_gain":0.0,"event_name":"Falling","player_choice":"Removed Attack","floor":39.0,"gold_loss":0.0,"damage_taken":0.0},{"damage_healed":0.0,"max_hp_gain":0.0,"max_hp_loss":4.0,"gold_gain":0.0,"event_name":"Winding Halls","player_choice":"Max HP","floor":45.0,"gold_loss":0.0,"damage_taken":0.0},{"cards_removed":["theMarked:Strike"],"damage_healed":0.0,"max_hp_gain":0.0,"max_hp_loss":0.0,"gold_gain":0.0,"event_name":"Designer","player_choice":"Upgrade and Remove","floor":47.0,"gold_loss":90.0,"damage_taken":0.0,"cards_upgraded":["theMarked:ElectricStrings"]}],"is_beta":true,"boss_relics":[{"not_picked":["Tiny House","Velvet Choker"],"picked":"Busted Crown"},{"not_picked":["Runic Dome","Snecko Eye"],"picked":"Philosopher\u0027s Stone"}],"items_purged_floors":[21],"is_endless":false,"potions_floor_spawned":[1,2,4,13,16,18,24,29,33,35,38,44],"killed_by":"The Heart","ascension_level":2}}