{"host":"zxkjcgzis4pm3za5","time":1613789998,"event":{"mods":["2.2 Compatiblity","AchievementEnabler","BaseMod","Colored Map","Colored Powertips","Minty Spire (QoL Compilation)","Quick Restart","Random Character Button","Relic Filter Mod","Relic Sorter","Relic Stats","StSLib"],"gold_per_floor":[115,129,129,144,144,144,164,164,189,214,225,225,225,251,251,323,323,337,355,355,365,365,365],"floor_reached":22,"language":"ENG","playtime":830,"items_purged":[],"score":417,"play_id":"318a43e3-030c-43c5-b384-c7a8d06eaeff","local_time":"20210220082958","is_ascension_mode":true,"campfire_choices":[{"data":"Bash","floor":6.0,"key":"SMITH"},{"data":"Rampage","floor":8.0,"key":"SMITH"},{"data":"Cleave","floor":13,"key":"SMITH"},{"data":"Feed","floor":15,"key":"SMITH"}],"circlet_count":0,"master_deck":["AscendersBane","Strike_R","Strike_R","Defend_R","Defend_R","Defend_R+1","Bash+1","Iron Wave","Ghostly Armor+1","Thunderclap","Brutality","Rampage+1","Cleave+1","Feed+1","Offering","Armaments","Warcry","Havoc"],"relics":["Burning Blood","Toy Ornithopter","War Paint","Art of War","Busted Crown"],"acts_visited":["TheCity"],"potions_floor_usage":[11,14,16,16,19],"damage_taken":[{"damage":12.0,"enemies":"Jaw Worm","floor":1.0,"turns":4.0},{"damage":0.0,"enemies":"2 Louse","floor":2.0,"turns":2.0},{"damage":1.0,"enemies":"Cultist","floor":4.0,"turns":3.0},{"damage":13.0,"enemies":"Looter","floor":7.0,"turns":4.0},{"damage":27.0,"enemies":"3 Sentries","floor":10.0,"turns":8.0},{"damage":15,"enemies":"Gremlin Gang","floor":11,"turns":5},{"damage":13,"enemies":"Gremlin Nob","floor":14,"turns":4},{"damage":56,"enemies":"The Guardian","floor":16,"turns":12},{"damage":29,"enemies":"Shell Parasite","floor":18,"turns":6},{"damage":14,"enemies":"2 Thieves","floor":19,"turns":4},{"damage":28,"enemies":"Chosen and Byrds","floor":21,"turns":6},{"damage":39,"enemies":"Sentry and Sphere","floor":22,"turns":5}],"seed_played":"-5980034079314624394","potions_obtained":[{"floor":0.0,"key":"Fruit Juice"},{"floor":0.0,"key":"Dexterity Potion"},{"floor":0.0,"key":"CultistPotion"},{"floor":1.0,"key":"Strength Potion"},{"floor":10.0,"key":"Strength Potion"},{"floor":11,"key":"Block Potion"},{"floor":14,"key":"BloodPotion"},{"floor":16,"key":"SkillPotion"}],"is_trial":false,"path_per_floor":["M","M","?","M","?","R","M","R","T","E","M","?","R","E","R","B",null,"M","M","?","M","M"],"character_chosen":"IRONCLAD","items_purchased":[],"campfire_rested":0,"item_purchase_floors":[],"current_hp_per_floor":[67,73,66,71,71,71,64,64,64,48,44,40,40,38,38,18,68,49,50,50,32,0,0],"gold":365,"neow_bonus":"THREE_SMALL_POTIONS","is_daily":false,"chose_seed":false,"campfire_upgraded":4,"win_rate":0.0,"timestamp":1613789998,"path_taken":["M","M","?","M","?","R","M","R","T","E","?","?","R","E","R","BOSS","M","?","?","M","M"],"items_purchased_type":[],"build_version":"2020-12-22","purchased_purges":0,"victory":false,"max_hp_per_floor":[80,80,80,80,80,80,80,80,80,80,80,80,80,80,80,84,84,88,92,92,96,100,100],"relic_stats":{"Busted Crown":6,"counters":[12,63],"Art of War":[1],"War Paint":["Ghostly Armor","Defend_R"],"obtain_stats":[{"Busted Crown":17,"Art of War":14,"War Paint":10,"Burning Blood":0,"Toy Ornithopter":9},{"Busted Crown":8,"Art of War":7,"War Paint":5,"Burning Blood":0,"Toy Ornithopter":4},{"Busted Crown":42,"Art of War":30,"War Paint":21,"Burning Blood":0,"Toy Ornithopter":13}],"Burning Blood":66,"Toy Ornithopter":30},"card_choices":[{"not_picked":["True Grit","Sentinel"],"picked":"Iron Wave","floor":1.0},{"not_picked":["Body Slam","Armaments"],"picked":"Ghostly Armor","floor":2.0},{"not_picked":["Entrench","Ghostly Armor"],"picked":"Thunderclap","floor":4.0},{"not_picked":["Brutality","Cleave"],"picked":"Rampage","floor":7.0},{"not_picked":["Havoc","Heavy Blade","Pummel"],"picked":"SKIP","floor":10.0},{"not_picked":["Rage","Seeing Red"],"picked":"Cleave","floor":11},{"not_picked":["Armaments","Twin Strike"],"picked":"Feed","floor":14},{"not_picked":["Fiend Fire","Feed"],"picked":"Offering","floor":16},{"not_picked":["Flex"],"picked":"SKIP","floor":18},{"not_picked":[],"picked":"Armaments","floor":19},{"not_picked":["Second Wind"],"picked":"SKIP","floor":21}],"player_experience":405134,"relics_obtained":[{"floor":9.0,"key":"Toy Ornithopter"},{"floor":10.0,"key":"War Paint"},{"floor":14,"key":"Art of War"}],"event_choices":[{"cards_removed":["Defend_R"],"damage_healed":0.0,"max_hp_gain":0.0,"max_hp_loss":0.0,"gold_gain":0.0,"event_name":"Golden Wing","player_choice":"Card Removal","floor":3.0,"gold_loss":0.0,"damage_taken":7.0},{"damage_healed":0.0,"max_hp_gain":0.0,"max_hp_loss":0.0,"gold_gain":0.0,"cards_transformed":["Strike_R"],"event_name":"Transmorgrifier","player_choice":"Transformed","floor":5.0,"gold_loss":0.0,"damage_taken":0.0,"cards_obtained":["Brutality"]},{"damage_healed":0,"gold_gain":0,"player_choice":"Bought 0 Potions","damage_taken":0,"max_hp_gain":0,"max_hp_loss":0,"event_name":"The Woman in Blue","floor":12,"gold_loss":0},{"damage_healed":0,"gold_gain":0,"cards_transformed":["Strike_R","Strike_R"],"player_choice":"Became Test Subject","damage_taken":0,"max_hp_gain":0,"max_hp_loss":0,"event_name":"Drug Dealer","floor":20,"gold_loss":0,"cards_obtained":["Warcry","Havoc"]}],"is_beta":false,"boss_relics":[{"not_picked":["Runic Dome","Empty Cage"],"picked":"Busted Crown"}],"items_purged_floors":[],"is_endless":false,"potions_floor_spawned":[1,10,11,14,16],"killed_by":"Sentry and Sphere","ascension_level":20}}