{"host":"r7hmxrtwvofdnlkf","time":1613829983,"event":{"mods":["AchievementEnabler","BaseMod","Colored Powertips","Minty Spire (QoL Compilation)","Relic Stats","StSLib"],"gold_per_floor":[111,123,123,143,163,192,192,204,204,218,238,268,268,293,293,394,394,408,425,425,439,2,2,33,33,80,90,106,106,126,41,41,140,140,153,164,181,181,231,231,247,247,320,348,368,387,387,403,403,403],"floor_reached":51,"language":"ENG","playtime":2370,"items_purged":["Defend_B"],"score":800,"play_id":"5c6fcb13-515d-4f5d-83ce-ac7e4ee02b62","local_time":"20210220150623","is_ascension_mode":false,"campfire_choices":[{"data":"Barrage","floor":7,"key":"SMITH"},{"data":"Loop","floor":15,"key":"SMITH"},{"floor":23,"key":"REST"},{"data":"Barrage","floor":25,"key":"SMITH"},{"floor":29,"key":"REST"},{"floor":32,"key":"REST"},{"floor":40,"key":"REST"},{"floor":42,"key":"REST"},{"data":"Buffer","floor":49,"key":"SMITH"}],"circlet_count":0,"master_deck":["Strike_B","Strike_B","Strike_B","Defend_B","Defend_B","Defend_B","Cold Snap","Barrage+1","Barrage+1","Cold Snap","Redo","Leap","Loop+1","Ball Lightning","Multi-Cast","Ball Lightning","Beam Cell+1","Auto Shields","Static Discharge","Capacitor+1","Beam Cell+1","Defragment","Electrodynamics","Ball Lightning+1","Consume","Buffer+1","Compile Driver+1","Loop+1","Conserve Battery+1","Glacier+1","Injury","Barrage+1","Leap+1","Genetic Algorithm","Melter+1"],"relics":["Cracked Core","Darkstone Periapt","Question Card","Mummified Hand","InkBottle","Pantograph","Runic Pyramid","Ice Cream","Mango","Dream Catcher","Lizard Tail","Cursed Key","Thread and Needle","Blue Candle","Art of War"],"acts_visited":["Exordium","TheCity","TheBeyond"],"potions_floor_usage":[11,12,14,16,21,24,33,44,44,46],"damage_taken":[{"damage":0,"enemies":"Cultist","floor":1,"turns":3},{"damage":0,"enemies":"Small Slimes","floor":2,"turns":2},{"damage":6,"enemies":"Jaw Worm","floor":4,"turns":2},{"damage":0,"enemies":"3 Louse","floor":5,"turns":2},{"damage":27,"enemies":"Lagavulin","floor":6,"turns":6},{"damage":0,"enemies":"2 Fungi Beasts","floor":8,"turns":4},{"damage":1,"enemies":"Large Slime","floor":10,"turns":4},{"damage":4,"enemies":"3 Louse","floor":11,"turns":4},{"damage":6,"enemies":"Gremlin Nob","floor":12,"turns":4},{"damage":8,"enemies":"3 Sentries","floor":14,"turns":5},{"damage":37,"enemies":"Hexaghost","floor":16,"turns":10},{"damage":9,"enemies":"Shell Parasite","floor":18,"turns":5},{"damage":0,"enemies":"Spheric Guardian","floor":19,"turns":3},{"damage":25,"enemies":"Snake Plant","floor":21,"turns":5},{"damage":13,"enemies":"Gremlin Leader","floor":24,"turns":6},{"damage":4,"enemies":"Sentry and Sphere","floor":27,"turns":5},{"damage":6,"enemies":"Chosen and Byrds","floor":28,"turns":5},{"damage":11,"enemies":"Cultist and Chosen","floor":30,"turns":4},{"damage":52,"enemies":"Automaton","floor":33,"turns":8},{"damage":28,"enemies":"3 Darklings","floor":35,"turns":4},{"damage":11,"enemies":"3 Shapes","floor":36,"turns":2},{"damage":39,"enemies":"Writhing Mass","floor":37,"turns":4},{"damage":9,"enemies":"Mind Bloom Boss Battle","floor":39,"turns":5},{"damage":0,"enemies":"Sphere and 2 Shapes","floor":41,"turns":4},{"damage":33,"enemies":"Reptomancer","floor":44,"turns":5},{"damage":0,"enemies":"4 Shapes","floor":45,"turns":5},{"damage":0,"enemies":"Writhing Mass","floor":46,"turns":6},{"damage":0,"enemies":"Spire Growth","floor":48,"turns":4},{"damage":73,"enemies":"Time Eater","floor":50,"turns":10}],"seed_played":"909134197460931903","potions_obtained":[{"floor":2,"key":"Dexterity Potion"},{"floor":6,"key":"LiquidBronze"},{"floor":8,"key":"FocusPotion"},{"floor":11,"key":"Ancient Potion"},{"floor":12,"key":"FearPotion"},{"floor":18,"key":"CultistPotion"},{"floor":19,"key":"Block Potion"},{"floor":28,"key":"PotionOfCapacity"},{"floor":30,"key":"PowerPotion"},{"floor":35,"key":"DuplicationPotion"},{"floor":36,"key":"Explosive Potion"},{"floor":44,"key":"LiquidMemories"}],"is_trial":false,"path_per_floor":["M","M","?","M","M","E","R","M","T","M","M","E","T","E","R","B",null,"M","M","?","M","$","R","E","R","T","M","M","R","M","?","R","B",null,"M","M","M","?","?","R","M","R","T","E","M","M","?","M","R","B",null],"character_chosen":"DEFECT","items_purchased":["Ice Cream","Auto Shields"],"campfire_rested":5,"item_purchase_floors":[22,22],"current_hp_per_floor":[82,82,82,76,76,49,49,49,49,48,44,38,38,30,30,18,82,73,73,57,32,32,58,59,59,59,55,49,79,68,68,98,49,101,73,62,23,23,39,69,69,99,105,72,72,72,72,72,72,24],"gold":403,"neow_bonus":"TEN_PERCENT_HP_BONUS","is_daily":false,"chose_seed":false,"campfire_upgraded":4,"win_rate":0.0,"timestamp":1613829983,"path_taken":["M","?","?","M","M","E","R","M","T","M","?","E","?","E","R","BOSS","M","M","?","M","$","R","E","R","T","M","M","R","M","?","R","BOSS","M","M","M","?","?","R","M","R","T","E","M","M","?","M","R","BOSS"],"items_purchased_type":["Relic","Card"],"build_version":"2020-12-22","purchased_purges":1,"victory":true,"max_hp_per_floor":[82,82,82,82,82,82,82,82,82,82,82,82,82,82,82,82,82,82,82,87,87,87,87,101,101,101,101,101,101,101,101,101,101,101,101,101,101,101,101,101,101,101,107,107,107,107,107,107,107,107],"relic_stats":{"Darkstone Periapt":6,"Dream Catcher":4,"Lizard Tail":0,"counters":[29,134],"Mummified Hand":[62],"Pantograph":78,"Blue Candle":[2],"Art of War":[3],"Question Card":26,"Cursed Key":1,"obtain_stats":[{"Darkstone Periapt":6,"Ice Cream":22,"Blue Candle":43,"Mango":24,"Thread and Needle":39,"Question Card":9,"Cursed Key":34,"Dream Catcher":26,"Lizard Tail":31,"Mummified Hand":12,"Pantograph":14,"Art of War":44,"Cracked Core":0,"InkBottle":13,"Runic Pyramid":17},{"Darkstone Periapt":5,"Ice Cream":14,"Blue Candle":24,"Mango":15,"Thread and Needle":23,"Question Card":6,"Cursed Key":19,"Dream Catcher":15,"Lizard Tail":18,"Mummified Hand":9,"Pantograph":10,"Art of War":25,"Cracked Core":0,"InkBottle":9,"Runic Pyramid":11},{"Darkstone Periapt":15,"Ice Cream":58,"Blue Candle":104,"Mango":64,"Thread and Needle":101,"Question Card":19,"Cursed Key":86,"Dream Catcher":64,"Lizard Tail":78,"Mummified Hand":31,"Pantograph":36,"Art of War":109,"Cracked Core":0,"InkBottle":31,"Runic Pyramid":46}],"InkBottle":[38]},"card_choices":[{"not_picked":["Leap","Redo"],"picked":"Cold Snap","floor":1},{"not_picked":["Conserve Battery","Sweeping Beam"],"picked":"Barrage","floor":2},{"not_picked":["Meteor Strike","Steam","Heatsinks"],"picked":"SKIP","floor":4},{"not_picked":["Consume","Steam Power"],"picked":"Barrage","floor":5},{"not_picked":["Sunder","Hello World"],"picked":"Cold Snap","floor":6},{"not_picked":["Reinforced Body","Tempest"],"picked":"Redo","floor":8},{"not_picked":["Steam Power","Stack","Barrage"],"picked":"Leap","floor":10},{"not_picked":["Heatsinks","Sunder","Scrape"],"picked":"Loop","floor":11},{"not_picked":["Hello World","Rip and Tear","Barrage"],"picked":"Ball Lightning","floor":12},{"not_picked":["Rainbow","Gash","Hologram","Chill"],"picked":"SKIP","floor":14},{"not_picked":["Reboot","Creative AI","Rainbow"],"picked":"Multi-Cast","floor":16},{"not_picked":["Chill","Force Field+1","Lockon+1"],"picked":"Ball Lightning","floor":18},{"not_picked":["Compile Driver+1","Coolheaded","Rebound"],"picked":"Beam Cell+1","floor":19},{"not_picked":["Creative AI","Sweeping Beam+1","Lockon+1","Redo"],"picked":"SKIP","floor":21},{"not_picked":["Go for the Eyes","Hyperbeam","Gash"],"picked":"Static Discharge","floor":24},{"not_picked":["Sweeping Beam","Recycle","Rebound","Reprogram"],"picked":"SKIP","floor":27},{"not_picked":["Reprogram+1","Go for the Eyes+1","Tempest"],"picked":"Capacitor+1","floor":28},{"not_picked":["Go for the Eyes+1","Loop","Rebound"],"picked":"Beam Cell+1","floor":30},{"not_picked":["Gash","Beam Cell","Amplify"],"picked":"Defragment","floor":32},{"not_picked":["Amplify","Reboot","Hyperbeam"],"picked":"Electrodynamics","floor":33},{"not_picked":["Cold Snap","Redo","Stack"],"picked":"Ball Lightning+1","floor":35},{"not_picked":["Recycle+1","White Noise+1","Chill+1"],"picked":"Consume","floor":36},{"not_picked":["Go for the Eyes","Steam Power","Rebound"],"picked":"Buffer","floor":37},{"not_picked":["Doom and Gloom","Rebound+1","Beam Cell+1"],"picked":"Compile Driver+1","floor":39},{"not_picked":["Scrape+1","Beam Cell","Go for the Eyes+1"],"picked":"Loop+1","floor":40},{"not_picked":["Doom and Gloom+1","Go for the Eyes+1","Turbo"],"picked":"Conserve Battery+1","floor":41},{"not_picked":["Scrape","Gash","Leap+1"],"picked":"Glacier+1","floor":42},{"not_picked":["FTL+1","Tempest+1","Genetic Algorithm+1","Self Repair"],"picked":"SKIP","floor":44},{"not_picked":["Cold Snap","Skim","FTL"],"picked":"Barrage+1","floor":45},{"not_picked":["Chaos","Hello World","FTL"],"picked":"Leap+1","floor":46},{"not_picked":["Stack","Seek","Reprogram+1"],"picked":"Melter+1","floor":48}],"player_experience":179454,"relics_obtained":[{"floor":6,"key":"Darkstone Periapt"},{"floor":9,"key":"Question Card"},{"floor":12,"key":"Mummified Hand"},{"floor":13,"key":"InkBottle"},{"floor":14,"key":"Pantograph"},{"floor":24,"key":"Mango"},{"floor":26,"key":"Dream Catcher"},{"floor":39,"key":"Thread and Needle"},{"floor":43,"key":"Blue Candle"},{"floor":44,"key":"Art of War"}],"event_choices":[{"cards_removed":["Strike_B"],"damage_healed":0,"gold_gain":0,"player_choice":"Offered Basic","damage_taken":0,"max_hp_gain":0,"max_hp_loss":0,"event_name":"Bonfire Elementals","floor":3,"gold_loss":0},{"damage_healed":0,"gold_gain":0,"player_choice":"Shed Blood","damage_taken":21,"max_hp_gain":5,"max_hp_loss":0,"event_name":"Forgotten Altar","floor":20,"gold_loss":0},{"damage_healed":0,"gold_gain":0,"player_choice":"Obtained Relic","damage_taken":0,"relics_obtained":["Lizard Tail"],"max_hp_gain":0,"max_hp_loss":0,"event_name":"Addict","floor":31,"gold_loss":85},{"cards_removed":["Dualcast"],"damage_healed":0,"gold_gain":0,"player_choice":"Removed Skill","damage_taken":0,"max_hp_gain":0,"max_hp_loss":0,"event_name":"Falling","floor":38,"gold_loss":0},{"damage_healed":0,"gold_gain":0,"player_choice":"Fight","damage_taken":0,"max_hp_gain":0,"max_hp_loss":0,"event_name":"MindBloom","floor":39,"gold_loss":0},{"damage_healed":0,"gold_gain":0,"cards_transformed":["Zap"],"player_choice":"Transformed","damage_taken":0,"max_hp_gain":0,"max_hp_loss":0,"event_name":"Transmorgrifier","floor":47,"gold_loss":0,"cards_obtained":["Genetic Algorithm"]}],"is_beta":false,"boss_relics":[{"not_picked":["FrozenCore","Philosopher\u0027s Stone"],"picked":"Runic Pyramid"},{"not_picked":["Coffee Dripper","Sozu"],"picked":"Cursed Key"}],"items_purged_floors":[22],"is_endless":false,"potions_floor_spawned":[2,6,8,11,12,18,19,28,30,35,36,37,44],"ascension_level":0}}