{"host":"6bsan6hkua32tfq7","time":1613841598,"event":{"mods":["BaseMod","Better Third Choice","Colored Map","Highlight Path","Minty Spire (QoL Compilation)","StSLib"],"gold_per_floor":[117,137,137,62,75,75,102,102,177,212,212,247,247,274,274,362,362,382,405,427,427,448,448,448],"floor_reached":23,"language":"ENG","playtime":600,"items_purged":["Defend_R"],"score":438,"play_id":"5b4cb8e4-268c-4051-967d-5d18b4a184a2","local_time":"20210220181958","is_ascension_mode":true,"campfire_choices":[{"data":"Carnage","floor":6,"key":"SMITH"},{"data":"Shockwave","floor":8,"key":"SMITH"},{"data":"Fiend Fire","floor":13,"key":"SMITH"},{"data":"Cleave","floor":15,"key":"SMITH"}],"circlet_count":0,"master_deck":["AscendersBane","Strike_R","Strike_R","Strike_R","Strike_R","Strike_R","Defend_R","Defend_R","Defend_R","Bash","Discovery+1","Carnage+1","Shockwave+1","Shrug It Off","Headbutt","Cleave+1","Fiend Fire+1","Demon Form","True Grit","Dark Embrace","True Grit+1","Fire Breathing"],"relics":["Burning Blood","Blood Vial","Bottled Lightning","Prayer Wheel","CeramicFish","Letter Opener","Sozu"],"acts_visited":["Exordium","TheCity"],"potions_floor_usage":[14,22],"damage_taken":[{"damage":7,"enemies":"Jaw Worm","floor":1,"turns":3},{"damage":0,"enemies":"Cultist","floor":2,"turns":2},{"damage":2,"enemies":"2 Louse","floor":5,"turns":3},{"damage":27,"enemies":"3 Sentries","floor":7,"turns":7},{"damage":10,"enemies":"Gremlin Nob","floor":10,"turns":3},{"damage":22,"enemies":"Lagavulin","floor":12,"turns":4},{"damage":5,"enemies":"3 Sentries","floor":14,"turns":4},{"damage":28,"enemies":"Slime Boss","floor":16,"turns":6},{"damage":0,"enemies":"Chosen","floor":18,"turns":3},{"damage":9,"enemies":"Shell Parasite","floor":19,"turns":3},{"damage":44,"enemies":"Shelled Parasite and Fungi","floor":20,"turns":5},{"damage":30,"enemies":"Cultist and Chosen","floor":22,"turns":5},{"damage":16,"enemies":"Gremlin Leader","floor":23,"turns":3}],"seed_played":"2195443874542392841","potions_obtained":[{"floor":1,"key":"Block Potion"},{"floor":10,"key":"LiquidBronze"},{"floor":16,"key":"Energy Potion"}],"is_trial":false,"path_per_floor":["M","M","?","$","M","R","E","R","T","E","?","E","R","E","R","B",null,"M","M","M","?","M","E"],"character_chosen":"IRONCLAD","items_purchased":[],"campfire_rested":0,"item_purchase_floors":[],"current_hp_per_floor":[67,73,73,73,75,75,54,54,54,52,52,38,38,41,41,21,62,70,69,33,33,11,0,0],"gold":448,"neow_bonus":"RANDOM_COLORLESS","is_daily":false,"chose_seed":false,"campfire_upgraded":4,"win_rate":0.0,"timestamp":1613841598,"path_taken":["M","M","?","?","M","R","E","R","T","E","?","E","R","E","R","BOSS","M","?","M","?","M","E"],"items_purchased_type":[],"build_version":"2020-12-22","purchased_purges":1,"victory":false,"max_hp_per_floor":[75,75,75,75,75,75,75,75,75,75,75,75,75,75,75,75,75,75,75,75,75,75,75,75],"card_choices":[{"not_picked":["Panacea","Bandage Up"],"picked":"Discovery","floor":0},{"not_picked":["Iron Wave","Dual Wield"],"picked":"Carnage","floor":1},{"not_picked":["Sword Boomerang","Headbutt"],"picked":"Shockwave","floor":2},{"not_picked":["Body Slam","Twin Strike"],"picked":"Headbutt","floor":5},{"not_picked":["Second Wind","Armaments"],"picked":"Cleave","floor":7},{"not_picked":["Sword Boomerang","Reckless Charge"],"picked":"Fiend Fire","floor":10},{"not_picked":["Sentinel","Cleave","Havoc"],"picked":"SKIP","floor":12},{"not_picked":["Flex","Anger","Sword Boomerang"],"picked":"SKIP","floor":14},{"not_picked":["Offering","Feed"],"picked":"Demon Form","floor":16},{"not_picked":["Heavy Blade","Thunderclap"],"picked":"True Grit","floor":18},{"not_picked":["Clothesline+1","Entrench+1","Headbutt"],"picked":"SKIP","floor":18},{"not_picked":["Sword Boomerang","Thunderclap"],"picked":"Dark Embrace","floor":19},{"not_picked":["Thunderclap","Twin Strike","Rupture"],"picked":"SKIP","floor":19},{"not_picked":["Pommel Strike","Body Slam"],"picked":"True Grit+1","floor":20},{"not_picked":["Heavy Blade","Sword Boomerang","Cleave"],"picked":"SKIP","floor":20},{"not_picked":["True Grit","Combust"],"picked":"Fire Breathing","floor":22},{"not_picked":["Warcry","Cleave","Body Slam+1"],"picked":"SKIP","floor":22}],"player_experience":5452936,"relics_obtained":[{"floor":7,"key":"Blood Vial"},{"floor":9,"key":"Bottled Lightning"},{"floor":10,"key":"Prayer Wheel"},{"floor":12,"key":"CeramicFish"},{"floor":14,"key":"Letter Opener"}],"event_choices":[{"damage_healed":0,"gold_gain":0,"player_choice":"1 cards matched","damage_taken":0,"max_hp_gain":0,"max_hp_loss":0,"event_name":"Match and Keep!","floor":3,"gold_loss":0,"cards_obtained":["Shrug It Off"]},{"damage_healed":0,"gold_gain":0,"player_choice":"Forge","damage_taken":0,"max_hp_gain":0,"max_hp_loss":0,"event_name":"Accursed Blacksmith","floor":11,"gold_loss":0,"cards_upgraded":["Discovery"]},{"damage_healed":0,"gold_gain":0,"player_choice":"Ignored","damage_taken":0,"max_hp_gain":0,"max_hp_loss":0,"event_name":"Cursed Tome","floor":21,"gold_loss":0}],"is_beta":false,"boss_relics":[{"not_picked":["Runic Dome","SlaversCollar"],"picked":"Sozu"}],"items_purged_floors":[4],"is_endless":false,"potions_floor_spawned":[1,10,16,19,20,22],"killed_by":"Gremlin Leader","ascension_level":20}}