{"host":"7cp3z5w0tcrrm8ys","time":1613808872,"event":{"mods":["AchievementEnabler","BaseMod","DeckTracker","Minty Spire (QoL Compilation)","StSLib","SuperFastMode"],"gold_per_floor":[110,129,129,0,0,0,38,38,92,104,155,188,200,235,247,259,259],"floor_reached":16,"language":"KOR","playtime":331,"items_purged":["Strike_R"],"score":216,"play_id":"98776636-ba72-466f-84c5-6cd2f2368c10","local_time":"20210220171432","is_ascension_mode":true,"campfire_choices":[{"data":"Bludgeon","floor":6,"key":"SMITH"},{"floor":8,"key":"REST"},{"data":"Disarm","floor":13,"key":"SMITH"},{"data":"Bludgeon","floor":15,"key":"SMITH"}],"circlet_count":0,"master_deck":["AscendersBane","Strike_R","Strike_R","Strike_R","Strike_R","Defend_R","Defend_R","Defend_R","Defend_R","Bash","Bludgeon+1","Bloodletting","Cleave","Power Through","Bludgeon+1","Disarm+1","True Grit"],"relics":["Burning Blood","Golden Idol","Dead Branch","MawBank","Nunchaku"],"acts_visited":["Exordium"],"potions_floor_usage":[7,11,14,16],"damage_taken":[{"damage":4,"enemies":"Jaw Worm","floor":1,"turns":4},{"damage":6,"enemies":"Small Slimes","floor":2,"turns":2},{"damage":32,"enemies":"Gremlin Nob","floor":7,"turns":4},{"damage":16,"enemies":"Lagavulin","floor":11,"turns":7},{"damage":11,"enemies":"2 Louse","floor":12,"turns":3},{"damage":16,"enemies":"Exordium Wildlife","floor":14,"turns":3},{"damage":38,"enemies":"Hexaghost","floor":16,"turns":9}],"seed_played":"2839432899740678149","potions_obtained":[{"floor":2,"key":"Dexterity Potion"},{"floor":11,"key":"Regen Potion"},{"floor":12,"key":"AttackPotion"}],"is_trial":false,"path_per_floor":["M","M","?","$","?","R","E","R","T","?","E","M","R","M","R","B"],"character_chosen":"IRONCLAD","items_purchased":["BlessingOfTheForge"],"campfire_rested":1,"item_purchase_floors":[4],"current_hp_per_floor":[52,52,52,52,52,52,26,46,46,46,36,31,31,21,21,0,0],"gold":259,"neow_bonus":"THREE_RARE_CARDS","is_daily":false,"chose_seed":false,"campfire_upgraded":3,"win_rate":0.0,"timestamp":1613808872,"path_taken":["M","M","?","$","?","R","E","R","T","?","E","?","R","M","R","BOSS"],"items_purchased_type":["Potion"],"build_version":"2020-12-22","purchased_purges":1,"victory":false,"max_hp_per_floor":[75,75,68,68,68,68,68,68,68,68,68,68,68,68,68,68,68],"card_choices":[{"not_picked":["Reaper","Fiend Fire"],"picked":"Bludgeon","floor":0},{"not_picked":["Heavy Blade","Shockwave"],"picked":"Bloodletting","floor":1},{"not_picked":["Iron Wave","Sword Boomerang"],"picked":"Cleave","floor":2},{"not_picked":["Heavy Blade","Headbutt"],"picked":"Power Through","floor":7},{"not_picked":["Entrench","Intimidate"],"picked":"Bludgeon","floor":11},{"not_picked":["Thunderclap","True Grit"],"picked":"Disarm","floor":12},{"not_picked":["Heavy Blade","Evolve"],"picked":"True Grit","floor":14}],"player_experience":829026,"relics_obtained":[{"floor":7,"key":"Dead Branch"},{"floor":9,"key":"MawBank"},{"floor":11,"key":"Nunchaku"}],"event_choices":[{"damage_healed":0,"gold_gain":0,"player_choice":"Lose Max HP","damage_taken":0,"relics_obtained":["Golden Idol"],"max_hp_gain":0,"max_hp_loss":7,"event_name":"Golden Idol","floor":3,"gold_loss":0},{"damage_healed":0,"gold_gain":0,"player_choice":"Ignored","damage_taken":0,"max_hp_gain":0,"max_hp_loss":0,"event_name":"Liars Game","floor":5,"gold_loss":0},{"damage_healed":0,"gold_gain":0,"player_choice":"Ignored","damage_taken":0,"max_hp_gain":0,"max_hp_loss":0,"event_name":"Shining Light","floor":10,"gold_loss":0}],"is_beta":false,"boss_relics":[],"items_purged_floors":[4],"is_endless":false,"potions_floor_spawned":[2,11,12],"killed_by":"Hexaghost","ascension_level":20}}