{"host":"l6vifo5ajdb3p20b","time":1613781685,"event":{"mods":["2.2 Compatiblity","BaseMod","Better Altar","Better Sensory Stone","Better Skull","Better Third Choice","BetterRewards","Block Reminder","Booster Modes","Card Forge","Colored Map","Defuse TimeMaze Blight","Energized Spire","Evolution","Hubris","Minty Spire (QoL Compilation)","Relic Stats","Reliquary","StSLib","The Dragon Tamer"],"gold_per_floor":[113,125,141,153,84,111,111,140,193,224,224,255,281,46,46,144,144,156,156,183,233,45,45,74,102,150,183,211,237,237,272,272,376,376,391,11,24,24,37,66,66,96,123,155,184,184,198,232,232,329,329],"floor_reached":50,"language":"ENG","playtime":6185,"items_purged":[],"score":1501,"play_id":"a0797f81-e648-4c93-9fc0-030d7aa9c50f","local_time":"20210220074125","daily_mods":["SealedDeck","Flight","DeadlyEvents","Elite Swarm"],"is_ascension_mode":true,"campfire_choices":[{"data":"Multi-Cast","floor":7,"key":"SMITH"},{"data":"Chaos","floor":11,"key":"SMITH"},{"data":"Loop","floor":15,"key":"SMITH"},{"data":"Loop","floor":23,"key":"SMITH"},{"data":"Defragment","floor":30,"key":"SMITH"},{"data":"Buffer","floor":32,"key":"SMITH"},{"data":"Creative AI","floor":41,"key":"SMITH"},{"data":"Burst","floor":46,"key":"SMITH"},{"data":"Secret Technique","floor":49,"key":"SMITH"}],"circlet_count":0,"master_deck":["Leap","Conserve Battery","Ball Lightning","Hologram","Cold Snap","Capacitor","Darkness","Chaos+1","Loop+1","Capacitor","Glacier","Multi-Cast+1","Rainbow","Electrodynamics","Machine Learning","Defragment+1","DTMod:EchoTactic","Loop+1","Reaper","Loop","hubris:StunningStrike","Biased Cognition","Venomology","Buffer+1","Adrenaline","DTMod:HeadStart","Night Terror","Self Repair","Creative AI+1","hubris:EnhanceAbility","Exhume","Burst+1","Secret Technique+1","Double Tap"],"relics":["Cracked Core","Hammer of Thor","Seething Fire","Anvil of the Gods","EVO:Axolotl","Girya","hubris:CuriousFeather","Potion Belt","Blue Candle","reliquary:Aerogel","Dream Catcher","PrismaticShard","energizedSpire:OgreHead","Bird Faced Urn","hubris:EmptyBottle","StoneCalendar","Bag of Preparation","Toy Ornithopter","Blood Vial","Vajra","PreservedInsect","Mummified Hand","energizedSpire:RedRose","TungstenRod","hubris:BallOfYels","reliquary:BoilingFlask","Centennial Puzzle","hubris:SlimyHat","hubris:64BitClover","Eternal Feather"],"acts_visited":["Exordium","TheCity","TheBeyond"],"potions_floor_usage":[4,16,20,25,28,29,29,31,31,31,31,31,31,31,31,31,31,31,31,33,35,35,35,35,35,39,39,40,42,42,42,44,45,45,45,45,45,45,47,47,47,47,47,48,48,50,50,50,50,50,50,50,50,50,50],"damage_taken":[{"damage":0,"enemies":"Small Slimes","floor":1,"turns":3},{"damage":0,"enemies":"Cultist","floor":2,"turns":3},{"damage":0,"enemies":"2 Louse","floor":3,"turns":3},{"damage":0,"enemies":"Exordium Thugs","floor":4,"turns":4},{"damage":18,"enemies":"Gremlin Nob","floor":6,"turns":5},{"damage":12,"enemies":"3 Sentries","floor":8,"turns":9},{"damage":0,"enemies":"Lagavulin","floor":10,"turns":5},{"damage":2,"enemies":"3 Sentries","floor":12,"turns":6},{"damage":5,"enemies":"Lagavulin","floor":13,"turns":4},{"damage":10,"enemies":"Hexaghost","floor":16,"turns":7},{"damage":1,"enemies":"Chosen","floor":18,"turns":4},{"damage":27,"enemies":"Gremlin Leader","floor":20,"turns":5},{"damage":23,"enemies":"Book of Stabbing","floor":24,"turns":4},{"damage":0,"enemies":"Slavers","floor":25,"turns":2},{"damage":2,"enemies":"Book of Stabbing","floor":27,"turns":6},{"damage":31,"enemies":"Slavers","floor":28,"turns":4},{"damage":0,"enemies":"Gremlin Leader","floor":29,"turns":5},{"damage":9,"enemies":"Slavers","floor":31,"turns":3},{"damage":0,"enemies":"Champ","floor":33,"turns":5},{"damage":0,"enemies":"3 Darklings","floor":35,"turns":3},{"damage":0,"enemies":"Orb Walker","floor":37,"turns":3},{"damage":0,"enemies":"Jaw Worm Horde","floor":39,"turns":1},{"damage":1,"enemies":"Nemesis","floor":40,"turns":5},{"damage":0,"enemies":"Reptomancer","floor":42,"turns":3},{"damage":3,"enemies":"Giant Head","floor":44,"turns":4},{"damage":8,"enemies":"Reptomancer","floor":45,"turns":3},{"damage":0,"enemies":"Spire Growth","floor":47,"turns":3},{"damage":0,"enemies":"Nemesis","floor":48,"turns":4},{"damage":0,"enemies":"hubris:GrandSnecko","floor":50,"turns":6}],"seed_played":"-4147148304374204264","potions_obtained":[{"floor":2,"key":"Ancient Potion"},{"floor":3,"key":"EssenceOfSteel"},{"floor":10,"key":"LiquidBronze"},{"floor":12,"key":"Block Potion"},{"floor":13,"key":"PowerPotion"},{"floor":20,"key":"Explosive Potion"},{"floor":24,"key":"PowerPotion"},{"floor":29,"key":"GamblersBrew"},{"floor":39,"key":"SkillPotion"},{"floor":42,"key":"SpeedPotion"},{"floor":47,"key":"LiquidMemories"}],"is_trial":true,"path_per_floor":["M","M","M","M","$","E","R","E","T","E","R","E","E","$","R","B",null,"M","?","E","?","$","R","E","E","T","E","E","E","R","E","R","B",null,"M","$","M","?","M","E","R","E","T","E","E","R","M","E","R","B"],"character_chosen":"DEFECT","items_purchased":["Glacier","PrismaticShard","Defragment","hubris:EmptyBottle","Loop","TungstenRod","Self Repair"],"campfire_rested":0,"item_purchase_floors":[5,14,14,22,22,36,36],"current_hp_per_floor":[83,83,83,83,83,65,65,53,53,53,53,51,46,46,46,36,83,82,82,55,55,55,55,42,46,46,58,46,83,83,83,83,83,83,83,83,83,83,83,83,83,83,83,83,83,83,83,83,83,83,83],"gold":329,"neow_bonus":"","is_daily":false,"chose_seed":false,"campfire_upgraded":9,"win_rate":0.0,"timestamp":1613781685,"path_taken":["M","M","M","M","$","E","R","E","T","E","R","E","E","$","R","BOSS","M","?","?","?","$","R","E","E","T","E","E","E","R","E","R","BOSS","M","?","?","?","?","E","R","E","T","E","E","R","?","?","R","BOSS"],"items_purchased_type":["Card","Relic","Card","Relic","Card","Relic","Card"],"build_version":"2020-12-22","purchased_purges":0,"victory":false,"max_hp_per_floor":[83,83,83,83,83,83,83,83,83,83,83,83,83,83,83,83,83,83,83,83,83,83,83,83,83,83,83,83,83,83,83,83,83,83,83,83,83,83,83,83,83,83,83,83,83,83,83,83,83,83,83],"relic_stats":{"counters":[29,119],"Blue Candle":[0],"StoneCalendar":[0],"Eternal Feather":0,"PreservedInsect":365,"Bag of Preparation":[30],"Blood Vial":4,"Dream Catcher":0,"Centennial Puzzle":[6],"Mummified Hand":[150],"Bird Faced Urn":[66],"obtain_stats":[{"hubris:BallOfYels":40,"reliquary:Aerogel":12,"reliquary:BoilingFlask":42,"Vajra":28,"StoneCalendar":24,"Hammer of Thor":0,"Bag of Preparation":25,"hubris:SlimyHat":44,"EVO:Axolotl":0,"hubris:EmptyBottle":22,"PrismaticShard":14,"Blood Vial":27,"Dream Catcher":13,"Centennial Puzzle":43,"Mummified Hand":31,"hubris:CuriousFeather":8,"Cracked Core":0,"Potion Belt":9,"energizedSpire:RedRose":34,"Girya":6,"hubris:64BitClover":45,"Blue Candle":10,"Eternal Feather":48,"PreservedInsect":29,"energizedSpire:OgreHead":17,"Seething Fire":0,"Anvil of the Gods":0,"Bird Faced Urn":20,"Toy Ornithopter":26,"TungstenRod":36},{"hubris:BallOfYels":23,"reliquary:Aerogel":8,"reliquary:BoilingFlask":24,"Vajra":16,"StoneCalendar":13,"Hammer of Thor":0,"Bag of Preparation":14,"hubris:SlimyHat":25,"EVO:Axolotl":0,"hubris:EmptyBottle":12,"PrismaticShard":9,"Blood Vial":15,"Dream Catcher":9,"Centennial Puzzle":24,"Mummified Hand":18,"hubris:CuriousFeather":6,"Cracked Core":0,"Potion Belt":6,"energizedSpire:RedRose":19,"Girya":5,"hubris:64BitClover":26,"Blue Candle":7,"Eternal Feather":28,"PreservedInsect":17,"energizedSpire:OgreHead":10,"Seething Fire":0,"Anvil of the Gods":0,"Bird Faced Urn":12,"Toy Ornithopter":14,"TungstenRod":20},{"hubris:BallOfYels":96,"reliquary:Aerogel":38,"reliquary:BoilingFlask":99,"Vajra":73,"StoneCalendar":62,"Hammer of Thor":0,"Bag of Preparation":64,"hubris:SlimyHat":103,"EVO:Axolotl":0,"hubris:EmptyBottle":58,"PrismaticShard":42,"Blood Vial":70,"Dream Catcher":42,"Centennial Puzzle":99,"Mummified Hand":81,"hubris:CuriousFeather":27,"Cracked Core":0,"Potion Belt":27,"energizedSpire:RedRose":86,"Girya":18,"hubris:64BitClover":106,"Blue Candle":32,"Eternal Feather":113,"PreservedInsect":78,"energizedSpire:OgreHead":49,"Seething Fire":0,"Anvil of the Gods":0,"Bird Faced Urn":58,"Toy Ornithopter":64,"TungstenRod":88}],"Toy Ornithopter":20,"TungstenRod":19},"card_choices":[{"not_picked":["Ball Lightning","FTL","Stack"],"picked":"SKIP","floor":1},{"not_picked":["Beam Cell","hubris:Ukulele"],"picked":"Capacitor","floor":2},{"not_picked":["Go for the Eyes","Storm","Beam Cell"],"picked":"SKIP","floor":3},{"not_picked":["Beam Cell","Go for the Eyes","Coolheaded"],"picked":"SKIP","floor":4},{"not_picked":["Echo Form","hubris:SpecializedCircuitry"],"picked":"Multi-Cast","floor":6},{"not_picked":["All For One","Fission"],"picked":"Rainbow","floor":8},{"not_picked":["Reboot","Thunder Strike"],"picked":"Electrodynamics","floor":10},{"not_picked":["Electrodynamics","Biased Cognition"],"picked":"Machine Learning","floor":12},{"not_picked":["hubris:Prefetch","hubris:DoWhile","Creative AI"],"picked":"SKIP","floor":13},{"not_picked":["Die Die Die","DTMod:Safeguard"],"picked":"DTMod:EchoTactic","floor":16},{"not_picked":["Armaments","DTMod:MasterPlan+1","Riddle With Holes"],"picked":"SKIP","floor":18},{"not_picked":["Metamorphosis","Blasphemy"],"picked":"Reaper","floor":20},{"not_picked":["The Bomb","Immolate"],"picked":"hubris:StunningStrike","floor":24},{"not_picked":["DTMod:ResonanceForm","Die Die Die"],"picked":"Biased Cognition","floor":25},{"not_picked":["Ragnarok","hubris:StunningStrike"],"picked":"Venomology","floor":27},{"not_picked":["Reaper","Electrodynamics"],"picked":"Buffer","floor":28},{"not_picked":["All For One","Biased Cognition"],"picked":"Adrenaline","floor":29},{"not_picked":["DTMod:ResonanceForm","Juggernaut"],"picked":"DTMod:HeadStart","floor":31},{"not_picked":["Establishment","Double Tap"],"picked":"Night Terror","floor":33},{"not_picked":["Anger","DTMod:LastStand","Clothesline+1"],"picked":"SKIP","floor":35},{"not_picked":["Prepared","EmptyFist","DTMod:Weaken+1"],"picked":"SKIP","floor":37},{"not_picked":["Havoc+1","Coolheaded","Discovery"],"picked":"SKIP","floor":39},{"not_picked":["Magnetism","DTMod:Prediction","Alpha"],"picked":"SKIP","floor":40},{"not_picked":["Secret Weapon","Thunder Strike"],"picked":"hubris:EnhanceAbility","floor":42},{"not_picked":["HandOfGreed","Violence"],"picked":"Exhume","floor":44},{"not_picked":["Establishment","Omniscience"],"picked":"Burst","floor":45},{"not_picked":["Nirvana","Rampage+1","hubris:Sniper+1"],"picked":"SKIP","floor":47},{"not_picked":["Alpha","Scrawl"],"picked":"Secret Technique","floor":48},{"not_picked":["Demon Form","Magnetism"],"picked":"Double Tap","floor":50}],"player_experience":903410,"relics_obtained":[{"floor":6,"key":"Girya"},{"floor":8,"key":"hubris:CuriousFeather"},{"floor":9,"key":"Potion Belt"},{"floor":10,"key":"Blue Candle"},{"floor":12,"key":"reliquary:Aerogel"},{"floor":13,"key":"Dream Catcher"},{"floor":20,"key":"Bird Faced Urn"},{"floor":24,"key":"StoneCalendar"},{"floor":25,"key":"Bag of Preparation"},{"floor":26,"key":"Toy Ornithopter"},{"floor":27,"key":"Blood Vial"},{"floor":28,"key":"Vajra"},{"floor":29,"key":"PreservedInsect"},{"floor":31,"key":"Mummified Hand"},{"floor":40,"key":"hubris:BallOfYels"},{"floor":42,"key":"reliquary:BoilingFlask"},{"floor":43,"key":"Centennial Puzzle"},{"floor":44,"key":"hubris:SlimyHat"},{"floor":45,"key":"hubris:64BitClover"},{"floor":48,"key":"Eternal Feather"}],"event_choices":[{"damage_healed":0,"gold_gain":0,"player_choice":"Read","damage_taken":0,"max_hp_gain":0,"max_hp_loss":0,"event_name":"The Library","floor":19,"gold_loss":0,"cards_obtained":["Loop"]},{"damage_healed":0,"gold_gain":100,"player_choice":"Bet on Murderer","damage_taken":0,"max_hp_gain":0,"max_hp_loss":0,"event_name":"The Joust","floor":21,"gold_loss":50},{"cards_removed":["Coolheaded"],"damage_healed":0,"gold_gain":0,"player_choice":"Removed Skill","damage_taken":0,"max_hp_gain":0,"max_hp_loss":0,"event_name":"Falling","floor":38,"gold_loss":0}],"is_beta":false,"boss_relics":[{"not_picked":["Ectoplasm","reliquary:KinkedSpring"],"picked":"energizedSpire:OgreHead"},{"not_picked":["Sozu","Fusion Hammer"],"picked":"energizedSpire:RedRose"}],"items_purged_floors":[],"is_endless":true,"potions_floor_spawned":[2,3,10,12,13,20,24,29,37,39,42,47,50],"killed_by":"hubris:GrandSnecko","ascension_level":1}}