{"host":"0awa854l6bexpjrv","time":1613795722,"event":{"mods":["BaseMod","Block Reminder","Colored Map","Colored Powertips","Downfall","Highlight Path","Minty Spire (QoL Compilation)","Quick Restart","Rare Cards Sparkle","StSLib","SuperFastMode"],"gold_per_floor":[117,65,65,84,102,102,102,102,171,203,221,254,254,254,254,349,349,289,289,289,289,289,289,127,127,127,89,89,89,89,89,89,89,89,89,89,89,89,89,89,89,89,89,89,89,89],"floor_reached":45,"language":"ENG","playtime":1937,"items_purged":["Strike_G+1"],"score":545,"play_id":"8ba5ee27-0270-4ba7-98f1-f6e7d0630db5","local_time":"20210219203522","is_ascension_mode":true,"campfire_choices":[{"data":"Terror","floor":6.0,"key":"SMITH"},{"data":"Choke","floor":8.0,"key":"SMITH"},{"data":"Sucker Punch","floor":13.0,"key":"SMITH"},{"floor":15.0,"key":"REST"},{"floor":23.0,"key":"REST"},{"data":"Blade Dance","floor":25.0,"key":"SMITH"},{"data":"Accuracy","floor":28.0,"key":"SMITH"},{"data":"Trip","floor":30.0,"key":"SMITH"},{"data":"Footwork","floor":32.0,"key":"SMITH"},{"floor":41,"key":"REST"},{"floor":44,"key":"REST"}],"circlet_count":0,"master_deck":["Strike_G+1","Strike_G+1","Defend_G+1","Defend_G+1","Defend_G+1","Defend_G+1","Defend_G+1","Survivor","Neutralize+1","Terror+1","Blade Dance+1","Choke+1","Flying Knee+1","Sucker Punch+1","Quick Slash","Accuracy+1","Corpse Explosion","Predator+1","Acrobatics+1","Riddle With Holes","Trip+1","Footwork+1","Backflip","Noxious Fumes+1","Night Terror","Accuracy","Caltrops","Backflip+1","Madness","Madness","Discovery","A Thousand Cuts"],"relics":["Ring of the Snake","Ornamental Fan","Snake Skull","Potion Belt","Ectoplasm","Lantern","WristBlade","Ginger","Orichalcum","Turnip"],"acts_visited":["Exordium","TheCity","TheBeyond"],"potions_floor_usage":[40,40,40,40],"damage_taken":[{"damage":0.0,"enemies":"Jaw Worm","floor":1.0,"turns":4.0},{"damage":0.0,"enemies":"Small Slimes","floor":4.0,"turns":3.0},{"damage":0.0,"enemies":"Cultist","floor":5.0,"turns":2.0},{"damage":3.0,"enemies":"Gremlin Nob","floor":10.0,"turns":3.0},{"damage":0.0,"enemies":"Red Slaver","floor":11.0,"turns":2.0},{"damage":3.0,"enemies":"Lagavulin","floor":12.0,"turns":4.0},{"damage":23.0,"enemies":"The Guardian","floor":16.0,"turns":10.0},{"damage":11.0,"enemies":"2 Thieves","floor":18.0,"turns":3.0},{"damage":10.0,"enemies":"Shell Parasite","floor":21.0,"turns":3.0},{"damage":0.0,"enemies":"Centurion and Healer","floor":22.0,"turns":3.0},{"damage":12.0,"enemies":"Shelled Parasite and Fungi","floor":29.0,"turns":3.0},{"damage":0.0,"enemies":"Snecko","floor":31.0,"turns":4.0},{"damage":14,"enemies":"Champ","floor":33,"turns":9},{"damage":0,"enemies":"Orb Walker","floor":35,"turns":2},{"damage":0,"enemies":"3 Shapes","floor":36,"turns":3},{"damage":15,"enemies":"Mind Bloom Boss Battle","floor":37,"turns":6},{"damage":13,"enemies":"Reptomancer","floor":40,"turns":5},{"damage":20,"enemies":"Spire Growth","floor":42,"turns":5},{"damage":57,"enemies":"4 Shapes","floor":45,"turns":4}],"seed_played":"-3653699078221001553","potions_obtained":[{"floor":1.0,"key":"Swift Potion"},{"floor":5.0,"key":"SkillPotion"},{"floor":11.0,"key":"LiquidMemories"},{"floor":16.0,"key":"LiquidMemories"},{"floor":21.0,"key":"Block Potion"},{"floor":31.0,"key":"GamblersBrew"},{"floor":36,"key":"ColorlessPotion"},{"floor":42,"key":"GamblersBrew"}],"is_trial":false,"path_per_floor":["M","$","?","M","M","R","?","R","T","E","M","E","R","?","R","B",null,"M","?","?","M","M","R","$","R","T","$","R","M","R","M","R","B",null,"M","M","?","?","?","E","R","M","T","R","M"],"character_chosen":"THE_SILENT","items_purchased":["Blade Dance","Trip","Footwork"],"campfire_rested":4,"item_purchase_floors":[2,24,27],"current_hp_per_floor":[70,70,70,70,70,70,63,63,63,60,60,57,57,43,64,41,70,59,59,59,49,49,70,70,70,70,70,70,58,58,58,58,44,70,70,70,55,46,46,33,54,34,34,55,0,0],"gold":89,"neow_bonus":"REMOVE_CARD","is_daily":false,"chose_seed":false,"campfire_upgraded":7,"win_rate":0.0,"timestamp":1613795722,"path_taken":["M","$","?","M","M","R","?","R","T","E","M","E","R","?","R","BOSS","M","?","?","M","?","R","?","R","T","$","R","M","R","M","R","BOSS","M","M","?","?","?","E","R","M","T","R","M"],"items_purchased_type":["Card","Card","Card"],"build_version":"2020-12-22","purchased_purges":1,"victory":false,"max_hp_per_floor":[70,70,70,70,70,70,70,70,70,70,70,70,70,70,70,70,70,70,70,70,70,70,70,70,70,70,70,70,70,70,70,70,70,70,70,70,70,70,70,70,70,70,70,70,70,70],"card_choices":[{"not_picked":["Outmaneuver","Dagger Throw"],"picked":"Terror","floor":1.0},{"not_picked":["Outmaneuver","Acrobatics"],"picked":"Choke","floor":4.0},{"not_picked":["Choke","Slice"],"picked":"Flying Knee","floor":5.0},{"not_picked":["Eviscerate","Endless Agony"],"picked":"Sucker Punch","floor":10.0},{"not_picked":["Escape Plan","Cloak And Dagger"],"picked":"Quick Slash","floor":11.0},{"not_picked":["Crippling Poison","Cloak And Dagger"],"picked":"Accuracy","floor":12.0},{"not_picked":["Tools of the Trade","Burst"],"picked":"Corpse Explosion","floor":16.0},{"not_picked":["Deadly Poison","Dodge and Roll"],"picked":"Predator+1","floor":18.0},{"not_picked":["Poisoned Stab","Backflip"],"picked":"Acrobatics+1","floor":21.0},{"not_picked":["Backstab","Setup"],"picked":"Riddle With Holes","floor":22.0},{"not_picked":["Prepared","PiercingWail"],"picked":"Backflip","floor":29.0},{"not_picked":["Calculated Gamble","Unload"],"picked":"Noxious Fumes+1","floor":31.0},{"not_picked":["Glass Knife","Grand Finale"],"picked":"Night Terror","floor":33},{"not_picked":["Finisher+1","Sucker Punch"],"picked":"Accuracy","floor":35},{"not_picked":["Slice+1","Underhanded Strike"],"picked":"Caltrops","floor":36},{"not_picked":["Quick Slash+1","Underhanded Strike"],"picked":"Backflip+1","floor":37},{"not_picked":["Jack Of All Trades","Flash of Steel"],"picked":"Discovery","floor":39},{"not_picked":["Concentrate","Backflip","Flying Knee+1"],"picked":"SKIP","floor":40},{"not_picked":["Poisoned Stab+1","Bane"],"picked":"A Thousand Cuts","floor":42}],"player_experience":799628,"relics_obtained":[{"floor":9.0,"key":"Ornamental Fan"},{"floor":10.0,"key":"Snake Skull"},{"floor":12.0,"key":"Potion Belt"},{"floor":26.0,"key":"Lantern"},{"floor":37,"key":"Ginger"},{"floor":40,"key":"Orichalcum"},{"floor":43,"key":"Turnip"}],"event_choices":[{"damage_healed":0.0,"max_hp_gain":0.0,"max_hp_loss":0.0,"gold_gain":0.0,"event_name":"Living Wall","player_choice":"Grow","floor":3.0,"gold_loss":0.0,"damage_taken":0.0,"cards_upgraded":["Neutralize"]},{"cards_removed":["Strike_G"],"damage_healed":0.0,"max_hp_gain":0.0,"max_hp_loss":0.0,"gold_gain":0.0,"event_name":"Golden Wing","player_choice":"Card Removal","floor":7.0,"gold_loss":0.0,"damage_taken":7.0},{"damage_healed":0.0,"max_hp_gain":0.0,"max_hp_loss":0.0,"gold_gain":0.0,"event_name":"Shining Light","player_choice":"Entered Light","floor":14.0,"gold_loss":0.0,"damage_taken":14.0,"cards_upgraded":["Flying Knee","Strike_G"]},{"damage_healed":0.0,"max_hp_gain":0.0,"max_hp_loss":0.0,"gold_gain":0.0,"event_name":"Back to Basics","player_choice":"Simplicity","floor":19.0,"gold_loss":0.0,"damage_taken":0.0,"cards_upgraded":["Strike_G","Strike_G","Defend_G","Defend_G","Defend_G","Defend_G","Defend_G"]},{"damage_healed":0.0,"max_hp_gain":0.0,"max_hp_loss":0.0,"gold_gain":0.0,"event_name":"N\u0027loth","player_choice":"Ignored","floor":20.0,"gold_loss":0.0,"damage_taken":0.0},{"damage_healed":0,"gold_gain":0,"player_choice":"Fight","damage_taken":0,"max_hp_gain":0,"max_hp_loss":0,"event_name":"MindBloom","floor":37,"gold_loss":0},{"damage_healed":0,"gold_gain":0,"player_choice":"Embrace Madness","damage_taken":9,"max_hp_gain":0,"max_hp_loss":0,"event_name":"Winding Halls","floor":38,"gold_loss":0,"cards_obtained":["Madness","Madness"]},{"damage_healed":0,"gold_gain":0,"player_choice":"Memory 1","damage_taken":0,"max_hp_gain":0,"max_hp_loss":0,"event_name":"SensoryStone","floor":39,"gold_loss":0}],"is_beta":false,"boss_relics":[{"not_picked":["Astrolabe","Fusion Hammer"],"picked":"Ectoplasm"},{"not_picked":["Calling Bell","Runic Dome"],"picked":"WristBlade"}],"items_purged_floors":[24],"is_endless":false,"potions_floor_spawned":[1,5,11,16,21,31,36,42],"killed_by":"4 Shapes","ascension_level":3}}