{"host":"fr1l74x1jw61j7hk","time":1613822372,"event":{"mods":["BaseMod","Downfall","Minty Spire (QoL Compilation)","StSLib"],"gold_per_floor":[99,99,107,382,400,418,418,153,163,163,177,6,6,16,36,132,132,132,67,84,84,98,133,159,159,185,185,202,215,215,215,215],"floor_reached":30,"language":"ZHS","playtime":2116,"items_purged":["Regret","hexamod:Defend"],"score":260,"play_id":"5753ca6b-bd41-435b-973a-8d2eb2d76822","local_time":"20210220195932","is_ascension_mode":false,"campfire_choices":[{"data":"hexamod:Float","floor":1.0,"key":"SMITH"},{"floor":10.0,"key":"REST"},{"floor":13.0,"key":"DIG"},{"floor":18.0,"key":"DIG"},{"floor":25,"key":"DIG"}],"circlet_count":0,"master_deck":["hexamod:Strike","hexamod:Strike","hexamod:Strike","hexamod:Defend","hexamod:Defend","hexamod:Sear","hexamod:Float+1","hexamod:FastForward","hexamod:RadiantFlame","hexamod:Hexaguard","hexamod:ShieldOfDarkness","hexamod:HauntingEcho","hexamod:AdvancingGuard","hexamod:RecurringNightmare","hexamod:EtherealExpedition","hexamod:FirstSeal","hexamod:RecurringNightmare","hexamod:ForkedFlame","hexamod:GhostOfSpirePresent","hexamod:ExtraCrispy+1","hexamod:FastForward","hexamod:VolcanoVisage","hexamod:ThirdSeal"],"relics":["hexamod:SpiritBrand","Mummified Hand","Membership Card","Shovel","MealTicket","Coffee Dripper","The Courier","Smiling Mask","Omamori","Pocketwatch","Ornamental Fan","downfall:RedIOU"],"acts_visited":["TheCity"],"potions_floor_usage":[23,28],"damage_taken":[{"damage":64.0,"enemies":"Gremlin Nob","floor":3.0,"turns":6.0},{"damage":2.0,"enemies":"Cultist","floor":5.0,"turns":3.0},{"damage":6.0,"enemies":"Jaw Worm","floor":6.0,"turns":4.0},{"damage":4.0,"enemies":"downfall:FleeingMerchant","floor":8.0,"turns":4.0},{"damage":0.0,"enemies":"Small Slimes","floor":9.0,"turns":4.0},{"damage":0.0,"enemies":"Red Slaver","floor":11.0,"turns":4.0},{"damage":0.0,"enemies":"downfall:FleeingMerchant","floor":12.0,"turns":4.0},{"damage":5.0,"enemies":"downfall:LooterAlt","floor":14.0,"turns":3.0},{"damage":0.0,"enemies":"2 Fungi Beasts","floor":15.0,"turns":3.0},{"damage":15.0,"enemies":"SI_SHIV_ARCHETYPE","floor":16.0,"turns":9.0},{"damage":5.0,"enemies":"downfall:FleeingMerchant","floor":19.0,"turns":4.0},{"damage":10.0,"enemies":"Spheric Guardian","floor":20.0,"turns":4.0},{"damage":5,"enemies":"Chosen","floor":22,"turns":4},{"damage":52,"enemies":"Gremlin Leader","floor":23,"turns":6},{"damage":8,"enemies":"Book of Stabbing","floor":26,"turns":6},{"damage":12,"enemies":"Shelled Parasite and Fungi","floor":28,"turns":5},{"damage":14,"enemies":"3 Cultists","floor":29,"turns":5},{"damage":11,"enemies":"Snake Plant","floor":30,"turns":1}],"seed_played":"-2952225616722612822","potions_obtained":[{"floor":3.0,"key":"Dexterity Potion"},{"floor":9.0,"key":"Regen Potion"},{"floor":14.0,"key":"hexamod:EctoCoolerPotion"},{"floor":15.0,"key":"Fire Potion"},{"floor":16.0,"key":"Fire Potion"},{"floor":20.0,"key":"SneckoOil"},{"floor":23,"key":"Fire Potion"},{"floor":28,"key":"FearPotion"},{"floor":29,"key":"DistilledChaos"}],"is_trial":false,"path_per_floor":["R","?","?","?","M","M","T","$","M","R","M","$","R","M","M","B",null,"R","$","M","?","M","E","T","R","E","?","M","M","M"],"character_chosen":"THE_SPIRIT","items_purchased":["Membership Card","hexamod:HauntingEcho","Shovel"],"campfire_rested":1,"item_purchase_floors":[8,8,12],"current_hp_per_floor":[77,77,13,13,11,5,5,1,1,24,24,24,24,19,26,26,77,77,77,74,74,69,24,24,24,23,23,18,11,0,0,0],"gold":215,"neow_bonus":"TEN_PERCENT_HP_BONUS","is_daily":false,"chose_seed":false,"campfire_upgraded":1,"win_rate":0.0,"timestamp":1613822372,"path_taken":["R","?","?","?","M","?","T","?","M","R","M","$","R","M","M","BOSS","R","$","M","?","M","E","T","R","E","?","M","M","M"],"items_purchased_type":["Relic","Card","Relic"],"build_version":"2020-12-22","purchased_purges":2,"victory":false,"max_hp_per_floor":[77,77,77,77,77,77,77,77,77,77,77,77,77,77,77,77,77,77,77,77,77,77,77,77,77,77,77,77,77,77,77,77],"card_choices":[{"not_picked":["hexamod:GhostOfSpirePast","hexamod:NightmareStrike"],"picked":"hexamod:FastForward","floor":3.0},{"not_picked":["hexamod:NightmareGuise","hexamod:RainOfEmbers"],"picked":"hexamod:RadiantFlame","floor":5.0},{"not_picked":["hexamod:AdvancingGuard","hexamod:GhostShield"],"picked":"hexamod:Hexaguard","floor":6.0},{"not_picked":["hexamod:NightmareGuise","hexamod:GhostOfSpireFuture"],"picked":"hexamod:ShieldOfDarkness","floor":8.0},{"not_picked":["hexamod:GhostShield","hexamod:NightmareGuise"],"picked":"hexamod:AdvancingGuard","floor":9.0},{"not_picked":["hexamod:Firestarter","hexamod:SpectralAdrenaline"],"picked":"hexamod:RecurringNightmare","floor":11.0},{"not_picked":["hexamod:RetreatToShadows","hexamod:BurningTouch"],"picked":"hexamod:EtherealExpedition","floor":12.0},{"not_picked":["hexamod:BacktrackSmack","hexamod:SpectersWail"],"picked":"hexamod:FirstSeal","floor":14.0},{"not_picked":["hexamod:FastForward","hexamod:TurnItUp"],"picked":"hexamod:RecurringNightmare","floor":15.0},{"not_picked":["hexamod:TurnItUp","hexamod:WildfireWeapon"],"picked":"hexamod:ForkedFlame","floor":16.0},{"not_picked":["hexamod:RetreatToShadows","hexamod:NightmareGuise"],"picked":"hexamod:GhostOfSpirePresent","floor":19.0},{"not_picked":["hexamod:Hexaguard","hexamod:DynamicBlow"],"picked":"hexamod:ExtraCrispy+1","floor":20.0},{"not_picked":["hexamod:GhostflameBarrier","hexamod:Again","hexamod:NightmareGuise+1"],"picked":"SKIP","floor":22},{"not_picked":["hexamod:GhostShield+1","hexamod:FastForward","hexamod:HeatMetal"],"picked":"SKIP","floor":23},{"not_picked":["hexamod:NightmareGuise","hexamod:PhantomCloak"],"picked":"hexamod:FastForward","floor":26},{"not_picked":["hexamod:Rewind","hexamod:GhostLash"],"picked":"hexamod:VolcanoVisage","floor":28},{"not_picked":["hexamod:BacktrackSmack","hexamod:SpectersWail"],"picked":"hexamod:ThirdSeal","floor":29}],"player_experience":474085,"relics_obtained":[{"floor":7.0,"key":"Mummified Hand"},{"floor":13.0,"key":"MealTicket"},{"floor":18.0,"key":"The Courier"},{"floor":23,"key":"Smiling Mask"},{"floor":24,"key":"Omamori"},{"floor":25,"key":"Pocketwatch"},{"floor":26,"key":"Ornamental Fan"}],"event_choices":[{"cards_removed":["hexamod:Strike"],"damage_healed":0.0,"max_hp_gain":0.0,"max_hp_loss":0.0,"gold_gain":0.0,"event_name":"The Cleric","player_choice":"Card Removal","floor":2.0,"gold_loss":0.0,"damage_taken":0.0},{"cards_removed":["hexamod:Defend"],"damage_healed":0.0,"max_hp_gain":0.0,"max_hp_loss":0.0,"gold_gain":0.0,"event_name":"The Cleric","player_choice":"Card Removal","floor":3.0,"gold_loss":50.0,"damage_taken":0.0}],"is_beta":false,"boss_relics":[{"not_picked":["Runic Pyramid","Velvet Choker"],"picked":"Coffee Dripper"}],"items_purged_floors":[8,19],"is_endless":false,"potions_floor_spawned":[3,9,14,15,16,20,23,28,29],"killed_by":"Snake Plant","ascension_level":0}}