{"host":"zksvs3x2ysy9npnz","time":1613859019,"event":{"mods":["Aspiration","BaseMod","Beaked The Cultist","BetterRewards","Clockwork Mod","Colored Map","Conspire","Downfall","Halation","Highlight Path","Hubris","Infinite Spire","Jedi Mod","Magitek Elite","Minty Spire (QoL Compilation)","Permanent Neow","Quick Restart","Relic Stats","Shop Mod","StSLib","The Runesmith","The Witch"],"gold_per_floor":[110,185,19,19,35,35,55,55,82,100,131,131,161,131,131,231,231,244,1,11,23,40,40,60,60,84,84,109,109,209,227,227,331,331,343,343,363,363,378,378,389,389,413,413,430,430,69,94,94,94],"floor_reached":51,"language":"FRA","playtime":9774,"items_purged":["champ:Strike","Injury","champ:Strike","champ:Strike"],"score":782,"play_id":"1b2b4e2f-627e-4f2c-9358-9e1b3e4fecb7","local_time":"20210220231019","is_ascension_mode":true,"campfire_choices":[{"data":"champ:Backstep","floor":6,"key":"SMITH"},{"data":"champ:EndlessRage","floor":8,"key":"SMITH"},{"floor":12,"key":"REST"},{"data":"champ:Backstep","floor":15,"key":"SMITH"},{"data":"champ:UltimateStance","floor":23,"key":"SMITH"},{"data":"champ:ShieldWall","floor":25,"key":"SMITH"},{"data":"champ:EnGarde","floor":27,"key":"SMITH"},{"data":"champ:RageSigil","floor":32,"key":"SMITH"},{"data":"champ:HoldFirm","floor":40,"key":"SMITH"},{"data":"champ:DefensiveShout","floor":42,"key":"SMITH"},{"data":"champ:BerserkersShout","floor":44,"key":"SMITH"},{"data":"Deep Breath","floor":49,"key":"SMITH"}],"circlet_count":0,"master_deck":["champ:Strike","champ:Defend","champ:Defend","champ:Defend+1","champ:Defend","champ:Execute+1","champ:Taunt+1","champ:EndlessRage+1","Flash of Steel","champ:Backstep+1","champ:GutPunch+1","champ:DefensiveShout+1","champ:Duel+1","champ:Backstep+1","champ:UltimateStance+1","champ:BerserkersShout+1","champ:CrownThrow+1","champ:EnGarde+1","champ:ShieldWall+1","champ:RageSigil+1","champ:TripleStrike+1","champ:HoldFirm+1","champ:Backstep+1","champ:EnGarde+1","infinitespire:Gouge+1","Deep Breath+1","champ:GutPunch+1"],"relics":["champ:ChampionCrown","Molten Egg 2","infinitespire:Satchel","Happy Flower","Ancient Tea Set","hubris:Backtick","beaked:MendingPlumage","jedi:crownofsimplicity","aspiration:HiddenCompartment","Lantern","aspiration:MobileForge","hubris:Towel","hubris:Icosahedron","Omamori","War Paint","Nunchaku","hubris:Zylophone"],"acts_visited":["Exordium","TheCity","TheBeyond"],"potions_floor_usage":[13,13,16,28,28,50,50],"damage_taken":[{"damage":15,"enemies":"Jaw Worm","floor":1,"turns":6},{"damage":12,"enemies":"2 Louse","floor":5,"turns":3},{"damage":14,"enemies":"Small Slimes","floor":7,"turns":5},{"damage":18,"enemies":"3 Louse","floor":10,"turns":5},{"damage":54,"enemies":"Lagavulin","floor":11,"turns":6},{"damage":38,"enemies":"3 Sentries","floor":13,"turns":8},{"damage":67,"enemies":"Hexaghost","floor":16,"turns":8},{"damage":21,"enemies":"Chosen","floor":18,"turns":6},{"damage":34,"enemies":"3 Byrds","floor":20,"turns":5},{"damage":30,"enemies":"Shelled Parasite and Fungi","floor":21,"turns":4},{"damage":35,"enemies":"Sentry and Sphere","floor":22,"turns":4},{"damage":35,"enemies":"Snake Plant","floor":24,"turns":4},{"damage":93,"enemies":"Gremlin Leader","floor":28,"turns":10},{"damage":49,"enemies":"3 Cultists","floor":31,"turns":6},{"damage":70,"enemies":"conspire:MysteriousRune","floor":33,"turns":7},{"damage":20,"enemies":"Orb Walker","floor":35,"turns":2},{"damage":25,"enemies":"3 Darklings","floor":37,"turns":6},{"damage":45,"enemies":"Spire Growth","floor":39,"turns":4},{"damage":20,"enemies":"Writhing Mass","floor":41,"turns":3},{"damage":42,"enemies":"4 Shapes","floor":45,"turns":6},{"damage":0,"enemies":"Nemesis","floor":48,"turns":1},{"damage":109,"enemies":"Time Eater","floor":50,"turns":8}],"seed_played":"-3512307176937768691","potions_obtained":[{"floor":1,"key":"Regen Potion"},{"floor":5,"key":"sneckomod:MuddlingPotion"},{"floor":7,"key":"LiquidMemories"},{"floor":14,"key":"GamblersBrew"},{"floor":14,"key":"DistilledChaos"},{"floor":16,"key":"FairyPotion"},{"floor":18,"key":"infinitespire:BlackPotion"},{"floor":28,"key":"Energy Potion"},{"floor":31,"key":"FearPotion"},{"floor":48,"key":"PowerPotion"}],"is_trial":false,"path_per_floor":["M","?","$","?","M","R","M","R","T","M","E","R","E","?","R","B",null,"M","$","M","M","M","R","M","R","T","R","E","?","?","M","R","B",null,"M","?","M","?","M","R","M","R","T","R","M","AVR","$","E","R","B",null],"character_chosen":"THE_CHAMP","items_purchased":["Flash of Steel","jedi:crownofsimplicity","Deep Breath","Nunchaku"],"campfire_rested":1,"item_purchase_floors":[3,19,47,47],"current_hp_per_floor":[80,69,69,69,67,67,63,63,63,55,36,63,70,70,70,48,90,90,90,90,90,90,90,90,90,90,90,90,90,90,90,90,89,90,90,90,90,90,84,84,90,90,90,90,83,83,83,89,89,90],"gold":94,"neow_bonus":"UPGRADE_CARD","is_daily":false,"chose_seed":false,"campfire_upgraded":11,"win_rate":0.0,"timestamp":1613859019,"path_taken":["M","?","$","?","M","R","?","R","T","M","E","R","E","?","R","BOSS","M","$","?","M","M","R","M","R","T","R","E","?","?","?","R","BOSS","M","?","M","?","M","R","M","R","T","R","M","AVR","?","E","R","BOSS"],"items_purchased_type":["Card","Relic","Card","Relic"],"build_version":"2020-12-22","purchased_purges":4,"victory":true,"max_hp_per_floor":[90,90,90,90,90,90,90,90,90,90,90,90,90,90,90,90,90,90,90,90,90,90,90,90,90,90,90,90,90,90,90,90,90,90,90,90,90,90,90,90,90,90,90,90,90,90,90,90,90,90],"relic_stats":{"Nunchaku":[2],"Happy Flower":[30],"counters":[22,117],"War Paint":["champ:Defend","champ:Taunt"],"obtain_stats":[{"Lantern":28,"Happy Flower":11,"champ:ChampionCrown":0,"Omamori":43,"jedi:crownofsimplicity":19,"hubris:Towel":36,"War Paint":46,"Ancient Tea Set":13,"aspiration:HiddenCompartment":26,"hubris:Zylophone":48,"Nunchaku":47,"hubris:Backtick":17,"hubris:Icosahedron":38,"aspiration:MobileForge":34,"infinitespire:Satchel":9,"Molten Egg 2":4,"beaked:MendingPlumage":17},{"Lantern":13,"Happy Flower":5,"champ:ChampionCrown":0,"Omamori":19,"jedi:crownofsimplicity":8,"hubris:Towel":16,"War Paint":20,"Ancient Tea Set":6,"aspiration:HiddenCompartment":12,"hubris:Zylophone":21,"Nunchaku":20,"hubris:Backtick":7,"hubris:Icosahedron":17,"aspiration:MobileForge":15,"infinitespire:Satchel":3,"Molten Egg 2":1,"beaked:MendingPlumage":7},{"Lantern":74,"Happy Flower":25,"champ:ChampionCrown":0,"Omamori":102,"jedi:crownofsimplicity":47,"hubris:Towel":89,"War Paint":108,"Ancient Tea Set":33,"aspiration:HiddenCompartment":64,"hubris:Zylophone":109,"Nunchaku":108,"hubris:Backtick":41,"hubris:Icosahedron":95,"aspiration:MobileForge":87,"infinitespire:Satchel":14,"Molten Egg 2":6,"beaked:MendingPlumage":41}]},"card_choices":[{"not_picked":["champ:ShieldSigil","champ:FocusedDefense"],"picked":"champ:EndlessRage","floor":1},{"not_picked":["champ:FaceSlap+1","champ:HeartStrike+1"],"picked":"champ:Backstep","floor":5},{"not_picked":["champ:BerserkersShout","champ:RecklessLeap+1"],"picked":"champ:GutPunch+1","floor":7},{"not_picked":["champ:BringItOn","champ:CalledShot"],"picked":"champ:DefensiveShout","floor":10},{"not_picked":["champ:ShieldWall","champ:EnragedBash+1"],"picked":"champ:Duel+1","floor":11},{"not_picked":["champ:FancyFootwork","champ:DeathBlow+1"],"picked":"champ:Backstep","floor":13},{"not_picked":["champ:HeavySlash+1","champ:MurderStrike+1"],"picked":"champ:UltimateStance","floor":16},{"not_picked":["champ:Shatter+1","champ:FlashCut+1"],"picked":"champ:BerserkersShout","floor":18},{"not_picked":["champ:DefensiveShout","champ:PreciseThrust+1"],"picked":"champ:CrownThrow+1","floor":20},{"not_picked":["champ:FlashCut+1","champ:PreciseThrust+1"],"picked":"champ:EnGarde","floor":21},{"not_picked":["champ:EnGarde","champ:FlashCut+1","champ:DefensiveStyle+1"],"picked":"SKIP","floor":22},{"not_picked":["champ:Backstep","champ:FanOfKnives+1"],"picked":"champ:ShieldWall","floor":24},{"not_picked":["champ:PerfectedStrike+1","champ:EndlessRage"],"picked":"champ:RageSigil","floor":28},{"not_picked":["champ:Haymaker+1","champ:SwordSigil"],"picked":"champ:TripleStrike+1","floor":31},{"not_picked":["champ:IgnorePain","champ:EnchantShield"],"picked":"champ:HoldFirm","floor":33},{"not_picked":["champ:TornadoPunch+1","champ:ShieldSigil+1","champ:SwordSigil+1"],"picked":"SKIP","floor":35},{"not_picked":["champ:Lariat","champ:Endure+1"],"picked":"champ:Backstep+1","floor":37},{"not_picked":["champ:DefensiveStyle+1","champ:BringItOn+1","champ:PerfectedStrike+1"],"picked":"SKIP","floor":39},{"not_picked":["champ:Backstep","champ:FlashCut+1"],"picked":"champ:EnGarde+1","floor":41},{"not_picked":["champ:BladeFlurry+1","champ:GladiatorStyle+1","champ:GutPunch+1"],"picked":"SKIP","floor":45},{"not_picked":["champ:ShieldThrow+1","champ:CrownThrow+1"],"picked":"champ:GutPunch+1","floor":48}],"player_experience":1909317,"relics_obtained":[{"floor":9,"key":"infinitespire:Satchel"},{"floor":11,"key":"Happy Flower"},{"floor":13,"key":"Ancient Tea Set"},{"floor":26,"key":"aspiration:HiddenCompartment"},{"floor":28,"key":"Lantern"},{"floor":43,"key":"Omamori"},{"floor":48,"key":"hubris:Zylophone"}],"event_choices":[{"damage_healed":0,"gold_gain":75,"player_choice":"Gather Gold","damage_taken":11,"max_hp_gain":0,"max_hp_loss":0,"event_name":"World of Goop","floor":2,"gold_loss":0},{"damage_healed":0,"gold_gain":0,"player_choice":"Bought 2 Potions","damage_taken":0,"max_hp_gain":0,"max_hp_loss":0,"event_name":"The Woman in Blue","floor":14,"gold_loss":0},{"damage_healed":0,"gold_gain":0,"player_choice":"Leave","damage_taken":0,"max_hp_gain":0,"max_hp_loss":0,"event_name":"conspire:Investor","floor":29,"gold_loss":0},{"damage_healed":0,"gold_gain":100,"player_choice":"Pray","damage_taken":0,"max_hp_gain":0,"max_hp_loss":0,"event_name":"Golden Shrine","floor":30,"gold_loss":0}],"is_beta":false,"boss_relics":[{"not_picked":["beaked:MawFillet","infinitespire:Cupcake"],"picked":"hubris:Backtick"},{"not_picked":["bronze:MakeshiftBattery","Runic Pyramid"],"picked":"aspiration:MobileForge"}],"items_purged_floors":[3,19,46,47],"is_endless":false,"potions_floor_spawned":[1,5,7,16,18,28,31,35,41,45,48],"ascension_level":3}}