{"host":"6xsbn6ynqlzwllfm","time":1613825380,"event":{"mods":["2.2 Compatiblity","BaseMod","Bestiary","Colored Map","Colored Powertips","Curses Come First","Downfall","Highlight Path","Keyboard Shortcuts","Minty Spire (QoL Compilation)","Quick Restart","Relic Stats","Slay the Relics Exporter","StSLib","SuperFastMode"],"gold_per_floor":[99,117,134,234,234,234,234,267,267,267,417,417,417,417,436,536,536,536,549,541,2,36,21,21,54,75,108,8,8,23,61,83,83,83,83],"floor_reached":33,"language":"ENG","playtime":1757,"items_purged":["downfall:Malfunctioning"],"score":346,"play_id":"2b506e76-b7f4-4828-9045-9ae1a818b1b0","local_time":"20210220074940","is_ascension_mode":true,"campfire_choices":[{"data":"hexamod:Float","floor":1,"key":"SMITH"},{"data":"hexamod:Sear","floor":6,"key":"SMITH"},{"data":"hexamod:BacktrackSmack","floor":10,"key":"SMITH"},{"data":"hexamod:ShieldOfDarkness","floor":13,"key":"SMITH"},{"floor":18,"key":"RECALL"},{"data":"hexamod:TimeWarp","floor":28,"key":"SMITH"}],"circlet_count":0,"master_deck":["hexamod:Strike+1","hexamod:Strike+1","hexamod:Strike+1","hexamod:Strike+1","hexamod:Defend+1","hexamod:Defend+1","hexamod:Defend+1","hexamod:Defend+1","hexamod:Sear+1","hexamod:Float+1","hexamod:ShieldOfDarkness+1","downfall:Icky","hexamod:Hexaguard+1","hexamod:SixthSeal","hexamod:RecurringNightmare+1","hexamod:SecondSeal","hexamod:FourthSeal","hexamod:ThirdSeal","hexamod:TimeWarp+1","hexamod:FastForward+1","hexamod:AdvancingGuard","hexamod:HauntingEcho+1","hexamod:CatchUp+1","hexamod:RadiantFlame+1","hexamod:Firestarter+1","hexamod:UnlimitedPower","hexamod:GhostflameInferno+1","hexamod:FastForward+1"],"relics":["hexamod:SpiritBrand","Bottled Flame","Blood Vial","Letter Opener","Meat on the Bone","bronze:MakeshiftBattery","Gambling Chip","Sling","hexamod:TheBrokenSeal","Happy Flower","Bronze Scales","Red Mask","downfall:HeartBlessingRed","Mummified Hand"],"acts_visited":["Exordium","TheCity"],"potions_floor_usage":[16,23,23,31,31,32],"damage_taken":[{"damage":1,"enemies":"Jaw Worm","floor":2,"turns":4},{"damage":0,"enemies":"2 Louse","floor":3,"turns":2},{"damage":13,"enemies":"3 Sentries","floor":8,"turns":8},{"damage":0,"enemies":"Small Slimes","floor":15,"turns":3},{"damage":36,"enemies":"WA_ARCHETYPE_RETAIN","floor":16,"turns":7},{"damage":8,"enemies":"Shell Parasite","floor":19,"turns":9},{"damage":0,"enemies":"downfall:FleeingMerchant","floor":21,"turns":4},{"damage":19,"enemies":"3 Byrds","floor":22,"turns":8},{"damage":0,"enemies":"downfall:FleeingMerchant","floor":23,"turns":4},{"damage":23,"enemies":"Book of Stabbing","floor":25,"turns":6},{"damage":0,"enemies":"Snake Plant","floor":26,"turns":4},{"damage":7,"enemies":"Masked Bandits","floor":27,"turns":5},{"damage":0,"enemies":"3 Cultists","floor":30,"turns":4},{"damage":0,"enemies":"Gremlin Leader","floor":31,"turns":6},{"damage":0,"enemies":"Shelled Parasite and Fungi","floor":32,"turns":3},{"damage":79,"enemies":"SI_MIRROR_ARCHETYPE","floor":33,"turns":12}],"seed_played":"3632182892583109062","potions_obtained":[{"floor":2,"key":"ColorlessPotion"},{"floor":8,"key":"Explosive Potion"},{"floor":15,"key":"EssenceOfSteel"},{"floor":21,"key":"champ:CounterPotion"},{"floor":21,"key":"SteroidPotion"},{"floor":23,"key":"Fire Potion"},{"floor":25,"key":"Strength Potion"},{"floor":26,"key":"Fire Potion"},{"floor":27,"key":"PowerPotion"},{"floor":31,"key":"LiquidBronze"},{"floor":32,"key":"Fruit Juice"},{"floor":32,"key":"champ:CounterPotion"}],"is_trial":false,"path_per_floor":["R","M","M","?","?","R","T","E","?","R","?","T","R","?","M","B",null,"R","M","?","$","M","$","T","E","M","?","R","?","M","E","M","B"],"character_chosen":"THE_SPIRIT","items_purchased":["hexamod:FastForward","Gambling Chip","Sling"],"campfire_rested":0,"item_purchase_floors":[21,21,21],"current_hp_per_floor":[77,76,76,76,76,76,76,63,63,63,63,63,63,56,58,36,77,77,69,62,64,87,87,87,64,66,61,61,61,63,65,72,0,0,0],"gold":83,"neow_bonus":"TEN_PERCENT_HP_BONUS","is_daily":false,"chose_seed":false,"campfire_upgraded":5,"win_rate":0.0,"timestamp":1613825380,"path_taken":["R","M","M","?","?","R","T","E","?","R","?","?","R","?","M","BOSS","R","M","?","$","M","$","T","E","M","?","R","?","?","E","M","BOSS"],"items_purchased_type":["Card","Relic","Relic"],"build_version":"2020-12-22","purchased_purges":1,"victory":false,"max_hp_per_floor":[77,77,77,77,77,77,77,77,77,77,77,77,77,77,77,77,77,77,77,77,77,87,87,87,87,87,87,87,87,87,87,92,92,92,92],"relic_stats":{"Blood Vial":20,"Happy Flower":[13],"counters":[16,89],"Mummified Hand":[16],"Gambling Chip":[21],"Bronze Scales":[85],"Letter Opener":[111],"obtain_stats":[{"Happy Flower":24,"downfall:HeartBlessingRed":28,"hexamod:TheBrokenSeal":22,"Letter Opener":12,"Sling":21,"Blood Vial":8,"Bottled Flame":7,"downfall:BrokenWingStatue":9,"Mummified Hand":31,"Gambling Chip":21,"Bronze Scales":25,"Red Mask":27,"hexamod:SpiritBrand":0,"bronze:MakeshiftBattery":17,"Meat on the Bone":14},{"Happy Flower":9,"downfall:HeartBlessingRed":12,"hexamod:TheBrokenSeal":8,"Letter Opener":3,"Sling":7,"Blood Vial":3,"Bottled Flame":2,"downfall:BrokenWingStatue":3,"Mummified Hand":14,"Gambling Chip":7,"Bronze Scales":10,"Red Mask":12,"hexamod:SpiritBrand":0,"bronze:MakeshiftBattery":5,"Meat on the Bone":3},{"Happy Flower":49,"downfall:HeartBlessingRed":64,"hexamod:TheBrokenSeal":44,"Letter Opener":14,"Sling":37,"Blood Vial":14,"Bottled Flame":6,"downfall:BrokenWingStatue":14,"Mummified Hand":74,"Gambling Chip":37,"Bronze Scales":55,"Red Mask":64,"hexamod:SpiritBrand":0,"bronze:MakeshiftBattery":24,"Meat on the Bone":14}],"Meat on the Bone":12},"card_choices":[{"not_picked":["hexamod:GhostLash","hexamod:SoulSteal"],"picked":"hexamod:BacktrackSmack","floor":2},{"not_picked":["hexamod:ChargedBarrage","hexamod:BurningTouch"],"picked":"hexamod:ShieldOfDarkness","floor":3},{"not_picked":["hexamod:Firestarter","hexamod:ThermalTransfer"],"picked":"hexamod:FifthSeal","floor":8},{"not_picked":["hexamod:SecondSeal","hexamod:FirstSeal"],"picked":"hexamod:SixthSeal","floor":15},{"not_picked":["hexamod:GhostLash","hexamod:NightmareStrike"],"picked":"hexamod:Hexaguard","floor":15},{"not_picked":["hexamod:ThirdSeal","hexamod:SixthSeal"],"picked":"hexamod:FourthSeal","floor":16},{"not_picked":["hexamod:ParanormalForm","hexamod:VolcanoVisage"],"picked":"hexamod:SixthSeal","floor":16},{"not_picked":["hexamod:SixthSeal","hexamod:FourthSeal"],"picked":"hexamod:SecondSeal","floor":19},{"not_picked":["hexamod:HeatCrush","hexamod:Firestarter"],"picked":"hexamod:RecurringNightmare+1","floor":19},{"not_picked":["hexamod:FirstSeal","hexamod:SecondSeal"],"picked":"hexamod:ThirdSeal","floor":21},{"not_picked":["hexamod:SpectersWail","hexamod:SuperheatedStrike"],"picked":"hexamod:TimeWarp","floor":21},{"not_picked":["hexamod:GhostLash+1","hexamod:SpectersWail","hexamod:SwordOfDarkness"],"picked":"SKIP","floor":21},{"not_picked":["hexamod:SoulSteal","hexamod:NightmareGuise"],"picked":"hexamod:AdvancingGuard","floor":22},{"not_picked":["hexamod:Firestarter+1","hexamod:ThermalTransfer+1","hexamod:CatchUp"],"picked":"SKIP","floor":22},{"not_picked":["hexamod:HeatMetal","hexamod:InspiringFlames"],"picked":"hexamod:HauntingEcho","floor":23},{"not_picked":["hexamod:RecurringNightmare","hexamod:FastForward"],"picked":"hexamod:CatchUp+1","floor":23},{"not_picked":["hexamod:NightmareGuise","hexamod:NightmareStrike","hexamod:SpectersWail"],"picked":"SKIP","floor":25},{"not_picked":["hexamod:HeatMetal","hexamod:FifthSeal","hexamod:Hexaguard"],"picked":"SKIP","floor":25},{"not_picked":["hexamod:SpectersWail","hexamod:PhantomFireball"],"picked":"hexamod:RadiantFlame","floor":26},{"not_picked":["hexamod:SwordOfDarkness","hexamod:BurningTouch","hexamod:GhostShield+1"],"picked":"SKIP","floor":26},{"not_picked":["hexamod:NightmareGuise","hexamod:BacktrackSmack"],"picked":"hexamod:Firestarter+1","floor":27},{"not_picked":["hexamod:ShieldOfDarkness","hexamod:NightmareGuise"],"picked":"hexamod:GhostflameInferno","floor":30},{"not_picked":["hexamod:SecondSeal","hexamod:SearingWound","hexamod:PhantomFireball+1"],"picked":"SKIP","floor":31},{"not_picked":["hexamod:NightmareGuise","hexamod:ThermalTransfer","hexamod:FourthSeal"],"picked":"SKIP","floor":31},{"not_picked":["hexamod:SpectersWail","hexamod:ThirdSeal"],"picked":"hexamod:FastForward+1","floor":32}],"player_experience":1814024,"relics_obtained":[{"floor":7,"key":"Bottled Flame"},{"floor":8,"key":"Blood Vial"},{"floor":12,"key":"Letter Opener"},{"floor":24,"key":"Happy Flower"},{"floor":25,"key":"Bronze Scales"},{"floor":27,"key":"Red Mask"},{"floor":31,"key":"Mummified Hand"}],"event_choices":[{"damage_healed":0,"gold_gain":0,"player_choice":"Success","damage_taken":7,"relics_obtained":["Meat on the Bone"],"max_hp_gain":0,"max_hp_loss":0,"event_name":"Scrap Ooze","floor":14,"gold_loss":0},{"damage_healed":0,"gold_gain":0,"player_choice":"Fought Bandits","damage_taken":0,"max_hp_gain":0,"max_hp_loss":0,"event_name":"Masked Bandits","floor":27,"gold_loss":0},{"damage_healed":0,"gold_gain":0,"player_choice":"Read","damage_taken":0,"max_hp_gain":0,"max_hp_loss":0,"event_name":"The Library","floor":29,"gold_loss":0,"cards_obtained":["hexamod:UnlimitedPower"]}],"is_beta":false,"boss_relics":[{"not_picked":["Tiny House","SacredBark"],"picked":"bronze:MakeshiftBattery"}],"items_purged_floors":[21],"is_endless":false,"potions_floor_spawned":[2,8,15,22,25,32],"killed_by":"SI_MIRROR_ARCHETYPE","ascension_level":1}}