{"host":"5sw3zovcv0q4yiho","time":1613846099,"event":{"mods":["BaseMod","Minty Spire (QoL Compilation)","Replay The Spire","StSLib"],"gold_per_floor":[109,119,138,155,171,171,205,205,230,258,278,112,36,48,48,153,153,168,182,3,15,25,25,124,124,176,189,206,240,258,289,289,289,289],"floor_reached":33,"language":"ENG","playtime":5415,"items_purged":["Strike_R","Strike_R"],"score":303,"play_id":"6d7454e5-ee0e-4967-8a8b-594305e87c59","local_time":"20210220123459","is_ascension_mode":false,"campfire_choices":[{"data":"Shrug It Off","floor":6,"key":"SMITH"},{"data":"Infernal Blade","floor":8,"key":"SMITH"},{"data":"Armaments","floor":15,"key":"SMITH"},{"floor":23,"key":"RECALL"},{"data":"Bloodletting","floor":25,"key":"SMITH"},{"data":"Whirlwind","floor":32,"key":"SMITH"}],"circlet_count":0,"master_deck":["Strike_R","Strike_R","Strike_R","Defend_R","Defend_R","Defend_R","Defend_R","Bash","Replay:Many Hands","Shrug It Off+1","Flex","Rampage","Headbutt","Infernal Blade+1","Pot Of Greed","Pot Of Greed","Pommel Strike","Spot Weakness","Inflame","Armaments+1","Berserk","Thunderclap","Bloodletting+1","Rage+1","Pot Of Greed","Seeing Red","Shrug It Off","Entrench","Whirlwind+1"],"relics":["Burning Blood","Centennial Puzzle","Grinning Jar","Ancient Tea Set","Strawberry","Coffee Dripper","Mirror","Onion Ring"],"acts_visited":["Exordium","TheCity"],"potions_floor_usage":[7,10,11,12,21,29,30,31,33],"damage_taken":[{"damage":12,"enemies":"Jaw Worm","floor":1,"turns":5},{"damage":0,"enemies":"Cultist","floor":2,"turns":4},{"damage":7,"enemies":"Small Slimes","floor":3,"turns":4},{"damage":9,"enemies":"Looter","floor":4,"turns":4},{"damage":1,"enemies":"3 Louse","floor":5,"turns":5},{"damage":10,"enemies":"Replay:BlueRogue","floor":7,"turns":5},{"damage":27,"enemies":"Gremlin Nob","floor":10,"turns":4},{"damage":6,"enemies":"Lots of Slimes","floor":11,"turns":5},{"damage":10,"enemies":"Looter","floor":14,"turns":2},{"damage":31,"enemies":"Slime Boss","floor":16,"turns":9},{"damage":5,"enemies":"Chosen","floor":18,"turns":3},{"damage":1,"enemies":"2 Thieves","floor":19,"turns":3},{"damage":34,"enemies":"Snecko","floor":21,"turns":6},{"damage":11,"enemies":"Snake Plant","floor":22,"turns":2},{"damage":12,"enemies":"Shelled Parasite and Fungi","floor":27,"turns":5},{"damage":1,"enemies":"3 Cultists","floor":28,"turns":4},{"damage":21,"enemies":"Replay:Snechameleon","floor":29,"turns":7},{"damage":19,"enemies":"Chosen and Byrds","floor":30,"turns":8},{"damage":12,"enemies":"Slavers","floor":31,"turns":7},{"damage":19,"enemies":"Pondfish","floor":33,"turns":6}],"seed_played":"-1112378904987464801","potions_obtained":[{"floor":4,"key":"SkillPotion"},{"floor":5,"key":"Reflective Coating"},{"floor":7,"key":"SpeedPotion"},{"floor":16,"key":"FearPotion"},{"floor":21,"key":"SneckoOil"},{"floor":22,"key":"ElixirPotion"},{"floor":30,"key":"DistilledChaos"},{"floor":31,"key":"LiquidBronze"}],"is_trial":false,"path_per_floor":["M","M","M","M","M","R","E","R","T","E","M","$","?","M","R","B",null,"M","M","$","M","M","R","?","R","T","M","M","E","M","E","R","B"],"character_chosen":"IRONCLAD","items_purchased":["Inflame","BloodPotion","Bloodletting"],"campfire_rested":0,"item_purchase_floors":[12,12,20],"current_hp_per_floor":[74,80,79,76,80,80,76,76,76,55,55,71,78,74,74,49,87,87,87,87,59,54,54,54,54,54,48,53,38,25,19,19,0,0],"gold":289,"neow_bonus":"ONE_RANDOM_RARE_CARD","is_daily":false,"chose_seed":false,"campfire_upgraded":5,"win_rate":0.0,"timestamp":1613846099,"path_taken":["M","M","M","M","M","R","E","R","T","E","M","$","?","M","R","BOSS","M","M","$","?","M","R","?","R","T","M","M","E","M","E","R","BOSS"],"items_purchased_type":["Card","Potion","Card"],"build_version":"2020-12-22","purchased_purges":2,"victory":false,"max_hp_per_floor":[80,80,80,80,80,80,80,80,80,80,80,80,87,87,87,87,87,87,87,87,87,87,87,87,87,87,87,87,87,87,87,87,87,87],"card_choices":[{"not_picked":["Havoc","True Grit"],"picked":"Shrug It Off","floor":1},{"not_picked":["Shrug It Off","Heavy Blade"],"picked":"Flex","floor":2},{"not_picked":["Massacre","Run Through"],"picked":"Rampage","floor":3},{"not_picked":["Sentinel","ReplayTheSpireMod:Strike From Hell","Body Slam"],"picked":"SKIP","floor":4},{"not_picked":["Heavy Blade","ReplayTheSpireMod:Strike From Hell"],"picked":"Headbutt","floor":5},{"not_picked":["Life Link","ReplayTheSpireMod:Strike From Hell"],"picked":"Infernal Blade","floor":7},{"not_picked":["Blood for Blood","Cleave"],"picked":"Pommel Strike","floor":10},{"not_picked":["Double Tap","ReplayTheSpireMod:Strike From Hell"],"picked":"Spot Weakness","floor":11},{"not_picked":["Combust","Rage"],"picked":"Armaments","floor":14},{"not_picked":["Hemogenesis","Feed"],"picked":"Berserk","floor":16},{"not_picked":["Pommel Strike","Hemokinesis+1","Searing Blow"],"picked":"SKIP","floor":18},{"not_picked":["Flame Barrier","Replay:Undeath\u0027s Touch"],"picked":"Thunderclap","floor":19},{"not_picked":["Thunderclap","Flame Barrier","Run Through"],"picked":"SKIP","floor":21},{"not_picked":["ReplayTheSpireMod:Muscle Training","Cleave"],"picked":"Rage+1","floor":22},{"not_picked":["Defy Death","Combust"],"picked":"Seeing Red","floor":27},{"not_picked":["Fire Breathing","Twin Strike+1"],"picked":"Shrug It Off","floor":28},{"not_picked":["True Grit","Feel No Pain"],"picked":"Entrench","floor":29},{"not_picked":["Heavy Blade","Burning Pact"],"picked":"Whirlwind","floor":30},{"not_picked":["Thunderclap","Headbutt","Life Link"],"picked":"SKIP","floor":31}],"player_experience":271829,"relics_obtained":[{"floor":7,"key":"Centennial Puzzle"},{"floor":9,"key":"Grinning Jar"},{"floor":10,"key":"Ancient Tea Set"},{"floor":29,"key":"Mirror"},{"floor":31,"key":"Onion Ring"}],"event_choices":[{"damage_healed":0,"gold_gain":0,"player_choice":"Paid Gold","damage_taken":0,"relics_obtained":["Strawberry"],"max_hp_gain":0,"max_hp_loss":0,"event_name":"WeMeetAgain","floor":13,"gold_loss":76},{"damage_healed":0,"gold_gain":99,"player_choice":"Stole From Cult","damage_taken":0,"max_hp_gain":0,"max_hp_loss":0,"event_name":"Nest","floor":24,"gold_loss":0}],"is_beta":false,"boss_relics":[{"not_picked":["Electric Blood","Abe\u0027s Treasure"],"picked":"Coffee Dripper"}],"items_purged_floors":[12,20],"is_endless":false,"potions_floor_spawned":[4,5,7,16,21,22,30,31],"killed_by":"Pondfish","ascension_level":0}}