{"host":"nia1zwr35jsu5y7h","time":1613822574,"event":{"mods":["2.2 Compatiblity","Abigail Mod","Bard","BaseMod","Colored Map","Conspire","Downfall","Friendly Minions","Hermit","Highlight Path","Hubris","Infinite Spire","Kiyohime????","Koishi","Marisa????????","Minty Spire (QoL Compilation)","Quick Restart","Replay The Spire","Shade Mod","Shop Mod","StSLib","The Animator","The Construct","The Cursed","The Disciple","The Mystic","The Necromancer","The Servant 0.9.4"],"gold_per_floor":[110,110,110,110,49,78,78,112,112,53,85,99,131,151,151,226,226,226,226],"floor_reached":18,"language":"ENG","playtime":697,"items_purged":[],"score":472,"play_id":"32415d9e-97e6-4a37-a897-1fda61924261","local_time":"20210220040254","is_ascension_mode":true,"campfire_choices":[{"data":"Moondial","floor":15,"key":"SMITH"}],"circlet_count":0,"master_deck":["AscendersBane","Strike_S","Strike_S","Defend_S","Defend_S","Defend_S","Defend_S","KidneyShot","Exchange","DancingSilver","ReturningBlade+1","BestPractice","BestPractice","Looming Evil","TimeTheft","Hightail+1","ReturningBlade","Potential","SilverMatrix","DualDimension","Moondial+1","MurderousAura"],"relics":["Uniform","NeowsBlessing","hubris:Towel","Mummified Hand","infinitespire:Beetle Shell","ReplayTheSpireMod:Ring of Addiction","Ring of Hypnosis","Chameleon Ring","Toy Ornithopter","Juzu Bracelet","Shuriken","Replay:PocketPolymizer","Orichalcum","hubris:VirtuousBlindfold"],"acts_visited":["Exordium","TheCity"],"potions_floor_usage":[12,13,13],"damage_taken":[{"damage":0,"enemies":"Jaw Worm","floor":1,"turns":1},{"damage":0,"enemies":"3 Sentries","floor":6,"turns":2},{"damage":0,"enemies":"Lagavulin","floor":8,"turns":1},{"damage":21,"enemies":"3 Sentries","floor":11,"turns":7},{"damage":0,"enemies":"Small Slimes","floor":12,"turns":4},{"damage":5,"enemies":"Gremlin Nob","floor":13,"turns":3},{"damage":6,"enemies":"2 Louse","floor":14,"turns":2},{"damage":12,"enemies":"The Guardian","floor":16,"turns":14},{"damage":23,"enemies":"conspire:FuzzyDice","floor":18,"turns":3}],"seed_played":"-6316886226566781810","potions_obtained":[{"floor":1,"key":"FearPotion"},{"floor":7,"key":"Fire Potion"},{"floor":12,"key":"champ:CounterPotion"},{"floor":13,"key":"Milkshake"},{"floor":14,"key":"SteroidPotion"}],"is_trial":false,"path_per_floor":["M","?","?","?","$","E","?","E","T","$","E","M","E","M","R","B",null,"M"],"character_chosen":"THE_SERVANT","items_purchased":["BestPractice","Hightail+1"],"campfire_rested":0,"item_purchase_floors":[5,10],"current_hp_per_floor":[54,54,54,54,54,54,54,54,54,54,33,38,43,37,37,25,48,25,25],"gold":226,"neow_bonus":"THREE_ENEMY_KILL","is_daily":false,"chose_seed":false,"campfire_upgraded":1,"win_rate":0.0,"timestamp":1613822574,"path_taken":["M","?","?","?","$","E","?","E","T","$","E","M","E","M","R","BOSS","M"],"items_purchased_type":["Card","Card"],"build_version":"2020-12-22","purchased_purges":0,"victory":false,"max_hp_per_floor":[60,60,60,60,60,60,60,60,60,60,58,58,58,58,58,58,56,56,56],"card_choices":[{"not_picked":["ShatteredReality","Starlight"],"picked":"DancingSilver","floor":1},{"not_picked":["RealityMarble","Advance","DoubleEdge"],"picked":"SKIP","floor":6},{"not_picked":["TimeTheft","Gouge","Rewind"],"picked":"SKIP","floor":8},{"not_picked":["Gouge","Rewind"],"picked":"TimeTheft","floor":8},{"not_picked":["Defy","DoubleEdge"],"picked":"ReturningBlade","floor":11},{"not_picked":["Starlight","WasteNot"],"picked":"Potential","floor":12},{"not_picked":["Moondial","ShatteredReality"],"picked":"SilverMatrix","floor":13},{"not_picked":["Rewind","Potential"],"picked":"DualDimension","floor":14},{"not_picked":["LightFlow","FlawlessForm"],"picked":"MurderousAura","floor":16}],"player_experience":2206761,"relics_obtained":[{"floor":4,"key":"Mummified Hand"},{"floor":6,"key":"infinitespire:Beetle Shell"},{"floor":7,"key":"ReplayTheSpireMod:Ring of Addiction"},{"floor":7,"key":"Ring of Hypnosis"},{"floor":7,"key":"Chameleon Ring"},{"floor":7,"key":"Toy Ornithopter"},{"floor":8,"key":"Juzu Bracelet"},{"floor":9,"key":"Shuriken"},{"floor":11,"key":"Replay:PocketPolymizer"},{"floor":13,"key":"Orichalcum"}],"event_choices":[],"is_beta":false,"boss_relics":[{"not_picked":["Runic Dome","StoneMask"],"picked":"hubris:VirtuousBlindfold"}],"items_purged_floors":[],"is_endless":false,"potions_floor_spawned":[1,12,13,14],"killed_by":"conspire:FuzzyDice","ascension_level":20}}