{"host":"d52brwsy6af8zvaq","time":1613862413,"event":{"mods":["AchievementEnabler","BaseMod","Bestiary","Highlight Path","Minty Spire (QoL Compilation)","Quick Restart","Relic Stats","ojb\u0027s Better Paths Mod"],"gold_per_floor":[117,130,180,27,38,38,67,67,67,95,95,109,109,142,142,218,218,236,246,265,315,171,204,204,223,273,273,273,273,303,323,323,396,396,415,211,211,211,231,231,265,265,265,276,294,329,329,329],"floor_reached":47,"language":"ENG","playtime":2113,"items_purged":["Strike_B","Strike_B","Strike_B+1"],"score":1132,"play_id":"a6627508-73a0-4799-9c70-9e7cafcdb016","local_time":"20210220160653","is_ascension_mode":true,"campfire_choices":[{"data":"Doom and Gloom","floor":6.0,"key":"SMITH"},{"data":"Zap","floor":8.0,"key":"SMITH"},{"floor":11.0,"key":"REST"},{"data":"Go for the Eyes","floor":13.0,"key":"SMITH"},{"data":"Rainbow","floor":15.0,"key":"SMITH"},{"floor":24.0,"key":"REST"},{"floor":27.0,"key":"REST"},{"floor":32.0,"key":"REST"},{"floor":40.0,"key":"RECALL"},{"data":"Defragment","floor":42.0,"key":"SMITH"}],"circlet_count":0,"master_deck":["AscendersBane","Strike_B+1","Defend_B+1","Defend_B+1","Defend_B+1","Defend_B+1","Zap+1","Dualcast","Ball Lightning","Consume","Doom and Gloom+1","Coolheaded","Steam","Go for the Eyes+1","Rainbow+1","Buffer","Conserve Battery","Undo","Coolheaded","Capacitor","Electrodynamics","Chill","White Noise","Defragment+1","Echo Form","Reinforced Body","Consume","Self Repair"],"relics":["Cracked Core","Lizard Tail","Ice Cream","Bag of Marbles","Ornamental Fan","Cursed Key","Omamori","Ancient Tea Set","Bag of Preparation","Inserter","Shuriken","Anchor"],"acts_visited":["Exordium","TheCity","TheBeyond"],"potions_floor_usage":[],"damage_taken":[{"damage":0.0,"enemies":"2 Louse","floor":1.0,"turns":3.0},{"damage":0.0,"enemies":"Cultist","floor":2.0,"turns":3.0},{"damage":16.0,"enemies":"Small Slimes","floor":5.0,"turns":3.0},{"damage":25.0,"enemies":"Gremlin Nob","floor":7.0,"turns":4.0},{"damage":4.0,"enemies":"3 Sentries","floor":10.0,"turns":6.0},{"damage":1.0,"enemies":"Blue Slaver","floor":12.0,"turns":2.0},{"damage":3.0,"enemies":"Gremlin Nob","floor":14.0,"turns":3.0},{"damage":13.0,"enemies":"Slime Boss","floor":16.0,"turns":8.0},{"damage":0.0,"enemies":"Spheric Guardian","floor":18.0,"turns":5.0},{"damage":0.0,"enemies":"Chosen","floor":19.0,"turns":4.0},{"damage":16.0,"enemies":"Shelled Parasite and Fungi","floor":20.0,"turns":4.0},{"damage":63.0,"enemies":"Book of Stabbing","floor":23.0,"turns":8.0},{"damage":17.0,"enemies":"Snake Plant","floor":25.0,"turns":4.0},{"damage":22.0,"enemies":"Slavers","floor":30.0,"turns":2.0},{"damage":3.0,"enemies":"Centurion and Healer","floor":31.0,"turns":7.0},{"damage":62.0,"enemies":"Collector","floor":33.0,"turns":10.0},{"damage":1.0,"enemies":"3 Shapes","floor":35.0,"turns":3.0},{"damage":17.0,"enemies":"3 Darklings","floor":39.0,"turns":7.0},{"damage":0.0,"enemies":"Giant Head","floor":41.0,"turns":12.0},{"damage":0.0,"enemies":"Writhing Mass","floor":44.0,"turns":8.0},{"damage":13.0,"enemies":"4 Shapes","floor":45.0,"turns":9.0},{"damage":17.0,"enemies":"Reptomancer","floor":46.0,"turns":7.0},{"damage":19,"enemies":"Maw","floor":47,"turns":6}],"seed_played":"-8574228895000161956","potions_obtained":[{"floor":1.0,"key":"Dexterity Potion"},{"floor":5.0,"key":"Swift Potion"},{"floor":10.0,"key":"SpeedPotion"},{"floor":14.0,"key":"FearPotion"},{"floor":18.0,"key":"Regen Potion"},{"floor":25.0,"key":"SteroidPotion"},{"floor":30.0,"key":"Block Potion"},{"floor":33.0,"key":"Block Potion"},{"floor":44.0,"key":"PowerPotion"}],"is_trial":false,"path_per_floor":["M","M","?","$","M","R","E","R","T","E","R","M","R","E","R","B",null,"M","M","M","?","$","E","R","M","T","R","$","?","E","M","R","B",null,"M","$","?","?","M","R","E","R","T","M","M","E","M"],"character_chosen":"DEFECT","items_purchased":["Doom and Gloom","Capacitor","Consume"],"campfire_rested":4,"item_purchase_floors":[4,22,36],"current_hp_per_floor":[71,71,64,64,48,48,23,23,23,19,42,41,41,38,38,25,65,65,65,49,49,49,1,24,7,7,30,30,30,8,5,28,7,60,59,59,59,59,42,42,42,42,42,42,29,12,0,0],"gold":329,"neow_bonus":"TEN_PERCENT_HP_BONUS","is_daily":false,"chose_seed":false,"campfire_upgraded":5,"win_rate":0.0,"timestamp":1613862413,"path_taken":["M","M","?","?","M","R","E","R","T","E","R","M","R","E","R","BOSS","M","M","M","?","$","E","R","M","T","R","$","?","E","M","R","BOSS","M","$","?","?","M","R","E","R","T","M","M","E","M"],"items_purchased_type":["Card","Card","Card"],"build_version":"2020-12-22","purchased_purges":3,"victory":false,"max_hp_per_floor":[78,78,78,78,78,78,78,78,78,78,78,78,78,78,78,78,78,78,78,78,78,78,78,78,78,78,78,78,78,78,78,78,78,78,78,78,78,78,78,78,78,78,78,78,78,78,78,78],"relic_stats":{"Lizard Tail":39,"Inserter":[26],"counters":[23,128],"Ornamental Fan":[24],"Shuriken":[0],"Bag of Preparation":[18],"Cursed Key":2,"obtain_stats":[{"Ice Cream":9,"Lizard Tail":7,"Anchor":46,"Inserter":34,"Ornamental Fan":14,"Shuriken":41,"Bag of Marbles":10,"Omamori":23,"Bag of Preparation":30,"Cracked Core":0,"Cursed Key":17,"Ancient Tea Set":26},{"Ice Cream":4,"Lizard Tail":4,"Anchor":22,"Inserter":16,"Ornamental Fan":7,"Shuriken":19,"Bag of Marbles":5,"Omamori":12,"Bag of Preparation":14,"Cracked Core":0,"Cursed Key":8,"Ancient Tea Set":13},{"Ice Cream":13,"Lizard Tail":13,"Anchor":122,"Inserter":76,"Ornamental Fan":24,"Shuriken":98,"Bag of Marbles":19,"Omamori":53,"Bag of Preparation":59,"Cracked Core":0,"Cursed Key":32,"Ancient Tea Set":57}]},"card_choices":[{"not_picked":["Steam","Loop"],"picked":"Ball Lightning","floor":1.0},{"not_picked":["Hologram","Barrage"],"picked":"Consume","floor":2.0},{"not_picked":["Steam","Rip and Tear"],"picked":"Coolheaded","floor":5.0},{"not_picked":["Streamline","Coolheaded"],"picked":"Steam","floor":7.0},{"not_picked":["Cold Snap","Sweeping Beam"],"picked":"Go for the Eyes","floor":10.0},{"not_picked":["Ball Lightning","Melter","Reprogram"],"picked":"SKIP","floor":12.0},{"not_picked":["Tempest","Redo"],"picked":"Rainbow","floor":14.0},{"not_picked":["Seek","Multi-Cast"],"picked":"Buffer","floor":16.0},{"not_picked":["Coolheaded","Ball Lightning"],"picked":"Conserve Battery","floor":18.0},{"not_picked":["Gash","Stack"],"picked":"Undo","floor":19.0},{"not_picked":["Conserve Battery","Gash"],"picked":"Coolheaded","floor":20.0},{"not_picked":["Recycle","Rebound"],"picked":"Electrodynamics","floor":23.0},{"not_picked":["Static Discharge+1","Loop"],"picked":"Chill","floor":25.0},{"not_picked":["Sunder","Sweeping Beam"],"picked":"White Noise","floor":30.0},{"not_picked":["Rebound+1","Conserve Battery"],"picked":"Defragment","floor":31.0},{"not_picked":["Reboot","Buffer"],"picked":"Echo Form","floor":33.0},{"not_picked":["Blizzard","Steam"],"picked":"Reinforced Body","floor":35.0},{"not_picked":["Consume+1","Leap","Hologram+1"],"picked":"SKIP","floor":39.0},{"not_picked":["Rebound","Doom and Gloom","Compile Driver"],"picked":"SKIP","floor":41.0},{"not_picked":["Blizzard+1","Steam","Redo"],"picked":"SKIP","floor":44.0},{"not_picked":["Rebound","Gash+1","Doom and Gloom"],"picked":"SKIP","floor":45.0},{"not_picked":["Ball Lightning","Chaos"],"picked":"Self Repair","floor":46.0}],"player_experience":2323034,"relics_obtained":[{"floor":7.0,"key":"Lizard Tail"},{"floor":9.0,"key":"Ice Cream"},{"floor":10.0,"key":"Bag of Marbles"},{"floor":14.0,"key":"Ornamental Fan"},{"floor":23.0,"key":"Omamori"},{"floor":26.0,"key":"Ancient Tea Set"},{"floor":30.0,"key":"Bag of Preparation"},{"floor":41.0,"key":"Shuriken"},{"floor":46.0,"key":"Anchor"}],"event_choices":[{"damage_healed":0.0,"max_hp_gain":0.0,"max_hp_loss":0.0,"gold_gain":50.0,"event_name":"FaceTrader","player_choice":"Touch","floor":3.0,"gold_loss":0.0,"damage_taken":7.0},{"damage_healed":0.0,"max_hp_gain":0.0,"max_hp_loss":0.0,"gold_gain":50.0,"event_name":"Nest","player_choice":"Stole From Cult","floor":21.0,"gold_loss":0.0,"damage_taken":0.0},{"damage_healed":0.0,"max_hp_gain":0.0,"max_hp_loss":0.0,"gold_gain":0.0,"event_name":"Back to Basics","player_choice":"Simplicity","floor":29.0,"gold_loss":0.0,"damage_taken":0.0,"cards_upgraded":["Strike_B","Strike_B","Defend_B","Defend_B","Defend_B","Defend_B"]},{"damage_healed":0.0,"max_hp_gain":0.0,"max_hp_loss":0.0,"gold_gain":0.0,"event_name":"Tomb of Lord Red Mask","player_choice":"Ignored","floor":37.0,"gold_loss":0.0,"damage_taken":0.0},{"damage_healed":0.0,"max_hp_gain":0.0,"max_hp_loss":0.0,"gold_gain":0.0,"event_name":"Mysterious Sphere","player_choice":"Ignored","floor":38.0,"gold_loss":0.0,"damage_taken":0.0}],"is_beta":false,"boss_relics":[{"not_picked":["Sozu","Fusion Hammer"],"picked":"Cursed Key"},{"not_picked":["Philosopher\u0027s Stone","Coffee Dripper"],"picked":"Inserter"}],"items_purged_floors":[4,22,36],"is_endless":false,"potions_floor_spawned":[1,5,10,14,18,25,30,33,44,45,46],"killed_by":"Maw","ascension_level":20}}