{"host":"zsf7u5n6ehqeseos","time":1613839080,"event":{"mods":["AchievementEnabler","BaseMod","Colored Map","Colored Powertips","Googly Eyes","Minty Spire (QoL Compilation)"],"gold_per_floor":[119,119,294,50,65,90,109,138,163,163,178,90,103,123,123,225,225,243,262,312,167,167,167],"floor_reached":22,"language":"ENG","playtime":1195,"items_purged":["Regret","Doubt"],"score":265,"play_id":"06f03af2-ab69-437a-850f-c2a7bf58654e","local_time":"20210220173800","is_ascension_mode":true,"campfire_choices":[{"data":"Envenom","floor":10.0,"key":"SMITH"},{"floor":15.0,"key":"REST"}],"circlet_count":0,"master_deck":["Strike_G","Strike_G","Strike_G","Strike_G","Strike_G","Defend_G","Defend_G","Defend_G","Defend_G+1","Defend_G","Survivor+1","Neutralize","Poisoned Stab","Flying Knee","Deadly Poison","Bouncing Flask","Envenom+1","Infinite Blades","Prepared","Burst","CurseOfTheBell","Deadly Poison+1","Cloak And Dagger+1"],"relics":["Ring of the Snake","War Paint","PreservedInsect","Toolbox","Smiling Mask","Peace Pipe","Oddly Smooth Stone","Calling Bell","Ancient Tea Set","Sundial","Calipers","Bag of Marbles"],"acts_visited":["Exordium","TheCity"],"potions_floor_usage":[22],"damage_taken":[{"damage":1.0,"enemies":"Jaw Worm","floor":1.0,"turns":5.0},{"damage":0.0,"enemies":"Cultist","floor":5.0,"turns":3.0},{"damage":7.0,"enemies":"Gremlin Nob","floor":6.0,"turns":3.0},{"damage":0.0,"enemies":"Small Slimes","floor":7.0,"turns":4.0},{"damage":14.0,"enemies":"3 Sentries","floor":8.0,"turns":7.0},{"damage":4.0,"enemies":"Looter","floor":11.0,"turns":3.0},{"damage":14.0,"enemies":"Gremlin Gang","floor":13.0,"turns":6.0},{"damage":6.0,"enemies":"3 Louse","floor":14.0,"turns":3.0},{"damage":35.0,"enemies":"The Guardian","floor":16.0,"turns":9.0},{"damage":3.0,"enemies":"3 Byrds","floor":18.0,"turns":5.0},{"damage":14.0,"enemies":"2 Thieves","floor":19.0,"turns":3.0},{"damage":38,"enemies":"Snake Plant","floor":22,"turns":4}],"seed_played":"-1551304125188615925","potions_obtained":[{"floor":6.0,"key":"SmokeBomb"},{"floor":7.0,"key":"Weak Potion"},{"floor":8.0,"key":"Swift Potion"},{"floor":13.0,"key":"DuplicationPotion"},{"floor":18.0,"key":"Ancient Potion"},{"floor":19.0,"key":"SkillPotion"}],"is_trial":false,"path_per_floor":["M","?","?","$","M","E","M","E","T","R","M","$","M","M","R","B",null,"M","M","?","$","M"],"character_chosen":"THE_SILENT","items_purchased":["Toolbox","Flying Knee","Infinite Blades","Bag of Marbles"],"campfire_rested":1,"item_purchase_floors":[4,4,12,21],"current_hp_per_floor":[62,62,62,62,62,55,55,41,41,41,37,37,23,17,38,3,53,50,36,36,36,0,0],"gold":167,"neow_bonus":"RANDOM_COMMON_RELIC","is_daily":false,"chose_seed":false,"campfire_upgraded":1,"win_rate":0.0,"timestamp":1613839080,"path_taken":["M","?","?","?","M","E","M","E","T","R","M","$","M","M","R","BOSS","M","M","?","$","M"],"items_purchased_type":["Relic","Card","Card","Relic"],"build_version":"2020-12-22","purchased_purges":2,"victory":false,"max_hp_per_floor":[70,70,70,70,70,70,70,70,70,70,70,70,70,70,70,70,70,70,70,70,70,70,70],"card_choices":[{"not_picked":["Dagger Throw","Deadly Poison"],"picked":"Poisoned Stab","floor":1.0},{"not_picked":["Backflip","Blade Dance"],"picked":"Deadly Poison","floor":5.0},{"not_picked":["Finisher","Skewer","Caltrops"],"picked":"SKIP","floor":6.0},{"not_picked":["Underhanded Strike","Expertise"],"picked":"Bouncing Flask","floor":7.0},{"not_picked":["PiercingWail","Blade Dance"],"picked":"Envenom","floor":8.0},{"not_picked":["Slice","PiercingWail","Predator"],"picked":"SKIP","floor":11.0},{"not_picked":["Calculated Gamble","Leg Sweep","Slice"],"picked":"SKIP","floor":13.0},{"not_picked":["Flying Knee","Setup"],"picked":"Prepared","floor":14.0},{"not_picked":["Corpse Explosion","Die Die Die"],"picked":"Burst","floor":16.0},{"not_picked":["Flying Knee","Well Laid Plans"],"picked":"Deadly Poison+1","floor":18.0},{"not_picked":["Backflip","Slice+1"],"picked":"Cloak And Dagger+1","floor":19.0}],"player_experience":241606,"relics_obtained":[{"floor":6.0,"key":"Smiling Mask"},{"floor":8.0,"key":"Peace Pipe"},{"floor":9.0,"key":"Oddly Smooth Stone"},{"floor":17.0,"key":"Ancient Tea Set"},{"floor":17.0,"key":"Sundial"},{"floor":17.0,"key":"Calipers"}],"event_choices":[{"damage_healed":0.0,"max_hp_gain":0.0,"max_hp_loss":0.0,"gold_gain":0.0,"event_name":"Big Fish","player_choice":"Box","floor":2.0,"gold_loss":0.0,"damage_taken":0.0,"relics_obtained":["PreservedInsect"],"cards_obtained":["Regret"]},{"damage_healed":0.0,"max_hp_gain":0.0,"max_hp_loss":0.0,"gold_gain":175.0,"event_name":"Liars Game","player_choice":"AGREE","floor":3.0,"gold_loss":0.0,"damage_taken":0.0,"cards_obtained":["Doubt"]},{"damage_healed":0,"gold_gain":100,"player_choice":"Bet on Murderer","damage_taken":0,"max_hp_gain":0,"max_hp_loss":0,"event_name":"The Joust","floor":20,"gold_loss":50}],"is_beta":false,"boss_relics":[{"not_picked":["Tiny House","Sozu"],"picked":"Calling Bell"}],"items_purged_floors":[4,12],"is_endless":false,"potions_floor_spawned":[6,7,8,13,18,19],"killed_by":"Snake Plant","ascension_level":7}}