{"host":"l4p18zw33fr8bdc3","time":1613838838,"event":{"mods":["AchievementEnabler","BaseMod","Bestiary","Block Reminder","Colored Map","Colored Powertips","Curses Come First","Minty Spire (QoL Compilation)","Quick Restart","Rare Cards Sparkle","StSLib"],"gold_per_floor":[118,133,149,25,25,25,53,0,78,111,111,128,5,39,39,144,144,162,173,185,185,185],"floor_reached":21,"language":"ENG","playtime":1097,"items_purged":["Strike_R","Defend_R"],"score":239,"play_id":"5fb6228a-99b0-41fd-8c37-bbd0deef2256","local_time":"20210220113358","is_ascension_mode":true,"campfire_choices":[{"data":"Bash","floor":6,"key":"SMITH"},{"floor":11,"key":"REST"},{"data":"Power Through","floor":15,"key":"SMITH"}],"circlet_count":0,"master_deck":["Strike_R","Strike_R","Strike_R","Defend_R+1","Defend_R+1","Bash+1","Fire Breathing","Shrug It Off","Pommel Strike","Armaments+1","Inflame","Shrug It Off","Limit Break","Uppercut","Cleave","Power Through+1","Reaper","Evolve","Flex+1","Sword Boomerang+1"],"relics":["Burning Blood","NeowsBlessing","Nunchaku","Darkstone Periapt","War Paint","Pear","Empty Cage"],"acts_visited":["Exordium","TheCity"],"potions_floor_usage":[7,14,18],"damage_taken":[{"damage":0,"enemies":"Cultist","floor":1,"turns":1},{"damage":0,"enemies":"Jaw Worm","floor":2,"turns":1},{"damage":0,"enemies":"Small Slimes","floor":3,"turns":1},{"damage":20,"enemies":"Lagavulin","floor":7,"turns":8},{"damage":25,"enemies":"3 Sentries","floor":10,"turns":5},{"damage":11,"enemies":"3 Louse","floor":12,"turns":4},{"damage":20,"enemies":"Gremlin Nob","floor":14,"turns":4},{"damage":39,"enemies":"Hexaghost","floor":16,"turns":11},{"damage":32,"enemies":"3 Byrds","floor":18,"turns":6},{"damage":28,"enemies":"Spheric Guardian","floor":19,"turns":7},{"damage":24,"enemies":"Snake Plant","floor":20,"turns":7},{"damage":66,"enemies":"Masked Bandits","floor":21,"turns":3}],"seed_played":"6789322320978144130","potions_obtained":[{"floor":1,"key":"DistilledChaos"},{"floor":7,"key":"SteroidPotion"},{"floor":12,"key":"Ancient Potion"},{"floor":14,"key":"LiquidMemories"}],"is_trial":false,"path_per_floor":["M","M","M","$","?","R","E","$","T","E","R","M","$","E","R","B",null,"M","M","M","?"],"character_chosen":"IRONCLAD","items_purchased":["Armaments","Shrug It Off","Cleave"],"campfire_rested":1,"item_purchase_floors":[4,8,13],"current_hp_per_floor":[80,80,80,80,80,80,66,66,66,47,71,66,66,62,62,29,90,72,50,41,0,0],"gold":185,"neow_bonus":"THREE_ENEMY_KILL","is_daily":false,"chose_seed":false,"campfire_upgraded":2,"win_rate":0.0,"timestamp":1613838838,"path_taken":["M","M","M","$","?","R","E","?","T","E","R","M","$","E","R","BOSS","M","M","M","?"],"items_purchased_type":["Card","Card","Card"],"build_version":"2020-12-22","purchased_purges":2,"victory":false,"max_hp_per_floor":[80,80,80,80,80,80,80,80,80,80,80,80,80,90,90,90,90,90,90,90,90,90],"card_choices":[{"not_picked":["Perfected Strike","Clash"],"picked":"Fire Breathing","floor":1},{"not_picked":["Havoc","Dual Wield"],"picked":"Shrug It Off","floor":2},{"not_picked":["Havoc","Clash"],"picked":"Pommel Strike","floor":3},{"not_picked":["Feel No Pain","True Grit"],"picked":"Inflame","floor":7},{"not_picked":["Heavy Blade","Wild Strike"],"picked":"Limit Break","floor":10},{"not_picked":["Anger","Havoc"],"picked":"Uppercut","floor":12},{"not_picked":["Impervious","Perfected Strike"],"picked":"Power Through","floor":14},{"not_picked":["Barricade","Juggernaut"],"picked":"Reaper","floor":16},{"not_picked":["Armaments","Carnage"],"picked":"Evolve","floor":18},{"not_picked":["Metallicize","Headbutt"],"picked":"Flex+1","floor":19},{"not_picked":["Rage","Havoc"],"picked":"Sword Boomerang+1","floor":20}],"player_experience":302542,"relics_obtained":[{"floor":7,"key":"Nunchaku"},{"floor":9,"key":"Darkstone Periapt"},{"floor":10,"key":"War Paint"},{"floor":14,"key":"Pear"}],"event_choices":[{"damage_healed":0,"gold_gain":0,"player_choice":"Forge","damage_taken":0,"max_hp_gain":0,"max_hp_loss":0,"event_name":"Accursed Blacksmith","floor":5,"gold_loss":0,"cards_upgraded":["Armaments"]},{"damage_healed":0,"gold_gain":0,"player_choice":"Fought Bandits","damage_taken":0,"max_hp_gain":0,"max_hp_loss":0,"event_name":"Masked Bandits","floor":21,"gold_loss":0}],"is_beta":false,"boss_relics":[{"not_picked":["SacredBark","Sozu"],"picked":"Empty Cage"}],"items_purged_floors":[4,13],"is_endless":false,"potions_floor_spawned":[1,7,12,14],"killed_by":"Masked Bandits","ascension_level":4}}