{"host":"wha9hktbkslqvblg","time":1613796235,"event":{"mods":["BaseMod","Colored Map","Minty Spire (QoL Compilation)","Relic Stats","SuperFastMode","everything is the same but u backflip on backflip"],"gold_per_floor":[17,17,17,32,48,48,76,76,125,155,167,179,224,248,260,346,358,381,413,425,452,184,216,216,248,248,248,163,163,196,110,110,185,185,204,219,1218,1218,788,813,830,863,863,863,882,210,240,111,111,111,111,111,111,20,49,49],"floor_reached":57,"language":"KOR","playtime":2271,"items_purged":["Bash","Pummel","Spot Weakness","Ghostly Armor","Reckless Charge"],"score":2833,"play_id":"cbfcae6f-6a80-4ef0-9b1d-6fdb31dec332","local_time":"20210220134355","is_ascension_mode":true,"campfire_choices":[{"data":"Demon Form","floor":6.0,"key":"SMITH"},{"data":"Sword Boomerang","floor":11.0,"key":"SMITH"},{"data":"Evolve","floor":15.0,"key":"SMITH"},{"data":"Trip","floor":24.0,"key":"SMITH"},{"data":"Offering","floor":27.0,"key":"SMITH"},{"data":"Shrug It Off","floor":29.0,"key":"SMITH"},{"data":"Dual Wield","floor":32.0,"key":"SMITH"},{"data":"Dark Embrace","floor":44,"key":"SMITH"},{"floor":49,"key":"RECALL"},{"data":"Disarm","floor":53,"key":"SMITH"}],"circlet_count":0,"master_deck":["AscendersBane","Offering+1","Demon Form+1","Sword Boomerang+1","Evolve+1","Seeing Red","Shrug It Off+1","Reaper","True Grit+1","Trip+1","Dual Wield+1","Dark Embrace+1","Disarm+1","Seeing Red","Limit Break"],"relics":["Burning Blood","Anchor","MawBank","Regal Pillow","Pandora\u0027s Box","Prayer Wheel","Peace Pipe","Omamori","Unceasing Top","Busted Crown","Incense Burner","Centennial Puzzle","Nunchaku","Darkstone Periapt","Bronze Scales","Smiling Mask","TheAbacus","Oddly Smooth Stone","InkBottle","Juzu Bracelet","Eternal Feather"],"acts_visited":["Exordium","TheCity","TheBeyond","TheEnding"],"potions_floor_usage":[55],"damage_taken":[{"damage":8.0,"enemies":"Jaw Worm","floor":1.0,"turns":3.0},{"damage":13.0,"enemies":"Small Slimes","floor":4.0,"turns":3.0},{"damage":7.0,"enemies":"Cultist","floor":5.0,"turns":3.0},{"damage":17.0,"enemies":"Gremlin Nob","floor":7.0,"turns":3.0},{"damage":14.0,"enemies":"Blue Slaver","floor":10.0,"turns":3.0},{"damage":11.0,"enemies":"3 Sentries","floor":13.0,"turns":4.0},{"damage":19.0,"enemies":"Gremlin Gang","floor":14.0,"turns":5.0},{"damage":19.0,"enemies":"Hexaghost","floor":16.0,"turns":7.0},{"damage":17.0,"enemies":"3 Byrds","floor":18.0,"turns":5.0},{"damage":18.0,"enemies":"Chosen","floor":19.0,"turns":5.0},{"damage":42.0,"enemies":"Centurion and Healer","floor":21.0,"turns":8.0},{"damage":24.0,"enemies":"Book of Stabbing","floor":23.0,"turns":4.0},{"damage":16.0,"enemies":"Slavers","floor":25.0,"turns":3.0},{"damage":28.0,"enemies":"Gremlin Leader","floor":30.0,"turns":4.0},{"damage":44.0,"enemies":"Champ","floor":33.0,"turns":8.0},{"damage":42.0,"enemies":"3 Darklings","floor":35.0,"turns":4.0},{"damage":17.0,"enemies":"3 Shapes","floor":36.0,"turns":6.0},{"damage":73.0,"enemies":"Nemesis","floor":40.0,"turns":7.0},{"damage":108.0,"enemies":"Maw","floor":41.0,"turns":7.0},{"damage":107,"enemies":"Reptomancer","floor":42,"turns":6},{"damage":29,"enemies":"Writhing Mass","floor":45,"turns":6},{"damage":39,"enemies":"Nemesis","floor":47,"turns":7},{"damage":86,"enemies":"Awakened One","floor":50,"turns":7},{"damage":146,"enemies":"Donu and Deca","floor":51,"turns":8},{"damage":131,"enemies":"Shield and Spear","floor":55,"turns":10},{"damage":114,"enemies":"The Heart","floor":56,"turns":7}],"seed_played":"-1614606208065208045","potions_obtained":[{"floor":7.0,"key":"BlessingOfTheForge"},{"floor":10.0,"key":"Swift Potion"},{"floor":14.0,"key":"Ancient Potion"},{"floor":18.0,"key":"LiquidMemories"},{"floor":35.0,"key":"FairyPotion"},{"floor":40.0,"key":"Weak Potion"}],"is_trial":false,"path_per_floor":["M","?","$","M","M","R","E","?","T","M","R","?","E","M","R","B",null,"M","M","?","M","$","E","R","E","T","R","?","R","E","$","R","B",null,"M","M","?","?","$","E","M","E","T","R","M","$","E","$","R","B","B",null,"R","$","E","B",null],"character_chosen":"IRONCLAD","items_purchased":["FairyPotion","Trip","Dark Embrace","Centennial Puzzle","Nunchaku","TheAbacus","Oddly Smooth Stone","InkBottle","Disarm","Seeing Red"],"campfire_rested":0,"item_purchase_floors":[22,22,31,39,39,46,46,46,48,54],"current_hp_per_floor":[66,66,66,59,58,58,47,47,47,39,39,39,34,21,21,8,58,53,69,48,49,49,55,55,77,77,77,77,77,64,64,64,78,80,80,80,80,80,80,80,66,74,74,74,80,80,80,80,80,80,56,74,74,74,62,80],"gold":49,"neow_bonus":"THREE_RARE_CARDS","is_daily":false,"chose_seed":false,"campfire_upgraded":9,"win_rate":0.0,"timestamp":1613796235,"path_taken":["M","?","?","M","M","R","E","?","T","?","R","?","E","M","R","BOSS","M","?","?","M","$","E","R","E","T","R","?","R","E","$","R","BOSS","M","M","?","?","$","E","M","E","T","R","?","$","E","?","R","BOSS","BOSS","R","$","E","BOSS"],"items_purchased_type":["Potion","Card","Card","Relic","Relic","Relic","Relic","Relic","Card","Card"],"build_version":"2020-12-22","purchased_purges":5,"victory":true,"max_hp_per_floor":[75,75,75,75,75,75,75,75,75,75,75,75,75,75,75,75,75,75,75,80,80,80,80,80,80,80,80,80,80,80,80,80,80,80,80,80,80,80,80,80,80,80,80,80,80,80,80,80,80,80,80,80,80,80,80,80],"relic_stats":{"Darkstone Periapt":0,"Regal Pillow":0,"counters":[26,143],"Eternal Feather":0,"Juzu Bracelet":0,"MawBank":156,"Smiling Mask":300,"Burning Blood":114,"Peace Pipe":0,"Centennial Puzzle":[27],"Nunchaku":[10],"Busted Crown":24,"TheAbacus":[294],"Bronze Scales":[222],"Pandora\u0027s Box":["Seeing Red","Rage","Corruption","Twin Strike","Bloodletting","Shockwave","Inflame"],"Prayer Wheel":4,"obtain_stats":[{"Darkstone Periapt":40,"Regal Pillow":13,"Oddly Smooth Stone":46,"Eternal Feather":55,"Omamori":28,"Incense Burner":38,"Juzu Bracelet":47,"MawBank":9,"Smiling Mask":43,"Burning Blood":0,"Peace Pipe":25,"Anchor":7,"Centennial Puzzle":39,"Nunchaku":39,"Busted Crown":34,"TheAbacus":46,"Bronze Scales":42,"Pandora\u0027s Box":17,"Prayer Wheel":23,"Unceasing Top":30,"InkBottle":46},{"Darkstone Periapt":18,"Regal Pillow":6,"Oddly Smooth Stone":21,"Eternal Feather":25,"Omamori":13,"Incense Burner":17,"Juzu Bracelet":22,"MawBank":4,"Smiling Mask":20,"Burning Blood":0,"Peace Pipe":13,"Anchor":4,"Centennial Puzzle":17,"Nunchaku":17,"Busted Crown":15,"TheAbacus":21,"Bronze Scales":20,"Pandora\u0027s Box":8,"Prayer Wheel":12,"Unceasing Top":14,"InkBottle":21},{"Darkstone Periapt":85,"Regal Pillow":19,"Oddly Smooth Stone":104,"Eternal Feather":136,"Omamori":56,"Incense Burner":78,"Juzu Bracelet":111,"MawBank":12,"Smiling Mask":98,"Burning Blood":0,"Peace Pipe":56,"Anchor":12,"Centennial Puzzle":78,"Nunchaku":78,"Busted Crown":68,"TheAbacus":104,"Bronze Scales":98,"Pandora\u0027s Box":31,"Prayer Wheel":53,"Unceasing Top":60,"InkBottle":104}],"Unceasing Top":[3],"InkBottle":[15]},"card_choices":[{"not_picked":["Fiend Fire","Impervious"],"picked":"Offering","floor":0.0},{"not_picked":["Headbutt","Dual Wield","Cleave"],"picked":"SKIP","floor":1.0},{"not_picked":["Pummel","Flex"],"picked":"Sword Boomerang","floor":4.0},{"not_picked":["Whirlwind","Thunderclap"],"picked":"Pummel","floor":5.0},{"not_picked":["Warcry","Blood for Blood"],"picked":"Evolve","floor":7.0},{"not_picked":["Headbutt","Cleave"],"picked":"Seeing Red","floor":10.0},{"not_picked":["Rage","Carnage"],"picked":"Shrug It Off","floor":13.0},{"not_picked":["Rupture","Thunderclap","Shrug It Off"],"picked":"SKIP","floor":14.0},{"not_picked":["Immolate","Juggernaut"],"picked":"Reaper","floor":16.0},{"not_picked":["Perfected Strike","Iron Wave"],"picked":"Ghostly Armor","floor":18.0},{"not_picked":["Iron Wave","Flex","Warcry"],"picked":"SKIP","floor":19.0},{"not_picked":["Wild Strike","Warcry"],"picked":"True Grit+1","floor":21.0},{"not_picked":["Searing Blow+1","Pommel Strike","Flame Barrier"],"picked":"SKIP","floor":23.0},{"not_picked":["Thunderclap","Havoc"],"picked":"Reckless Charge","floor":25.0},{"not_picked":["Pummel","Rage"],"picked":"Dual Wield","floor":30.0},{"not_picked":["Perfected Strike"],"picked":"SKIP","floor":35.0},{"not_picked":["Clash"],"picked":"SKIP","floor":35.0},{"not_picked":["Cleave"],"picked":"SKIP","floor":36.0},{"not_picked":["Spot Weakness+1"],"picked":"SKIP","floor":36.0},{"not_picked":["Uppercut"],"picked":"SKIP","floor":40.0},{"not_picked":["Perfected Strike"],"picked":"SKIP","floor":41.0},{"not_picked":["Anger"],"picked":"SKIP","floor":41.0},{"not_picked":["Anger"],"picked":"SKIP","floor":42},{"not_picked":["Carnage"],"picked":"SKIP","floor":45},{"not_picked":["Heavy Blade+1"],"picked":"SKIP","floor":45},{"not_picked":["Armaments"],"picked":"SKIP","floor":47},{"not_picked":[],"picked":"Limit Break","floor":55}],"player_experience":996992,"relics_obtained":[{"floor":7.0,"key":"Anchor"},{"floor":9.0,"key":"MawBank"},{"floor":13.0,"key":"Regal Pillow"},{"floor":23.0,"key":"Prayer Wheel"},{"floor":25.0,"key":"Peace Pipe"},{"floor":30.0,"key":"Unceasing Top"},{"floor":40.0,"key":"Darkstone Periapt"},{"floor":42,"key":"Bronze Scales"},{"floor":43,"key":"Smiling Mask"},{"floor":47,"key":"Juzu Bracelet"},{"floor":55,"key":"Eternal Feather"}],"event_choices":[{"damage_healed":0.0,"max_hp_gain":0.0,"max_hp_loss":0.0,"gold_gain":0.0,"cards_transformed":["Strike_R"],"event_name":"Living Wall","player_choice":"Change","floor":2.0,"gold_loss":0.0,"damage_taken":0.0,"cards_obtained":["Demon Form"]},{"damage_healed":0.0,"max_hp_gain":0.0,"max_hp_loss":0.0,"gold_gain":0.0,"cards_transformed":["Strike_R"],"event_name":"Transmorgrifier","player_choice":"Transformed","floor":8.0,"gold_loss":0.0,"damage_taken":0.0,"cards_obtained":["Spot Weakness"]},{"damage_healed":0.0,"max_hp_gain":0.0,"max_hp_loss":0.0,"gold_gain":0.0,"event_name":"Match and Keep!","player_choice":"0 cards matched","floor":12.0,"gold_loss":0.0,"damage_taken":0.0,"cards_obtained":[]},{"damage_healed":0.0,"max_hp_gain":5.0,"max_hp_loss":0.0,"gold_gain":0.0,"event_name":"Forgotten Altar","player_choice":"Shed Blood","floor":20.0,"gold_loss":0.0,"damage_taken":26.0},{"damage_healed":0.0,"max_hp_gain":0.0,"max_hp_loss":0.0,"gold_gain":0.0,"event_name":"Addict","player_choice":"Obtained Relic","floor":28.0,"gold_loss":85.0,"damage_taken":0.0,"relics_obtained":["Omamori"]},{"damage_healed":0.0,"max_hp_gain":0.0,"max_hp_loss":0.0,"gold_gain":999.0,"event_name":"MindBloom","player_choice":"Gold","floor":37.0,"gold_loss":0.0,"damage_taken":0.0,"cards_obtained":["Normality","Normality"]},{"damage_healed":0.0,"max_hp_gain":0.0,"max_hp_loss":0.0,"gold_gain":0.0,"event_name":"WeMeetAgain","player_choice":"Gave Potion","floor":38.0,"gold_loss":0.0,"damage_taken":0.0,"relics_obtained":["Incense Burner"]}],"is_beta":false,"boss_relics":[{"not_picked":["Runic Cube","Black Star"],"picked":"Pandora\u0027s Box"},{"not_picked":["Cursed Key","SacredBark"],"picked":"Busted Crown"}],"items_purged_floors":[22,39,46,48,54],"is_endless":false,"potions_floor_spawned":[7,10,14,18,21,23,35,40,42],"ascension_level":20}}