{"host":"bplbr8uekuotory4","time":1613835172,"event":{"mods":["Act Like it!","BaseMod","GungeonMod","Hermit","KinomotoSakuraMod(ƒæ÷Æ±æ”£)","Marisa£®ÏF”Í°°ƒß¿Ì…≥£©","Minty Spire (QoL Compilation)","Prisma Mod","Quick Restart","Reimu£®≤©¿ˆ¡È√Œ£©","SOS£®Àπ∞Õ¥Ô÷Æ◊”£©","Spicy Shops","StSLib","TestMod","The Blackbeard","The Cursed","The Mystic","The Saiyan","The Senshi","The Servant 0.9.4","Yuri Mod","[IsaacMod]“‘»ˆº‚À˛"],"gold_per_floor":[114,181,29,100,28,53,53,73,154,181,222,263,287,330,342,457,469,507,557,569,581,593,629,646,658,670,753,302,363,363,394,394,505,505,527,598,632,664,684,718,718,749,749,749,289,305,305,323,323,331,331,331,74,153,181],"floor_reached":56,"language":"ZHS","playtime":1599,"items_purged":["hermit:Strike_Hermit","hermit:Defend_Hermit","hermit:Strike_Hermit","hermit:Defend_Hermit","hermit:Strike_Hermit","hermit:Defend_Hermit"],"score":2467,"play_id":"8020b944-087e-4f38-a6fc-c301005e2af7","local_time":"20210220233252","is_ascension_mode":true,"campfire_choices":[{"data":"hermit:Covet","floor":7,"key":"SMITH"},{"data":"hermit:EyeOfTheStorm","floor":15,"key":"SMITH"},{"data":"hermit:Dive","floor":25,"key":"SMITH"},{"data":"hermit:FromBeyond","floor":30,"key":"SMITH"},{"data":"hermit:Scavenge","floor":32,"key":"SMITH"},{"floor":41,"key":"RECALL"},{"data":"hermit:Snapshot","floor":49,"key":"SMITH"},{"data":"hermit:Defend_Hermit","floor":52,"key":"SMITH"}],"circlet_count":0,"master_deck":["AscendersBane","hermit:Strike_Hermit+1","hermit:Defend_Hermit+1","hermit:Snapshot+1","hermit:Covet+1","hermit:TrackingShot+1","hermit:DeadOrAlive+1","hermit:Shortfuse+1","hermit:EyeOfTheStorm+1","hermit:CalledShot+1","hermit:FromBeyond+1","hermit:Scavenge+1","hermit:Dive+1","hermit:Quickdraw+1","hermit:NoHoldsBarred+1","hermit:FlashPowder+1","hermit:Maintenance","hermit:Brawl+1","hermit:Roulette+1","hermit:Glare+1"],"relics":["hermit:Momento","testmod-TestBox","HushsDoor","Damocles","testmod-CardMagician","NeowsBlessing","DemoMod:ClearGuonStone","hermit:PetGhost","PreservedInsect","DemoMod:NanoMachines","DemoMod:Armor","Mastiff:ReiMu","DemoMod:GlassGuonStoneRelic","testmod-CrystalShield","Molten Egg 2","MawBank","Pear","Letter Opener","PillsDrop","Bag of Marbles","DemoMod:LamentConfigurum","Tiny Chest","SlaversCollar","DemoMod:AgedBell","RuthlessExorcism:ReiMu","Vajra","Whetstone","Kunai","DemoMod:ChaffGrenade","testmod-Hope","Bag of Preparation","DemoMod:SerJunkan","DemoMod:Junk","DemoMod:RingOfEthereal","Smiling Mask","testmod-DeterminationOfClimber","GuppysHead","DeathBook","Blood Vial","CatCart","MoneyPower","DemoMod:GundromedaStrain","DemoMod:OrangeGuonStone","DemoMod:MeatBun","Medical Kit","BookofShadows"],"acts_visited":["Exordium","TheCity","TheBeyond","TheEnding"],"potions_floor_usage":[12,16,16,24,27,33,55],"damage_taken":[{"damage":0,"enemies":"2 Louse","floor":1,"turns":1},{"damage":0,"enemies":"Gremlin Nob","floor":6,"turns":1},{"damage":0,"enemies":"Cultist","floor":8,"turns":1},{"damage":0,"enemies":"3 Sentries","floor":10,"turns":5},{"damage":0,"enemies":"Jaw Worm","floor":11,"turns":2},{"damage":0,"enemies":"Lagavulin","floor":12,"turns":1},{"damage":0,"enemies":"Large Slime","floor":13,"turns":2},{"damage":0,"enemies":"Red Slaver","floor":14,"turns":2},{"damage":0,"enemies":"The Guardian","floor":16,"turns":9},{"damage":0,"enemies":"Chosen","floor":18,"turns":4},{"damage":0,"enemies":"Shell Parasite","floor":19,"turns":5},{"damage":0,"enemies":"Snake Plant","floor":24,"turns":2},{"damage":0,"enemies":"Slavers","floor":27,"turns":3},{"damage":0,"enemies":"Gremlin Leader","floor":29,"turns":2},{"damage":0,"enemies":"Chosen and Byrds","floor":31,"turns":3},{"damage":0,"enemies":"Champ","floor":33,"turns":7},{"damage":0,"enemies":"3 Shapes","floor":35,"turns":1},{"damage":0,"enemies":"Orin","floor":36,"turns":5},{"damage":0,"enemies":"3 Darklings","floor":37,"turns":1},{"damage":0,"enemies":"Sphere and 2 Shapes","floor":38,"turns":1},{"damage":0,"enemies":"4 Shapes","floor":39,"turns":1},{"damage":0,"enemies":"Transient","floor":40,"turns":5},{"damage":0,"enemies":"Reptomancer","floor":42,"turns":1},{"damage":0,"enemies":"3 Darklings","floor":46,"turns":1},{"damage":0,"enemies":"Writhing Mass","floor":48,"turns":1},{"damage":0,"enemies":"Donu and Deca","floor":50,"turns":1},{"damage":0,"enemies":"Shield and Spear","floor":54,"turns":1},{"damage":0,"enemies":"The Heart","floor":55,"turns":2}],"seed_played":"-231658829954193038","potions_obtained":[{"floor":10,"key":"hermit:Eclipse"},{"floor":11,"key":"SmokeBomb"},{"floor":13,"key":"Explosive Potion"},{"floor":14,"key":"Dexterity Potion"},{"floor":19,"key":"Explosive Potion"},{"floor":27,"key":"Dexterity Potion"},{"floor":29,"key":"AttackPotion"}],"is_trial":false,"path_per_floor":["M","?","$","?","$","E","R","M","T","E","M","E","M","M","R","B",null,"M","M","?","?","?","T","M","R","T","E","$","E","R","M","R","B",null,"M","?","M","M","M","M","R","E","T","T","$","M","?","M","R","B",null,"R","$","E","B",null],"character_chosen":"HERMIT","items_purchased":["hermit:PetGhost","PreservedInsect","testmod-EscapePotion","Bag of Preparation","DemoMod:SerJunkan","GuppysHead","DeathBook","FairyPotion","DemoMod:OrangeGuonStone","DemoMod:MeatBun","Medical Kit"],"campfire_rested":0,"item_purchase_floors":[3,5,17,28,28,34,34,34,45,45,53],"current_hp_per_floor":[68,53,53,53,53,53,53,53,53,63,63,63,66,66,66,66,76,76,76,76,76,76,76,76,76,76,76,76,76,76,76,76,76,48,48,48,48,48,48,48,48,48,48,48,48,48,48,48,48,48,48,48,48,48,48],"gold":181,"neow_bonus":"THREE_ENEMY_KILL","is_daily":false,"chose_seed":false,"campfire_upgraded":7,"win_rate":0.0,"timestamp":1613835172,"path_taken":["M","?","?","?","$","E","R","M","T","E","M","E","M","M","R","BOSS","M","M","?","?","?","?","?","R","T","E","$","E","R","M","R","BOSS","M","?","M","M","?","M","R","E","T","?","$","?","?","M","R","BOSS","R","$","E","BOSS"],"items_purchased_type":["Relic","Relic","Potion","Relic","Relic","Relic","Relic","Potion","Relic","Relic","Relic"],"build_version":"2020-12-22","purchased_purges":6,"victory":true,"max_hp_per_floor":[75,75,75,75,75,75,75,75,75,85,85,85,88,88,88,88,79,79,79,79,79,79,79,79,79,79,79,79,79,79,79,79,79,48,48,48,48,48,48,48,48,48,48,48,48,48,48,48,48,48,48,48,48,48,48],"card_choices":[{"not_picked":["hermit:Spite","hermit:Misfire","hermit:LowProfile"],"picked":"SKIP","floor":1},{"not_picked":["hermit:Quickdraw","hermit:Determination"],"picked":"hermit:TrackingShot","floor":6},{"not_picked":["hermit:BigShot","hermit:Ricochet","hermit:TakeCover"],"picked":"SKIP","floor":8},{"not_picked":["hermit:Feint","hermit:FullyLoaded"],"picked":"hermit:DeadOrAlive+1","floor":10},{"not_picked":["hermit:Snipe","hermit:Ricochet+1"],"picked":"Bomb","floor":11},{"not_picked":["hermit:Misfire+1","hermit:Manifest"],"picked":"hermit:Shortfuse+1","floor":12},{"not_picked":["hermit:Roulette+1","hermit:Misfire+1"],"picked":"hermit:EyeOfTheStorm","floor":13},{"not_picked":["hermit:Dive","hermit:BodyArmor"],"picked":"hermit:CalledShot+1","floor":14},{"not_picked":["hermit:OverwhelmingPower","hermit:Adapt"],"picked":"hermit:FromBeyond","floor":16},{"not_picked":["hermit:Coalescence+1","hermit:TrackingShot+1"],"picked":"hermit:Scavenge","floor":18},{"not_picked":["hermit:Desperado+1","hermit:HighCaliber+1"],"picked":"hermit:Dive","floor":19},{"not_picked":["hermit:Desperado+1","hermit:EyeOfTheStorm"],"picked":"hermit:Quickdraw+1","floor":24},{"not_picked":["hermit:Snipe","hermit:Malice+1","hermit:Headshot+1"],"picked":"SKIP","floor":27},{"not_picked":["hermit:Coalescence","hermit:Brawl","hermit:FullyLoaded"],"picked":"SKIP","floor":29},{"not_picked":["hermit:BigShot","hermit:ItchyTrigger+1","hermit:Vantage"],"picked":"SKIP","floor":31},{"not_picked":["hermit:Determination","hermit:Horror"],"picked":"hermit:NoHoldsBarred+1","floor":35},{"not_picked":["hermit:HighCaliber+1","hermit:LowProfile"],"picked":"hermit:FlashPowder+1","floor":36},{"not_picked":["hermit:DeadMansHand","hermit:Glare"],"picked":"hermit:Maintenance","floor":37},{"not_picked":["hermit:Vantage","hermit:LowProfile","hermit:CalledShot+1"],"picked":"SKIP","floor":38},{"not_picked":["hermit:HighCaliber+1","hermit:CalledShot+1","hermit:LoneWolf"],"picked":"SKIP","floor":39},{"not_picked":["hermit:CalledShot+1","hermit:ItchyTrigger+1"],"picked":"hermit:Brawl+1","floor":40},{"not_picked":["hermit:Midnight","hermit:BigShot+1"],"picked":"hermit:Roulette+1","floor":42},{"not_picked":["hermit:Vantage","hermit:HighCaliber+1","hermit:EyeOfTheStorm+1"],"picked":"SKIP","floor":46},{"not_picked":["hermit:Malice+1","hermit:Manifest","hermit:FatalDesire"],"picked":"SKIP","floor":48},{"not_picked":["hermit:ItchyTrigger+1","hermit:Combo"],"picked":"hermit:Glare+1","floor":54}],"player_experience":1159428,"relics_obtained":[{"floor":1,"key":"DemoMod:ClearGuonStone"},{"floor":6,"key":"DemoMod:NanoMachines"},{"floor":6,"key":"Mastiff:ReiMu"},{"floor":8,"key":"testmod-CrystalShield"},{"floor":9,"key":"Molten Egg 2"},{"floor":10,"key":"MawBank"},{"floor":10,"key":"Pear"},{"floor":11,"key":"Letter Opener"},{"floor":12,"key":"PillsDrop"},{"floor":12,"key":"Bag of Marbles"},{"floor":13,"key":"DemoMod:LamentConfigurum"},{"floor":14,"key":"Tiny Chest"},{"floor":18,"key":"DemoMod:AgedBell"},{"floor":19,"key":"RuthlessExorcism:ReiMu"},{"floor":24,"key":"Whetstone"},{"floor":26,"key":"Kunai"},{"floor":27,"key":"DemoMod:ChaffGrenade"},{"floor":27,"key":"testmod-Hope"},{"floor":29,"key":"DemoMod:Junk"},{"floor":29,"key":"DemoMod:RingOfEthereal"},{"floor":31,"key":"Smiling Mask"},{"floor":35,"key":"Blood Vial"},{"floor":36,"key":"CatCart"},{"floor":36,"key":"DemoMod:Junk"},{"floor":37,"key":"MoneyPower"},{"floor":38,"key":"DemoMod:Junk"},{"floor":39,"key":"DemoMod:Junk"},{"floor":40,"key":"DemoMod:GundromedaStrain"},{"floor":42,"key":"DemoMod:Junk"},{"floor":42,"key":"DemoMod:Junk"},{"floor":43,"key":"DemoMod:Junk"},{"floor":44,"key":"DemoMod:Junk"},{"floor":46,"key":"DemoMod:Junk"},{"floor":48,"key":"DemoMod:Junk"},{"floor":54,"key":"DemoMod:Junk"},{"floor":54,"key":"BookofShadows"}],"event_choices":[{"damage_healed":0,"gold_gain":71,"player_choice":"Gained Gold","damage_taken":0,"max_hp_gain":0,"max_hp_loss":0,"event_name":"Golden Wing","floor":4,"gold_loss":0},{"damage_healed":0,"gold_gain":0,"player_choice":"Opened","damage_taken":0,"relics_obtained":["Vajra"],"max_hp_gain":0,"max_hp_loss":0,"event_name":"The Mausoleum","floor":20,"gold_loss":0},{"damage_healed":0,"gold_gain":0,"player_choice":"Ignored","damage_taken":0,"max_hp_gain":0,"max_hp_loss":0,"event_name":"Ghosts","floor":21,"gold_loss":0},{"damage_healed":0,"gold_gain":0,"player_choice":"Fight","damage_taken":0,"max_hp_gain":0,"max_hp_loss":0,"event_name":"OrinTheCat","floor":36,"gold_loss":0},{"damage_healed":0,"gold_gain":0,"player_choice":"Ignored","damage_taken":0,"max_hp_gain":0,"max_hp_loss":0,"event_name":"Tomb of Lord Red Mask","floor":47,"gold_loss":0}],"is_beta":false,"boss_relics":[{"not_picked":["Coffee Dripper","Tiny House"],"picked":"SlaversCollar"},{"not_picked":[]},{"not_picked":["Velvet Choker","Black Star"],"picked":"testmod-DeterminationOfClimber"},{"not_picked":[]}],"items_purged_floors":[17,28,34,45,53,53],"is_endless":false,"potions_floor_spawned":[10,11,13,14,19,27,29,37,39,40,42],"ascension_level":11}}