{"host":"kh6fvhxn285ncg0o","time":1613811691,"event":{"mods":["Act Like it!","BaseMod","Colored Map","Friendly Minions","Keyboard Shortcuts","Minty Spire (QoL Compilation)","Quick Restart","Relic Stats","StSLib","SuperFastMode","UnlockEverythingMod"],"gold_per_floor":[114,114,133,208,16,16,32,82,131,164,183,183,183],"floor_reached":12,"language":"KOR","playtime":898,"items_purged":[],"score":156,"play_id":"5e08f583-b1f0-4b55-aed0-45f6280c5022","local_time":"20210220180131","is_ascension_mode":true,"campfire_choices":[{"data":"Rage","floor":6.0,"key":"SMITH"}],"circlet_count":0,"master_deck":["AscendersBane","Strike_R","Strike_R","Defend_R","Defend_R","Defend_R","Defend_R","Bash","Rage+1","Flame Barrier","Body Slam","Shrug It Off"],"relics":["Burning Blood","Bag of Marbles","Vajra","Darkstone Periapt"],"acts_visited":["Exordium"],"potions_floor_usage":[],"damage_taken":[{"damage":4.0,"enemies":"Jaw Worm","floor":1.0,"turns":5.0},{"damage":0.0,"enemies":"2 Louse","floor":3.0,"turns":4.0},{"damage":0.0,"enemies":"Cultist","floor":7.0,"turns":3.0},{"damage":25.0,"enemies":"3 Sentries","floor":10.0,"turns":12.0},{"damage":16.0,"enemies":"Large Slime","floor":11.0,"turns":8.0},{"damage":0,"enemies":"Gremlin Nob","floor":12,"turns":1}],"seed_played":"-6140764753413506211","potions_obtained":[{"floor":1.0,"key":"Regen Potion"},{"floor":3.0,"key":"LiquidBronze"},{"floor":7.0,"key":"SpeedPotion"}],"is_trial":false,"path_per_floor":["M","?","M","?","$","R","M","?","T","E","M","E"],"character_chosen":"IRONCLAD","items_purchased":["Body Slam","Bag of Marbles"],"campfire_rested":0,"item_purchase_floors":[5,5],"current_hp_per_floor":[68,61,67,56,56,56,62,56,56,37,27,27,27],"gold":183,"neow_bonus":"REMOVE_TWO","is_daily":false,"chose_seed":false,"campfire_upgraded":1,"win_rate":0.0,"timestamp":1613811691,"path_taken":["M","?","M","?","$","R","M","?","T","E","?","E"],"items_purchased_type":["Card","Relic"],"build_version":"2020-12-22","purchased_purges":0,"victory":false,"max_hp_per_floor":[68,68,68,68,68,68,68,68,68,68,68,68,68],"relic_stats":{"Darkstone Periapt":0,"counters":[6,33],"obtain_stats":[{"Darkstone Periapt":10,"Vajra":9,"Bag of Marbles":5,"Burning Blood":0},{"Darkstone Periapt":4,"Vajra":3,"Bag of Marbles":2,"Burning Blood":0},{"Darkstone Periapt":24,"Vajra":12,"Bag of Marbles":9,"Burning Blood":0}],"Burning Blood":28},"card_choices":[{"not_picked":["Dark Embrace","Headbutt"],"picked":"Rage","floor":1.0},{"not_picked":["Iron Wave","Infernal Blade"],"picked":"Flame Barrier","floor":3.0},{"not_picked":["Rampage","Inflame","Thunderclap"],"picked":"SKIP","floor":7.0},{"not_picked":["Hemokinesis","Iron Wave"],"picked":"Shrug It Off","floor":10.0}],"player_experience":1480911,"relics_obtained":[{"floor":9.0,"key":"Vajra"},{"floor":10.0,"key":"Darkstone Periapt"}],"event_choices":[{"cards_removed":["Strike_R"],"damage_healed":0.0,"max_hp_gain":0.0,"max_hp_loss":0.0,"gold_gain":0.0,"event_name":"Golden Wing","player_choice":"Card Removal","floor":2.0,"gold_loss":0.0,"damage_taken":7.0},{"damage_healed":0.0,"max_hp_gain":0.0,"max_hp_loss":0.0,"gold_gain":75.0,"event_name":"World of Goop","player_choice":"Gather Gold","floor":4.0,"gold_loss":0.0,"damage_taken":11.0},{"damage_healed":0.0,"max_hp_gain":0.0,"max_hp_loss":0.0,"gold_gain":50.0,"event_name":"FaceTrader","player_choice":"Touch","floor":8.0,"gold_loss":0.0,"damage_taken":6.0}],"is_beta":false,"boss_relics":[],"items_purged_floors":[],"is_endless":false,"potions_floor_spawned":[1,3,7],"killed_by":"Gremlin Nob","ascension_level":20}}