{"host":"zdcz0a6aak4rnx0s","time":1613799364,"event":{"mods":["AchievementEnabler","BaseMod","Colored Map","Colored Powertips","Minty Spire (QoL Compilation)","StSLib"],"gold_per_floor":[366,366,291,291,139,139,155,155,155,168,178,28,46,20,20,95,95,106,64,64,74,84,84,100,25,49,49,49],"floor_reached":27,"language":"ENG","playtime":1353,"items_purged":["Defend_R","Strike_R"],"score":386,"play_id":"56b94765-0eef-4fe2-af59-25c0e7a77104","local_time":"20210219233604","is_ascension_mode":true,"campfire_choices":[{"data":"True Grit","floor":6.0,"key":"SMITH"},{"data":"Cleave","floor":8.0,"key":"SMITH"},{"data":"Immolate","floor":15.0,"key":"SMITH"},{"data":"Limit Break","floor":23.0,"key":"SMITH"}],"circlet_count":0,"master_deck":["AscendersBane","Strike_R","Defend_R","Defend_R","Defend_R","Bash","True Grit+1","Cleave+1","Armaments","Immolate+1","Shrug It Off","Limit Break+1","Flex+1","Evolve","Inflame","Heavy Blade+1"],"relics":["Burning Blood","Paper Frog","Black Star","Smiling Mask"],"acts_visited":["Exordium","TheCity"],"potions_floor_usage":[27],"damage_taken":[{"damage":17.0,"enemies":"Small Slimes","floor":1.0,"turns":5.0},{"damage":0.0,"enemies":"Cultist","floor":7.0,"turns":3.0},{"damage":0.0,"enemies":"2 Louse","floor":10.0,"turns":3.0},{"damage":10.0,"enemies":"Exordium Wildlife","floor":11.0,"turns":5.0},{"damage":6.0,"enemies":"Looter","floor":13.0,"turns":3.0},{"damage":25.0,"enemies":"The Guardian","floor":16.0,"turns":14.0},{"damage":14.0,"enemies":"Shell Parasite","floor":18.0,"turns":6.0},{"damage":0.0,"enemies":"Chosen","floor":21.0,"turns":3.0},{"damage":25.0,"enemies":"Shelled Parasite and Fungi","floor":22.0,"turns":5.0},{"damage":31,"enemies":"Snake Plant","floor":24,"turns":6},{"damage":17,"enemies":"Centurion and Healer","floor":27,"turns":5}],"seed_played":"7767558752439029402","potions_obtained":[{"floor":1.0,"key":"LiquidBronze"},{"floor":11.0,"key":"Fire Potion"},{"floor":16.0,"key":"SkillPotion"},{"floor":18.0,"key":"HeartOfIron"},{"floor":22.0,"key":"SpeedPotion"}],"is_trial":false,"path_per_floor":["M","?","$","?","$","R","M","R","T","M","M","$","M","$","R","B",null,"M","$","$","M","M","R","M","?","T","M"],"character_chosen":"IRONCLAD","items_purchased":["Cleave","Immolate","Shrug It Off","Evolve"],"campfire_rested":0,"item_purchase_floors":[5,12,14,19],"current_hp_per_floor":[39,39,39,39,39,39,45,45,45,51,47,47,47,47,47,28,63,55,55,55,61,42,42,17,17,17,0,0],"gold":49,"neow_bonus":"TWO_FIFTY_GOLD","is_daily":false,"chose_seed":false,"campfire_upgraded":4,"win_rate":0.0,"timestamp":1613799364,"path_taken":["M","?","?","?","$","R","M","R","T","M","M","$","M","$","R","BOSS","M","?","$","M","M","R","M","?","T","M"],"items_purchased_type":["Card","Card","Card","Card"],"build_version":"2020-12-22","purchased_purges":2,"victory":false,"max_hp_per_floor":[75,75,75,75,75,75,75,75,75,75,75,75,75,75,75,75,75,75,75,75,75,75,75,75,75,75,75,75],"card_choices":[{"not_picked":["Anger","Battle Trance"],"picked":"True Grit","floor":1.0},{"not_picked":["Wild Strike","Pommel Strike","Blood for Blood"],"picked":"SKIP","floor":7.0},{"not_picked":["Iron Wave","Pommel Strike"],"picked":"Armaments","floor":10.0},{"not_picked":["Twin Strike","Clash","Cleave"],"picked":"SKIP","floor":11.0},{"not_picked":["Armaments","Second Wind","Twin Strike"],"picked":"SKIP","floor":13.0},{"not_picked":["Offering","Exhume"],"picked":"Limit Break","floor":16.0},{"not_picked":["Clothesline","Combust+1"],"picked":"Flex+1","floor":18.0},{"not_picked":["Perfected Strike","Thunderclap","Carnage"],"picked":"SKIP","floor":21.0},{"not_picked":["Heavy Blade","Warcry"],"picked":"Inflame","floor":22.0},{"not_picked":["Spot Weakness","Cleave"],"picked":"Heavy Blade+1","floor":24}],"player_experience":1044668,"relics_obtained":[{"floor":9.0,"key":"Paper Frog"},{"floor":26,"key":"Smiling Mask"}],"event_choices":[{"cards_removed":["Strike_R"],"damage_healed":0.0,"max_hp_gain":0.0,"max_hp_loss":0.0,"gold_gain":0.0,"event_name":"Bonfire Elementals","player_choice":"Offered Basic","floor":2.0,"gold_loss":0.0,"damage_taken":0.0},{"cards_removed":["Strike_R"],"damage_healed":0.0,"max_hp_gain":0.0,"max_hp_loss":0.0,"gold_gain":0.0,"event_name":"Purifier","player_choice":"Purged","floor":4.0,"gold_loss":0.0,"damage_taken":0.0},{"cards_removed":["Strike_R"],"damage_healed":0,"gold_gain":0,"player_choice":"Single Remove","damage_taken":0,"max_hp_gain":0,"max_hp_loss":0,"event_name":"Designer","floor":25,"gold_loss":75}],"is_beta":false,"boss_relics":[{"not_picked":["Ectoplasm","Snecko Eye"],"picked":"Black Star"}],"items_purged_floors":[3,5],"is_endless":false,"potions_floor_spawned":[1,11,16,18,22],"killed_by":"Centurion and Healer","ascension_level":18}}