{"host":"a70birb7gb03c330","time":1613858623,"event":{"mods":["Act Like it!","BaseMod","Better Vampires","Disable Question Mark Monsters","Hallownest","Minty Spire (QoL Compilation)","Permanent Neow","StSLib","The Bug Knight"],"gold_per_floor":[19,38,38,14,14,48,48,74,121,141,141,150,150,150,150,248,248,275,91,109,259,15,50,50,112,189,219,98,98,116,116,116,224,283,304,314,334,334,334],"floor_reached":38,"language":"ENG","playtime":2460,"items_purged":["Hallownest:curseDreamersLament","HollowMod:NailStrikeStart","HollowMod:NewGlowingWomb"],"score":470,"play_id":"7af48a1e-ed7b-4bae-acee-502b2e9deace","local_time":"20210220140343","is_ascension_mode":false,"campfire_choices":[{"data":"HollowMod:TaintedHusks","floor":7,"key":"SMITH"},{"data":"HollowMod:DoubleDash","floor":13,"key":"SMITH"},{"floor":15,"key":"REST"},{"data":"HollowMod:GoodIntentions","floor":29,"key":"SMITH"},{"floor":32,"key":"REST"}],"circlet_count":0,"master_deck":["HollowMod:NailStrikeStart","HollowMod:FocusHealStart","HollowMod:PogoStrike","HollowMod:TaintedHusks+1","HollowMod:DoubleDash+1","Hallownest:skillSlugHide+1","Hallownest:skillSlugHide","Hallownest:skillSlugHide","Hallownest:skillSlugHide","Hallownest:skillSlugHide","HollowMod:InfectedCysts","HollowMod:InfectedCysts","HollowMod:InfectedAttack","HollowMod:NewJinnsSoul+1","HollowMod:GoodIntentions+1","Clumsy","HollowMod:SlysStrikes","HollowMod:CloakDash+1","HollowMod:SlysStrikes"],"relics":["HollowMod:VesselMask","Hallownest:DreamNailRelic","Blood Vial","Toy Ornithopter","CeramicFish","Hallownest:TeacherSealRelic","Hallownest:SalubrasBlessingRelic","Cursed Key","Membership Card","HornCleat","Vajra","Bottled Flame","The Courier","Omamori","Medical Kit","Toxic Egg 2","Tiny House"],"acts_visited":["Hallownest:Greenpath","Hallownest:CityofTears","Hallownest:KingdomsEdge"],"potions_floor_usage":[],"damage_taken":[{"damage":0,"enemies":"Hallownest:monsterHuskWarrior","floor":1,"turns":4},{"damage":5,"enemies":"Hallownest:2_Baldur","floor":2,"turns":4},{"damage":10,"enemies":"Hallownest:eliteMossKnight","floor":6,"turns":10},{"damage":19,"enemies":"Hallownest:eliteVengeflyKing","floor":8,"turns":12},{"damage":2,"enemies":"Hallownest:2_MossCreeps","floor":10,"turns":5},{"damage":88,"enemies":"Hallownest:BossHornet","floor":16,"turns":11},{"damage":47,"enemies":"Hallownest:Guard_and_Sentry","floor":18,"turns":5},{"damage":11,"enemies":"Hallownest:Flukemon_and_Top","floor":20,"turns":7},{"damage":0,"enemies":"Hallownest:Nosk","floor":23,"turns":7},{"damage":11,"enemies":"Hallownest:Glutton_and_Coward","floor":25,"turns":4},{"damage":25,"enemies":"Hallownest:eliteWatcherKnight","floor":27,"turns":21},{"damage":1,"enemies":"Hallownest:Master_and_Novice","floor":30,"turns":5},{"damage":18,"enemies":"Hallownest:BossSoulMaster","floor":33,"turns":13},{"damage":27,"enemies":"Hallownest:2_Littles","floor":35,"turns":6},{"damage":41,"enemies":"Hallownest:Shield_Heavy","floor":36,"turns":9},{"damage":12,"enemies":"Hallownest:monsterPrimalAspid","floor":37,"turns":7},{"damage":0,"enemies":"Hallownest:Shield_Sturdy","floor":38,"turns":1}],"seed_played":"-8755378131485629966","potions_obtained":[{"floor":8,"key":"FairyPotion"},{"floor":10,"key":"Strength Potion"},{"floor":25,"key":"Strength Potion"},{"floor":33,"key":"Strength Potion"}],"is_trial":false,"path_per_floor":["M","M","?","$","?","E","R","E","T","M","?","?","R","?","R","B",null,"M","$","M","?","$","E","?","M","T","E","$","R","M","T","R","B",null,"M","M","M","M"],"character_chosen":"THE_BUGKNIGHT","items_purchased":["HollowMod:InfectedCysts","Membership Card","HornCleat","Vajra","Medical Kit"],"campfire_rested":2,"item_purchase_floors":[4,19,22,22,28],"current_hp_per_floor":[75,73,73,73,73,75,75,68,68,74,65,65,65,65,77,23,77,40,40,41,41,41,43,39,30,30,19,19,19,26,26,51,47,84,63,36,26,28,28],"gold":334,"neow_bonus":"REMOVE_TWO","is_daily":false,"chose_seed":false,"campfire_upgraded":3,"win_rate":0.0,"timestamp":1613858623,"path_taken":["M","M","?","$","?","E","R","E","T","?","?","?","R","?","R","BOSS","M","$","M","?","$","E","?","M","T","E","$","R","?","?","R","BOSS","M","M","?","M"],"items_purchased_type":["Card","Relic","Relic","Relic","Relic"],"build_version":"2020-12-22","purchased_purges":3,"victory":false,"max_hp_per_floor":[75,75,75,75,75,75,75,75,75,75,75,75,75,75,77,77,77,77,77,77,77,77,77,77,77,77,77,77,77,77,77,79,79,84,84,84,84,84,84],"card_choices":[{"not_picked":["HollowMod:BlackTendrils","HollowMod:CloakDash"],"picked":"HollowMod:TaintedHusks","floor":1},{"not_picked":["HollowMod:CycloneSlash","HollowMod:ShapeofUnn"],"picked":"HollowMod:DoubleDash","floor":2},{"not_picked":["HollowMod:PureNailStrike","HollowMod:theNailsmith","HollowMod:CycloneSlash"],"picked":"SKIP","floor":6},{"not_picked":["HollowMod:CloakDash","HollowMod:Grubsong"],"picked":"HollowMod:InfectedCysts","floor":8},{"not_picked":["HollowMod:RecoilStrike","HollowMod:SiblingsSouls"],"picked":"HollowMod:InfectedAttack","floor":10},{"not_picked":["HollowMod:CornifersMapStart","HollowMod:GoodIntentions"],"picked":"HollowMod:NewJinnsSoul+1","floor":18},{"not_picked":["HollowMod:DoubleDash","HollowMod:CornifersMapStart","HollowMod:PerfectDash+1"],"picked":"SKIP","floor":20},{"not_picked":["HollowMod:InfectedAttack","HollowMod:PerfectDash"],"picked":"HollowMod:NewGlowingWomb","floor":23},{"not_picked":["HollowMod:SiblingsSouls","HollowMod:NewLittleFool+1"],"picked":"HollowMod:GoodIntentions","floor":25},{"not_picked":["HollowMod:MonarchWings","HollowMod:ElderbugsWisdom","HollowMod:NewLittleFool"],"picked":"SKIP","floor":27},{"not_picked":["HollowMod:QuirrelsAssistance+1","HollowMod:DescendingDark","HollowMod:SiblingsShadow"],"picked":"SKIP","floor":30},{"not_picked":["HollowMod:MidwifesHunger","HollowMod:ElderbugsWisdom"],"picked":"HollowMod:SlysStrikes","floor":33},{"not_picked":["HollowMod:CycloneSlash","HollowMod:SharpenedNail"],"picked":"HollowMod:CloakDash+1","floor":34},{"not_picked":["HollowMod:CoiledNail+1","HollowMod:FastStrike"],"picked":"HollowMod:SlysStrikes","floor":35},{"not_picked":["HollowMod:DashSlash","HollowMod:SharpenedNail+1","HollowMod:HeavyBlow"],"picked":"SKIP","floor":36},{"not_picked":["HollowMod:CycloneSlash+1","HollowMod:DescendingDark","HollowMod:MonarchWings+1"],"picked":"SKIP","floor":37}],"player_experience":13482,"relics_obtained":[{"floor":6,"key":"Blood Vial"},{"floor":8,"key":"Toy Ornithopter"},{"floor":9,"key":"CeramicFish"},{"floor":23,"key":"Bottled Flame"},{"floor":26,"key":"The Courier"},{"floor":27,"key":"Omamori"},{"floor":31,"key":"Toxic Egg 2"}],"event_choices":[],"is_beta":false,"boss_relics":[{"not_picked":["Runic Dome","Snecko Eye"],"picked":"Cursed Key"},{"not_picked":["Coffee Dripper","Philosopher\u0027s Stone"],"picked":"Tiny House"}],"items_purged_floors":[19,22,28],"is_endless":false,"potions_floor_spawned":[8,10,25,33,36,37],"killed_by":"Hallownest:Shield_Sturdy","ascension_level":0}}