{"host":"en4narc5947t7k9n","time":1613792729,"event":{"mods":["AchievementEnabler","BaseMod","Colored Map","Minty Spire (QoL Compilation)","SuperFastMode"],"gold_per_floor":[116,128,142,67,67,94,112,137,137,155,4,24,34,34,34,34,34],"floor_reached":16,"language":"KOR","playtime":986,"items_purged":["Strike_R"],"score":114,"play_id":"cf29e5dd-d8bb-4df4-b0ac-cb5c3d88708a","local_time":"20210220124529","is_ascension_mode":false,"campfire_choices":[{"floor":15,"key":"RECALL"}],"circlet_count":0,"master_deck":["Strike_R","Strike_R","Strike_R","Strike_R","Defend_R","Defend_R","Defend_R","Defend_R","Bash","Flame Barrier","Ghostly Armor","Infernal Blade","Headbutt","Seeing Red","Cleave","Flex","Inflame"],"relics":["Burning Blood","NeowsBlessing","Orichalcum","Letter Opener","Omamori"],"acts_visited":["Exordium"],"potions_floor_usage":[6,6,8,16],"damage_taken":[{"damage":0,"enemies":"Cultist","floor":1,"turns":1},{"damage":0,"enemies":"Small Slimes","floor":2,"turns":1},{"damage":0,"enemies":"2 Louse","floor":3,"turns":1},{"damage":45,"enemies":"Lagavulin","floor":6,"turns":11},{"damage":1,"enemies":"2 Fungi Beasts","floor":7,"turns":4},{"damage":47,"enemies":"3 Sentries","floor":8,"turns":20},{"damage":2,"enemies":"3 Louse","floor":10,"turns":3},{"damage":7,"enemies":"Blue Slaver","floor":12,"turns":4},{"damage":3,"enemies":"Red Slaver","floor":13,"turns":4},{"damage":28,"enemies":"Slime Boss","floor":16,"turns":7}],"seed_played":"-4195025805220922648","potions_obtained":[{"floor":2,"key":"SkillPotion"},{"floor":3,"key":"Fire Potion"},{"floor":7,"key":"BloodPotion"},{"floor":8,"key":"PowerPotion"},{"floor":13,"key":"Swift Potion"}],"is_trial":false,"path_per_floor":["M","M","M","$","?","E","M","E","T","M","$","M","M","?","R","B"],"character_chosen":"IRONCLAD","items_purchased":["Omamori"],"campfire_rested":0,"item_purchase_floors":[11],"current_hp_per_floor":[80,80,80,80,80,41,46,21,21,25,25,24,27,27,27,0,0],"gold":34,"neow_bonus":"THREE_ENEMY_KILL","is_daily":false,"chose_seed":false,"campfire_upgraded":0,"win_rate":0.0,"timestamp":1613792729,"path_taken":["M","?","M","$","?","E","M","E","T","?","?","M","M","?","R","BOSS"],"items_purchased_type":["Relic"],"build_version":"2020-12-22","purchased_purges":1,"victory":false,"max_hp_per_floor":[80,80,80,80,80,80,80,80,80,80,80,80,80,80,80,80,80],"card_choices":[{"not_picked":["Armaments","Clothesline"],"picked":"Flame Barrier","floor":1},{"not_picked":["Perfected Strike","Dropkick"],"picked":"Blood for Blood","floor":2},{"not_picked":["Wild Strike","Blood for Blood"],"picked":"Ghostly Armor","floor":3},{"not_picked":["Fiend Fire","Armaments"],"picked":"Infernal Blade","floor":6},{"not_picked":["Twin Strike","Perfected Strike"],"picked":"Headbutt","floor":7},{"not_picked":["Iron Wave","Wild Strike"],"picked":"Seeing Red","floor":8},{"not_picked":["Metallicize","Flex"],"picked":"Cleave","floor":10},{"not_picked":["Clothesline","Twin Strike"],"picked":"Flex","floor":12},{"not_picked":["Spot Weakness","Heavy Blade"],"picked":"Inflame","floor":13}],"player_experience":97722,"relics_obtained":[{"floor":6,"key":"Orichalcum"},{"floor":8,"key":"Letter Opener"}],"event_choices":[{"cards_removed":["Blood for Blood"],"damage_healed":0,"gold_gain":0,"player_choice":"Took Card","damage_taken":0,"max_hp_gain":0,"max_hp_loss":0,"event_name":"NoteForYourself","floor":5,"gold_loss":0,"cards_obtained":["Strike_G"]},{"cards_removed":["Strike_G"],"damage_healed":0,"gold_gain":0,"player_choice":"Offered Basic","damage_taken":0,"max_hp_gain":0,"max_hp_loss":0,"event_name":"Bonfire Elementals","floor":14,"gold_loss":0}],"is_beta":false,"boss_relics":[],"items_purged_floors":[4],"is_endless":false,"potions_floor_spawned":[2,3,7,8,13],"killed_by":"Slime Boss","ascension_level":0}}