{"host":"or8fr2mp0k3eluj8","time":1613824590,"event":{"mods":["AchievementEnabler","BaseMod","Colored Map","DeckTracker","Keyboard Shortcuts","Minty Spire (QoL Compilation)","StSLib","SuperFastMode","everything is the same but u backflip on backflip"],"gold_per_floor":[167,167,92,92,111,61,61,94,94,114,129,163,163,177,177,273,273,287,305,305,305,324,324,353,365,365,365,381,381,395,78,78,173,173,191,191,42,57,74,100,100,125,125,198,226,239,239,264,264,264,264],"floor_reached":50,"language":"KOR","playtime":2438,"items_purged":["Strike_B"],"score":754,"play_id":"c57b726d-365f-462a-9b62-6977d6e46fa7","local_time":"20210220213630","is_ascension_mode":true,"campfire_choices":[{"data":"Genetic Algorithm","floor":7,"key":"SMITH"},{"floor":13,"key":"REST"},{"data":"Zap","floor":15,"key":"SMITH"},{"data":"Hyperbeam","floor":23,"key":"SMITH"},{"data":"Hello World","floor":29,"key":"SMITH"},{"floor":32,"key":"REST"},{"floor":41,"key":"REST"},{"floor":47,"key":"REST"},{"floor":49,"key":"RECALL"}],"circlet_count":0,"master_deck":["Dualcast","Sweeping Beam","Genetic Algorithm+1","Conserve Battery","Gash","Stack","Conserve Battery+1","Compile Driver","Hologram","Gash","Core Surge","Compile Driver","Leap+1","Hyperbeam+1","FTL","Fission","Gash","Steam","Aggregate","Rebound","Undo","Hello World+1","Redo+1","Heatsinks","Chill","Beam Cell","Buffer","Beam Cell+1","Ball Lightning+1","Steam","Reprogram","Coolheaded+1","Buffer","Stack+1","Hologram+1"],"relics":["Tiny House","Oddly Smooth Stone","Akabeko","Orichalcum","Pandora\u0027s Box","Shuriken","Calipers","Ornamental Fan","Vajra","Black Star","Toolbox","Centennial Puzzle","Symbiotic Virus","War Paint","Omamori","Singing Bowl","Pen Nib","CaptainsWheel","Toxic Egg 2","Darkstone Periapt"],"acts_visited":["Exordium","TheCity","TheBeyond"],"potions_floor_usage":[16,16,33,45,45,45],"damage_taken":[{"damage":12,"enemies":"Small Slimes","floor":1,"turns":4},{"damage":4,"enemies":"Jaw Worm","floor":5,"turns":4},{"damage":27,"enemies":"3 Sentries","floor":8,"turns":8},{"damage":0,"enemies":"2 Louse","floor":10,"turns":1},{"damage":3,"enemies":"Looter","floor":11,"turns":4},{"damage":24,"enemies":"Lagavulin","floor":12,"turns":7},{"damage":0,"enemies":"3 Louse","floor":14,"turns":3},{"damage":33,"enemies":"The Guardian","floor":16,"turns":16},{"damage":0,"enemies":"Spheric Guardian","floor":18,"turns":4},{"damage":12,"enemies":"3 Byrds","floor":19,"turns":5},{"damage":14,"enemies":"Centurion and Healer","floor":22,"turns":5},{"damage":11,"enemies":"Slavers","floor":24,"turns":3},{"damage":0,"enemies":"3 Cultists","floor":25,"turns":2},{"damage":2,"enemies":"Snake Plant","floor":28,"turns":4},{"damage":13,"enemies":"Shelled Parasite and Fungi","floor":30,"turns":6},{"damage":36,"enemies":"Collector","floor":33,"turns":10},{"damage":8,"enemies":"3 Shapes","floor":35,"turns":1},{"damage":20,"enemies":"3 Darklings","floor":38,"turns":3},{"damage":6,"enemies":"4 Shapes","floor":39,"turns":2},{"damage":58,"enemies":"Nemesis","floor":40,"turns":9},{"damage":16,"enemies":"Reptomancer","floor":42,"turns":9},{"damage":29,"enemies":"Giant Head","floor":45,"turns":9},{"damage":8,"enemies":"Spire Growth","floor":46,"turns":5},{"damage":0,"enemies":"Reptomancer","floor":48,"turns":7},{"damage":34,"enemies":"Awakened One","floor":50,"turns":9}],"seed_played":"7380074037602659763","potions_obtained":[{"floor":0,"key":"FairyPotion"},{"floor":1,"key":"Strength Potion"},{"floor":5,"key":"GamblersBrew"},{"floor":12,"key":"Block Potion"},{"floor":16,"key":"SpeedPotion"},{"floor":22,"key":"AttackPotion"},{"floor":24,"key":"Swift Potion"},{"floor":25,"key":"EntropicBrew"},{"floor":35,"key":"SteroidPotion"},{"floor":46,"key":"Energy Potion"},{"floor":48,"key":"Swift Potion"}],"is_trial":false,"path_per_floor":["M","?","$","?","M","?","R","E","T","M","M","E","R","M","R","B",null,"M","M","?","?","M","R","E","M","T","?","M","R","M","$","R","B",null,"M","?","$","M","M","E","R","E","T","T","E","M","R","E","R","B"],"character_chosen":"DEFECT","items_purchased":["Vajra","Heatsinks","Chill","Beam Cell","Toolbox"],"campfire_rested":4,"item_purchase_floors":[31,31,31,31,37],"current_hp_per_floor":[68,73,73,73,69,69,69,42,42,42,39,15,40,40,40,7,85,85,73,73,57,43,43,32,32,32,32,30,30,17,17,44,8,90,82,82,82,62,56,27,54,38,38,38,9,1,28,28,28,0,0],"gold":264,"neow_bonus":"BOSS_RELIC","is_daily":false,"chose_seed":false,"campfire_upgraded":4,"win_rate":0.0,"timestamp":1613824590,"path_taken":["M","?","$","?","M","?","R","E","T","M","M","E","R","M","R","BOSS","M","M","?","?","M","R","E","M","T","?","M","R","M","$","R","BOSS","M","?","?","M","?","E","R","E","T","?","E","?","R","E","R","BOSS"],"items_purchased_type":["Relic","Card","Card","Card","Relic"],"build_version":"2020-12-22","purchased_purges":1,"victory":false,"max_hp_per_floor":[80,85,85,85,85,85,85,85,85,85,85,85,85,85,85,85,85,85,85,85,90,90,90,90,90,90,90,90,90,90,90,90,90,90,90,90,90,90,90,90,90,90,90,90,90,90,90,90,90,90,90],"card_choices":[{"not_picked":["Reinforced Body","Cold Snap"],"picked":"Sweeping Beam","floor":0},{"not_picked":["Cold Snap","Lockon"],"picked":"Genetic Algorithm","floor":1},{"not_picked":["Streamline","Leap"],"picked":"Gash","floor":5},{"not_picked":["Defragment","Barrage"],"picked":"Stack","floor":8},{"not_picked":["Reinforced Body","Stack"],"picked":"Conserve Battery","floor":10},{"not_picked":["Meteor Strike","Cold Snap"],"picked":"Compile Driver","floor":11},{"not_picked":["Amplify","Cold Snap"],"picked":"Hologram","floor":12},{"not_picked":["Hologram","Chill"],"picked":"Gash","floor":14},{"not_picked":["Reboot","Thunder Strike"],"picked":"Core Surge","floor":16},{"not_picked":["Streamline","Ball Lightning"],"picked":"Gash","floor":18},{"not_picked":["Defragment","Compile Driver+1"],"picked":"Steam","floor":19},{"not_picked":["Consume","Darkness","Chaos"],"picked":"SKIP","floor":22},{"not_picked":["Barrage+1","Rebound"],"picked":"Aggregate","floor":24},{"not_picked":["Core Surge","Chaos+1"],"picked":"Rebound","floor":25},{"not_picked":["Loop+1","FTL"],"picked":"Hello World","floor":28},{"not_picked":["Streamline+1","Turbo"],"picked":"Redo+1","floor":30},{"not_picked":["Meteor Strike","Thunder Strike"],"picked":"Buffer","floor":33},{"not_picked":["Go for the Eyes","FTL+1"],"picked":"Beam Cell+1","floor":35},{"not_picked":["Sweeping Beam","Redo"],"picked":"Ball Lightning+1","floor":38},{"not_picked":["Conserve Battery+1","Ball Lightning+1"],"picked":"Steam","floor":39},{"not_picked":["Chill+1","Ball Lightning+1"],"picked":"Reprogram","floor":40},{"not_picked":["Redo+1","Barrage+1"],"picked":"Coolheaded+1","floor":42},{"not_picked":["Rebound+1","Fusion+1"],"picked":"Buffer","floor":45},{"not_picked":["Force Field","Ball Lightning"],"picked":"Stack+1","floor":46},{"not_picked":["Redo+1","Biased Cognition"],"picked":"Hologram+1","floor":48}],"player_experience":398565,"relics_obtained":[{"floor":8,"key":"Oddly Smooth Stone"},{"floor":9,"key":"Akabeko"},{"floor":12,"key":"Orichalcum"},{"floor":24,"key":"Calipers"},{"floor":26,"key":"Ornamental Fan"},{"floor":40,"key":"Centennial Puzzle"},{"floor":40,"key":"Symbiotic Virus"},{"floor":42,"key":"War Paint"},{"floor":42,"key":"Omamori"},{"floor":44,"key":"Singing Bowl"},{"floor":45,"key":"Pen Nib"},{"floor":45,"key":"CaptainsWheel"},{"floor":48,"key":"Toxic Egg 2"},{"floor":48,"key":"Darkstone Periapt"}],"event_choices":[{"damage_healed":0,"gold_gain":0,"player_choice":"Donut","damage_taken":0,"max_hp_gain":5,"max_hp_loss":0,"event_name":"Big Fish","floor":2,"gold_loss":0},{"damage_healed":0,"gold_gain":0,"cards_transformed":["Defend_B"],"player_choice":"Change","damage_taken":0,"max_hp_gain":0,"max_hp_loss":0,"event_name":"Living Wall","floor":4,"gold_loss":0,"cards_obtained":["Conserve Battery"]},{"cards_removed":["Strike_B"],"damage_healed":0,"gold_gain":0,"player_choice":"Card Removal","damage_taken":0,"max_hp_gain":0,"max_hp_loss":0,"event_name":"The Cleric","floor":6,"gold_loss":50},{"damage_healed":0,"gold_gain":0,"player_choice":"Opened","damage_taken":0,"relics_obtained":["Shuriken"],"max_hp_gain":0,"max_hp_loss":0,"event_name":"The Mausoleum","floor":20,"gold_loss":0},{"damage_healed":0,"gold_gain":0,"player_choice":"Shed Blood","damage_taken":21,"max_hp_gain":5,"max_hp_loss":0,"event_name":"Forgotten Altar","floor":21,"gold_loss":0},{"damage_healed":0,"gold_gain":0,"player_choice":"Read","damage_taken":0,"max_hp_gain":0,"max_hp_loss":0,"event_name":"The Library","floor":27,"gold_loss":0,"cards_obtained":["Undo"]},{"cards_removed":["Zap"],"damage_healed":0,"gold_gain":0,"player_choice":"Purged","damage_taken":0,"max_hp_gain":0,"max_hp_loss":0,"event_name":"Purifier","floor":36,"gold_loss":0}],"is_beta":false,"boss_relics":[{"not_picked":["SacredBark","Runic Pyramid"],"picked":"Pandora\u0027s Box"},{"not_picked":["Fusion Hammer","Snecko Eye"],"picked":"Black Star"}],"items_purged_floors":[3],"is_endless":false,"potions_floor_spawned":[1,5,12,16,22,24,25,35,38,46,48],"killed_by":"Awakened One","ascension_level":2}}