{"host":"52lujqhsyicpcskq","time":1613845952,"event":{"mods":["BaseMod","Colored Map","DeckTracker","Hermit","Minty Spire (QoL Compilation)","Permanent Neow","StSLib","SuperFastMode","everything is the same but u backflip on backflip"],"gold_per_floor":[117,129,143,155,168,168,243,271,271,271,328,317,317,329,329,424,424,443,453,463,482,482,514,514,525,525,525,543,558,177,205,205,307,307,307,307],"floor_reached":35,"language":"KOR","playtime":2818,"items_purged":[],"score":403,"play_id":"73b55d40-757c-4f69-a3b3-c9d3aaee0725","local_time":"20210221033232","is_ascension_mode":false,"campfire_choices":[{"data":"hermit:Maintenance","floor":6,"key":"SMITH"},{"data":"hermit:FlashPowder","floor":10,"key":"SMITH"},{"data":"hermit:GoldenBullet","floor":13,"key":"SMITH"},{"floor":15,"key":"REST"},{"floor":24,"key":"REST"},{"data":"hermit:HeroicBravado","floor":27,"key":"SMITH"},{"data":"hermit:TakeCover","floor":32,"key":"SMITH"}],"circlet_count":0,"master_deck":["hermit:Strike_Hermit+1","hermit:Strike_Hermit","hermit:Strike_Hermit","hermit:Strike_Hermit","hermit:Defend_Hermit","hermit:Defend_Hermit","hermit:Defend_Hermit","hermit:Defend_Hermit","hermit:Snapshot+1","hermit:Covet","hermit:Headshot+1","hermit:Maintenance+1","hermit:FlashPowder+1","hermit:GoldenBullet+1","hermit:Coalescence","hermit:Misfire","hermit:Reprieve","hermit:WideOpen+1","hermit:FlashPowder+1","hermit:FullyLoaded+1","hermit:HeroicBravado+1","hermit:TakeCover+1","hermit:Shortfuse","hermit:BigShot+1","hermit:FatalDesire+1","hermit:EternalForm+1","hermit:Ricochet+1","hermit:TrackingShot+1","hermit:DeadMansHand+1"],"relics":["hermit:Momento","Sundial","Eternal Feather","HornCleat","Black Star","Frozen Egg 2","Whetstone","Matryoshka","hermit:Spyglass","MealTicket","Juzu Bracelet","Strawberry","Question Card","Du-Vu Doll","Astrolabe"],"acts_visited":["Exordium","TheCity","TheBeyond"],"potions_floor_usage":[11,18,19,20,20,23,25,33,33],"damage_taken":[{"damage":3,"enemies":"Jaw Worm","floor":1,"turns":3},{"damage":0,"enemies":"2 Louse","floor":2,"turns":2},{"damage":1,"enemies":"Cultist","floor":3,"turns":3},{"damage":8,"enemies":"Lots of Slimes","floor":4,"turns":4},{"damage":7,"enemies":"3 Louse","floor":5,"turns":3},{"damage":32,"enemies":"Gremlin Nob","floor":8,"turns":5},{"damage":16,"enemies":"Lagavulin Event","floor":11,"turns":5},{"damage":2,"enemies":"Exordium Thugs","floor":12,"turns":4},{"damage":12,"enemies":"Red Slaver","floor":14,"turns":4},{"damage":35,"enemies":"The Guardian","floor":16,"turns":13},{"damage":9,"enemies":"Shell Parasite","floor":18,"turns":8},{"damage":15,"enemies":"Spheric Guardian","floor":19,"turns":4},{"damage":35,"enemies":"Cultist and Chosen","floor":20,"turns":10},{"damage":8,"enemies":"Snecko","floor":21,"turns":6},{"damage":20,"enemies":"Slavers","floor":23,"turns":7},{"damage":10,"enemies":"Chosen and Byrds","floor":25,"turns":7},{"damage":13,"enemies":"Shelled Parasite and Fungi","floor":28,"turns":6},{"damage":0,"enemies":"Snake Plant","floor":29,"turns":4},{"damage":16,"enemies":"Book of Stabbing","floor":31,"turns":8},{"damage":23,"enemies":"Collector","floor":33,"turns":16},{"damage":32,"enemies":"3 Darklings","floor":35,"turns":4}],"seed_played":"4433155294558199167","potions_obtained":[{"floor":2,"key":"CultistPotion"},{"floor":8,"key":"Energy Potion"},{"floor":11,"key":"Block Potion"},{"floor":14,"key":"SpeedPotion"},{"floor":16,"key":"Explosive Potion"},{"floor":19,"key":"Fruit Juice"},{"floor":20,"key":"EssenceOfSteel"},{"floor":21,"key":"SneckoOil"},{"floor":23,"key":"BlessingOfTheForge"},{"floor":31,"key":"DistilledChaos"},{"floor":33,"key":"EssenceOfSteel"}],"is_trial":false,"path_per_floor":["M","M","M","M","M","R","?","E","T","R","?","M","R","M","R","B",null,"M","M","M","M","?","E","R","M","T","R","M","M","$","E","R","B",null,"M"],"character_chosen":"HERMIT","items_purchased":["hermit:BigShot+1","Juzu Bracelet","Strawberry"],"campfire_rested":2,"item_purchase_floors":[30,30,30],"current_hp_per_floor":[72,72,71,63,56,56,56,24,24,33,17,15,24,12,43,8,75,70,55,29,25,25,5,41,31,31,43,34,34,56,44,59,68,87,55,55],"gold":307,"neow_bonus":"UPGRADE_CARD","is_daily":false,"chose_seed":false,"campfire_upgraded":5,"win_rate":0.0,"timestamp":1613845952,"path_taken":["M","M","M","M","M","R","?","E","T","R","?","M","R","M","R","BOSS","M","M","M","M","?","E","R","M","T","R","M","?","$","E","R","BOSS","M"],"items_purchased_type":["Card","Relic","Relic"],"build_version":"2020-12-22","purchased_purges":0,"victory":false,"max_hp_per_floor":[75,75,75,75,75,75,75,75,75,75,75,75,75,75,75,75,75,75,75,80,80,80,80,80,80,80,80,80,80,87,87,87,87,87,87,87],"card_choices":[{"not_picked":["hermit:Vantage","hermit:HighCaliber"],"picked":"hermit:Headshot","floor":1},{"not_picked":["hermit:Snipe","hermit:Manifest"],"picked":"hermit:Ricochet","floor":2},{"not_picked":["hermit:WideOpen","hermit:EyeOfTheStorm"],"picked":"hermit:Maintenance","floor":3},{"not_picked":["hermit:Ricochet","hermit:Purgatory"],"picked":"hermit:Feint","floor":4},{"not_picked":["hermit:Misfire","hermit:CursedWeapon"],"picked":"hermit:FlashPowder","floor":5},{"not_picked":["hermit:Roulette","hermit:Spite","hermit:LowProfile"],"picked":"SKIP","floor":8},{"not_picked":["hermit:Midnight","hermit:PistolWhip"],"picked":"hermit:GoldenBullet","floor":11},{"not_picked":["hermit:Desperado","hermit:Scavenge"],"picked":"hermit:Coalescence","floor":12},{"not_picked":["hermit:Virtue","hermit:Misfire","hermit:Cheat"],"picked":"SKIP","floor":14},{"not_picked":["hermit:Virtue","hermit:Cheat"],"picked":"hermit:Misfire","floor":14},{"not_picked":["hermit:RoundhouseKick","hermit:FinalCanter"],"picked":"hermit:Reprieve","floor":16},{"not_picked":["hermit:Vantage","hermit:Grudge"],"picked":"hermit:WideOpen+1","floor":18},{"not_picked":["hermit:TrackingShot","hermit:Ricochet"],"picked":"hermit:FlashPowder+1","floor":19},{"not_picked":["hermit:GhostlyPresence","hermit:TrackingShot+1"],"picked":"hermit:FullyLoaded+1","floor":20},{"not_picked":["hermit:Feint","hermit:GoldenBullet","hermit:Horror"],"picked":"SKIP","floor":21},{"not_picked":["hermit:Adapt+1","hermit:Vantage+1"],"picked":"hermit:HeroicBravado","floor":23},{"not_picked":["hermit:FullyLoaded+1","hermit:Coalescence"],"picked":"hermit:Glare","floor":25},{"not_picked":["hermit:ItchyTrigger","hermit:LowProfile+1"],"picked":"hermit:TakeCover","floor":28},{"not_picked":["hermit:Spite","hermit:Horror"],"picked":"hermit:Shortfuse","floor":29},{"not_picked":["hermit:TrackingShot","hermit:EyeOfTheStorm"],"picked":"hermit:FatalDesire+1","floor":31},{"not_picked":["hermit:DeadOrAlive","hermit:Reprieve","hermit:OverwhelmingPower+1"],"picked":"hermit:EternalForm+1","floor":33}],"player_experience":808279,"relics_obtained":[{"floor":8,"key":"Sundial"},{"floor":9,"key":"Eternal Feather"},{"floor":22,"key":"Frozen Egg 2"},{"floor":23,"key":"Whetstone"},{"floor":23,"key":"Matryoshka"},{"floor":26,"key":"hermit:Spyglass"},{"floor":26,"key":"MealTicket"},{"floor":31,"key":"Question Card"},{"floor":31,"key":"Du-Vu Doll"}],"event_choices":[{"damage_healed":0,"gold_gain":75,"player_choice":"Gained Gold","damage_taken":0,"max_hp_gain":0,"max_hp_loss":0,"event_name":"Golden Wing","floor":7,"gold_loss":0},{"damage_healed":0,"gold_gain":0,"player_choice":"Searched \u00272\u0027 times","damage_taken":0,"relics_obtained":["HornCleat"],"max_hp_gain":0,"max_hp_loss":0,"event_name":"Dead Adventurer","floor":11,"gold_loss":0},{"damage_healed":0,"gold_gain":0,"player_choice":"Relic","damage_taken":0,"max_hp_gain":0,"max_hp_loss":0,"event_name":"Wheel of Change","floor":22,"gold_loss":0}],"is_beta":false,"boss_relics":[{"not_picked":["Fusion Hammer","Sozu"],"picked":"Black Star"},{"not_picked":["Philosopher\u0027s Stone","Coffee Dripper"],"picked":"Astrolabe"}],"items_purged_floors":[],"is_endless":false,"potions_floor_spawned":[2,8,11,14,16,19,20,21,23,31,33],"killed_by":"3 Darklings","ascension_level":0}}