{"host":"gm50ke85n5jz306u","time":1613857967,"event":{"mods":["AchievementEnabler","AlwaysNeverKeys","Aspiration","BaseMod","Bestiary","Better Altar","Better Match","Better Note","Better Sensory Stone","Better Skull","Better Third Choice","Better Vampires","Better-Laid Plans","BetterRewards","Colored Powertips","Curses Come First","DNKmod","Decade(???)","Defuse TimeMaze Blight","Disable Question Mark Monsters","Displayed Cursed Tome","Downfall","Emptier Cage","Extra Virgin Snecko Oil","Filter the Spire","Friendly Minions","Gremlin Skip","Hermit","Hubris","Hyrulean Relics","Ironclad Rager","Jorbs\u0027s Wanderer Trilogy","KinomotoSakuraMod(????)","Koishi","Lobotomy","Marisa????????","Marked Mod","Minty Spire (QoL Compilation)","Permanent Neow","Poor People Problems","Quick Restart","Reimu??????","Relic Filter Mod","Relic Sorter","Remilia??????","Remove Card Discount Mod","Reorder Act Four","Replay The Spire","Shop Mod","StSLib","Synergy Search","Td1madao Mod","The Administrix","The Animator","The Blue Laboratory","The Bug Knight","The Construct","The Cursed","The Disciple","The Hierophant","The Necromancer","The Poker Player","The Runesmith","The Senshi","The Servant 0.9.4","Thieving Mod","Transform Curses","WarShipGirlsR/????R mod","Youmu??????"],"gold_per_floor":[9800,9814,9814,9754,9774,9291,9365,9365,9111,9125,9145,8904,8918,8848,8863,8959,8959,8959,8979,8979,8979,8996,8996,8996,8996,9014,9033,8592,8592,8607,8380,8394,8394,8394],"floor_reached":32,"language":"ENG","playtime":3089,"items_purged":["bronze:GetLatest","bronze:Strike","bronze:Strike","bronze:Strike","bronze:Strike","bronze:DelayedSlice","bronze:Branch","bronze:Branch","bronze:Branch","Metamorphosis","Flash of Steel","Blind","bronze:CutThrough","bronze:ClassDefault","bronze:ClassDefault","bronze:WhirlingStrike","bronze:WhirlingStrike","bronze:Deprecate"],"score":257,"play_id":"87cfb08f-206e-4db8-aee9-016a6a8d208d","local_time":"20210220225247","is_ascension_mode":false,"campfire_choices":[{"data":"bronze:FineTuning","floor":8,"key":"SMITH"},{"data":"bronze:ClassDefault","floor":18,"key":"SMITH"},{"data":"bronze:HardenedForm","floor":25,"key":"SMITH"},{"data":"bronze:FineTuning","floor":29,"key":"SMITH"}],"circlet_count":0,"master_deck":["bronze:Defend","bronze:Defend","bronze:Defend+1","bronze:Defend","bronze:Replicate","bronze:Goto","bronze:Iterate","bronze:FineTuning+1","bronze:Optimize","bronze:Optimize","bronze:Optimize","bronze:MaxOutput","bronze:Iterate","bronze:HardenedForm+1","bronze:Iterate","bronze:Iterate","bronze:ClassDefault+1","bronze:FineTuning+1","bronze:Iterate","bronze:FollowUp+1","bronze:CleanCode","bronze:OilSpill","bronze:FineTuning+1","bronze:NullPointer","bronze:Deprecate+1","bronze:Shell"],"relics":["bronze:BronzeCore","hubris:BundleOfHerbs","Mastiff:ReiMu","Replay:Bandana","MerchantsRug","Membership Card","Blue Doll","downfall:HeartBlessingRed","downfall:HeartBlessingGreen","Lantern","Bronze Scales","Replay:WaspNest","bronze:ProtectiveGoggles","theSenshi:SailorFukuRelic","Mercury Hourglass","Durian","Sling","hubris:MysteriousPyramids","downfall:KnowingSkull","aspiration:HatOfInfinitePower","Juzu Bracelet","Orrery"],"acts_visited":["Exordium","TheCity"],"potions_floor_usage":[13,30],"damage_taken":[{"damage":1,"enemies":"2 Louse","floor":2,"turns":2},{"damage":0,"enemies":"Small Slimes","floor":5,"turns":2},{"damage":0,"enemies":"downfall:FleeingMerchant","floor":6,"turns":4},{"damage":0,"enemies":"downfall:FleeingMerchant","floor":9,"turns":4},{"damage":0,"enemies":"Jaw Worm","floor":10,"turns":2},{"damage":0,"enemies":"Blue Slaver","floor":11,"turns":2},{"damage":7,"enemies":"downfall:FleeingMerchant","floor":12,"turns":4},{"damage":7,"enemies":"Exordium Wildlife","floor":13,"turns":3},{"damage":0,"enemies":"downfall:FleeingMerchant","floor":14,"turns":4},{"damage":4,"enemies":"downfall:LooterAlt","floor":15,"turns":2},{"damage":13,"enemies":"WA_ARCHETYPE_RETAIN","floor":16,"turns":5},{"damage":10,"enemies":"Chosen","floor":19,"turns":3},{"damage":6,"enemies":"downfall:LooterAlt2","floor":22,"turns":2},{"damage":16,"enemies":"Shelled Parasite and Fungi","floor":26,"turns":3},{"damage":8,"enemies":"3 Cultists","floor":27,"turns":2},{"damage":18,"enemies":"Snake Plant","floor":30,"turns":2},{"damage":19,"enemies":"Snecko","floor":32,"turns":3}],"seed_played":"-9143287297805725135","potions_obtained":[{"floor":2,"key":"blueLaboratory:FruitPunch"},{"floor":11,"key":"DistilledChaos"},{"floor":13,"key":"blueLaboratory:CorrosionFlask"},{"floor":26,"key":"blueLaboratory:FruitPunch"}],"is_trial":false,"path_per_floor":["R","M","?","?","M","$","T","R","$","M","M","$","M","$","M","B",null,"R","M","?","?","M","?","T","R","M","M","$","R","M","$","M"],"character_chosen":"THE_AUTOMATON","items_purchased":["Membership Card","MerchantsRug","Lantern","Bronze Scales","bronze:FineTuning","bronze:Optimize","bronze:Branch","bronze:ProtectiveGoggles","theSenshi:SailorFukuRelic","bronze:Optimize","blueLaboratory:ArtificerPotion","Blue Doll","Mercury Hourglass","Death Potion","Durian","Sling","hubris:MysteriousPyramids","bronze:Iterate","bronze:ClassDefault","Ancient Potion","ReplayTheSpireMod:ShopPack","aspiration:HatOfInfinitePower","Juzu Bracelet","bronze:CleanCode","bronze:Deprecate","bronze:OilSpill","bronze:FineTuning","Mastiff:ReiMu","Replay:Bandana","bronze:ClassDefault","Orrery"],"campfire_rested":0,"item_purchase_floors":[6,6,6,6,6,6,6,9,9,9,9,12,12,12,14,14,14,14,14,14,28,28,28,28,28,28,28,31,31,31,31],"current_hp_per_floor":[70,69,69,69,69,69,69,69,69,69,69,62,57,62,58,45,77,77,67,60,60,54,54,54,54,38,30,30,30,14,14,0,0,0],"gold":8394,"neow_bonus":"ONE_RANDOM_RARE_CARD","is_daily":false,"chose_seed":false,"campfire_upgraded":4,"win_rate":0.0,"timestamp":1613857967,"path_taken":["R","M","?","?","M","?","T","R","$","M","M","$","M","$","M","BOSS","R","M","?","?","?","?","T","R","M","M","$","R","M","$","M"],"items_purchased_type":["Relic","Relic","Card","Relic","Card","Card","Card","Relic","Relic","Card","Potion","Relic","Relic","Potion","Relic","Relic","Relic","Card","Card","Potion","Relic","Relic","Relic","Card","Card","Card","Card","Relic","Relic","Card","Relic"],"build_version":"2020-12-22","purchased_purges":18,"victory":false,"max_hp_per_floor":[70,70,70,70,70,70,70,70,70,70,70,70,72,77,77,77,77,77,77,77,77,77,77,77,77,77,77,77,77,79,79,79,79,79],"card_choices":[{"not_picked":["bronze:DelayedGuard","bronze:Frontload"],"picked":"bronze:Branch","floor":2},{"not_picked":[],"picked":"bronze:Iterate","floor":4},{"not_picked":[],"picked":"bronze:DelayedSlice","floor":4},{"not_picked":["bronze:BronzeArmor","bronze:Return","bronze:Backtrace"],"picked":"SKIP","floor":5},{"not_picked":["bronze:Overload","bronze:Frontload","bronze:Boost"],"picked":"SKIP","floor":6},{"not_picked":["bronze:Allocate","bronze:ThunderWave"],"picked":"bronze:CutThrough","floor":9},{"not_picked":["bronze:BitShift","bronze:Repulsor"],"picked":"bronze:MaxOutput","floor":10},{"not_picked":["bronze:DelayedGuard","bronze:Philosophize"],"picked":"bronze:Iterate","floor":11},{"not_picked":["bronze:Branch","bronze:BugBarrage"],"picked":"bronze:HardenedForm","floor":12},{"not_picked":["bronze:WildBeam","bronze:Optimize"],"picked":"bronze:Branch","floor":13},{"not_picked":["bronze:DelayedGuard","bronze:Turbo"],"picked":"bronze:WhirlingStrike","floor":14},{"not_picked":["bronze:DelayedSlice","bronze:DigitalCarnage","bronze:Branch"],"picked":"SKIP","floor":15},{"not_picked":["bronze:Branch","bronze:CloningBeam"],"picked":"bronze:WhirlingStrike","floor":19},{"not_picked":["bronze:Philosophize+1","bronze:WhirlingStrike"],"picked":"bronze:FineTuning+1","floor":22},{"not_picked":["bronze:Branch","bronze:CutThrough"],"picked":"bronze:Iterate","floor":26},{"not_picked":["bronze:MaxOutput+1","bronze:BuggyMess"],"picked":"bronze:FollowUp+1","floor":27},{"not_picked":["Crow Ritual","Transmutation"],"picked":"Metamorphosis","floor":28},{"not_picked":["Magnetism","Survey Options"],"picked":"Blind","floor":28},{"not_picked":["Secret Technique","Replay:Sssssssssshield"],"picked":"Flash of Steel","floor":28},{"not_picked":["bronze:Safeguard","bronze:WildBeam","bronze:Turbo"],"picked":"SKIP","floor":30},{"not_picked":["bronze:Backtrace","bronze:DelayedGuard"],"picked":"bronze:NullPointer","floor":31},{"not_picked":["bronze:ForceShield","bronze:BuggyMess+1"],"picked":"bronze:Deprecate+1","floor":31},{"not_picked":["bronze:BuggyMess","bronze:BitShift"],"picked":"bronze:Shell","floor":31}],"player_experience":339082,"relics_obtained":[{"floor":7,"key":"Replay:WaspNest"},{"floor":24,"key":"hubris:BundleOfHerbs"}],"event_choices":[{"damage_healed":0,"gold_gain":0,"player_choice":"Ignored","damage_taken":0,"max_hp_gain":0,"max_hp_loss":0,"event_name":"betterNote:BetterNote","floor":21,"gold_loss":0,"cards_obtained":["Mayhem"]}],"is_beta":false,"boss_relics":[{"not_picked":["Calling Bell","Abe\u0027s Treasure","Empty Cage"]}],"items_purged_floors":[6,6,6,6,6,6,14,14,14,28,28,28,28,31,31,31,31,31],"is_endless":false,"potions_floor_spawned":[2,11,13,16,22,26,27],"killed_by":"Snecko","ascension_level":0}}