{"host":"54jr43vd79817238","time":1613851261,"event":{"mods":["ATMod(°¢èªMod)","Act Like it!","Arknights","Aspiration","BaseMod","CapriCore","Dota2Spire","Friendly Minions","Gensokyo","Hallownest","Hermit","HololiveMod","Jedi Mod","KomeijiMod","Lobotomy","LobotomyExtend","Marisa£¨ìFÓê¡¡Ä§ÀíÉ³£©","Minty Spire (QoL Compilation)","MostiFishMod","Quarter Circle Forward PUNCH!","Reliquary","Replay The Spire","Robot Space Explorer","RumiaBox-Â¶Ã×æ«µÄÉñÃØºÐ×Ó","Spicy Shops","StSLib","TestMod","The Alterego","The Blackbeard","The Bug Knight","The Senshi","TheWitcher","Yakumo Yukari mod","Yuyuko","¡¾ÒÅÎï¿¨ÅÆ¡¿REMEMod"],"gold_per_floor":[117,136,153,176,251,251,251,284,335,335,388,418,474,509,509,638,638,670,670,711,147,187,187,225,225,251,251,282,327,327,361,361,483,483,524,424,424,455,489,489,534,658,713,769,769,822,856,912,912,940,940,940,940,67,110,170],"floor_reached":57,"language":"ZHS","playtime":2971,"items_purged":["alterego_mod:Strike","alterego_mod:Defend","alterego_mod:Defend"],"score":1751,"play_id":"b7f8ce67-70fe-4761-8c4d-2380f369ac46","local_time":"20210221040101","is_ascension_mode":false,"campfire_choices":[{"data":"Berserk","floor":6.0,"key":"SMITH"},{"floor":15.0,"key":"RECALL"},{"data":"ShyakuBuku","floor":23.0,"key":"SMITH"},{"data":"alterego_mod:Impale","floor":25.0,"key":"SMITH"},{"data":"alterego_mod:Exercise","floor":30.0,"key":"SMITH"},{"data":"alterego_mod:BiFurious","floor":32.0,"key":"SMITH"},{"data":"alterego_mod:Weigh","floor":40.0,"key":"SMITH"},{"data":"alterego_mod:Rip","floor":45.0,"key":"SMITH"},{"data":"alterego_mod:GoddessCore","floor":49,"key":"SMITH"},{"data":"alterego_mod:Mirror","floor":53,"key":"SMITH"}],"circlet_count":0,"master_deck":["alterego_mod:Defend","alterego_mod:Defend","alterego_mod:Impale+1","alterego_mod:BigMeatyClaws","alterego_mod:BrynhildrsRune","Berserk+1","AT_DarkMatter","alterego_mod:MagicResistance","alterego_mod:Mirror+1","alterego_mod:Bounce","alterego_mod:Exercise+1","blackbeard:Lifeboat","alterego_mod:MaintainEyeContact","alterego_mod:DiscoLights","alterego_mod:Birthday","theSenshi:WarriorOfTheMoon","alterego_mod:Punishment","alterego_mod:Birthday","alterego_mod:Weigh+1","ShyakuBuku+1","alterego_mod:BiFurious+1","Backstab","AT_WindFlip","Neutralize","blackbeard:BoostMorale","alterego_mod:GoddessCore+1","alterego_mod:Nekomimi+1","AT_KingSlayer+1","alterego_mod:Bounce","alterego_mod:Bunnysuit","alterego_mod:SakuraFive","alterego_mod:AlterEgo","alterego_mod:Birthday","Hallownest:curseDreamersLament","alterego_mod:Punishment+1","alterego_mod:Pet+1","alterego_mod:Rip+1","alterego_mod:Nekomimi+1","blackbeard:RearmingStrike","alterego_mod:Birthday","alterego_mod:VirginLaserPalladion","alterego_mod:ChallengeComplete","RobotSpaceExplorer:ShovelStrike","Brutality","HollowMod:Weaversong","alterego_mod:HighServant+1"],"relics":["DaveBox","AT_ATBox","testmod-TestBox","REME_ComplimentaryCards","testmod-HeartOfDaVinci","FeatherPendant","testmod-DeterminationOfClimber","SynthV:TestCard","blackbeard:TreasureChest","PreservedInsect","REME_PuzzleBoxRelic","theSenshi:CrisisMoonCompactRelic","ReiryokuShyu","Gremlin Food","AT_DeathDance","blackbeard:CrossedSwords","AT_SpeedBoots","jedi:battlestandard","Hallownest:BeastSealRelic","reliquary:Knoch","reliquary:HotPoker","blackbeard:Spearhead","testmod-ArcanaOfDestiny","RobotSpaceExplorer:SlideRule","reliquary:Crutches","Bag of Preparation","HollowMod:MillibellesNoteRelic","REME_CardOfGreed","Dota2Spire:HandOfMidas"],"acts_visited":["Exordium","Gensokyo:Gensokyoer","Hallownest:KingdomsEdge","TheEnding"],"potions_floor_usage":[],"damage_taken":[{"damage":0.0,"enemies":"2 Louse","floor":1.0,"turns":3.0},{"damage":0.0,"enemies":"Small Slimes","floor":2.0,"turns":2.0},{"damage":5.0,"enemies":"Jaw Worm","floor":3.0,"turns":2.0},{"damage":0.0,"enemies":"Exordium Thugs","floor":4.0,"turns":3.0},{"damage":0.0,"enemies":"Lots of Slimes","floor":8.0,"turns":1.0},{"damage":0.0,"enemies":"Lagavulin","floor":11.0,"turns":2.0},{"damage":0.0,"enemies":"Looter","floor":12.0,"turns":1.0},{"damage":0.0,"enemies":"3 Sentries","floor":13.0,"turns":2.0},{"damage":0.0,"enemies":"Large Slime","floor":14.0,"turns":3.0},{"damage":0.0,"enemies":"Slime Boss","floor":16.0,"turns":3.0},{"damage":0.0,"enemies":"Gensokyo:CosmicMonolith","floor":18.0,"turns":1.0},{"damage":0.0,"enemies":"Gensokyo:2_Gloops","floor":20.0,"turns":2.0},{"damage":0.0,"enemies":"Gensokyo:Slime_Group","floor":22.0,"turns":2.0},{"damage":0.0,"enemies":"Gensokyo:Chomper_and_Gloop","floor":24.0,"turns":1.0},{"damage":0.0,"enemies":"Gensokyo:Swordslinger","floor":28.0,"turns":1.0},{"damage":0.0,"enemies":"Gensokyo:Reisen","floor":29.0,"turns":2.0},{"damage":0.0,"enemies":"Gensokyo:Mirror_and_Dog","floor":31.0,"turns":1.0},{"damage":6.0,"enemies":"Gensokyo:Eiki","floor":33.0,"turns":1.0},{"damage":3.0,"enemies":"Hallownest:2_Littles","floor":35.0,"turns":2.0},{"damage":1.0,"enemies":"Hallownest:Shield_Heavy","floor":38.0,"turns":2.0},{"damage":0.0,"enemies":"Hallownest:2_Soldiers_and_1_Guardian","floor":39.0,"turns":2.0},{"damage":0.0,"enemies":"Hallownest:Slobbering_and_Violent","floor":41.0,"turns":1.0},{"damage":0.0,"enemies":"Hallownest:Slobbering_and_Violent","floor":42.0,"turns":2.0},{"damage":0.0,"enemies":"Hallownest:Slobbering_and_Violent","floor":42.0,"turns":1.0},{"damage":2.0,"enemies":"Hallownest:eliteCollector","floor":44.0,"turns":3.0},{"damage":1.0,"enemies":"Hallownest:eliteHiveKnight","floor":46.0,"turns":2.0},{"damage":0,"enemies":"Hallownest:2_Wandering_and_1_Horned","floor":47,"turns":2},{"damage":0,"enemies":"Hallownest:eliteCollector","floor":48,"turns":1},{"damage":0,"enemies":"Hallownest:Radiance","floor":50,"turns":2},{"damage":0,"enemies":"Shield and Spear","floor":55,"turns":1},{"damage":16,"enemies":"The Heart","floor":56,"turns":2}],"seed_played":"-2580660983613589706","potions_obtained":[{"floor":3.0,"key":"AttackPotion"},{"floor":4.0,"key":"testmod-SpacePotion"},{"floor":12.0,"key":"BlessingOfTheForge"},{"floor":13.0,"key":"Ancient Potion"},{"floor":16.0,"key":"Swift Potion"},{"floor":18.0,"key":"Weak Potion"},{"floor":22.0,"key":"Ancient Potion"},{"floor":31.0,"key":"Strength Potion"},{"floor":46.0,"key":"Weak Potion"}],"is_trial":false,"path_per_floor":["M","M","M","M","?","R","?","M","T","?","E","M","E","M","R","B",null,"M","?","M","$","M","R","M","R","T","?","M","E","R","M","R","B",null,"M","$","?","M","M","R","M","?","T","E","R","E","M","E","R","B",null,null,"R","$","E","B",null],"character_chosen":"The_Alterego","items_purchased":["Gremlin Food","AT_DeathDance","blackbeard:CrossedSwords","RobotSpaceExplorer:SlideRule","reliquary:Crutches","Bag of Preparation","HollowMod:MillibellesNoteRelic","REME_CardOfGreed"],"campfire_rested":0,"item_purchase_floors":[21,21,21,54,54,54,54,54],"current_hp_per_floor":[70,70,70,70,59,59,56,58,58,70,70,70,70,70,70,70,70,70,70,70,70,70,70,70,70,70,70,70,70,70,70,70,70,70,70,70,70,70,70,70,70,70,70,70,70,70,70,70,70,70,70,70,70,70,70,70],"gold":170,"neow_bonus":"BOSS_RELIC","is_daily":false,"chose_seed":false,"campfire_upgraded":9,"win_rate":0.0,"timestamp":1613851261,"path_taken":["M","M","M","M","?","R","?","M","T","?","E","M","E","?","R","BOSS","M","?","?","?","M","R","M","R","T","?","M","E","R","M","R","BOSS","M","$","?","M","M","R","M","?","T","E","R","E","M","E","R","BOSS","R","$","E","BOSS"],"items_purchased_type":["Relic","Relic","Relic","Relic","Relic","Relic","Relic","Relic"],"build_version":"2020-12-22","purchased_purges":3,"victory":true,"max_hp_per_floor":[70,70,70,70,70,70,70,70,70,70,70,70,70,70,70,70,70,70,70,70,70,70,70,70,70,70,70,70,70,70,70,70,70,70,70,70,70,70,70,70,70,70,70,70,70,70,70,70,70,70,70,70,70,70,70,70],"card_choices":[{"not_picked":["alterego_mod:Skirt","alterego_mod:Cooking"],"picked":"alterego_mod:MagicResistance","floor":1.0},{"not_picked":["alterego_mod:Crossover","alterego_mod:Valentines","alterego_mod:PresenceConcealment","alterego_mod:Belts"],"picked":"alterego_mod:Mirror","floor":2.0},{"not_picked":["alterego_mod:Crossover","alterego_mod:Cooking","alterego_mod:MaintainEyeContact","alterego_mod:Alter"],"picked":"alterego_mod:Bounce","floor":3.0},{"not_picked":["alterego_mod:Crossover","alterego_mod:BoobPocket","alterego_mod:MagicResistance","alterego_mod:SakuraFive"],"picked":"alterego_mod:Exercise","floor":4.0},{"not_picked":["alterego_mod:Rip","alterego_mod:Jiggle","alterego_mod:RocketPunch","alterego_mod:ChallengeComplete"],"picked":"alterego_mod:MaintainEyeContact","floor":8.0},{"not_picked":["alterego_mod:Pet","alterego_mod:BusterCard","alterego_mod:Jiggle","alterego_mod:GoddessCore"],"picked":"alterego_mod:DiscoLights","floor":11.0},{"not_picked":["alterego_mod:SakuraPetals","alterego_mod:BiFurious","alterego_mod:Cooking","alterego_mod:Maid"],"picked":"alterego_mod:Birthday","floor":12.0},{"not_picked":["alterego_mod:BustOut","alterego_mod:Cooking","alterego_mod:IdEs","alterego_mod:Bounce"],"picked":"alterego_mod:Punishment","floor":13.0},{"not_picked":["alterego_mod:Maid","alterego_mod:MagicResistance","alterego_mod:Cushion","alterego_mod:Stockings"],"picked":"alterego_mod:Birthday","floor":14.0},{"not_picked":["alterego_mod:Alter","alterego_mod:SideboobHour","alterego_mod:Antipathy","alterego_mod:VirginLaserPalladion"],"picked":"alterego_mod:Weigh","floor":16.0},{"not_picked":["alterego_mod:Skirt","alterego_mod:Punishment","alterego_mod:SuperDuperMasochism+1","alterego_mod:PerceptionDisorder+1"],"picked":"alterego_mod:BiFurious","floor":18.0},{"not_picked":["alterego_mod:Cycle","alterego_mod:GoddessCore","alterego_mod:Clap","alterego_mod:Smother","alterego_mod:SakuraLabyrinth"],"picked":"SKIP","floor":20.0},{"not_picked":["alterego_mod:Pet","alterego_mod:Undulate","alterego_mod:MagicResistance","alterego_mod:Smother"],"picked":"alterego_mod:GoddessCore","floor":22.0},{"not_picked":["alterego_mod:Pet+1","alterego_mod:Weigh","alterego_mod:1TonWallop","alterego_mod:DustData"],"picked":"alterego_mod:Nekomimi+1","floor":24.0},{"not_picked":["alterego_mod:Pet+1","alterego_mod:Cooking+1","alterego_mod:1TonWallop+1","alterego_mod:Lingerie"],"picked":"alterego_mod:Bounce","floor":28.0},{"not_picked":["alterego_mod:Cycle","alterego_mod:PresenceConcealment","alterego_mod:SakuraLabyrinth","alterego_mod:TrashNCrash"],"picked":"alterego_mod:Bunnysuit","floor":29.0},{"not_picked":["alterego_mod:Mirror","alterego_mod:Schoolgirl","alterego_mod:SakuraLabyrinth","alterego_mod:SakuraPetals"],"picked":"alterego_mod:SakuraFive","floor":31.0},{"not_picked":["alterego_mod:Palingenesis","alterego_mod:STier","alterego_mod:PainIsPleasure","alterego_mod:Lift"],"picked":"alterego_mod:AlterEgo","floor":33.0},{"not_picked":["alterego_mod:DeftHands","alterego_mod:Clap+1","alterego_mod:Cooking+1","alterego_mod:Rip+1"],"picked":"alterego_mod:Birthday","floor":35.0},{"not_picked":["alterego_mod:Swimsuit","alterego_mod:Support","alterego_mod:RidiculouslyBig+1","alterego_mod:DiscoLights+1"],"picked":"alterego_mod:Punishment+1","floor":38.0},{"not_picked":["alterego_mod:Cooking+1","alterego_mod:Birthday","alterego_mod:Swimsuit","alterego_mod:Rip"],"picked":"alterego_mod:Pet+1","floor":39.0},{"not_picked":["alterego_mod:PainIsPleasure","alterego_mod:Cycle+1","alterego_mod:GoddessCore","alterego_mod:Punishment"],"picked":"alterego_mod:Rip","floor":41.0},{"not_picked":["alterego_mod:DiscoLights+1","alterego_mod:Complex","alterego_mod:HighServant+1","alterego_mod:TrashNCrash"],"picked":"alterego_mod:Nekomimi+1","floor":44.0},{"not_picked":["alterego_mod:Rip","alterego_mod:Belle+1","alterego_mod:Cooking","alterego_mod:MagicResistance"],"picked":"alterego_mod:Birthday","floor":46.0},{"not_picked":["alterego_mod:DiscoLights","alterego_mod:BoobPocket+1","alterego_mod:Birthday+1","alterego_mod:Undulate"],"picked":"alterego_mod:VirginLaserPalladion","floor":47},{"not_picked":["alterego_mod:BiFurious+1","alterego_mod:Belts","alterego_mod:Exercise+1","alterego_mod:MaintainEyeContact"],"picked":"alterego_mod:ChallengeComplete","floor":48},{"not_picked":["alterego_mod:GoddessCore+1","alterego_mod:STier","alterego_mod:RidiculouslyBig","alterego_mod:RocketPunch+1"],"picked":"alterego_mod:HighServant+1","floor":55}],"player_experience":318046,"relics_obtained":[{"floor":1.0,"key":"SynthV:TestCard"},{"floor":9.0,"key":"PreservedInsect"},{"floor":11.0,"key":"REME_PuzzleBoxRelic"},{"floor":13.0,"key":"theSenshi:CrisisMoonCompactRelic"},{"floor":29.0,"key":"AT_SpeedBoots"},{"floor":43.0,"key":"reliquary:Knoch"},{"floor":44.0,"key":"reliquary:HotPoker"},{"floor":46.0,"key":"blackbeard:Spearhead"},{"floor":48,"key":"testmod-ArcanaOfDestiny"},{"floor":55,"key":"Dota2Spire:HandOfMidas"}],"event_choices":[{"damage_healed":0.0,"max_hp_gain":0.0,"max_hp_loss":0.0,"gold_gain":75.0,"event_name":"World of Goop","player_choice":"Gather Gold","floor":5.0,"gold_loss":0.0,"damage_taken":11.0},{"damage_healed":0.0,"max_hp_gain":0.0,"max_hp_loss":0.0,"gold_gain":0.0,"event_name":"Scrap Ooze","player_choice":"Success","floor":7.0,"gold_loss":0.0,"damage_taken":3.0,"relics_obtained":["blackbeard:TreasureChest"]}],"is_beta":false,"boss_relics":[{"not_picked":["testmod-PortableAltar","testmod-StringDisintegrator"],"picked":"ReiryokuShyu"},{"not_picked":["FixedStarFall","Hololive_ChaosS"],"picked":"jedi:battlestandard"}],"items_purged_floors":[21,36,54],"is_endless":false,"potions_floor_spawned":[3,4,12,13,16,18,22,28,31,39,42,46],"ascension_level":0}}