{"host":"tnuwi4l1p9i8nc6x","time":1613824701,"event":{"mods":["BaseMod","BetterRewards","Colored Map","Downfall","Friendly Minions","Hermit","Hubris","Infinite Spire","Marisa????????","Minty Spire (QoL Compilation)","Remilia??????","Replay The Spire","Shop Mod","StSLib","The Bug Knight","The Construct","The Cursed","The Disciple","The Jungle","The Necromancer","The Runesmith","The Senshi","The Servant 0.9.4"],"gold_per_floor":[113,33,52,52,52,84,84,101,125,136,154,154,183,68,68,170,170,191,207,57,57,57,57,177,193,193,103,108,108],"floor_reached":28,"language":"ENG","playtime":1647,"items_purged":["hermit:Strike_Hermit"],"score":253,"play_id":"367d0190-9210-4e0c-a7ae-e3a9a644ec95","local_time":"20210220073821","is_ascension_mode":false,"campfire_choices":[{"data":"hermit:Determination","floor":7,"key":"SMITH"},{"floor":15,"key":"REST"},{"floor":23,"key":"REST"}],"circlet_count":0,"master_deck":["hermit:Strike_Hermit","hermit:Strike_Hermit","hermit:Defend_Hermit","hermit:Defend_Hermit","hermit:Snapshot","hermit:Covet","hermit:Dive","hermit:Determination+1","hermit:CursedWeapon+1","hermit:Enervate+1","hermit:Glare","hermit:Headshot","hermit:Combo","hermit:Gestalt+1","hermit:Vantage","hermit:GhostlyPresence","hermit:Scavenge","hermit:EternalForm+1","hermit:WideOpen","hermit:Gestalt+1","hermit:NoHoldsBarred"],"relics":["hermit:Momento","NeowsBlessing","hubris:Icosahedron","Ancient Tea Set","Vajra","Centennial Puzzle","Empty Cage","Guide Book","hubris:Towel","Replay:WaspNest"],"acts_visited":["Exordium","TheCity"],"potions_floor_usage":[16,16,19],"damage_taken":[{"damage":0,"enemies":"Jaw Worm","floor":1,"turns":1},{"damage":0,"enemies":"Small Slimes","floor":3,"turns":1},{"damage":2,"enemies":"3 Sentries","floor":6,"turns":2},{"damage":12,"enemies":"2 Louse","floor":8,"turns":3},{"damage":16,"enemies":"Lots of Slimes","floor":10,"turns":4},{"damage":4,"enemies":"2 Fungi Beasts","floor":11,"turns":3},{"damage":3,"enemies":"Gremlin Nob","floor":13,"turns":3},{"damage":3,"enemies":"Slime Boss","floor":16,"turns":5},{"damage":23,"enemies":"Shell Parasite","floor":18,"turns":4},{"damage":18,"enemies":"3 Byrds","floor":19,"turns":6},{"damage":17,"enemies":"Centurion and Healer","floor":24,"turns":5},{"damage":21,"enemies":"Shelled Parasite and Fungi","floor":25,"turns":5},{"damage":25,"enemies":"Gremlin Leader","floor":28,"turns":2}],"seed_played":"-6216315633589027469","potions_obtained":[{"floor":1,"key":"Reflective Coating"},{"floor":8,"key":"hermit:Tonic"},{"floor":11,"key":"sneckomod:MuddlingPotion"},{"floor":13,"key":"Elixir"},{"floor":18,"key":"Adrenaline Potion"}],"is_trial":false,"path_per_floor":["M","$","M","?","?","E","R","M","T","M","M","?","E","$","R","B",null,"M","M","$","?","$","R","M","M","T","?","E"],"character_chosen":"HERMIT","items_purchased":["hermit:Determination","hermit:Scavenge","Guide Book"],"campfire_rested":2,"item_purchase_floors":[2,14,20],"current_hp_per_floor":[75,75,75,75,75,73,73,61,61,45,41,41,38,38,60,57,75,52,34,34,34,34,56,39,18,18,18,0,0],"gold":108,"neow_bonus":"THREE_ENEMY_KILL","is_daily":false,"chose_seed":false,"campfire_upgraded":1,"win_rate":0.0,"timestamp":1613824701,"path_taken":["M","$","M","?","?","E","R","M","T","M","M","?","E","$","R","BOSS","M","M","?","?","$","R","?","M","T","?","E"],"items_purchased_type":["Card","Card","Relic"],"build_version":"2020-12-22","purchased_purges":1,"victory":false,"max_hp_per_floor":[75,75,75,75,75,75,75,75,75,75,75,75,75,75,75,75,75,75,75,75,75,75,75,75,75,75,75,75,75],"card_choices":[{"not_picked":["hermit:Manifest","hermit:Misfire"],"picked":"hermit:Dive","floor":1},{"not_picked":["hermit:Quickdraw","hermit:Misfire"],"picked":"hermit:CursedWeapon","floor":3},{"not_picked":["hermit:Showdown","hermit:DeadMansHand"],"picked":"hermit:Enervate","floor":6},{"not_picked":["hermit:Midnight","hermit:PistolWhip"],"picked":"hermit:Glare","floor":8},{"not_picked":["hermit:Misfire","hermit:Glare"],"picked":"hermit:Headshot","floor":10},{"not_picked":["hermit:FromBeyond","hermit:Glare"],"picked":"hermit:Combo","floor":11},{"not_picked":["hermit:TrackingShot","hermit:Snipe"],"picked":"hermit:GhostlyPresence","floor":13},{"not_picked":["hermit:FromBeyond","hermit:HighNoon"],"picked":"hermit:EternalForm","floor":16},{"not_picked":["hermit:GoldenBullet","hermit:Coalescence"],"picked":"hermit:WideOpen","floor":18},{"not_picked":["hermit:BodyArmor+1","hermit:PistolWhip"],"picked":"hermit:Gestalt+1","floor":19},{"not_picked":["hermit:WideOpen","hermit:HighCaliber+1","hermit:Misfire"],"picked":"SKIP","floor":24},{"not_picked":["hermit:Glare","hermit:BodyArmor"],"picked":"hermit:NoHoldsBarred","floor":25}],"player_experience":670370,"relics_obtained":[{"floor":6,"key":"Ancient Tea Set"},{"floor":9,"key":"Vajra"},{"floor":13,"key":"Centennial Puzzle"},{"floor":26,"key":"Replay:WaspNest"}],"event_choices":[{"damage_healed":0,"gold_gain":0,"player_choice":"2 cards matched","damage_taken":0,"max_hp_gain":0,"max_hp_loss":0,"event_name":"Match and Keep!","floor":12,"gold_loss":0,"cards_obtained":["hermit:Gestalt","hermit:Vantage"]},{"cards_removed":["hermit:Strike_Hermit"],"damage_healed":0,"gold_gain":0,"player_choice":"Upgrade and Remove","damage_taken":0,"max_hp_gain":0,"max_hp_loss":0,"event_name":"Designer","floor":27,"gold_loss":90,"cards_upgraded":["hermit:Gestalt"]}],"is_beta":false,"boss_relics":[{"not_picked":["Philosopher\u0027s Stone","Abe\u0027s Treasure"],"picked":"Empty Cage"}],"items_purged_floors":[14],"is_endless":false,"potions_floor_spawned":[1,8,11,13,18],"killed_by":"Gremlin Leader","ascension_level":0}}