{"host":"tlbbab9afexrkdtf","time":1613782464,"event":{"mods":["2.2 Compatiblity","AchievementEnabler","BaseMod","Colored Map","Colored Powertips","Minty Spire (QoL Compilation)","Rare Cards Sparkle","StSLib"],"gold_per_floor":[114,133,133,143,218,218,244,261,285,285,300,311,311,328,328,430,430,446,146,158,169,169,200,200,200,200,232,3,3,3,29,29,29,29],"floor_reached":33,"language":"ENG","playtime":593,"items_purged":[],"score":438,"play_id":"834e4eeb-d4f2-4687-b304-8df5d9802f4d","local_time":"20210219195424","is_ascension_mode":true,"campfire_choices":[{"floor":6,"key":"REST"},{"floor":13,"key":"REST"},{"floor":15,"key":"REST"},{"floor":24,"key":"REST"},{"floor":30,"key":"REST"},{"floor":32,"key":"RECALL"}],"circlet_count":0,"master_deck":["Strike_R+1","Strike_R+1","Strike_R+1","Strike_R+1","Strike_R+1","Defend_R+1","Defend_R+1","Defend_R+1","Bash","Sword Boomerang","Inflame","Perfected Strike","Inflame","Inflame","Trip","Bloodletting","Dark Embrace","Carnage","Evolve","Limit Break","Inflame+1","Warcry+1","Perfected Strike","Cleave+1","Writhe","Injury","Flex+1","Whirlwind","Spot Weakness"],"relics":["Sozu","Orichalcum","Bag of Marbles","Cursed Key","Pen Nib","Happy Flower","Potion Belt","MealTicket","HornCleat","Ancient Tea Set","Blood Vial","Red Skull"],"acts_visited":["Exordium","TheCity"],"potions_floor_usage":[],"damage_taken":[{"damage":3,"enemies":"2 Louse","floor":1,"turns":3},{"damage":5,"enemies":"Small Slimes","floor":2,"turns":4},{"damage":0,"enemies":"Cultist","floor":4,"turns":2},{"damage":25,"enemies":"Lagavulin","floor":7,"turns":4},{"damage":7,"enemies":"3 Louse","floor":8,"turns":3},{"damage":8,"enemies":"Blue Slaver","floor":11,"turns":2},{"damage":12,"enemies":"Large Slime","floor":12,"turns":2},{"damage":2,"enemies":"Exordium Wildlife","floor":14,"turns":3},{"damage":33,"enemies":"Slime Boss","floor":16,"turns":4},{"damage":5,"enemies":"Spheric Guardian","floor":18,"turns":3},{"damage":6,"enemies":"Chosen","floor":20,"turns":3},{"damage":15,"enemies":"Shelled Parasite and Fungi","floor":21,"turns":3},{"damage":17,"enemies":"Gremlin Leader","floor":23,"turns":4},{"damage":43,"enemies":"Slavers","floor":27,"turns":4},{"damage":3,"enemies":"Gremlin Leader","floor":31,"turns":2},{"damage":74,"enemies":"Automaton","floor":33,"turns":6}],"seed_played":"-7548712806744285260","potions_obtained":[],"is_trial":false,"path_per_floor":["M","M","?","M","?","R","E","M","T","?","M","M","R","M","R","B",null,"M","$","M","M","?","E","R","?","T","E","$","?","R","E","R","B"],"character_chosen":"IRONCLAD","items_purchased":["Pen Nib","Happy Flower","Blood Vial","Whirlwind"],"campfire_rested":5,"item_purchase_floors":[19,19,28,28],"current_hp_per_floor":[77,72,65,65,54,78,53,46,46,46,38,26,50,48,72,39,70,65,65,59,44,70,53,77,77,77,34,49,49,73,72,72,0,0],"gold":29,"neow_bonus":"BOSS_RELIC","is_daily":false,"chose_seed":false,"campfire_upgraded":0,"win_rate":0.0,"timestamp":1613782464,"path_taken":["M","M","?","M","?","R","E","M","T","?","M","M","R","M","R","BOSS","M","$","?","M","?","E","R","?","T","E","$","?","R","E","R","BOSS"],"items_purchased_type":["Relic","Relic","Relic","Card"],"build_version":"2020-12-22","purchased_purges":0,"victory":false,"max_hp_per_floor":[80,80,80,80,80,80,80,80,80,80,80,80,80,80,80,80,80,80,80,80,80,80,80,80,80,80,80,80,80,80,80,80,80,80],"card_choices":[{"not_picked":["Havoc","Power Through"],"picked":"Sword Boomerang","floor":1},{"not_picked":["Ghostly Armor","Perfected Strike"],"picked":"Inflame","floor":2},{"not_picked":["Twin Strike","Dual Wield"],"picked":"Perfected Strike","floor":4},{"not_picked":["True Grit","Heavy Blade"],"picked":"Inflame","floor":7},{"not_picked":["Limit Break","Power Through"],"picked":"Inflame","floor":8},{"not_picked":["True Grit","Warcry"],"picked":"Dark Embrace","floor":11},{"not_picked":["Reckless Charge","Twin Strike"],"picked":"Carnage","floor":12},{"not_picked":["Pummel","Anger"],"picked":"Evolve","floor":14},{"not_picked":["Juggernaut","Brutality"],"picked":"Limit Break","floor":16},{"not_picked":["Heavy Blade+1","Pummel+1"],"picked":"Inflame+1","floor":18},{"not_picked":["Shrug It Off","Havoc"],"picked":"Warcry+1","floor":20},{"not_picked":["Sever Soul","Body Slam"],"picked":"Perfected Strike","floor":21},{"not_picked":["Sword Boomerang","Heavy Blade"],"picked":"Cleave+1","floor":23},{"not_picked":["Rupture","Spot Weakness"],"picked":"Flex+1","floor":27},{"not_picked":["Flame Barrier+1","Fire Breathing"],"picked":"Spot Weakness","floor":31}],"player_experience":348010,"relics_obtained":[{"floor":7,"key":"Orichalcum"},{"floor":9,"key":"Bag of Marbles"},{"floor":23,"key":"Potion Belt"},{"floor":26,"key":"HornCleat"},{"floor":27,"key":"Ancient Tea Set"},{"floor":31,"key":"Red Skull"}],"event_choices":[{"cards_removed":["Defend_R"],"damage_healed":0,"gold_gain":0,"player_choice":"Card Removal","damage_taken":7,"max_hp_gain":0,"max_hp_loss":0,"event_name":"Golden Wing","floor":3,"gold_loss":0},{"damage_healed":0,"gold_gain":75,"player_choice":"Gather Gold","damage_taken":11,"max_hp_gain":0,"max_hp_loss":0,"event_name":"World of Goop","floor":5,"gold_loss":0},{"damage_healed":0,"gold_gain":0,"player_choice":"2 cards matched","damage_taken":0,"max_hp_gain":0,"max_hp_loss":0,"event_name":"Match and Keep!","floor":10,"gold_loss":0,"cards_obtained":["Trip","Bloodletting"]},{"damage_healed":26,"gold_gain":0,"player_choice":"Heal","damage_taken":0,"max_hp_gain":0,"max_hp_loss":0,"event_name":"The Library","floor":22,"gold_loss":0},{"damage_healed":0,"gold_gain":0,"player_choice":"Opened","damage_taken":0,"relics_obtained":["MealTicket"],"max_hp_gain":0,"max_hp_loss":0,"event_name":"The Mausoleum","floor":25,"gold_loss":0,"cards_obtained":["Writhe"]},{"damage_healed":0,"gold_gain":0,"player_choice":"Simplicity","damage_taken":0,"max_hp_gain":0,"max_hp_loss":0,"event_name":"Back to Basics","floor":29,"gold_loss":0,"cards_upgraded":["Strike_R","Strike_R","Strike_R","Strike_R","Strike_R","Defend_R","Defend_R","Defend_R"]}],"is_beta":false,"boss_relics":[{"not_picked":["SlaversCollar","SacredBark"],"picked":"Cursed Key"}],"items_purged_floors":[],"is_endless":false,"potions_floor_spawned":[8,11,12,14,16,18,21,23,31],"killed_by":"Automaton","ascension_level":5}}