{"host":"35igpbicnxdwoo63","time":1613802762,"event":{"mods":["AchievementEnabler","BaseMod","CapriCore","Lobotomy","Minty Spire (QoL Compilation)","StSLib","SuperFastMode"],"gold_per_floor":[111,111,124,124,139,139,139],"floor_reached":6,"language":"KOR","playtime":492,"items_purged":[],"score":36,"play_id":"c6b12f29-90f1-4566-81c6-bd1122bfc83f","local_time":"20210220153242","is_ascension_mode":false,"campfire_choices":[],"circlet_count":0,"master_deck":["Strike_R","Strike_R","Strike_R","Defend_R","Defend_R","Defend_R","Defend_R","Bash","CherryBlossoms","Sword Boomerang","Wellcheers","Warcry","DreamingCurrent","Searing Blow"],"relics":["Burning Blood","CogitoBucket"],"acts_visited":["Exordium"],"potions_floor_usage":[6,6],"damage_taken":[{"damage":14,"enemies":"Small Slimes","floor":1,"turns":4},{"damage":5,"enemies":"Cultist","floor":3,"turns":4},{"damage":4,"enemies":"2 Louse","floor":5,"turns":3},{"damage":114,"enemies":"3 Sentries","floor":6,"turns":10}],"seed_played":"3589239481837264295","potions_obtained":[{"floor":3,"key":"SkillPotion"},{"floor":5,"key":"Dexterity Potion"}],"is_trial":false,"path_per_floor":["M","?","M","?","M","E"],"character_chosen":"IRONCLAD","items_purchased":[],"campfire_rested":0,"item_purchase_floors":[],"current_hp_per_floor":[72,72,73,73,75,0,0],"gold":139,"neow_bonus":"","is_daily":false,"chose_seed":false,"campfire_upgraded":0,"win_rate":0.0,"timestamp":1613802762,"path_taken":["M","?","?","?","?","E"],"items_purchased_type":[],"build_version":"2020-12-22","purchased_purges":0,"victory":false,"max_hp_per_floor":[80,80,80,80,80,80,80],"card_choices":[{"not_picked":["OSAHOGD","Murderer"],"picked":"CherryBlossoms","floor":1},{"not_picked":["Second Wind","Clash"],"picked":"Sword Boomerang","floor":1},{"not_picked":["WallGazer","BlackSwan"],"picked":"Wellcheers","floor":3},{"not_picked":["Clash","Intimidate"],"picked":"Warcry","floor":3},{"not_picked":["OldLady","MeatLantern"],"picked":"DreamingCurrent","floor":5},{"not_picked":["Cleave","Seeing Red"],"picked":"Searing Blow","floor":5}],"player_experience":124425,"relics_obtained":[],"event_choices":[{"cards_removed":["Strike_R"],"damage_healed":0,"gold_gain":0,"player_choice":"Purged","damage_taken":0,"max_hp_gain":0,"max_hp_loss":0,"event_name":"Purifier","floor":2,"gold_loss":0},{"cards_removed":["Strike_R"],"damage_healed":0,"gold_gain":0,"player_choice":"Offered Basic","damage_taken":0,"max_hp_gain":0,"max_hp_loss":0,"event_name":"Bonfire Elementals","floor":4,"gold_loss":0}],"is_beta":false,"boss_relics":[],"items_purged_floors":[],"is_endless":false,"potions_floor_spawned":[3,5],"killed_by":"3 Sentries","ascension_level":0}}