{"host":"v0n6ky7dmveherv3","time":1613841608,"event":{"mods":["BaseMod","Better Third Choice","Downfall","Minty Spire (QoL Compilation)","StSLib"],"gold_per_floor":[99,119,137,137,154,189,189,189,219,6,6,34,46,63,81,185,185,85,98,116,116,150,181,181,181,8,19,37,47,76,90,108,210,210,210,227,242,242,297,327,327,359,359,261,29,44,58,58,72,72],"floor_reached":51,"language":"ENG","playtime":4066,"items_purged":["downfall:Malfunctioning"],"score":910,"play_id":"952237f8-45a8-43b9-a3c3-3ed82a9d2aaa","local_time":"20210220102008","is_ascension_mode":true,"campfire_choices":[{"data":"hexamod:Float","floor":1,"key":"SMITH"},{"data":"hexamod:EmpoweredFlame","floor":8,"key":"SMITH"},{"data":"hexamod:HexaLevel","floor":11,"key":"SMITH"},{"data":"hexamod:TimeOfNeed","floor":18,"key":"SMITH"},{"data":"hexamod:EmpoweredFlame","floor":25,"key":"SMITH"},{"data":"hexamod:RecurringNightmare","floor":35,"key":"SMITH"},{"data":"hexamod:UnlimitedPower","floor":43,"key":"SMITH"}],"circlet_count":0,"master_deck":["hexamod:Strike+1","hexamod:Strike+1","hexamod:Strike+1","hexamod:Strike+1","hexamod:Defend+1","hexamod:Defend+1","hexamod:Defend+1","hexamod:Defend+1","hexamod:Sear","hexamod:Float+1","Flash of Steel+1","hexamod:Hexaguard+1","hexamod:FastForward+1","hexamod:EmpoweredFlame+1","hexamod:HexaLevel+1","hexamod:SoulSteal","hexamod:TimeWarp+1","hexamod:EmpoweredFlame+1","hexamod:GhostOfSpirePast","hexamod:SpectersWail+1","hexamod:EtherealExpedition","hexamod:TimeOfNeed+1","hexamod:EtherealExpedition+1","hexamod:ThirdSeal","hexamod:ThermalTransfer+1","hexamod:RetreatToShadows+1","hexamod:BacktrackSmack+1","hexamod:ForkedFlame+1","hexamod:GhostOfSpireFuture","hexamod:CatchUp+1","hexamod:FlameSwitch","hexamod:FastForward","hexamod:RecurringNightmare+1","hexamod:BacktrackSmack+1","hexamod:FastForward+1","hexamod:ForkedFlame+1","hexamod:ApocalypseNow","hexamod:StepThrough+1","hexamod:GhostOfSpireFuture","hexamod:Hexaguard","hexamod:FastForward+1","hexamod:GhostOfSpirePast+1","hexamod:UnlimitedPower+1","hexamod:BacktrackSmack+1","hexamod:FastForward","hexamod:ChargedBarrage+1","hexamod:RadiantFlame","Doubt","hexamod:BacktrackSmack+1"],"relics":["hexamod:SpiritBrand","Torii","Molten Egg 2","Bag of Marbles","Bag of Preparation","SlaversCollar","downfall:HeartBlessingGreen","Red Mask","Ornamental Fan","The Courier","PreservedInsect","Coffee Dripper","CaptainsWheel","Sundial","White Beast Statue","Strawberry","Eternal Feather","War Paint","Thread and Needle"],"acts_visited":["Exordium","TheCity","TheBeyond"],"potions_floor_usage":[6,6,29,32,33,42,44,46,50,50,50,50],"damage_taken":[{"damage":0,"enemies":"2 Louse","floor":2,"turns":3},{"damage":0,"enemies":"Cultist","floor":3,"turns":3},{"damage":0,"enemies":"Small Slimes","floor":5,"turns":4},{"damage":11,"enemies":"Gremlin Nob","floor":6,"turns":5},{"damage":9,"enemies":"Lagavulin","floor":9,"turns":7},{"damage":0,"enemies":"downfall:FleeingMerchant","floor":10,"turns":4},{"damage":13,"enemies":"3 Sentries","floor":12,"turns":5},{"damage":0,"enemies":"Exordium Wildlife","floor":13,"turns":3},{"damage":0,"enemies":"Exordium Thugs","floor":14,"turns":3},{"damage":9,"enemies":"3 Louse","floor":15,"turns":3},{"damage":4,"enemies":"SI_SHIV_ARCHETYPE","floor":16,"turns":6},{"damage":6,"enemies":"Shell Parasite","floor":19,"turns":4},{"damage":1,"enemies":"3 Byrds","floor":20,"turns":3},{"damage":12,"enemies":"Masked Bandits","floor":22,"turns":4},{"damage":11,"enemies":"Book of Stabbing","floor":23,"turns":5},{"damage":0,"enemies":"downfall:FleeingMerchant","floor":26,"turns":4},{"damage":4,"enemies":"Snecko","floor":27,"turns":7},{"damage":3,"enemies":"Centurion and Healer","floor":28,"turns":4},{"damage":2,"enemies":"Snake Plant","floor":29,"turns":3},{"damage":1,"enemies":"Gremlin Leader","floor":30,"turns":4},{"damage":1,"enemies":"Snecko","floor":31,"turns":4},{"damage":9,"enemies":"Centurion and Healer","floor":32,"turns":4},{"damage":24,"enemies":"WA_ARCHETYPE_CALM","floor":33,"turns":7},{"damage":3,"enemies":"Orb Walker","floor":36,"turns":3},{"damage":29,"enemies":"3 Darklings","floor":37,"turns":5},{"damage":20,"enemies":"2 Orb Walkers","floor":39,"turns":5},{"damage":0,"enemies":"Nemesis","floor":40,"turns":3},{"damage":35,"enemies":"Reptomancer","floor":42,"turns":5},{"damage":1,"enemies":"downfall:FleeingMerchant","floor":44,"turns":4},{"damage":11,"enemies":"Spire Growth","floor":46,"turns":4},{"damage":0,"enemies":"Transient","floor":47,"turns":5},{"damage":7,"enemies":"4 Shapes","floor":49,"turns":4},{"damage":4,"enemies":"IC_BLOCK_ARCHETYPE","floor":50,"turns":7}],"seed_played":"-3955462168032543359","potions_obtained":[{"floor":2,"key":"DistilledChaos"},{"floor":3,"key":"ColorlessPotion"},{"floor":13,"key":"PowerPotion"},{"floor":14,"key":"FairyPotion"},{"floor":23,"key":"hexamod:DoubleChargePotion"},{"floor":29,"key":"Regen Potion"},{"floor":39,"key":"Fire Potion"},{"floor":40,"key":"ColorlessPotion"},{"floor":42,"key":"Dexterity Potion"},{"floor":44,"key":"Regen Potion"},{"floor":46,"key":"bronze:BurnAndBuffPotion"},{"floor":47,"key":"EntropicBrew"}],"is_trial":false,"path_per_floor":["R","M","M","?","M","E","T","R","E","$","R","E","M","M","M","B",null,"R","M","M","?","?","E","T","R","$","M","M","M","E","M","M","B",null,"R","M","M","?","?","E","T","E","R","$","$","M","M","?","M","B",null],"character_chosen":"THE_SPIRIT","items_purchased":["hexamod:TimeWarp+1","hexamod:EmpoweredFlame","hexamod:ForkedFlame+1","hexamod:GhostOfSpireFuture","hexamod:FastForward","Eternal Feather","War Paint","Thread and Needle"],"campfire_rested":0,"item_purchase_floors":[10,10,26,26,44,44,44,45],"current_hp_per_floor":[70,70,70,70,70,59,59,59,50,50,50,37,37,37,28,24,70,70,64,63,63,51,40,40,40,40,36,33,31,30,29,32,8,70,70,67,38,61,41,41,41,13,13,12,12,10,10,68,61,57],"gold":72,"neow_bonus":"RANDOM_COLORLESS","is_daily":false,"chose_seed":false,"campfire_upgraded":7,"win_rate":0.0,"timestamp":1613841608,"path_taken":["R","M","M","?","M","E","T","R","E","$","R","E","?","M","M","BOSS","R","M","M","?","?","E","T","R","?","M","M","?","E","M","M","BOSS","R","M","M","?","?","E","T","E","R","?","$","?","M","?","M","BOSS"],"items_purchased_type":["Card","Card","Card","Card","Card","Relic","Relic","Relic"],"build_version":"2020-12-22","purchased_purges":1,"victory":true,"max_hp_per_floor":[70,70,70,70,70,70,70,70,70,70,70,70,70,70,70,70,70,70,70,70,70,70,70,70,70,70,70,70,70,70,70,70,70,70,70,70,70,61,61,61,61,68,68,68,68,68,68,68,68,68],"card_choices":[{"not_picked":["Madness","Finesse"],"picked":"Flash of Steel","floor":0},{"not_picked":["hexamod:HeatCrush","hexamod:BacktrackSmack","hexamod:SwordOfDarkness"],"picked":"SKIP","floor":2},{"not_picked":["hexamod:InspiringFlames","hexamod:ShieldOfDarkness"],"picked":"hexamod:Hexaguard","floor":3},{"not_picked":["hexamod:BacktrackSmack","hexamod:SoulSteal"],"picked":"hexamod:FastForward","floor":5},{"not_picked":["hexamod:ThermalTransfer","hexamod:DynamicBlow"],"picked":"hexamod:EmpoweredFlame","floor":6},{"not_picked":["hexamod:InspiringFlames","hexamod:SpectersWail+1"],"picked":"hexamod:HexaLevel","floor":9},{"not_picked":["hexamod:NightmareStrike+1","hexamod:Firestarter+1"],"picked":"hexamod:SoulSteal","floor":10},{"not_picked":["hexamod:CatchUp","hexamod:SkipABeat"],"picked":"hexamod:GhostOfSpirePast","floor":12},{"not_picked":["hexamod:PowerFromBeyond","hexamod:FlameSwitch"],"picked":"hexamod:SpectersWail+1","floor":13},{"not_picked":["hexamod:NightmareGuise","hexamod:BurningTouch","hexamod:GhostLash+1"],"picked":"SKIP","floor":14},{"not_picked":["hexamod:FirstSeal","hexamod:PowerFromBeyond"],"picked":"hexamod:EtherealExpedition","floor":15},{"not_picked":["hexamod:GhostOfSpirePresent","hexamod:FlameSwitch"],"picked":"hexamod:TimeOfNeed","floor":16},{"not_picked":["hexamod:PhantomFireball+1","hexamod:HauntingEcho+1"],"picked":"hexamod:EtherealExpedition+1","floor":19},{"not_picked":["hexamod:InspiringFlames","hexamod:GhostLash+1","hexamod:SpectersWail+1"],"picked":"SKIP","floor":20},{"not_picked":["hexamod:InspiringFlames","hexamod:FifthSeal"],"picked":"hexamod:ThirdSeal","floor":22},{"not_picked":["hexamod:HeatShield+1","hexamod:Firestarter+1"],"picked":"hexamod:ThermalTransfer+1","floor":23},{"not_picked":["hexamod:DynamicBlow+1","hexamod:BurningTouch","hexamod:ShieldOfDarkness"],"picked":"SKIP","floor":23},{"not_picked":["hexamod:AdvancingGuard","hexamod:BurningTouch+1"],"picked":"hexamod:RetreatToShadows+1","floor":26},{"not_picked":["hexamod:SwordOfDarkness+1","hexamod:GhostShield"],"picked":"hexamod:BacktrackSmack+1","floor":26},{"not_picked":["hexamod:PhantomFireball+1","hexamod:ShieldOfDarkness"],"picked":"hexamod:CatchUp","floor":27},{"not_picked":["hexamod:Incineration+1","hexamod:NightmareGuise","hexamod:SecondSeal"],"picked":"SKIP","floor":27},{"not_picked":["hexamod:FlamesFromBeyond","hexamod:EmpoweredFlame"],"picked":"hexamod:FlameSwitch","floor":28},{"not_picked":["hexamod:Incineration+1","hexamod:Firestarter+1","hexamod:GhostLash+1"],"picked":"SKIP","floor":28},{"not_picked":["hexamod:HauntingEcho+1","hexamod:ThermalTransfer+1"],"picked":"hexamod:FastForward","floor":29},{"not_picked":["hexamod:NightmareStrike+1","hexamod:PowerFromBeyond"],"picked":"hexamod:RecurringNightmare","floor":30},{"not_picked":["hexamod:BurningTouch","hexamod:ShieldOfDarkness+1"],"picked":"hexamod:BacktrackSmack+1","floor":30},{"not_picked":["hexamod:PowerFromBeyond+1","hexamod:SpectralSpark+1"],"picked":"hexamod:FastForward+1","floor":31},{"not_picked":["hexamod:GiftsFromTheDead","hexamod:SpectersWail+1","hexamod:Firestarter+1"],"picked":"SKIP","floor":32},{"not_picked":["hexamod:GhostflameInferno","hexamod:ApocalypticArmor"],"picked":"hexamod:ForkedFlame+1","floor":33},{"not_picked":["hexamod:FifthSeal","hexamod:UnlimitedPower"],"picked":"hexamod:ApocalypseNow","floor":33},{"not_picked":["hexamod:Firestarter+1","hexamod:SpectralSpark+1"],"picked":"hexamod:StepThrough+1","floor":36},{"not_picked":["hexamod:HauntingEcho+1","hexamod:InspiringFlames","hexamod:HeatMetal+1"],"picked":"SKIP","floor":36},{"not_picked":["hexamod:SwordOfDarkness+1","hexamod:BurningTouch"],"picked":"hexamod:GhostOfSpireFuture","floor":37},{"not_picked":["hexamod:ApocalypseNow","hexamod:SuperheatedStrike+1","hexamod:NightmareGuise"],"picked":"SKIP","floor":37},{"not_picked":["hexamod:GhostLash+1","hexamod:SkipABeat"],"picked":"hexamod:Hexaguard","floor":39},{"not_picked":["hexamod:PhantomCloak","hexamod:ThirdSeal"],"picked":"hexamod:FastForward+1","floor":40},{"not_picked":["hexamod:GhostflameInferno","hexamod:GiftsFromTheDead"],"picked":"hexamod:GhostOfSpirePast+1","floor":42},{"not_picked":["hexamod:RainOfEmbers+1","hexamod:FlamesFromBeyond"],"picked":"hexamod:UnlimitedPower","floor":42},{"not_picked":["hexamod:SpectralAdrenaline","hexamod:EtherealExpedition"],"picked":"hexamod:BacktrackSmack+1","floor":44},{"not_picked":["hexamod:ThirdSeal","hexamod:StepThrough+1"],"picked":"hexamod:ChargedBarrage+1","floor":46},{"not_picked":["hexamod:Incineration+1","hexamod:HeatMetal+1"],"picked":"hexamod:RadiantFlame","floor":47},{"not_picked":["hexamod:HeatMetal+1","hexamod:Incineration+1"],"picked":"hexamod:BacktrackSmack+1","floor":49}],"player_experience":151623,"relics_obtained":[{"floor":6,"key":"Torii"},{"floor":7,"key":"Molten Egg 2"},{"floor":9,"key":"Bag of Marbles"},{"floor":12,"key":"Bag of Preparation"},{"floor":22,"key":"Red Mask"},{"floor":23,"key":"Ornamental Fan"},{"floor":24,"key":"The Courier"},{"floor":30,"key":"PreservedInsect"},{"floor":39,"key":"CaptainsWheel"},{"floor":40,"key":"Sundial"},{"floor":41,"key":"White Beast Statue"},{"floor":42,"key":"Strawberry"}],"event_choices":[{"damage_healed":0,"gold_gain":0,"player_choice":"Fought Bandits","damage_taken":0,"max_hp_gain":0,"max_hp_loss":0,"event_name":"Masked Bandits","floor":22,"gold_loss":0},{"damage_healed":0,"gold_gain":0,"player_choice":"Fight","damage_taken":0,"max_hp_gain":0,"max_hp_loss":0,"event_name":"Mysterious Sphere","floor":39,"gold_loss":0}],"is_beta":false,"boss_relics":[{"not_picked":["hexamod:IceCube","Busted Crown"],"picked":"SlaversCollar"},{"not_picked":["Pandora\u0027s Box","expansioncontent:StudyCardRelic"],"picked":"Coffee Dripper"}],"items_purged_floors":[44],"is_endless":false,"potions_floor_spawned":[2,3,13,14,23,27,28,29,31,39,40,42,44,46,47,49],"ascension_level":1}}