{"host":"t39frk1gt0zfm79h","time":1613843711,"event":{"mods":["BaseMod","Better Altar","Better Match","Better Note","Better Sensory Stone","Better Skull","Better Third Choice","Block Reminder","Colored Map","Downfall","Hermit","Minty Spire (QoL Compilation)","Relic Stats","StSLib"],"gold_per_floor":[362,381,381,381,398,432,432,458,458,458,492,492,527,547,547,652,652,669,447,439,465,465,472,472],"floor_reached":23,"language":"ENG","playtime":1606,"items_purged":[],"score":230,"play_id":"5bd17b76-fdae-4e8b-96cc-73c42ca226eb","local_time":"20210220095511","is_ascension_mode":true,"campfire_choices":[{"floor":10.0,"key":"REST"},{"data":"hermit:Maintenance","floor":12.0,"key":"SMITH"},{"data":"hermit:Scavenge","floor":15,"key":"SMITH"}],"circlet_count":0,"master_deck":["hermit:Strike_Hermit","hermit:Strike_Hermit","hermit:Strike_Hermit","hermit:Defend_Hermit","hermit:Defend_Hermit","hermit:Defend_Hermit","hermit:Defend_Hermit","hermit:Snapshot","hermit:Covet","Injury","hermit:GhostlyPresence","hermit:BigShot","hermit:Maintenance+1","hermit:GhostlyPresence","hermit:Scavenge+1","hermit:Glare","hermit:Horror+1","hermit:HighNoon","hermit:Headshot+1","hermit:Enervate","hermit:Quickdraw"],"relics":["hermit:Momento","Orichalcum","Bottled Lightning","Question Card","Eternal Feather","Strawberry","Toxic Egg 2","Black Star","Centennial Puzzle"],"acts_visited":["Exordium","TheCity"],"potions_floor_usage":[],"damage_taken":[{"damage":0.0,"enemies":"2 Louse","floor":1.0,"turns":2.0},{"damage":5.0,"enemies":"Small Slimes","floor":2.0,"turns":4.0},{"damage":0.0,"enemies":"Cultist","floor":5.0,"turns":4.0},{"damage":35.0,"enemies":"Gremlin Nob","floor":6.0,"turns":6.0},{"damage":13.0,"enemies":"3 Sentries","floor":8.0,"turns":13.0},{"damage":16.0,"enemies":"Gremlin Nob","floor":11.0,"turns":5.0},{"damage":8,"enemies":"Lagavulin","floor":13,"turns":8},{"damage":2,"enemies":"Gremlin Gang","floor":14,"turns":4},{"damage":23,"enemies":"The Guardian","floor":16,"turns":12},{"damage":9,"enemies":"Chosen","floor":18,"turns":8},{"damage":11,"enemies":"2 Thieves","floor":20,"turns":4},{"damage":26,"enemies":"Centurion and Healer","floor":21,"turns":8},{"damage":36,"enemies":"Book of Stabbing","floor":23,"turns":5}],"seed_played":"-3831490025766917753","potions_obtained":[{"floor":5.0,"key":"SteroidPotion"},{"floor":6.0,"key":"hermit:BlackBile"},{"floor":8.0,"key":"Guardian:BlockOnCardUsePotion"},{"floor":16,"key":"Regen Potion"}],"is_trial":false,"path_per_floor":["M","M","?","?","M","E","?","E","T","R","E","R","E","M","R","B",null,"M","$","M","M","?","E"],"character_chosen":"HERMIT","items_purchased":["hermit:Enervate","Centennial Puzzle"],"campfire_rested":1,"item_purchase_floors":[19,19],"current_hp_per_floor":[75,70,58,51,51,16,16,3,3,34,25,34,26,24,33,10,82,73,73,62,36,36,0,0],"gold":472,"neow_bonus":"TWO_FIFTY_GOLD","is_daily":false,"chose_seed":false,"campfire_upgraded":2,"win_rate":0.0,"timestamp":1613843711,"path_taken":["M","M","?","?","M","E","?","E","T","R","E","R","E","M","R","BOSS","M","?","M","?","?","E"],"items_purchased_type":["Card","Relic"],"build_version":"2020-12-22","purchased_purges":0,"victory":false,"max_hp_per_floor":[75,75,75,75,75,75,75,75,75,75,82,82,82,82,82,82,82,82,82,82,82,82,82,82],"relic_stats":{"Centennial Puzzle":[9],"counters":[13,83],"Eternal Feather":27,"Black Star":0,"Orichalcum":[156],"Question Card":7,"obtain_stats":[{"Centennial Puzzle":19,"Strawberry":11,"Eternal Feather":9,"Black Star":17,"Bottled Lightning":6,"Orichalcum":3,"Toxic Egg 2":13,"Question Card":8,"hermit:Momento":0},{"Centennial Puzzle":10,"Strawberry":6,"Eternal Feather":5,"Black Star":9,"Bottled Lightning":4,"Orichalcum":2,"Toxic Egg 2":7,"Question Card":5,"hermit:Momento":0},{"Centennial Puzzle":66,"Strawberry":34,"Eternal Feather":29,"Black Star":58,"Bottled Lightning":16,"Orichalcum":6,"Toxic Egg 2":42,"Question Card":29,"hermit:Momento":0}]},"card_choices":[{"not_picked":["hermit:Dive","hermit:FlashPowder"],"picked":"hermit:GhostlyPresence","floor":1.0},{"not_picked":["hermit:LowProfile","hermit:Manifest"],"picked":"hermit:BigShot","floor":2.0},{"not_picked":["hermit:BodyArmor","hermit:Determination"],"picked":"hermit:Virtue","floor":5.0},{"not_picked":["hermit:LowProfile","hermit:HighNoon"],"picked":"hermit:Maintenance","floor":6.0},{"not_picked":["hermit:Glare","hermit:CalledShot"],"picked":"hermit:Scavenge","floor":8.0},{"not_picked":["hermit:Feint","hermit:LuckOfTheDraw","hermit:BodyArmor"],"picked":"hermit:Glare","floor":11.0},{"not_picked":["hermit:Glare+1","hermit:ItchyTrigger","hermit:Headshot"],"picked":"hermit:Horror+1","floor":13},{"not_picked":["hermit:CursedWeapon","hermit:Spite","hermit:CalledShot","hermit:DeadMansHand+1"],"picked":"SKIP","floor":14},{"not_picked":["hermit:Dissolve+1","hermit:RoundhouseKick","hermit:OverwhelmingPower"],"picked":"hermit:HighNoon","floor":16},{"not_picked":["hermit:ItchyTrigger","hermit:LowProfile+1","hermit:Coalescence+1"],"picked":"hermit:Headshot+1","floor":18},{"not_picked":["hermit:WideOpen","hermit:Spite","hermit:HoleUp+1"],"picked":"hermit:Shortfuse","floor":20},{"not_picked":["hermit:BodyArmor+1","hermit:Manifest+1","hermit:SprayPray"],"picked":"hermit:Quickdraw","floor":21}],"player_experience":16534,"relics_obtained":[{"floor":6.0,"key":"Bottled Lightning"},{"floor":8.0,"key":"Question Card"},{"floor":9.0,"key":"Eternal Feather"},{"floor":11.0,"key":"Strawberry"},{"floor":13,"key":"Toxic Egg 2"}],"event_choices":[{"damage_healed":0.0,"max_hp_gain":0.0,"max_hp_loss":0.0,"gold_gain":0.0,"event_name":"betterThird:BetterScrap","player_choice":"Relic ","floor":3.0,"gold_loss":0.0,"damage_taken":12.0,"cards_obtained":["Carnage"]},{"cards_removed":["hermit:Strike_Hermit"],"damage_healed":0.0,"max_hp_gain":0.0,"max_hp_loss":0.0,"gold_gain":0.0,"event_name":"Golden Wing","player_choice":"Card Removal","floor":4.0,"gold_loss":0.0,"damage_taken":7.0},{"damage_healed":0.0,"max_hp_gain":0.0,"max_hp_loss":0.0,"gold_gain":0.0,"cards_transformed":["hermit:Virtue"],"event_name":"Transmorgrifier","player_choice":"Transformed","floor":7.0,"gold_loss":0.0,"damage_taken":0.0,"cards_obtained":["hermit:GhostlyPresence"]},{"cards_removed":["hermit:Shortfuse"],"damage_healed":0,"gold_gain":0,"player_choice":"Purged","damage_taken":0,"max_hp_gain":0,"max_hp_loss":0,"event_name":"Purifier","floor":22,"gold_loss":0}],"is_beta":false,"boss_relics":[{"not_picked":["Coffee Dripper","Runic Pyramid"],"picked":"Black Star"}],"items_purged_floors":[],"is_endless":false,"potions_floor_spawned":[5,6,8,16,20],"killed_by":"Book of Stabbing","ascension_level":1}}