{"host":"sav7uxregyirlf69","time":1613833957,"event":{"mods":["AchievementEnabler","BaseMod","Colored Map","DeckTracker","Keyboard Shortcuts","Minty Spire (QoL Compilation)","READ ME - Guardian Mod","StSLib","SuperFastMode"],"gold_per_floor":[117,133,133,54,66,66,78,103,103,103,126,49,68,48,48,146,146,160,75,127,127,148,148,163,163,163,186,74,74,88,88,88,88,88],"floor_reached":33,"language":"KOR","playtime":770,"items_purged":["Strike_G"],"score":498,"play_id":"7bb33422-a289-41b1-bb64-999d35e80146","local_time":"20210221001237","is_ascension_mode":true,"campfire_choices":[{"floor":6,"key":"REST"},{"floor":15,"key":"REST"},{"floor":23,"key":"REST"},{"data":"Footwork","floor":25,"key":"SMITH"},{"data":"Accuracy","floor":29,"key":"SMITH"},{"data":"Cloak And Dagger","floor":32,"key":"SMITH"}],"circlet_count":0,"master_deck":["AscendersBane","Strike_G+1","Defend_G","Defend_G","Defend_G+1","Survivor","Neutralize","Dagger Throw","Footwork+1","Noxious Fumes+1","Cloak And Dagger+1","Backflip","Dodge and Roll","Accuracy+1","After Image","Burst","Blur+1","Quick Slash+1","Flying Knee+1","PiercingWail","Acrobatics+1","Escape Plan+1"],"relics":["Ring of the Snake","Tiny Chest","Golden Idol","Astrolabe","Peace Pipe","PreservedInsect","Toxic Egg 2","Anchor"],"acts_visited":["Exordium","TheCity"],"potions_floor_usage":[16,22],"damage_taken":[{"damage":1,"enemies":"2 Louse","floor":1,"turns":5},{"damage":0,"enemies":"Small Slimes","floor":2,"turns":4},{"damage":5,"enemies":"Jaw Worm","floor":5,"turns":6},{"damage":0,"enemies":"2 Fungi Beasts","floor":7,"turns":5},{"damage":19,"enemies":"Lagavulin","floor":8,"turns":8},{"damage":1,"enemies":"Exordium Wildlife","floor":11,"turns":5},{"damage":0,"enemies":"Blue Slaver","floor":13,"turns":6},{"damage":12,"enemies":"Exordium Thugs","floor":14,"turns":6},{"damage":9,"enemies":"The Guardian","floor":16,"turns":16},{"damage":6,"enemies":"Shell Parasite","floor":18,"turns":9},{"damage":24,"enemies":"Chosen","floor":22,"turns":8},{"damage":14,"enemies":"Centurion and Healer","floor":24,"turns":11},{"damage":22,"enemies":"Snake Plant","floor":27,"turns":6},{"damage":12,"enemies":"Snecko","floor":30,"turns":7},{"damage":73,"enemies":"Champ","floor":33,"turns":19}],"seed_played":"-7263268708564646379","potions_obtained":[{"floor":7,"key":"Ancient Potion"},{"floor":11,"key":"FairyPotion"},{"floor":14,"key":"Energy Potion"},{"floor":16,"key":"AttackPotion"},{"floor":27,"key":"FairyPotion"}],"is_trial":false,"path_per_floor":["M","M","?","$","M","R","M","E","T","?","M","$","M","M","R","B",null,"M","?","T","?","M","R","M","R","T","M","$","R","M","T","R","B"],"character_chosen":"THE_SILENT","items_purchased":["Noxious Fumes","Accuracy","Escape Plan+1"],"campfire_rested":3,"item_purchase_floors":[4,12,28],"current_hp_per_floor":[43,43,23,23,18,37,37,18,18,18,17,17,17,5,23,14,49,43,43,43,43,19,37,23,23,23,1,1,1,18,18,18,0,0],"gold":88,"neow_bonus":"REMOVE_TWO","is_daily":false,"chose_seed":false,"campfire_upgraded":3,"win_rate":0.0,"timestamp":1613833957,"path_taken":["M","M","?","$","M","R","M","E","T","?","M","?","M","M","R","BOSS","M","?","?","?","M","R","?","R","T","M","$","R","?","?","R","BOSS"],"items_purchased_type":["Card","Card","Card"],"build_version":"2020-12-22","purchased_purges":1,"victory":false,"max_hp_per_floor":[66,66,66,66,66,66,66,66,66,60,60,60,60,60,60,60,60,60,60,60,60,60,60,60,60,60,60,60,60,60,60,60,60,60],"card_choices":[{"not_picked":["Blade Dance","Deadly Poison"],"picked":"Dagger Throw","floor":1},{"not_picked":["Blade Dance","Dagger Throw"],"picked":"Footwork","floor":2},{"not_picked":["Sucker Punch","Catalyst"],"picked":"Cloak And Dagger","floor":5},{"not_picked":["Eviscerate","Underhanded Strike"],"picked":"Backflip","floor":7},{"not_picked":["Distraction","Flechettes","Underhanded Strike"],"picked":"SKIP","floor":8},{"not_picked":["Deflect","Leg Sweep"],"picked":"Dodge and Roll","floor":11},{"not_picked":["Cloak And Dagger","Dagger Throw"],"picked":"After Image","floor":13},{"not_picked":["Bane","Deflect","Poisoned Stab"],"picked":"SKIP","floor":14},{"not_picked":["Wraith Form v2","Unload"],"picked":"Burst","floor":16},{"not_picked":["Flying Knee","Skewer"],"picked":"PiercingWail","floor":18},{"not_picked":["Quick Slash","Eviscerate+1","Accuracy"],"picked":"SKIP","floor":22},{"not_picked":["Accuracy","Backstab"],"picked":"Acrobatics+1","floor":24},{"not_picked":["Flying Knee","Sucker Punch","Quick Slash+1"],"picked":"SKIP","floor":27},{"not_picked":["Eviscerate","Burst+1","Masterful Stab"],"picked":"SKIP","floor":30}],"player_experience":1633501,"relics_obtained":[{"floor":8,"key":"Tiny Chest"},{"floor":20,"key":"PreservedInsect"},{"floor":26,"key":"Toxic Egg 2"},{"floor":31,"key":"Anchor"}],"event_choices":[{"damage_healed":0,"gold_gain":0,"player_choice":"Entered Light","damage_taken":20,"max_hp_gain":0,"max_hp_loss":0,"event_name":"Shining Light","floor":3,"gold_loss":0,"cards_upgraded":["Strike_G","Defend_G"]},{"damage_healed":0,"gold_gain":0,"player_choice":"Lose Max HP","damage_taken":0,"relics_obtained":["Golden Idol"],"max_hp_gain":0,"max_hp_loss":6,"event_name":"Golden Idol","floor":10,"gold_loss":0},{"damage_healed":0,"gold_gain":0,"player_choice":"Obtained Relic","damage_taken":0,"relics_obtained":["Peace Pipe"],"max_hp_gain":0,"max_hp_loss":0,"event_name":"Addict","floor":19,"gold_loss":85},{"damage_healed":0,"gold_gain":0,"player_choice":"Upgraded","damage_taken":0,"max_hp_gain":0,"max_hp_loss":0,"event_name":"Upgrade Shrine","floor":21,"gold_loss":0,"cards_upgraded":["Noxious Fumes"]}],"is_beta":false,"boss_relics":[{"not_picked":["Pandora\u0027s Box","Tiny House"],"picked":"Astrolabe"}],"items_purged_floors":[28],"is_endless":false,"potions_floor_spawned":[7,11,14,16,27],"killed_by":"Champ","ascension_level":20}}