{"host":"i45hfqkcke4zequp","time":1613828617,"event":{"mods":["AchievementEnabler","BaseMod","BetterRewards","Minty Spire (QoL Compilation)","Permanent Neow","Shop Mod","SuperFastMode"],"gold_per_floor":[114,114,289,308,308,351,351,385,385,385,404,469,469,508,508,637,637,655,455,473,496,511,167,203,203,203,255,267,314,326,382,394,536,548,583,708,741,251,634,665,715,727,727,740,790,840,868,918,918,918],"floor_reached":51,"language":"KOR","playtime":2871,"items_purged":[],"score":1484,"play_id":"223f4d8d-49b3-445d-996e-cad93833b8e9","local_time":"20210220224337","is_ascension_mode":true,"campfire_choices":[{"floor":7.0,"key":"REST"},{"data":"BattleHymn","floor":10.0,"key":"SMITH"},{"floor":13.0,"key":"REST"},{"data":"Eruption","floor":15.0,"key":"SMITH"},{"floor":25.0,"key":"REST"},{"floor":28.0,"key":"REST"},{"data":"Blasphemy","floor":30.0,"key":"SMITH"},{"floor":32.0,"key":"REST"},{"floor":49,"key":"REST"}],"circlet_count":0,"master_deck":["Strike_P+1","Strike_P+1","Strike_P","Strike_P","Defend_P","Defend_P+1","Defend_P","Defend_P","Eruption+1","Vigilance+1","FlurryOfBlows","BattleHymn+1","PanicButton+1","CarveReality","Injury","Doubt","CrushJoints","Weave","LessonLearned","FlurryOfBlows","MentalFortress","FollowUp+1","Prostrate","Blasphemy+1","FlyingSleeves+1","ThirdEye","Weave","WreathOfFlame","EmptyFist+1","Prostrate","Conclude","JustLucky+1","Wireheading+1","BowlingBash+1","CrushJoints+1","Vault+1","Consecrate","Evaluate+1","Nirvana","ForeignInfluence","EmptyFist+1","Writhe","Wallop+1","Decay","Writhe","Violence","Prostrate+1"],"relics":["PureWater","Du-Vu Doll","Bronze Scales","Ginger","SsserpentHead","Shuriken","Dead Branch","Dream Catcher","War Paint","Busted Crown","PreservedInsect","Blue Candle","Juzu Bracelet","MawBank","Happy Flower","Yang","Potion Belt","Cursed Key","Incense Burner","TeardropLocket","Damaru","GoldenEye","Bottled Flame","White Beast Statue","Pen Nib"],"acts_visited":["Exordium","TheCity","TheBeyond"],"potions_floor_usage":[44,50,50,50],"damage_taken":[{"damage":5.0,"enemies":"Small Slimes","floor":1.0,"turns":3.0},{"damage":11.0,"enemies":"2 Louse","floor":4.0,"turns":2.0},{"damage":0.0,"enemies":"3 Sentries","floor":6.0,"turns":2.0},{"damage":0.0,"enemies":"Gremlin Nob","floor":8.0,"turns":3.0},{"damage":0.0,"enemies":"Cultist","floor":11.0,"turns":2.0},{"damage":5.0,"enemies":"3 Louse","floor":12.0,"turns":2.0},{"damage":18.0,"enemies":"Lagavulin","floor":14.0,"turns":4.0},{"damage":24.0,"enemies":"Hexaghost","floor":16.0,"turns":5.0},{"damage":3.0,"enemies":"3 Byrds","floor":18.0,"turns":3.0},{"damage":5.0,"enemies":"Shell Parasite","floor":20.0,"turns":2.0},{"damage":0.0,"enemies":"Chosen and Byrds","floor":21.0,"turns":3.0},{"damage":12.0,"enemies":"Shelled Parasite and Fungi","floor":22.0,"turns":2.0},{"damage":16.0,"enemies":"Slavers","floor":24.0,"turns":2.0},{"damage":24.0,"enemies":"Book of Stabbing","floor":27.0,"turns":3.0},{"damage":0.0,"enemies":"Gremlin Leader","floor":29.0,"turns":3.0},{"damage":6.0,"enemies":"Book of Stabbing","floor":31.0,"turns":3.0},{"damage":25.0,"enemies":"Champ","floor":33.0,"turns":4.0},{"damage":1.0,"enemies":"3 Darklings","floor":35.0,"turns":2.0},{"damage":25.0,"enemies":"2 Orb Walkers","floor":36.0,"turns":4.0},{"damage":8.0,"enemies":"Orb Walker","floor":37.0,"turns":2.0},{"damage":1.0,"enemies":"Reptomancer","floor":40.0,"turns":3.0},{"damage":3,"enemies":"Maw","floor":42,"turns":4},{"damage":2,"enemies":"Transient","floor":44,"turns":6},{"damage":8,"enemies":"Nemesis","floor":47,"turns":5},{"damage":35,"enemies":"Awakened One","floor":50,"turns":6}],"seed_played":"-6346970443935077020","potions_obtained":[{"floor":1.0,"key":"DistilledChaos"},{"floor":4.0,"key":"Fire Potion"},{"floor":11.0,"key":"DuplicationPotion"},{"floor":20.0,"key":"Energy Potion"},{"floor":22.0,"key":"Dexterity Potion"},{"floor":29.0,"key":"BottledMiracle"},{"floor":36.0,"key":"Ambrosia"},{"floor":42,"key":"Regen Potion"},{"floor":44,"key":"BottledMiracle"},{"floor":47,"key":"FearPotion"}],"is_trial":false,"path_per_floor":["M","?","?","M","?","E","R","E","T","R","M","M","R","E","R","B",null,"M","$","M","M","M","$","E","R","T","E","R","E","R","E","R","B",null,"M","?","M","$","?","E","?","M","T","M","T","?","E","?","R","B",null],"character_chosen":"WATCHER","items_purchased":["FlurryOfBlows","Bronze Scales","BattleHymn","PreservedInsect","ThirdEye","Blue Candle","Prostrate","Conclude","TeardropLocket","Nirvana","ForeignInfluence","Damaru"],"campfire_rested":6,"item_purchase_floors":[0,0,0,19,19,23,23,23,38,38,38,38],"current_hp_per_floor":[33,33,33,22,22,22,43,43,43,43,43,38,59,41,41,17,72,69,69,64,64,52,52,36,57,57,33,54,54,54,48,69,44,72,71,46,38,38,38,37,55,52,52,50,50,45,37,37,58,38],"gold":918,"neow_bonus":"","is_daily":false,"chose_seed":false,"campfire_upgraded":3,"win_rate":0.0,"timestamp":1613828617,"path_taken":["M","?","?","M","?","E","R","E","T","R","M","?","R","E","R","BOSS","M","$","M","M","M","$","E","R","T","E","R","E","R","E","R","BOSS","M","?","M","$","?","E","?","M","T","M","?","?","E","?","R","BOSS"],"items_purchased_type":["Card","Relic","Card","Relic","Card","Relic","Card","Card","Relic","Card","Card","Relic"],"build_version":"2020-12-22","purchased_purges":0,"victory":true,"max_hp_per_floor":[72,72,72,72,72,72,72,72,72,72,72,72,72,72,72,72,72,72,72,72,72,72,72,72,72,72,72,72,72,72,72,72,72,72,72,72,72,72,72,72,72,72,72,72,72,72,72,72,72,72],"card_choices":[{"not_picked":["DeceiveReality","Perseverance"],"picked":"CarveReality","floor":1.0},{"not_picked":["Halt","EmptyMind"],"picked":"CrushJoints","floor":4.0},{"not_picked":["WheelKick","Protect"],"picked":"Weave","floor":6.0},{"not_picked":["SignatureMove","Halt"],"picked":"LessonLearned","floor":8.0},{"not_picked":["JustLucky","CrushJoints"],"picked":"FlurryOfBlows","floor":11.0},{"not_picked":["Collect","CrushJoints"],"picked":"MentalFortress","floor":12.0},{"not_picked":["CarveReality","ClearTheMind"],"picked":"FollowUp","floor":13.0},{"not_picked":["SpiritShield","Nirvana"],"picked":"Prostrate","floor":14.0},{"not_picked":["SpiritShield","Omniscience"],"picked":"Blasphemy","floor":16.0},{"not_picked":[],"picked":"FlyingSleeves+1","floor":18.0},{"not_picked":[],"picked":"Weave","floor":20.0},{"not_picked":[],"picked":"WreathOfFlame","floor":21.0},{"not_picked":[],"picked":"EmptyFist+1","floor":22.0},{"not_picked":[],"picked":"JustLucky+1","floor":24.0},{"not_picked":[],"picked":"Wireheading+1","floor":27.0},{"not_picked":[],"picked":"BowlingBash+1","floor":29.0},{"not_picked":[],"picked":"CrushJoints+1","floor":31.0},{"not_picked":[],"picked":"Vault","floor":33.0},{"not_picked":[],"picked":"Consecrate","floor":35.0},{"not_picked":[],"picked":"Evaluate+1","floor":36.0},{"not_picked":["EmptyBody"],"picked":"SKIP","floor":37.0},{"not_picked":[],"picked":"EmptyFist+1","floor":40.0},{"not_picked":[],"picked":"Wallop+1","floor":42},{"not_picked":["SashWhip"],"picked":"SKIP","floor":44},{"not_picked":[],"picked":"Violence","floor":46},{"not_picked":[],"picked":"Prostrate+1","floor":47}],"player_experience":573297,"relics_obtained":[{"floor":6.0,"key":"Shuriken"},{"floor":8.0,"key":"Dead Branch"},{"floor":9.0,"key":"Dream Catcher"},{"floor":14.0,"key":"War Paint"},{"floor":24.0,"key":"Juzu Bracelet"},{"floor":26.0,"key":"MawBank"},{"floor":27.0,"key":"Happy Flower"},{"floor":29.0,"key":"Yang"},{"floor":31.0,"key":"Potion Belt"},{"floor":36.0,"key":"Incense Burner"},{"floor":40.0,"key":"GoldenEye"},{"floor":43,"key":"Bottled Flame"},{"floor":45,"key":"White Beast Statue"},{"floor":47,"key":"Pen Nib"}],"event_choices":[{"damage_healed":0.0,"max_hp_gain":0.0,"max_hp_loss":0.0,"gold_gain":0.0,"event_name":"Golden Idol","player_choice":"Take Wound","floor":2.0,"gold_loss":0.0,"damage_taken":0.0,"relics_obtained":["Golden Idol"],"cards_obtained":["Injury"]},{"damage_healed":0.0,"max_hp_gain":0.0,"max_hp_loss":0.0,"gold_gain":175.0,"event_name":"Liars Game","player_choice":"AGREE","floor":3.0,"gold_loss":0.0,"damage_taken":0.0,"cards_obtained":["Doubt"]},{"damage_healed":0.0,"max_hp_gain":0.0,"max_hp_loss":0.0,"gold_gain":0.0,"event_name":"FaceTrader","player_choice":"Trade","floor":5.0,"gold_loss":0.0,"damage_taken":0.0,"relics_obtained":["SsserpentHead"]},{"damage_healed":0.0,"max_hp_gain":0.0,"max_hp_loss":0.0,"gold_gain":0.0,"event_name":"Mysterious Sphere","player_choice":"Fight","floor":36.0,"gold_loss":0.0,"damage_taken":0.0},{"damage_healed":0.0,"max_hp_gain":0.0,"max_hp_loss":0.0,"gold_gain":333.0,"event_name":"The Moai Head","player_choice":"Gave Idol","floor":39.0,"relics_lost":["Golden Idol"],"gold_loss":0.0,"damage_taken":0.0},{"damage_healed":18.0,"max_hp_gain":0.0,"max_hp_loss":0.0,"gold_gain":0.0,"event_name":"Winding Halls","player_choice":"Writhe","floor":41.0,"gold_loss":0.0,"damage_taken":0.0,"cards_obtained":["Writhe"]},{"damage_healed":0,"gold_gain":0,"player_choice":"Memory 2","damage_taken":5,"max_hp_gain":0,"max_hp_loss":0,"event_name":"SensoryStone","floor":46,"gold_loss":0},{"damage_healed":0,"gold_gain":0,"player_choice":"Ignored","damage_taken":0,"max_hp_gain":0,"max_hp_loss":0,"event_name":"Tomb of Lord Red Mask","floor":48,"gold_loss":0}],"is_beta":false,"boss_relics":[{"not_picked":["Velvet Choker","Philosopher\u0027s Stone"],"picked":"Busted Crown"},{"not_picked":["Fusion Hammer","Tiny House"],"picked":"Cursed Key"}],"items_purged_floors":[],"is_endless":false,"potions_floor_spawned":[1,4,11,20,22,27,29,36,42,44,47],"ascension_level":4}}