{"host":"2se5dq1do2gp0x9k","time":1613804001,"event":{"mods":["AchievementEnabler","BaseMod","Block Reminder","Colored Map","Colored Powertips","Minty Spire (QoL Compilation)","Relic Stats","StSLib","SuperFastMode"],"gold_per_floor":[115,130,144,67,85,85,110,110,110,21,34,34,34,52,52,128,128,141,0,0,0,10,10,43,43,43,43,61,73,73,85,85,85,85],"floor_reached":33,"language":"ENG","playtime":904,"items_purged":[],"score":534,"play_id":"7b862209-5282-4ebb-8d28-9e047c03f3e7","local_time":"20210219225321","is_ascension_mode":true,"campfire_choices":[{"data":"Biased Cognition","floor":6.0,"key":"SMITH"},{"data":"Beam Cell","floor":8.0,"key":"SMITH"},{"data":"Consume","floor":15.0,"key":"SMITH"},{"data":"Panacea","floor":23,"key":"SMITH"},{"floor":27,"key":"REST"},{"floor":30,"key":"REST"},{"data":"Coolheaded","floor":32,"key":"SMITH"}],"circlet_count":0,"master_deck":["AscendersBane","Strike_B+1","Strike_B+1","Strike_B+1","Strike_B+1","Defend_B+1","Defend_B+1","Defend_B+1","Defend_B+1","Zap","Dualcast","Biased Cognition+1","Gash","Conserve Battery","Undo","Ball Lightning","Cold Snap","Cold Snap","Beam Cell+1","Panacea+1","Consume+1","Gash","Core Surge","Glacier","Decay","Coolheaded+1"],"relics":["Cracked Core","Singing Bowl","Kunai","Ornamental Fan","Question Card","Sozu","Akabeko","Eternal Feather"],"acts_visited":["Exordium","TheCity"],"potions_floor_usage":[],"damage_taken":[{"damage":2.0,"enemies":"Cultist","floor":1.0,"turns":4.0},{"damage":7.0,"enemies":"Jaw Worm","floor":2.0,"turns":3.0},{"damage":1.0,"enemies":"2 Louse","floor":3.0,"turns":2.0},{"damage":10.0,"enemies":"Exordium Wildlife","floor":5.0,"turns":4.0},{"damage":13.0,"enemies":"Gremlin Nob","floor":7.0,"turns":4.0},{"damage":6.0,"enemies":"2 Fungi Beasts","floor":11.0,"turns":3.0},{"damage":0.0,"enemies":"Large Slime","floor":14.0,"turns":4.0},{"damage":2.0,"enemies":"Hexaghost","floor":16.0,"turns":10.0},{"damage":16.0,"enemies":"3 Byrds","floor":18.0,"turns":4.0},{"damage":0,"enemies":"Chosen","floor":22,"turns":5},{"damage":39,"enemies":"Slavers","floor":24,"turns":7},{"damage":11,"enemies":"Sentry and Sphere","floor":28,"turns":5},{"damage":30,"enemies":"Shelled Parasite and Fungi","floor":29,"turns":6},{"damage":6,"enemies":"Centurion and Healer","floor":31,"turns":7},{"damage":56,"enemies":"Automaton","floor":33,"turns":14}],"seed_played":"-7800656488666701970","potions_obtained":[{"floor":3.0,"key":"Weak Potion"},{"floor":5.0,"key":"Weak Potion"}],"is_trial":false,"path_per_floor":["M","M","M","$","M","R","E","R","T","$","M","?","T","M","R","B",null,"M","?","?","?","M","R","E","$","T","R","M","M","R","M","R","B"],"character_chosen":"DEFECT","items_purchased":["Ball Lightning","Cold Snap","Panacea"],"campfire_rested":2,"item_purchase_floors":[4,4,10],"current_hp_per_floor":[62,55,54,54,44,44,31,31,31,31,25,14,14,14,14,12,56,40,40,40,40,42,42,5,5,5,42,33,5,43,37,52,0,0],"gold":85,"neow_bonus":"ONE_RANDOM_RARE_CARD","is_daily":false,"chose_seed":false,"campfire_upgraded":5,"win_rate":0.0,"timestamp":1613804001,"path_taken":["M","M","M","$","M","R","E","R","T","$","?","?","?","M","R","BOSS","M","?","?","?","M","R","E","$","T","R","M","M","R","M","R","BOSS"],"items_purchased_type":["Card","Card","Card"],"build_version":"2020-12-22","purchased_purges":0,"victory":false,"max_hp_per_floor":[71,71,71,71,71,71,71,71,71,71,71,71,71,71,71,71,71,71,71,71,71,73,73,75,75,75,75,77,79,79,79,79,79,79],"relic_stats":{"Sozu":3,"Singing Bowl":8,"counters":[15,82],"Ornamental Fan":[96],"Eternal Feather":45,"Kunai":[24],"Question Card":8,"obtain_stats":[{"Sozu":17,"Singing Bowl":7,"Ornamental Fan":12,"Eternal Feather":26,"Kunai":9,"Cracked Core":0,"Question Card":13,"Akabeko":24},{"Sozu":8,"Singing Bowl":5,"Ornamental Fan":6,"Eternal Feather":11,"Kunai":5,"Cracked Core":0,"Question Card":6,"Akabeko":11},{"Sozu":34,"Singing Bowl":17,"Ornamental Fan":20,"Eternal Feather":50,"Kunai":17,"Cracked Core":0,"Question Card":20,"Akabeko":50}]},"card_choices":[{"not_picked":["Sweeping Beam","Hologram"],"picked":"Gash","floor":1.0},{"not_picked":["Redo","BootSequence"],"picked":"Conserve Battery","floor":2.0},{"not_picked":["Steam","Fusion"],"picked":"Undo","floor":3.0},{"not_picked":["Force Field","Streamline"],"picked":"Cold Snap","floor":5.0},{"not_picked":["Barrage","Ball Lightning"],"picked":"Beam Cell","floor":7.0},{"not_picked":["Redo","Thunder Strike"],"picked":"Consume","floor":11.0},{"not_picked":["Go for the Eyes","Redo","Streamline"],"picked":"Gash","floor":14.0},{"not_picked":["Machine Learning","Reboot","Amplify"],"picked":"Core Surge","floor":16.0},{"not_picked":["Redo","Steam","Double Energy"],"picked":"Glacier","floor":18.0},{"not_picked":["Rebound","Compile Driver","Beam Cell","Aggregate"],"picked":"Singing Bowl","floor":22},{"not_picked":["Stack","Beam Cell+1","Blizzard","Rainbow"],"picked":"Singing Bowl","floor":24},{"not_picked":["Lockon","Coolheaded","Barrage","Sweeping Beam+1"],"picked":"Singing Bowl","floor":28},{"not_picked":["Double Energy+1","Streamline","Barrage","Lockon"],"picked":"Singing Bowl","floor":29},{"not_picked":["Genetic Algorithm","Steam","Recycle"],"picked":"Coolheaded","floor":31}],"player_experience":4087730,"relics_obtained":[{"floor":7.0,"key":"Singing Bowl"},{"floor":9.0,"key":"Kunai"},{"floor":13.0,"key":"Question Card"},{"floor":24,"key":"Akabeko"},{"floor":26,"key":"Eternal Feather"}],"event_choices":[{"damage_healed":0.0,"max_hp_gain":0.0,"max_hp_loss":0.0,"gold_gain":0.0,"event_name":"Scrap Ooze","player_choice":"Success","floor":12.0,"gold_loss":0.0,"damage_taken":11.0,"relics_obtained":["Ornamental Fan"]},{"damage_healed":0,"gold_gain":0,"player_choice":"Paid Fearfully","damage_taken":0,"max_hp_gain":0,"max_hp_loss":0,"event_name":"Masked Bandits","floor":19,"gold_loss":141},{"damage_healed":0,"gold_gain":0,"player_choice":"Simplicity","damage_taken":0,"max_hp_gain":0,"max_hp_loss":0,"event_name":"Back to Basics","floor":20,"gold_loss":0,"cards_upgraded":["Strike_B","Strike_B","Strike_B","Strike_B","Defend_B","Defend_B","Defend_B","Defend_B"]},{"damage_healed":0,"gold_gain":0,"player_choice":"Smashed Altar","damage_taken":0,"max_hp_gain":0,"max_hp_loss":0,"event_name":"Forgotten Altar","floor":21,"gold_loss":0,"cards_obtained":["Decay"]}],"is_beta":false,"boss_relics":[{"not_picked":["Ectoplasm","Busted Crown"],"picked":"Sozu"}],"items_purged_floors":[],"is_endless":false,"potions_floor_spawned":[3,5,7,18,24,29],"killed_by":"Automaton","ascension_level":20}}