{"host":"vjkvbkousum9v11w","time":1613798278,"event":{"mods":["BaseMod","BetterRewards","Decade(王小明)","LagranYue(拉格朗・月)","Marisa（F雨　魔理沙）","Minty Spire (QoL Compilation)","Replay The Spire","Shop Mod","StSLib","The Servant 0.9.4","Youmu（魂魄妖梦）","Yuyuko"],"gold_per_floor":[119,9036,9036,9053,9080,9080,8558,8592,8592,8592,8642,8661,8355,8373,8373,8472,8472,8485,8485,8485,8069,7984,7984,7984,7984,8009,8009,8009,8009],"floor_reached":28,"language":"ZHS","playtime":2231,"items_purged":["Strike_B","Defend_B","Strike_B","Defend_B"],"score":340,"play_id":"9d432087-842e-4e82-ac94-2df52d1a84d9","local_time":"20210220131758","is_ascension_mode":false,"campfire_choices":[{"data":"Crystallizer","floor":6,"key":"SMITH"},{"data":"Enlightenment","floor":10,"key":"SMITH"},{"data":"Ball Lightning","floor":15,"key":"SMITH"}],"circlet_count":0,"master_deck":["Strike_B","Strike_B","Defend_B","Defend_B+1","Zap","Dualcast","Capacitor+1","Storm","Enlightenment+1","Crystallizer+1","Ball Lightning+1","Hallucinations","Pot Of Greed+1","Pot Of Greed+1","CommonCold","Biased Cognition+1","Ball Lightning","Machine Learning+1","Conserve Battery+1","Ball Lightning","Self Repair+1","Loop","Pot Of Greed","Ball Lightning"],"relics":["Cracked Core","LagranYue:RandomDrawCardRelic","NeowsBlessing","Orichalcum","ReplayFunnel","Orrery","MerchantsRug","Replay:Mystery Machine","Strawberry","Replay:Wax Seal","Ornamental Fan","HornCleat","ReplayTheSpireMod:Ring of Exchange","Ring of Greed","Golden Egg","Membership Card","ReplayTheSpireMod:Ninjato","Grinning Jar","OrangePellets","DollysMirror","Prayer Wheel","Prayer Wheel","War Paint","Darkstone Periapt","Replay:Frozen Program","Replay:Bottled Snecko","Mirror","Vajra"],"acts_visited":["Exordium","TheCity"],"potions_floor_usage":[14,14,16,23,23,23,24,25],"damage_taken":[{"damage":0,"enemies":"Small Slimes","floor":1,"turns":1},{"damage":0,"enemies":"Jaw Worm","floor":4,"turns":1},{"damage":0,"enemies":"Replay:BlueRogue","floor":8,"turns":1},{"damage":1,"enemies":"2 Louse","floor":12,"turns":3},{"damage":5,"enemies":"Exordium Wildlife","floor":14,"turns":3},{"damage":42,"enemies":"Fading Forest","floor":16,"turns":11},{"damage":28,"enemies":"3 Byrds","floor":18,"turns":5},{"damage":6,"enemies":"Shell Parasite","floor":19,"turns":3},{"damage":6,"enemies":"Snecko","floor":20,"turns":4},{"damage":18,"enemies":"Book of Stabbing","floor":23,"turns":4},{"damage":12,"enemies":"Centurion and Healer","floor":24,"turns":5},{"damage":20,"enemies":"Snake Plant","floor":25,"turns":4},{"damage":8,"enemies":"Chosen and Byrds","floor":27,"turns":4},{"damage":12,"enemies":"3 Cultists","floor":28,"turns":3}],"seed_played":"-2121308694674110453","potions_obtained":[{"floor":4,"key":"FocusPotion"},{"floor":19,"key":"DuplicationPotion"},{"floor":23,"key":"LiquidBronze"},{"floor":24,"key":"Fire Potion"}],"is_trial":false,"path_per_floor":["M","$","?","M","T","R","$","E","T","R","?","M","$","M","R","B",null,"M","M","M","$","?","E","M","M","T","M","M"],"character_chosen":"DEFECT","items_purchased":["Block Potion","Orichalcum","ReplayFunnel","Orrery","MerchantsRug","SteroidPotion","Fire Potion","Enlightenment","Crystallizer","Strawberry","PrismaticShard","Replay:Wax Seal","ColorlessPotion","ReplayTheSpireMod:Ninjato","Grinning Jar","OrangePellets","ColorlessPotion","War Paint","Darkstone Periapt","Replay:Frozen Program","GamblersBrew","Swift Potion"],"campfire_rested":0,"item_purchase_floors":[2,2,2,2,2,2,2,2,2,7,7,7,7,13,13,13,13,21,21,21,21,21],"current_hp_per_floor":[75,75,75,75,75,75,82,82,82,82,82,81,81,76,76,46,82,54,48,42,42,42,34,32,12,12,4,0,0],"gold":8009,"neow_bonus":"THREE_ENEMY_KILL","is_daily":false,"chose_seed":false,"campfire_upgraded":3,"win_rate":0.0,"timestamp":1613798278,"path_taken":["M","$","?","M","?","R","$","E","T","R","?","M","$","M","R","BOSS","M","M","M","$","?","E","M","M","T","M","M"],"items_purchased_type":["Potion","Relic","Relic","Relic","Relic","Potion","Potion","Card","Card","Relic","Relic","Relic","Potion","Relic","Relic","Relic","Potion","Relic","Relic","Relic","Potion","Potion"],"build_version":"2020-12-22","purchased_purges":4,"victory":false,"max_hp_per_floor":[75,75,75,75,75,75,82,82,82,82,82,82,82,82,82,82,82,82,82,82,82,82,82,82,82,82,82,82,82],"card_choices":[{"not_picked":["Hologram","BasicCrystalCard"],"picked":"Capacitor","floor":1},{"not_picked":["Hologram","Beam Cell"],"picked":"Storm","floor":2},{"not_picked":["Compile Driver","Coolheaded"],"picked":"Ball Lightning","floor":4},{"not_picked":["LagranYue:AttackIceCard","Escape Plan","Genetic Algorithm"],"picked":"SKIP","floor":8},{"not_picked":["FormRideBasshaa","Searing Blow","FormRideDragon"],"picked":"SKIP","floor":12},{"not_picked":["Coolheaded","ReplayTheSpireMod:Repulse","Double Energy"],"picked":"SKIP","floor":14},{"not_picked":["Creative AI","Machine Learning"],"picked":"ReplayTheSpireMod:Fabricate Wheel","floor":16},{"not_picked":["Go for the Eyes","Sweeping Beam+1"],"picked":"Ball Lightning","floor":18},{"not_picked":["Beam Cell","Streamline+1","Leap"],"picked":"SKIP","floor":18},{"not_picked":["Streamline+1","Steam"],"picked":"Conserve Battery","floor":19},{"not_picked":["Streamline+1","Blizzard"],"picked":"Ball Lightning","floor":19},{"not_picked":["Barrage+1","Panic Button","ReplayGash"],"picked":"SKIP","floor":19},{"not_picked":["Gash+1","Panic Button"],"picked":"Self Repair+1","floor":20},{"not_picked":["Chill+1","Compile Driver","Time Bomb"],"picked":"SKIP","floor":20},{"not_picked":["Scrape","Gash","Time Bomb"],"picked":"SKIP","floor":20},{"not_picked":["Barrage","Self Repair"],"picked":"Loop","floor":23},{"not_picked":["Double Energy","Redo"],"picked":"Ball Lightning","floor":24},{"not_picked":["Chaos+1","ReplayRNGCard","Streamline"],"picked":"SKIP","floor":24},{"not_picked":["Hologram+1","Gash+1","Streamline"],"picked":"SKIP","floor":24},{"not_picked":["Coolheaded","Barrage+1","Redo"],"picked":"SKIP","floor":25},{"not_picked":["Fusion+1","Gash","ReplayTheSpireMod:Omega Cannon"],"picked":"SKIP","floor":25},{"not_picked":["Force Field","ReplayGash","Skim+1"],"picked":"SKIP","floor":25},{"not_picked":["Compile Driver","Redo","Steam"],"picked":"SKIP","floor":27},{"not_picked":["Stack","Scrape","Hologram"],"picked":"SKIP","floor":27},{"not_picked":["Streamline","Consume","Sweeping Beam+1"],"picked":"SKIP","floor":27}],"player_experience":12764,"relics_obtained":[{"floor":5,"key":"Replay:Mystery Machine"},{"floor":8,"key":"Ornamental Fan"},{"floor":9,"key":"HornCleat"},{"floor":11,"key":"ReplayTheSpireMod:Ring of Exchange"},{"floor":11,"key":"Ring of Greed"},{"floor":11,"key":"Golden Egg"},{"floor":11,"key":"Membership Card"},{"floor":23,"key":"Mirror"},{"floor":26,"key":"Vajra"}],"event_choices":[{"damage_healed":0,"gold_gain":0,"player_choice":"Grow","damage_taken":0,"max_hp_gain":0,"max_hp_loss":0,"event_name":"Living Wall","floor":3,"gold_loss":0,"cards_upgraded":["Capacitor"]},{"damage_healed":0,"gold_gain":0,"player_choice":"Obtained Relic","damage_taken":0,"relics_obtained":["Replay:Bottled Snecko"],"max_hp_gain":0,"max_hp_loss":0,"event_name":"Addict","floor":22,"gold_loss":85}],"is_beta":false,"boss_relics":[{"not_picked":["Painkiller Herb","Replay:Grab Bag"],"picked":"DollysMirror"}],"items_purged_floors":[2,7,13,21],"is_endless":false,"potions_floor_spawned":[4,12,19,23,24],"killed_by":"3 Cultists","ascension_level":0}}