{"host":"buaikbko8oj3kpfn","time":1613839228,"event":{"mods":["Act Like it!","BaseMod","Koishi","Minty Spire (QoL Compilation)","Remilia（蕾米莉亚）","RumiaBox-露米娅的神秘盒子","StSLib","【功能Mod】混沌之环修复补丁"],"gold_per_floor":[110,110,60,60,70,105,105,137,137,137,150,177,187,219,219,316,316,334,348,360,376,391,418,433,433,433,462,478,510,470,503,503,603,603,620,620,620,620,5,33,33,53,106,106,141,154,54,82,82,82,82,82,31,31,31],"floor_reached":54,"language":"ZHS","playtime":3078,"items_purged":["Koishi:ReleaseOfTheId+1","Koishi:BasicStrike"],"score":1361,"play_id":"d0b461bb-a0ff-491f-b22a-f1ed29d68122","local_time":"20210221004028","is_ascension_mode":true,"campfire_choices":[{"data":"Koishi:ReleaseOfTheId","floor":7.0,"key":"SMITH"},{"data":"Koishi:HeartStoppingHorror","floor":15.0,"key":"SMITH"},{"data":"Koishi:ImGoingToCallYouNow","floor":25,"key":"SMITH"},{"floor":32,"key":"RECALL"},{"data":"Koishi:TerrifyingSpectre","floor":41,"key":"SMITH"},{"data":"Koishi:ReflexRadar","floor":44,"key":"SMITH"},{"data":"Koishi:ReflexRadar","floor":49,"key":"SMITH"},{"data":"Koishi:Provoke","floor":52,"key":"SMITH"}],"circlet_count":0,"master_deck":["Koishi:BasicStrike+1","Koishi:BasicDefend","Koishi:BasicDefend","Koishi:BasicDefend","Koishi:BasicDefend","Koishi:Provoke+1","Koishi:HauntingSlash","Koishi:FreudianInstinct+1","Koishi:HeartStoppingHorror+1","Koishi:ReflexRadar+1","Koishi:IdleWhim","Koishi:ReflexRadar+1","Koishi:ImGoingToCallYouNow+1","Koishi:Possession+1","Koishi:StingingMind","Koishi:TerrifyingSpectre+1","Koishi:CatchAndRose","Koishi:FleetingPhantom+1"],"relics":["Koishi:ImaginaryFriend","NeowsBlessing","AddBug","SecretRecord","SecretRecord","SecretRecord","SecretRecord","SecretRecord","SecretRecord","SecretRecord","SecretRecord"],"acts_visited":["Exordium","TheCity","TheBeyond","TheEnding"],"potions_floor_usage":[45],"damage_taken":[{"damage":0.0,"enemies":"2 Louse","floor":1.0,"turns":2.0},{"damage":0.0,"enemies":"Small Slimes","floor":5.0,"turns":1.0},{"damage":0.0,"enemies":"Lagavulin","floor":6.0,"turns":4.0},{"damage":0.0,"enemies":"3 Sentries","floor":8.0,"turns":6.0},{"damage":7.0,"enemies":"Jaw Worm","floor":11.0,"turns":6.0},{"damage":0.0,"enemies":"Lagavulin","floor":12.0,"turns":7.0},{"damage":3.0,"enemies":"Gremlin Gang","floor":13.0,"turns":5.0},{"damage":0.0,"enemies":"Gremlin Nob","floor":14.0,"turns":14.0},{"damage":9,"enemies":"Slime Boss","floor":16,"turns":15},{"damage":0,"enemies":"2 Thieves","floor":18,"turns":5},{"damage":14,"enemies":"Spheric Guardian","floor":19,"turns":9},{"damage":0,"enemies":"3 Cultists","floor":20,"turns":7},{"damage":18,"enemies":"Centurion and Healer","floor":21,"turns":7},{"damage":0,"enemies":"Chosen and Byrds","floor":22,"turns":7},{"damage":2,"enemies":"Gremlin Leader","floor":23,"turns":7},{"damage":12,"enemies":"Snake Plant","floor":24,"turns":8},{"damage":22,"enemies":"Slavers","floor":27,"turns":8},{"damage":2,"enemies":"3 Cultists","floor":28,"turns":8},{"damage":0,"enemies":"Book of Stabbing","floor":29,"turns":7},{"damage":0,"enemies":"Gremlin Leader","floor":31,"turns":7},{"damage":4,"enemies":"Collector","floor":33,"turns":7},{"damage":0,"enemies":"Orb Walker","floor":35,"turns":8},{"damage":35,"enemies":"Nemesis","floor":40,"turns":3},{"damage":27,"enemies":"3 Shapes","floor":42,"turns":7},{"damage":60,"enemies":"Reptomancer","floor":45,"turns":4},{"damage":10,"enemies":"Spire Growth","floor":46,"turns":2},{"damage":4,"enemies":"Nemesis","floor":48,"turns":3},{"damage":24,"enemies":"Time Eater","floor":50,"turns":2},{"damage":68,"enemies":"Shield and Spear","floor":54,"turns":2}],"seed_played":"-9186111059472440428","potions_obtained":[{"floor":1.0,"key":"BlessingOfTheForge"},{"floor":6.0,"key":"Explosive Potion"},{"floor":13.0,"key":"Fruit Juice"},{"floor":18,"key":"SpeedPotion"},{"floor":30,"key":"SmokeBomb"}],"is_trial":false,"path_per_floor":["M","?","?","?","M","E","R","E","T","?","M","E","M","E","R","B",null,"M","M","M","M","M","E","M","R","T","E","M","E","?","E","R","B",null,"M","?","?","?","$","E","R","M","T","R","E","M","$","E","R","B",null,"R","$","E"],"character_chosen":"KOISHI","items_purchased":["Toolbox","Lantern","AntiCross","Energy Potion"],"campfire_rested":0,"item_purchase_floors":[39,39,39,53],"current_hp_per_floor":[54,54,54,54,54,56,56,58,58,46,43,46,51,57,57,51,62,65,65,65,65,65,65,65,65,65,65,65,65,65,65,65,65,65,65,62,52,52,52,62,62,62,62,62,33,62,62,62,62,62,62,62,62,0,0],"gold":31,"neow_bonus":"THREE_ENEMY_KILL","is_daily":false,"chose_seed":false,"campfire_upgraded":7,"win_rate":0.0,"timestamp":1613839228,"path_taken":["M","?","?","?","M","E","R","E","T","?","M","E","?","E","R","BOSS","M","M","M","?","M","E","M","R","T","E","?","E","?","E","R","BOSS","M","?","?","?","$","E","R","?","T","R","E","M","$","E","R","BOSS","R","$","E"],"items_purchased_type":["Relic","Relic","Relic","Potion"],"build_version":"2020-12-22","purchased_purges":2,"victory":false,"max_hp_per_floor":[60,60,60,60,60,60,60,60,60,60,60,60,65,65,65,65,65,65,65,65,65,65,65,65,65,65,65,65,65,65,65,65,65,65,65,62,62,62,62,62,62,62,62,62,62,62,62,62,62,62,62,62,62,62,62],"card_choices":[{"not_picked":["Koishi:DanmakuParanoia","Koishi:PredatoryInstincts"],"picked":"Koishi:ReleaseOfTheId","floor":1.0},{"not_picked":["Koishi:ParalyzingFear","Koishi:FleetingPhantom"],"picked":"Koishi:GhostParty","floor":5.0},{"not_picked":["Koishi:FleetingPhantom","Koishi:Prune"],"picked":"Koishi:FreudianInstinct","floor":6.0},{"not_picked":["Koishi:SpiritedAway","Koishi:StrangeCloudFist"],"picked":"Koishi:HeartStoppingHorror","floor":8.0},{"not_picked":["Koishi:SubterraneanRose","Koishi:HeartfeltFancy"],"picked":"Koishi:ReflexRadar","floor":11.0},{"not_picked":["Koishi:Prune","Koishi:Possession","Koishi:UnconsciousUprising"],"picked":"SKIP","floor":12.0},{"not_picked":["Koishi:YoukaiPolygraph","Koishi:LastRemote"],"picked":"Koishi:IdleWhim","floor":13.0},{"not_picked":["Koishi:EmbryosDream","Koishi:DreadfulBlow"],"picked":"Koishi:ReflexRadar","floor":14.0},{"not_picked":["Koishi:GrowingPain","Koishi:RoseHell"],"picked":"Koishi:ImGoingToCallYouNow","floor":16},{"not_picked":["Koishi:ReflexRadar","Koishi:ParalyzingFear"],"picked":"Koishi:Possession+1","floor":18},{"not_picked":["Koishi:EmbryosDream","Koishi:RacingHeart+1","Koishi:TraumaticStroke"],"picked":"SKIP","floor":19},{"not_picked":["Koishi:PhantomBarrier+1","Koishi:ReflexRadar+1","Koishi:Catatonia+1"],"picked":"SKIP","floor":20},{"not_picked":["Koishi:TraumaticStroke+1","Koishi:BloodcurdlingScream","Koishi:Catatonia"],"picked":"SKIP","floor":21},{"not_picked":["Koishi:PhilosophyOfTheDespised","Koishi:FleetingPhantom"],"picked":"Koishi:StingingMind","floor":22},{"not_picked":["Koishi:VengefulSpirit+1","Koishi:HeartfeltFancy","Koishi:DreadfulBlow+1"],"picked":"SKIP","floor":23},{"not_picked":["Koishi:PhantomBarrier","Koishi:PhilosophyOfTheDespised","Koishi:SubconsciousSweep+1"],"picked":"SKIP","floor":24},{"not_picked":["Koishi:LastRemote","Koishi:RacingHeart","Koishi:FreudianInstinct"],"picked":"SKIP","floor":27},{"not_picked":["Koishi:Jaunt+1","Koishi:UnansweredLove","Koishi:RacingHeart+1"],"picked":"SKIP","floor":28},{"not_picked":["Koishi:ReleaseOfTheId","Koishi:PhantomStrike","Koishi:DreadfulBlow+1"],"picked":"SKIP","floor":29},{"not_picked":["Koishi:StingingMind+1","Koishi:DanmakuParanoia","Koishi:SpiritedAway"],"picked":"SKIP","floor":31},{"not_picked":["Koishi:ImGoingToCallYouNow","Koishi:ConfinedInnocent"],"picked":"Koishi:TerrifyingSpectre","floor":33},{"not_picked":["Koishi:BloodcurdlingScream+1","Koishi:UnconsciousUprising+1","Koishi:UnansweredLove"],"picked":"SKIP","floor":35},{"not_picked":["Koishi:VengefulSpirit+1","Koishi:StrangeCloudFist+1","Koishi:SubterraneanRose"],"picked":"SKIP","floor":40},{"not_picked":["Koishi:EmbryosDream","Koishi:HeartfeltFancy+1"],"picked":"Koishi:FleetingPhantom+1","floor":42},{"not_picked":["Koishi:PhantomBarrier","Koishi:DreadfulBlow+1","Koishi:Jaunt+1"],"picked":"SKIP","floor":45},{"not_picked":["Koishi:VengefulSpirit","Koishi:PhantomBarrier","Koishi:BramblyRoseGarden"],"picked":"SKIP","floor":46},{"not_picked":["Koishi:UnansweredLove","Koishi:SpiritedAway+1","Koishi:ConditionedTeleport"],"picked":"SKIP","floor":48}],"player_experience":429161,"relics_obtained":[{"floor":1.0,"key":"AddBug"},{"floor":6.0,"key":"Letter Opener"},{"floor":8.0,"key":"Ornamental Fan"},{"floor":9.0,"key":"Boot"},{"floor":11.0,"key":"SecretRecord"},{"floor":12.0,"key":"GodSword7"},{"floor":14.0,"key":"Kunai"},{"floor":19,"key":"SecretRecord"},{"floor":20,"key":"SecretRecord"},{"floor":23,"key":"GodSword5"},{"floor":24,"key":"SecretRecord"},{"floor":27,"key":"Art of War"},{"floor":29,"key":"Peace Pipe"},{"floor":31,"key":"Bag of Preparation"},{"floor":33,"key":"SecretRecord"},{"floor":40,"key":"SecretRecord"},{"floor":40,"key":"Anchor"},{"floor":43,"key":"Vajra"},{"floor":45,"key":"Old Coin"},{"floor":46,"key":"SecretRecord"},{"floor":48,"key":"SSSystem"}],"event_choices":[{"cards_removed":["Koishi:BasicStrike"],"damage_healed":0.0,"max_hp_gain":0.0,"max_hp_loss":0.0,"gold_gain":0.0,"event_name":"Living Wall","player_choice":"Forget","floor":2.0,"gold_loss":0.0,"damage_taken":0.0},{"cards_removed":["Koishi:BasicStrike"],"damage_healed":0.0,"max_hp_gain":0.0,"max_hp_loss":0.0,"gold_gain":0.0,"event_name":"The Cleric","player_choice":"Card Removal","floor":3.0,"gold_loss":50.0,"damage_taken":0.0},{"damage_healed":0.0,"max_hp_gain":0.0,"max_hp_loss":0.0,"gold_gain":0.0,"event_name":"Liars Game","player_choice":"Ignored","floor":4.0,"gold_loss":0.0,"damage_taken":0.0},{"damage_healed":0.0,"max_hp_gain":0.0,"max_hp_loss":0.0,"gold_gain":0.0,"event_name":"Shining Light","player_choice":"Entered Light","floor":10.0,"gold_loss":0.0,"damage_taken":12.0,"cards_upgraded":["Koishi:FreudianInstinct","Koishi:BasicStrike"]},{"damage_healed":0,"gold_gain":0,"player_choice":"Bought 3 Potions","damage_taken":0,"max_hp_gain":0,"max_hp_loss":0,"event_name":"The Woman in Blue","floor":30,"gold_loss":0},{"damage_healed":0,"gold_gain":0,"player_choice":"Max HP","damage_taken":0,"max_hp_gain":0,"max_hp_loss":3,"event_name":"Winding Halls","floor":36,"gold_loss":0},{"damage_healed":0,"gold_gain":0,"player_choice":"Memory 3","damage_taken":10,"max_hp_gain":0,"max_hp_loss":0,"event_name":"SensoryStone","floor":37,"gold_loss":0},{"damage_healed":0,"gold_gain":0,"cards_transformed":["Koishi:GhostParty"],"player_choice":"Transformed","damage_taken":0,"max_hp_gain":0,"max_hp_loss":0,"event_name":"Transmorgrifier","floor":38,"gold_loss":0,"cards_obtained":["Koishi:CatchAndRose"]}],"is_beta":false,"boss_relics":[{"not_picked":["Busted Crown","Fusion Hammer"],"picked":"Philosopher\u0027s Stone"},{"not_picked":["Snecko Eye","Runic Pyramid"],"picked":"Koishi:ColorfulDays"}],"items_purged_floors":[39,47],"is_endless":false,"potions_floor_spawned":[1,6,13,16,18,21,23,24,27,29,31,35],"killed_by":"Shield and Spear","ascension_level":7}}