{"host":"5nj7t8259370g0gl","time":1613810314,"event":{"mods":["AchievementEnabler","BaseMod","Bestiary","Bossed Relics","Colored Map","Colored Powertips","Displayed Cursed Tome","Minty Spire (QoL Compilation)","Permanent Neow","Relic Sorter","Shapeshifter Mod","Shop Mod","Spire Arcade","StSLib"],"gold_per_floor":[1000114,999446,998851,998866,998444,998470,998499,998564,998564,998564,998564,998599,998599,998626,998626,998727,998727,998737,998100,996901,996919,996919,996945,996971,997001,997001,997036,996393,996419,996446,996478,996478,996584,996584,996605,996632,996676,996676,995813,995841,995867,995305,995328,995358,995383,995412,995412,995441,995441,995441],"floor_reached":51,"language":"ENG","playtime":25985,"items_purged":["StSShapeShifter:OakBlade","StSShapeShifter:OakBlade","StSShapeShifter:Guard","StSShapeShifter:BarkSkin","StSShapeShifter:ClimbTree"],"score":1687,"play_id":"170f6c2b-f2ea-4c77-bd00-82e4803aa717","local_time":"20210220193834","daily_mods":["SealedDeck","Flight","DeadlyEvents"],"is_ascension_mode":false,"campfire_choices":[{"data":"StSShapeShifter:HummingbirdForm","floor":10,"key":"SMITH"},{"data":"StSShapeShifter:BurstingSpore","floor":11,"key":"SMITH"},{"data":"StSShapeShifter:RockSlide","floor":13,"key":"SMITH"},{"data":"StSShapeShifter:BurstingSpore","floor":15,"key":"PURGE"},{"data":"StSShapeShifter:BarkSkin","floor":32,"key":"SMITH"},{"data":"StSShapeShifter:Consume","floor":49,"key":"SMITH"}],"circlet_count":0,"master_deck":["StSShapeShifter:TopazSkin","StSShapeShifter:OakBlade+1","StSShapeShifter:BurstingSpore+1","StSShapeShifter:BarkSkin+1","StSShapeShifter:RockSlide+1","StSShapeShifter:HummingbirdForm+1","StSShapeShifter:Roar","StSShapeShifter:Blossom2","StSShapeShifter:BaskInBloom+1","StSShapeShifter:Consume+1","StSShapeShifter:Consume"],"relics":["StSShapeShifter:AnimalHeart","StSShapeShifter:MysticalFossil","MealTicket","TheAbacus","Vajra","Peace Pipe","StSShapeShifter:EmeraldPantherFigurine","Omamori","The Courier","Bottled Lightning","Prayer Wheel","Art of War","Dream Catcher","Akabeko","Coffee Dripper","StSShapeShifter:WristwrapsOfDiscovery","ClockworkSouvenir","StSShapeShifter:FrogOfVitality","CeramicFish","Bag of Marbles","Tiny Chest","Kunai","Blue Candle","Singing Bowl","Lee\u0027s Waffle","Nloth\u0027s Gift","Bird Faced Urn","Lizard Tail","Toy Ornithopter","Pear","Chemical X","Letter Opener","Strawberry","Ornamental Fan","Pen Nib","HornCleat","Incense Burner","Sozu","Regal Pillow","StSShapeShifter:DruidicMedallion","StSShapeShifter:FruitTree","Bronze Scales","DollysMirror","Shuriken","Ice Cream","Whetstone","Molten Egg 2","Darkstone Periapt","Anchor","Lantern","HandDrill","PreservedInsect","Ginger","Oddly Smooth Stone","Centennial Puzzle","Mercury Hourglass","Orichalcum"],"acts_visited":["Exordium","TheCity","TheBeyond"],"potions_floor_usage":[],"damage_taken":[{"damage":4,"enemies":"Jaw Worm","floor":1,"turns":2},{"damage":0,"enemies":"2 Louse","floor":4,"turns":2},{"damage":1,"enemies":"3 Sentries","floor":6,"turns":2},{"damage":0,"enemies":"Lagavulin","floor":7,"turns":4},{"damage":3,"enemies":"3 Sentries","floor":8,"turns":6},{"damage":0,"enemies":"3 Sentries","floor":12,"turns":3},{"damage":0,"enemies":"Gremlin Nob","floor":14,"turns":3},{"damage":0,"enemies":"The Guardian","floor":16,"turns":5},{"damage":1,"enemies":"2 Thieves","floor":18,"turns":3},{"damage":0,"enemies":"Spheric Guardian","floor":21,"turns":2},{"damage":0,"enemies":"Book of Stabbing","floor":23,"turns":4},{"damage":0,"enemies":"Snake Plant","floor":24,"turns":2},{"damage":14,"enemies":"Slavers","floor":25,"turns":2},{"damage":0,"enemies":"Book of Stabbing","floor":27,"turns":3},{"damage":0,"enemies":"Gremlin Leader","floor":29,"turns":2},{"damage":0,"enemies":"Slavers","floor":30,"turns":2},{"damage":0,"enemies":"Gremlin Leader","floor":31,"turns":3},{"damage":0,"enemies":"Automaton","floor":33,"turns":4},{"damage":0,"enemies":"Orb Walker","floor":35,"turns":1},{"damage":3,"enemies":"Nemesis","floor":37,"turns":3},{"damage":1,"enemies":"Giant Head","floor":40,"turns":2},{"damage":0,"enemies":"Nemesis","floor":41,"turns":3},{"damage":0,"enemies":"Giant Head","floor":44,"turns":2},{"damage":0,"enemies":"Nemesis","floor":45,"turns":3},{"damage":0,"enemies":"Giant Head","floor":46,"turns":2},{"damage":0,"enemies":"Nemesis","floor":48,"turns":3},{"damage":0,"enemies":"Awakened One","floor":50,"turns":4}],"seed_played":"-6531680070018981612","potions_obtained":[{"floor":1,"key":"SteroidPotion"},{"floor":6,"key":"EssenceOfSteel"},{"floor":14,"key":"Dexterity Potion"},{"floor":25,"key":"Block Potion"}],"is_trial":true,"path_per_floor":["M","$","$","M","$","E","E","?","T","R","R","E","R","E","R","B",null,"M","$","$","M","?","E","M","E","T","E","$","E","E","E","R","B",null,"M","T","E","?","$","E","E","$","T","E","E","E","T","E","R","B",null],"character_chosen":"SHAPESHIFTER","items_purchased":["StSShapeShifter:MysticalFossil","MealTicket","TheAbacus","Vajra","Peace Pipe","StSShapeShifter:BarkSkin","StSShapeShifter:EmeraldPantherFigurine","Omamori","StSShapeShifter:WristwrapsOfDiscovery","ClockworkSouvenir","StSShapeShifter:FrogOfVitality","CeramicFish","Bag of Marbles","Tiny Chest","Kunai","Blue Candle","Singing Bowl","Lee\u0027s Waffle","Chemical X","Letter Opener","Strawberry","Ornamental Fan","StSShapeShifter:FruitTree","Bronze Scales","DollysMirror","Shuriken","Ice Cream","Darkstone Periapt","Anchor","Lantern","HandDrill"],"campfire_rested":0,"item_purchase_floors":[2,2,2,3,3,3,5,5,19,19,19,20,20,20,20,20,20,20,28,28,28,28,39,39,39,39,39,42,42,42,42],"current_hp_per_floor":[74,74,78,78,78,77,77,74,74,74,74,74,74,74,74,76,78,77,78,85,90,90,94,97,85,85,98,119,122,125,128,128,129,129,132,132,129,129,132,134,138,138,138,141,144,146,146,148,148,149],"gold":995441,"neow_bonus":"","is_daily":false,"chose_seed":false,"campfire_upgraded":5,"win_rate":0.0,"timestamp":1613810314,"path_taken":["M","$","$","M","$","E","E","?","T","R","R","E","R","E","R","BOSS","M","$","$","M","?","E","M","?","T","E","$","E","E","?","R","BOSS","M","?","?","?","$","E","E","$","T","E","E","?","?","?","R","BOSS"],"items_purchased_type":["Relic","Relic","Relic","Relic","Relic","Card","Relic","Relic","Relic","Relic","Relic","Relic","Relic","Relic","Relic","Relic","Relic","Relic","Relic","Relic","Relic","Relic","Relic","Relic","Relic","Relic","Relic","Relic","Relic","Relic","Relic"],"build_version":"2020-12-22","purchased_purges":5,"victory":true,"max_hp_per_floor":[78,78,78,78,78,78,78,78,78,78,78,78,78,78,78,78,78,78,78,85,90,90,94,97,99,99,112,119,122,125,128,128,129,129,132,132,132,132,132,135,138,138,138,141,144,146,146,148,148,149],"card_choices":[{"not_picked":["StSShapeShifter:DeepWound","StSShapeShifter:BladeOfGrass","StSShapeShifter:FallingLeaves"],"picked":"SKIP","floor":1},{"not_picked":["StSShapeShifter:Guard","StSShapeShifter:SquirrelForm"],"picked":"StSShapeShifter:BurstingSpore","floor":4},{"not_picked":["StSShapeShifter:SquirrelForm","StSShapeShifter:EmbraceTheCycle","StSShapeShifter:CosmicShifter"],"picked":"SKIP","floor":6},{"not_picked":["StSShapeShifter:ClimbTree","StSShapeShifter:DeerForm","StSShapeShifter:Roar"],"picked":"SKIP","floor":7},{"not_picked":["StSShapeShifter:ClimbTree","StSShapeShifter:FlowerShield","StSShapeShifter:OwlForm"],"picked":"SKIP","floor":12},{"not_picked":["StSShapeShifter:Evolution","StSShapeShifter:CursedApple","StSShapeShifter:BladeOfGrass"],"picked":"SKIP","floor":14},{"not_picked":["StSShapeShifter:ThornToss","StSShapeShifter:LeapingSlash+1","StSShapeShifter:TopazSkin"],"picked":"SKIP","floor":18},{"not_picked":["StSShapeShifter:DeerForm","StSShapeShifter:RockSlide+1","StSShapeShifter:ThrashAbout"],"picked":"SKIP","floor":18},{"not_picked":["StSShapeShifter:ShiftingStrike+1","StSShapeShifter:SquirrelForm","StSShapeShifter:FallingLeaves"],"picked":"Singing Bowl","floor":21},{"not_picked":["StSShapeShifter:HippoForm","StSShapeShifter:Garden+1","StSShapeShifter:BladeOfGrass+1"],"picked":"Singing Bowl","floor":21},{"not_picked":["StSShapeShifter:Earthquake","StSShapeShifter:IntimidatingAura","StSShapeShifter:ThornToss"],"picked":"Singing Bowl","floor":23},{"not_picked":["StSShapeShifter:DeepWound","StSShapeShifter:DeerForm","StSShapeShifter:HummingbirdForm"],"picked":"Singing Bowl","floor":24},{"not_picked":["StSShapeShifter:ThornToss","StSShapeShifter:OakBlade+1"],"picked":"StSShapeShifter:Roar","floor":24},{"not_picked":["StSShapeShifter:LeapingSlash","StSShapeShifter:MonkeyForm","StSShapeShifter:RhinoCalfForm"],"picked":"Singing Bowl","floor":25},{"not_picked":["StSShapeShifter:RitualOfTheExtinct","StSShapeShifter:MooseForm","StSShapeShifter:Evolution"],"picked":"Singing Bowl","floor":27},{"not_picked":["StSShapeShifter:FruitBasket","StSShapeShifter:FoxForm","StSShapeShifter:AdaptiveStrikes"],"picked":"Singing Bowl","floor":29},{"not_picked":["StSShapeShifter:MultiSpiritedStrike+1","StSShapeShifter:MonkeyForm","StSShapeShifter:EmbraceTheCycle"],"picked":"Singing Bowl","floor":30},{"not_picked":["StSShapeShifter:FullMoon","StSShapeShifter:RestoreBalance","StSShapeShifter:RockSlide+1"],"picked":"Singing Bowl","floor":31},{"not_picked":["StSShapeShifter:PhoenixForm","StSShapeShifter:MammothForm"],"picked":"StSShapeShifter:Blossom2","floor":33},{"not_picked":["StSShapeShifter:FallingLeaves+1","StSShapeShifter:FesteringBite+1"],"picked":"StSShapeShifter:BaskInBloom+1","floor":35},{"not_picked":["StSShapeShifter:FesteringBite+1","StSShapeShifter:ShiftingStrike","StSShapeShifter:BloomingSlash+1"],"picked":"Singing Bowl","floor":35},{"not_picked":["StSShapeShifter:Maul+1","StSShapeShifter:EagleForm"],"picked":"StSShapeShifter:Consume","floor":37},{"not_picked":["StSShapeShifter:FruitBasket+1","StSShapeShifter:FesteringBite+1","StSShapeShifter:Vengeance"],"picked":"Singing Bowl","floor":40},{"not_picked":["StSShapeShifter:DeepWound+1","StSShapeShifter:FesteringBite+1","StSShapeShifter:Autumn"],"picked":"Singing Bowl","floor":41},{"not_picked":["StSShapeShifter:BulwarkOfDiscovery+1","StSShapeShifter:SkullBash+1","StSShapeShifter:OakBlade+1"],"picked":"Singing Bowl","floor":44},{"not_picked":["StSShapeShifter:Earthquake+1","StSShapeShifter:PhoenixForm","StSShapeShifter:FlowerShield"],"picked":"Singing Bowl","floor":45},{"not_picked":["StSShapeShifter:Sapling","StSShapeShifter:FallingLeaves+1","StSShapeShifter:SquirrelForm+1"],"picked":"Singing Bowl","floor":46},{"not_picked":["StSShapeShifter:Evolution","StSShapeShifter:Roar+1","StSShapeShifter:DragonForm"],"picked":"Singing Bowl","floor":48}],"player_experience":559620,"relics_obtained":[{"floor":6,"key":"The Courier"},{"floor":7,"key":"Bottled Lightning"},{"floor":8,"key":"Prayer Wheel"},{"floor":9,"key":"Art of War"},{"floor":12,"key":"Dream Catcher"},{"floor":14,"key":"Akabeko"},{"floor":23,"key":"Bird Faced Urn"},{"floor":25,"key":"Lizard Tail"},{"floor":26,"key":"Toy Ornithopter"},{"floor":27,"key":"Pear"},{"floor":29,"key":"Pen Nib"},{"floor":30,"key":"HornCleat"},{"floor":31,"key":"Incense Burner"},{"floor":36,"key":"Regal Pillow"},{"floor":37,"key":"StSShapeShifter:DruidicMedallion"},{"floor":40,"key":"Whetstone"},{"floor":41,"key":"Molten Egg 2"},{"floor":43,"key":"PreservedInsect"},{"floor":44,"key":"Ginger"},{"floor":45,"key":"Oddly Smooth Stone"},{"floor":46,"key":"Centennial Puzzle"},{"floor":47,"key":"Mercury Hourglass"},{"floor":48,"key":"Orichalcum"}],"event_choices":[{"damage_healed":0,"gold_gain":0,"player_choice":"Searched \u00271\u0027 times","damage_taken":0,"max_hp_gain":0,"max_hp_loss":0,"event_name":"Dead Adventurer","floor":8,"gold_loss":0},{"damage_healed":0,"gold_gain":0,"player_choice":"Traded Relic","damage_taken":0,"relics_obtained":["Nloth\u0027s Gift"],"max_hp_gain":0,"max_hp_loss":0,"event_name":"N\u0027loth","floor":22,"relics_lost":["StSShapeShifter:TheShapeShiftersMagnolia"],"gold_loss":0}],"is_beta":false,"boss_relics":[{"not_picked":["Empty Cage","Snecko Eye"],"picked":"Coffee Dripper"},{"not_picked":["Calling Bell","Astrolabe"],"picked":"Sozu"}],"items_purged_floors":[2,3,5,19,20],"is_endless":false,"potions_floor_spawned":[1,6,14,21,25,30,33,35,37,41,48],"ascension_level":0}}