{"host":"v0n6ky7dmveherv3","time":1613798031,"event":{"mods":["BaseMod","Better Third Choice","Downfall","Minty Spire (QoL Compilation)","StSLib"],"gold_per_floor":[99,99,249,249,249,249,249,264,0,34,53,53,83,83,98,201,201,101,119,136,147,147,147,174,174,174,174],"floor_reached":25,"language":"ENG","playtime":1054,"items_purged":[],"score":217,"play_id":"c9536978-81a2-458f-bd0c-02b40caa8a5e","local_time":"20210219221351","is_ascension_mode":true,"campfire_choices":[{"data":"hexamod:Sear","floor":1,"key":"SMITH"},{"data":"hexamod:ExtraCrispy","floor":6,"key":"SMITH"},{"data":"hexamod:HeatMetal","floor":12,"key":"SMITH"},{"data":"hexamod:GiftsFromTheDead","floor":18,"key":"SMITH"},{"data":"hexamod:Incineration","floor":23,"key":"SMITH"}],"circlet_count":0,"master_deck":["hexamod:Strike","hexamod:Strike","hexamod:Strike","hexamod:Strike","hexamod:Defend","hexamod:Defend","hexamod:Defend","hexamod:Defend","hexamod:Sear+1","hexamod:Float","hexamod:PhantomFireball","downfall:Icky","hexamod:FirstSeal","hexamod:ExtraCrispy+1","hexamod:BurningTouch","hexamod:TurnItUp","hexamod:PhantomCloak","hexamod:PhantomFireball","hexamod:HeatMetal+1","Corruption+1","hexamod:HeatMetal","hexamod:GiftsFromTheDead+1","hexamod:Incineration+1","hexamod:NecessarySacrifice+1","hexamod:FirstSeal"],"relics":["hexamod:SpiritBrand","downfall:HeartsMalice","Pen Nib","Lantern","Boot","Sundial","Vajra","sneckomod:SneckoTalon","downfall:HeartBlessingGreen","Regal Pillow"],"acts_visited":["Exordium","TheCity"],"potions_floor_usage":[15,25],"damage_taken":[{"damage":0,"enemies":"2 Louse","floor":2,"turns":1},{"damage":0,"enemies":"Small Slimes","floor":4,"turns":1},{"damage":0,"enemies":"Jaw Worm","floor":5,"turns":1},{"damage":9,"enemies":"Exordium Wildlife","floor":8,"turns":4},{"damage":0,"enemies":"downfall:FleeingMerchant","floor":9,"turns":4},{"damage":15,"enemies":"Lagavulin","floor":10,"turns":7},{"damage":4,"enemies":"3 Louse","floor":11,"turns":4},{"damage":10,"enemies":"Gremlin Nob","floor":13,"turns":3},{"damage":1,"enemies":"2 Fungi Beasts","floor":15,"turns":4},{"damage":3,"enemies":"SI_SHIV_ARCHETYPE","floor":16,"turns":5},{"damage":0,"enemies":"Chosen","floor":19,"turns":4},{"damage":18,"enemies":"Shell Parasite","floor":20,"turns":4},{"damage":23,"enemies":"3 Cultists","floor":21,"turns":6},{"damage":36,"enemies":"Sentry and Sphere","floor":25,"turns":5}],"seed_played":"-7004758843029429851","potions_obtained":[{"floor":8,"key":"Fire Potion"},{"floor":10,"key":"BlessingOfTheForge"},{"floor":15,"key":"Swift Potion"},{"floor":16,"key":"FearPotion"}],"is_trial":false,"path_per_floor":["R","M","?","M","M","R","T","M","$","E","M","R","E","?","M","B",null,"R","M","M","M","?","R","T","M"],"character_chosen":"THE_SPIRIT","items_purchased":["hexamod:PhantomCloak","Lantern","hexamod:PhantomFireball"],"campfire_rested":0,"item_purchase_floors":[9,9,9],"current_hp_per_floor":[70,70,70,70,70,70,70,61,68,60,63,63,60,39,45,42,70,70,70,59,43,36,36,36,0,0,0],"gold":174,"neow_bonus":"THREE_ENEMY_KILL","is_daily":false,"chose_seed":false,"campfire_upgraded":5,"win_rate":0.0,"timestamp":1613798031,"path_taken":["R","M","?","M","M","R","T","M","$","E","M","R","E","?","M","BOSS","R","M","M","M","?","R","T","M"],"items_purchased_type":["Card","Relic","Card"],"build_version":"2020-12-22","purchased_purges":0,"victory":false,"max_hp_per_floor":[70,70,70,70,70,70,70,70,70,70,70,70,70,70,70,70,70,70,70,70,70,70,70,70,70,70,70],"card_choices":[{"not_picked":["hexamod:SpectersWail","hexamod:SpectralSpark"],"picked":"hexamod:PhantomFireball","floor":2},{"not_picked":["hexamod:Haunt","hexamod:NightmareStrike"],"picked":"hexamod:FirstSeal","floor":4},{"not_picked":["hexamod:Rewind","hexamod:RecurringNightmare"],"picked":"hexamod:ExtraCrispy","floor":5},{"not_picked":["hexamod:GhostOfSpireFuture","hexamod:AdvancingGuard"],"picked":"hexamod:BurningTouch","floor":8},{"not_picked":["hexamod:NightmareGuise","hexamod:ChargedBarrage"],"picked":"hexamod:TurnItUp","floor":9},{"not_picked":["hexamod:SwordOfDarkness","hexamod:Hexaguard","hexamod:GhostShield"],"picked":"SKIP","floor":10},{"not_picked":["hexamod:Hexaguard","hexamod:BacktrackSmack"],"picked":"hexamod:HeatMetal","floor":11},{"not_picked":["hexamod:AdvancingGuard","hexamod:NightmareGuise","hexamod:SuperheatedStrike"],"picked":"SKIP","floor":13},{"not_picked":["hexamod:ShieldOfDarkness","hexamod:BacktrackSmack"],"picked":"hexamod:HeatMetal","floor":15},{"not_picked":["hexamod:ForkedFlame","hexamod:UnleashSpirits"],"picked":"hexamod:GiftsFromTheDead","floor":16},{"not_picked":["hexamod:PhantomFireball","hexamod:CatchUp","hexamod:Hexaguard"],"picked":"SKIP","floor":19},{"not_picked":["hexamod:RetreatToShadows","hexamod:Firestarter"],"picked":"hexamod:Incineration","floor":20},{"not_picked":["hexamod:AdvancingGuard","hexamod:InspiringFlames"],"picked":"hexamod:NecessarySacrifice+1","floor":21}],"player_experience":148345,"relics_obtained":[{"floor":7,"key":"Pen Nib"},{"floor":10,"key":"Boot"},{"floor":13,"key":"Sundial"},{"floor":24,"key":"Regal Pillow"}],"event_choices":[],"is_beta":false,"boss_relics":[{"not_picked":["Astrolabe","Runic Dome"],"picked":"sneckomod:SneckoTalon"}],"items_purged_floors":[],"is_endless":false,"potions_floor_spawned":[8,10,15,16,19],"killed_by":"Sentry and Sphere","ascension_level":1}}