{"host":"x5w9zppki4gdwvc7","time":1613782918,"event":{"mods":["AchievementEnabler","BaseMod","Colored Powertips","DeckTracker","Minty Spire (QoL Compilation)","SuperFastMode"],"gold_per_floor":[363,363,377,397,417,417,444,170,170,190,190,205,205,224,224,321,321,341,352,267,286,386,386,411,411,411,425,452,469,568,586,586,691,691,708,132,151,201,219,219,254,267,267,267,300,319,319,335,335,335,335,335,8,39,39,39],"floor_reached":55,"language":"ENG","playtime":4043,"items_purged":["Strike_B","Strike_B"],"score":823,"play_id":"1aa2d01d-113b-470e-b9dd-6f1c3262d105","local_time":"20210220020158","is_ascension_mode":false,"campfire_choices":[{"data":"Genetic Algorithm","floor":6.0,"key":"SMITH"},{"data":"Zap","floor":11.0,"key":"SMITH"},{"data":"Barrage","floor":13.0,"key":"SMITH"},{"data":"Streamline","floor":15.0,"key":"SMITH"},{"data":"Scrape","floor":23.0,"key":"SMITH"},{"data":"Go for the Eyes","floor":25.0,"key":"SMITH"},{"data":"Hologram","floor":32.0,"key":"SMITH"},{"floor":40.0,"key":"RECALL"},{"data":"Defragment","floor":44.0,"key":"SMITH"},{"data":"Aggregate","floor":47.0,"key":"SMITH"},{"data":"Seek","floor":49.0,"key":"SMITH"},{"data":"Stack","floor":52.0,"key":"SMITH"}],"circlet_count":0,"master_deck":["Strike_B","Defend_B+1","Defend_B","Defend_B","Defend_B","Zap+1","Dualcast","Parasite","Genetic Algorithm+1","Scrape+1","Steam","Glacier","Barrage+1","Glacier+1","Sweeping Beam","Beam Cell","Hologram+1","Streamline+1","Gash","Gash","Go for the Eyes+1","Rebound+1","BootSequence","Seek+1","Leap","Echo Form","Self Repair","Gash","Defragment+1","Stack+1","Streamline+1","Aggregate+1","Gash+1","Undo+1","Scrape","Hologram"],"relics":["Cracked Core","Shuriken","Art of War","Mango","Nuclear Battery","FossilizedHelix","Pantograph","War Paint","Inserter","Runic Capacitor","Mummified Hand","Lizard Tail","Dream Catcher","Mercury Hourglass","Bag of Preparation","Bottled Lightning","Happy Flower"],"acts_visited":["Exordium","TheCity","TheBeyond","TheEnding"],"potions_floor_usage":[55],"damage_taken":[{"damage":0.0,"enemies":"2 Louse","floor":1.0,"turns":2.0},{"damage":4.0,"enemies":"Cultist","floor":3.0,"turns":4.0},{"damage":7.0,"enemies":"Small Slimes","floor":4.0,"turns":3.0},{"damage":2.0,"enemies":"2 Fungi Beasts","floor":5.0,"turns":6.0},{"damage":14.0,"enemies":"3 Sentries","floor":7.0,"turns":10.0},{"damage":12.0,"enemies":"3 Louse","floor":10.0,"turns":3.0},{"damage":0.0,"enemies":"Looter","floor":12.0,"turns":3.0},{"damage":0.0,"enemies":"2 Fungi Beasts","floor":14.0,"turns":2.0},{"damage":6.0,"enemies":"The Guardian","floor":16.0,"turns":10.0},{"damage":0.0,"enemies":"Spheric Guardian","floor":18.0,"turns":3.0},{"damage":12.0,"enemies":"Shell Parasite","floor":19.0,"turns":3.0},{"damage":0.0,"enemies":"Centurion and Healer","floor":21.0,"turns":5.0},{"damage":11.0,"enemies":"Gremlin Leader","floor":24.0,"turns":7.0},{"damage":0.0,"enemies":"Chosen and Byrds","floor":27.0,"turns":5.0},{"damage":23.0,"enemies":"Book of Stabbing","floor":28.0,"turns":6.0},{"damage":0.0,"enemies":"3 Cultists","floor":29.0,"turns":6.0},{"damage":16.0,"enemies":"Sentry and Sphere","floor":31.0,"turns":4.0},{"damage":43.0,"enemies":"Collector","floor":33.0,"turns":14.0},{"damage":32.0,"enemies":"3 Darklings","floor":35.0,"turns":9.0},{"damage":17.0,"enemies":"Orb Walker","floor":37.0,"turns":4.0},{"damage":12.0,"enemies":"Mind Bloom Boss Battle","floor":38.0,"turns":6.0},{"damage":9.0,"enemies":"Maw","floor":39.0,"turns":8.0},{"damage":24.0,"enemies":"Giant Head","floor":41.0,"turns":10.0},{"damage":16.0,"enemies":"4 Shapes","floor":42.0,"turns":6.0},{"damage":13.0,"enemies":"Nemesis","floor":45.0,"turns":7.0},{"damage":0.0,"enemies":"Writhing Mass","floor":46.0,"turns":6.0},{"damage":0.0,"enemies":"Sphere and 2 Shapes","floor":48.0,"turns":4.0},{"damage":27.0,"enemies":"Donu and Deca","floor":50.0,"turns":10.0},{"damage":66.0,"enemies":"Shield and Spear","floor":54.0,"turns":9.0},{"damage":105,"enemies":"The Heart","floor":55,"turns":8}],"seed_played":"-5688670136968144119","potions_obtained":[{"floor":1.0,"key":"SkillPotion"},{"floor":7.0,"key":"AttackPotion"},{"floor":16.0,"key":"SpeedPotion"},{"floor":27.0,"key":"EssenceOfSteel"},{"floor":33.0,"key":"SneckoOil"},{"floor":35.0,"key":"Block Potion"},{"floor":42.0,"key":"Fruit Juice"},{"floor":45.0,"key":"Swift Potion"}],"is_trial":false,"path_per_floor":["M","?","M","M","M","R","E","$","T","M","R","M","R","M","R","B",null,"M","M","?","M","?","R","E","R","T","M","E","M","?","M","R","B",null,"M","$","M","?","M","R","E","M","T","R","E","M","R","M","R","B",null,"R","$","E","B"],"character_chosen":"DEFECT","items_purchased":["Art of War","Sweeping Beam","Runic Capacitor","Self Repair","Mummified Hand","Bottled Lightning","Scrape","ColorlessPotion"],"campfire_rested":0,"item_purchase_floors":[8,8,36,36,36,53,53,53],"current_hp_per_floor":[75,75,71,64,62,62,48,48,62,50,50,50,50,50,50,44,89,89,77,77,77,77,77,66,66,66,66,43,43,43,27,27,9,89,57,57,47,74,65,65,55,53,53,53,47,61,61,61,61,59,89,89,89,28,0,0],"gold":39,"neow_bonus":"TWO_FIFTY_GOLD","is_daily":false,"chose_seed":false,"campfire_upgraded":11,"win_rate":0.0,"timestamp":1613782918,"path_taken":["M","?","M","?","M","R","E","?","T","M","R","M","R","M","R","BOSS","M","M","?","M","?","R","E","R","T","?","E","M","?","M","R","BOSS","M","$","M","?","M","R","E","M","T","R","E","M","R","M","R","BOSS","R","$","E","BOSS"],"items_purchased_type":["Relic","Card","Relic","Card","Relic","Relic","Card","Potion"],"build_version":"2020-12-22","purchased_purges":2,"victory":false,"max_hp_per_floor":[75,75,75,75,75,75,75,75,89,89,89,89,89,89,89,89,89,89,89,89,89,89,89,89,89,89,89,89,89,89,89,89,89,89,89,89,89,89,89,89,89,89,89,89,89,89,89,89,89,89,89,89,89,94,94,94],"card_choices":[{"not_picked":["Beam Cell","Coolheaded"],"picked":"Genetic Algorithm","floor":1.0},{"not_picked":["Chaos","Ball Lightning"],"picked":"Steam","floor":3.0},{"not_picked":["Coolheaded","Hologram"],"picked":"Glacier","floor":4.0},{"not_picked":["Conserve Battery","Turbo"],"picked":"Barrage","floor":5.0},{"not_picked":["Amplify","Leap"],"picked":"Glacier","floor":7.0},{"not_picked":["Rip and Tear","Auto Shields"],"picked":"Beam Cell","floor":10.0},{"not_picked":["Aggregate","Cold Snap"],"picked":"Hologram","floor":12.0},{"not_picked":["Compile Driver","Redo"],"picked":"Streamline","floor":14.0},{"not_picked":["Stack","Steam"],"picked":"Gash","floor":18.0},{"not_picked":["Loop","Ball Lightning"],"picked":"Gash","floor":19.0},{"not_picked":["Rip and Tear","Rebound"],"picked":"Go for the Eyes","floor":21.0},{"not_picked":["Heatsinks","Blizzard"],"picked":"Rebound+1","floor":24.0},{"not_picked":["Compile Driver","Steam","Aggregate"],"picked":"SKIP","floor":27.0},{"not_picked":["Skim","Redo"],"picked":"BootSequence","floor":28.0},{"not_picked":["Rebound","Melter"],"picked":"Seek","floor":29.0},{"not_picked":["Beam Cell","Cold Snap"],"picked":"Leap","floor":31.0},{"not_picked":["Multi-Cast","Hyperbeam"],"picked":"Echo Form","floor":33.0},{"not_picked":["Steam","Rebound+1","Tempest"],"picked":"SKIP","floor":35.0},{"not_picked":["Rebound","Steam"],"picked":"Gash","floor":37.0},{"not_picked":["Turbo+1","Hologram+1"],"picked":"Defragment","floor":38.0},{"not_picked":["Rebound","Doom and Gloom+1","Sweeping Beam"],"picked":"SKIP","floor":39.0},{"not_picked":["Leap","Genetic Algorithm"],"picked":"Stack","floor":41.0},{"not_picked":["Conserve Battery","Redo"],"picked":"Streamline+1","floor":42.0},{"not_picked":["Storm+1","Blizzard+1"],"picked":"Aggregate","floor":45.0},{"not_picked":["Coolheaded+1","Redo+1"],"picked":"Gash+1","floor":46.0},{"not_picked":["Amplify","Steam Power+1"],"picked":"Undo+1","floor":48.0},{"not_picked":["Reprogram+1","Reboot"],"picked":"Hologram","floor":54.0}],"player_experience":685261,"relics_obtained":[{"floor":7.0,"key":"Shuriken"},{"floor":9.0,"key":"Mango"},{"floor":24.0,"key":"Pantograph"},{"floor":28.0,"key":"War Paint"},{"floor":38.0,"key":"Lizard Tail"},{"floor":41.0,"key":"Dream Catcher"},{"floor":43.0,"key":"Mercury Hourglass"},{"floor":45.0,"key":"Bag of Preparation"},{"floor":54.0,"key":"Happy Flower"}],"event_choices":[{"damage_healed":0.0,"max_hp_gain":0.0,"max_hp_loss":0.0,"gold_gain":0.0,"cards_transformed":["Strike_B"],"event_name":"Transmorgrifier","player_choice":"Transformed","floor":2.0,"gold_loss":0.0,"damage_taken":0.0,"cards_obtained":["Scrape"]},{"damage_healed":0.0,"max_hp_gain":0.0,"max_hp_loss":0.0,"gold_gain":0.0,"event_name":"Addict","player_choice":"Obtained Relic","floor":20.0,"gold_loss":85.0,"damage_taken":0.0,"relics_obtained":["FossilizedHelix"]},{"damage_healed":0.0,"max_hp_gain":0.0,"max_hp_loss":0.0,"gold_gain":100.0,"event_name":"Golden Shrine","player_choice":"Pray","floor":22.0,"gold_loss":0.0,"damage_taken":0.0},{"damage_healed":0.0,"max_hp_gain":0.0,"max_hp_loss":0.0,"gold_gain":99.0,"event_name":"Nest","player_choice":"Stole From Cult","floor":30.0,"gold_loss":0.0,"damage_taken":0.0},{"damage_healed":0.0,"max_hp_gain":0.0,"max_hp_loss":0.0,"gold_gain":0.0,"event_name":"MindBloom","player_choice":"Fight","floor":38.0,"gold_loss":0.0,"damage_taken":0.0}],"is_beta":false,"boss_relics":[{"not_picked":["Busted Crown","Runic Dome"],"picked":"Nuclear Battery"},{"not_picked":["Tiny House","Snecko Eye"],"picked":"Inserter"}],"items_purged_floors":[8,36],"is_endless":false,"potions_floor_spawned":[1,7,16,21,27,33,35,42,45],"killed_by":"The Heart","ascension_level":0}}