{"host":"mqhvlr3kpxebko0t","time":1613823199,"event":{"mods":["AchievementEnabler","BaseMod","Colored Map","Colored Powertips","KOR Keyword Fix","Keyboard Shortcuts","Minty Spire (QoL Compilation)","StSLib","SuperFastMode"],"gold_per_floor":[112,112,112,136,154,180,191,191,191],"floor_reached":8,"language":"KOR","playtime":63,"items_purged":[],"score":162,"play_id":"5f87e85c-9359-4813-befe-8c623a4e6234","local_time":"20210220211319","is_ascension_mode":true,"campfire_choices":[],"circlet_count":0,"master_deck":["AscendersBane","Strike_R","Strike_R","Strike_R","Strike_R","Strike_R","Defend_R","Defend_R","Defend_R","Defend_R","Bash","Disarm","Shrug It Off"],"relics":["Burning Blood","NeowsBlessing","Letter Opener","Lantern","Question Card"],"acts_visited":["Exordium"],"potions_floor_usage":[],"damage_taken":[{"damage":0,"enemies":"Small Slimes","floor":1,"turns":1},{"damage":0,"enemies":"2 Louse","floor":5,"turns":1},{"damage":0,"enemies":"Lagavulin","floor":6,"turns":2},{"damage":4,"enemies":"Jaw Worm","floor":7,"turns":5},{"damage":0,"enemies":"3 Sentries","floor":8,"turns":1}],"seed_played":"-6892000715302197289","potions_obtained":[{"floor":1,"key":"AttackPotion"},{"floor":7,"key":"EssenceOfSteel"}],"is_trial":false,"path_per_floor":["M","?","?","T","M","E","M","E"],"character_chosen":"IRONCLAD","items_purchased":[],"campfire_rested":0,"item_purchase_floors":[],"current_hp_per_floor":[74,56,61,61,67,73,75,75,75],"gold":191,"neow_bonus":"THREE_ENEMY_KILL","is_daily":false,"chose_seed":false,"campfire_upgraded":0,"win_rate":0.0,"timestamp":1613823199,"path_taken":["M","?","?","?","?","E","M","E"],"items_purchased_type":[],"build_version":"2020-12-22","purchased_purges":0,"victory":false,"max_hp_per_floor":[75,75,80,80,80,80,80,80,80],"card_choices":[{"not_picked":["Dark Embrace","Heavy Blade"],"picked":"Disarm","floor":1},{"not_picked":["Armaments","Disarm","Clothesline"],"picked":"SKIP","floor":5},{"not_picked":["Ghostly Armor","Havoc"],"picked":"Shrug It Off","floor":6},{"not_picked":["Dark Embrace","Clash","Havoc","Thunderclap"],"picked":"SKIP","floor":7}],"player_experience":719400,"relics_obtained":[{"floor":4,"key":"Lantern"},{"floor":6,"key":"Question Card"}],"event_choices":[{"damage_healed":0,"gold_gain":0,"player_choice":"Success","damage_taken":18,"relics_obtained":["Letter Opener"],"max_hp_gain":0,"max_hp_loss":0,"event_name":"Scrap Ooze","floor":2,"gold_loss":0},{"damage_healed":0,"gold_gain":0,"player_choice":"Donut","damage_taken":0,"max_hp_gain":5,"max_hp_loss":0,"event_name":"Big Fish","floor":3,"gold_loss":0}],"is_beta":false,"boss_relics":[],"items_purged_floors":[],"is_endless":false,"potions_floor_spawned":[1,7],"killed_by":"3 Sentries","ascension_level":20}}