{"host":"gg","time":1613813721,"event":{"mods":["AchievementEnabler","BaseMod","Colored Map","Googly Eyes","Minty Spire (QoL Compilation)","Permanent Neow","Relic Stats","The IronCluck"],"gold_per_floor":[113,132,132,132,152,191,191,191,191,224,224,272,305,353,353,446,446,459,459,513,513,513,579,625,656,736,736,802,802,802],"floor_reached":29,"language":"ENG","playtime":1149,"items_purged":[],"score":752,"play_id":"f3545b59-2b14-4de9-a7e4-37144157153a","local_time":"20210220013521","is_ascension_mode":true,"campfire_choices":[{"data":"Eruption","floor":8.0,"key":"SMITH"},{"data":"Wish","floor":11.0,"key":"SMITH"},{"data":"EmptyFist","floor":15.0,"key":"SMITH"},{"floor":27,"key":"REST"}],"circlet_count":0,"master_deck":["AscendersBane","Strike_P","Strike_P","Strike_P","Defend_P","Defend_P","Eruption+1","Vigilance","Tantrum","FollowUp","CutThroughFate","Wish+1","Consecrate","Adaptation","EmptyFist+1","Ragnarok","Tantrum+1","Wallop+1","BattleHymn+1","FearNoEvil","Writhe","CrushJoints"],"relics":["Sozu","Singing Bowl","Golden Idol","FossilizedHelix","Pear","Bag of Preparation","HornCleat","Astrolabe","Blue Candle","Bronze Scales","SsserpentHead","Potion Belt","Sundial","Meat on the Bone"],"acts_visited":["Exordium","TheCity"],"potions_floor_usage":[],"damage_taken":[{"damage":2.0,"enemies":"Cultist","floor":1.0,"turns":3.0},{"damage":12.0,"enemies":"Jaw Worm","floor":2.0,"turns":4.0},{"damage":11.0,"enemies":"2 Louse","floor":5.0,"turns":2.0},{"damage":0.0,"enemies":"Gremlin Nob","floor":6.0,"turns":2.0},{"damage":0.0,"enemies":"Lagavulin","floor":10.0,"turns":3.0},{"damage":0.0,"enemies":"Large Slime","floor":12.0,"turns":3.0},{"damage":0.0,"enemies":"Gremlin Nob","floor":13.0,"turns":2.0},{"damage":40.0,"enemies":"Gremlin Gang","floor":14.0,"turns":3.0},{"damage":12.0,"enemies":"Hexaghost","floor":16.0,"turns":4.0},{"damage":0.0,"enemies":"Chosen","floor":18.0,"turns":3.0},{"damage":20.0,"enemies":"3 Byrds","floor":20.0,"turns":4.0},{"damage":22.0,"enemies":"Gremlin Leader","floor":23.0,"turns":4.0},{"damage":0.0,"enemies":"Cultist and Chosen","floor":24.0,"turns":5.0},{"damage":20,"enemies":"Book of Stabbing","floor":25,"turns":4},{"damage":25,"enemies":"Gremlin Leader","floor":28,"turns":5},{"damage":18,"enemies":"Snake Plant","floor":29,"turns":2}],"seed_played":"-973041992008449437","potions_obtained":[],"is_trial":false,"path_per_floor":["M","M","?","?","M","E","?","R","T","E","R","M","E","M","R","B",null,"M","T","M","?","?","E","M","E","T","R","E","M"],"character_chosen":"WATCHER","items_purchased":[],"campfire_rested":1,"item_purchase_floors":[],"current_hp_per_floor":[59,47,29,29,18,18,62,62,72,72,72,72,72,32,32,20,59,61,61,41,41,41,21,21,3,3,26,3,0,0],"gold":802,"neow_bonus":"BOSS_RELIC","is_daily":false,"chose_seed":false,"campfire_upgraded":3,"win_rate":0.0,"timestamp":1613813721,"path_taken":["M","?","?","?","M","E","?","R","T","E","R","?","E","M","R","BOSS","M","?","?","?","?","E","M","E","T","R","E","M"],"items_purchased_type":[],"build_version":"2020-12-18","purchased_purges":0,"victory":false,"max_hp_per_floor":[68,68,68,62,62,62,62,62,72,72,72,72,72,72,72,72,72,74,74,74,74,74,76,76,78,78,78,80,80,80],"relic_stats":{"Sozu":7,"SsserpentHead":0,"Singing Bowl":8,"counters":[16,53],"Golden Idol":84,"Sundial":[0],"Astrolabe":["Tantrum","Wallop","BattleHymn"],"Blue Candle":[0],"Bronze Scales":[45],"Bag of Preparation":[22],"obtain_stats":[{"Potion Belt":23,"Pear":9,"Singing Bowl":3,"Golden Idol":4,"Astrolabe":17,"Blue Candle":19,"Bag of Preparation":10,"Sozu":0,"SsserpentHead":22,"HornCleat":13,"Sundial":26,"Bronze Scales":21,"PureWater":0,"FossilizedHelix":6,"Meat on the Bone":28},{"Potion Belt":12,"Pear":4,"Singing Bowl":2,"Golden Idol":2,"Astrolabe":9,"Blue Candle":10,"Bag of Preparation":5,"Sozu":0,"SsserpentHead":11,"HornCleat":7,"Sundial":14,"Bronze Scales":11,"PureWater":0,"FossilizedHelix":4,"Meat on the Bone":15},{"Potion Belt":37,"Pear":11,"Singing Bowl":7,"Golden Idol":7,"Astrolabe":26,"Blue Candle":29,"Bag of Preparation":14,"Sozu":0,"SsserpentHead":33,"HornCleat":19,"Sundial":46,"Bronze Scales":33,"PureWater":0,"FossilizedHelix":11,"Meat on the Bone":51}],"Meat on the Bone":0},"card_choices":[{"not_picked":["Halt","Protect"],"picked":"Tantrum","floor":1.0},{"not_picked":["InnerPeace","ClearTheMind"],"picked":"FollowUp","floor":2.0},{"not_picked":["Tantrum","LikeWater"],"picked":"CutThroughFate","floor":5.0},{"not_picked":["EmptyMind","Collect"],"picked":"Weave","floor":6.0},{"not_picked":["BattleHymn","LikeWater"],"picked":"Wish","floor":10.0},{"not_picked":["FollowUp","Adaptation"],"picked":"Consecrate","floor":12.0},{"not_picked":["EmptyMind","ConjureBlade"],"picked":"Adaptation","floor":13.0},{"not_picked":["EmptyBody","WheelKick"],"picked":"EmptyFist","floor":14.0},{"not_picked":["DeusExMachina","Devotion"],"picked":"Ragnarok","floor":16.0},{"not_picked":["Worship","BattleHymn","PathToVictory"],"picked":"Singing Bowl","floor":18.0},{"not_picked":["Wireheading","ThirdEye"],"picked":"FearNoEvil","floor":20.0},{"not_picked":["Ragnarok","Nirvana+1","WindmillStrike+1"],"picked":"Singing Bowl","floor":23.0},{"not_picked":["CutThroughFate","Prostrate+1"],"picked":"CrushJoints","floor":24.0},{"not_picked":["Consecrate","Tantrum","Prostrate"],"picked":"Singing Bowl","floor":25},{"not_picked":["Prostrate","Wireheading","Halt"],"picked":"Singing Bowl","floor":28}],"player_experience":1359300,"relics_obtained":[{"floor":6.0,"key":"FossilizedHelix"},{"floor":9.0,"key":"Pear"},{"floor":10.0,"key":"Bag of Preparation"},{"floor":13.0,"key":"HornCleat"},{"floor":19.0,"key":"Blue Candle"},{"floor":23.0,"key":"Potion Belt"},{"floor":26,"key":"Sundial"},{"floor":28,"key":"Meat on the Bone"}],"event_choices":[{"damage_healed":0.0,"max_hp_gain":0.0,"max_hp_loss":0.0,"gold_gain":0.0,"event_name":"Scrap Ooze","player_choice":"Success","floor":3.0,"gold_loss":0.0,"damage_taken":18.0,"relics_obtained":["Singing Bowl"]},{"damage_healed":0.0,"max_hp_gain":0.0,"max_hp_loss":6.0,"gold_gain":0.0,"event_name":"Golden Idol","player_choice":"Lose Max HP","floor":4.0,"gold_loss":0.0,"damage_taken":0.0,"relics_obtained":["Golden Idol"]},{"cards_removed":["Weave"],"damage_healed":44.0,"max_hp_gain":0.0,"max_hp_loss":0.0,"gold_gain":0.0,"event_name":"Bonfire Elementals","player_choice":"Offered Uncommon","floor":7.0,"gold_loss":0.0,"damage_taken":0.0},{"damage_healed":0.0,"max_hp_gain":0.0,"max_hp_loss":0.0,"gold_gain":0.0,"event_name":"The Mausoleum","player_choice":"Opened","floor":21.0,"gold_loss":0.0,"damage_taken":0.0,"relics_obtained":["Bronze Scales"],"cards_obtained":["Writhe"]},{"damage_healed":0.0,"max_hp_gain":0.0,"max_hp_loss":0.0,"gold_gain":0.0,"event_name":"FaceTrader","player_choice":"Trade","floor":22.0,"gold_loss":0.0,"damage_taken":0.0,"relics_obtained":["SsserpentHead"]}],"is_beta":true,"boss_relics":[{"not_picked":["SlaversCollar","Ectoplasm"],"picked":"Astrolabe"}],"items_purged_floors":[],"is_endless":false,"potions_floor_spawned":[5,6,13,16,18,25,28],"killed_by":"Snake Plant","ascension_level":20}}