{"host":"u8gwyxapu65l7nuk","time":1613817541,"event":{"mods":["BaseMod","Custom Start","Minty Spire (QoL Compilation)","Relic Stats","Slay-I","StSLib"],"gold_per_floor":[109,129,142,142,142,174,174,174,174,185,220,230,242,242,242,346,346,365,383,400,400,66,66,98,13,93,73,73,47,62,75,75,175,175,194,194,194,207,50,82,82,82,108,108,108,208,236,248,248,248],"floor_reached":51,"language":"ENG","playtime":1458,"items_purged":[],"score":842,"play_id":"d1b66424-7606-4797-8174-2047a1b50ba2","local_time":"20210220183901","is_ascension_mode":true,"campfire_choices":[{"data":"Carnage","floor":7,"key":"SMITH"},{"data":"Demon Form","floor":15,"key":"SMITH"},{"data":"Defend_R","floor":23,"key":"SMITH"},{"data":"Headbutt","floor":28,"key":"SMITH"},{"data":"Defend_R","floor":32,"key":"SMITH"},{"data":"Discovery","floor":44,"key":"SMITH"},{"floor":49,"key":"REST"}],"circlet_count":0,"master_deck":["Strike_R","Strike_R","Strike_R","Strike_R","Defend_R","Defend_R+1","Defend_R","Defend_R+1","Bash","Power Through","Flame Barrier","Warcry","Carnage+1","Demon Form+1","Iron Wave","Iron Wave+1","Headbutt","Double Tap","Headbutt+1","Carnage","Cleave","Necronomicurse","Trip","Ghostly Armor","Shrug It Off","Iron Wave+1","CurseOfTheBell","Flame Barrier","Discovery+1","Metallicize+1","Shrug It Off","Demon Form+1","Madness","Madness","Headbutt+1","Fire Breathing+1"],"relics":["Burning Blood","Unceasing Top","Mercury Hourglass","Frozen Egg 2","Torii","HornCleat","Mark of Pain","Necronomicon","Bottled Tornado","Anchor","Vajra","Calling Bell","Oddly Smooth Stone","Ornamental Fan","WingedGreaves","DollysMirror","Pear","Akabeko","Whetstone","Sundial"],"acts_visited":["Exordium","TheCity","TheBeyond"],"potions_floor_usage":[6,16,40,50,50,50],"damage_taken":[{"damage":0,"enemies":"Small Slimes","floor":1,"turns":3},{"damage":1,"enemies":"Cultist","floor":2,"turns":3},{"damage":0,"enemies":"Jaw Worm","floor":3,"turns":5},{"damage":55,"enemies":"Gremlin Nob","floor":6,"turns":6},{"damage":1,"enemies":"Large Slime","floor":10,"turns":4},{"damage":9,"enemies":"Lagavulin","floor":11,"turns":6},{"damage":1,"enemies":"3 Louse","floor":12,"turns":2},{"damage":2,"enemies":"Lots of Slimes","floor":13,"turns":3},{"damage":25,"enemies":"Slime Boss","floor":16,"turns":11},{"damage":7,"enemies":"3 Byrds","floor":18,"turns":5},{"damage":0,"enemies":"Chosen","floor":19,"turns":3},{"damage":0,"enemies":"3 Cultists","floor":20,"turns":4},{"damage":1,"enemies":"Gremlin Leader","floor":24,"turns":5},{"damage":0,"enemies":"Snecko","floor":30,"turns":3},{"damage":1,"enemies":"Snake Plant","floor":31,"turns":3},{"damage":10,"enemies":"Automaton","floor":33,"turns":6},{"damage":10,"enemies":"3 Shapes","floor":35,"turns":3},{"damage":0,"enemies":"Orb Walker","floor":38,"turns":3},{"damage":44,"enemies":"Giant Head","floor":40,"turns":7},{"damage":37,"enemies":"Nemesis","floor":47,"turns":9},{"damage":1,"enemies":"4 Shapes","floor":48,"turns":8},{"damage":58,"enemies":"Donu and Deca","floor":50,"turns":9}],"seed_played":"3052466372794780028","potions_obtained":[{"floor":2,"key":"AttackPotion"},{"floor":11,"key":"Block Potion"},{"floor":13,"key":"Fire Potion"},{"floor":18,"key":"Block Potion"},{"floor":19,"key":"DuplicationPotion"},{"floor":27,"key":"FearPotion"},{"floor":40,"key":"Regen Potion"}],"is_trial":false,"path_per_floor":["M","M","M","?","?","E","R","?","T","M","E","M","M","T","R","B",null,"M","M","M","?","$","R","E","?","T","?","R","$","M","M","R","B",null,"M","?","?","M","$","E","?","T","T","R","$","?","E","M","R","B",null],"character_chosen":"IRONCLAD","items_purchased":["Trip","Bottled Tornado","Shrug It Off","DollysMirror"],"campfire_rested":1,"item_purchase_floors":[22,22,29,39],"current_hp_per_floor":[88,88,88,88,81,32,32,32,32,37,34,39,43,43,43,24,88,87,88,88,72,72,72,77,77,77,77,77,77,83,88,88,84,88,84,79,79,85,85,57,45,45,45,45,45,45,14,19,48,11],"gold":248,"neow_bonus":"TEN_PERCENT_HP_BONUS","is_daily":false,"chose_seed":false,"campfire_upgraded":6,"win_rate":0.0,"timestamp":1613817541,"path_taken":["M","M","M","?","?","E","R","?","T","M","E","M","?","?","R","BOSS","M","M","M","?","$","R","E","?","T","?","R","$","M","?","R","BOSS","M","?","?","?","$","E","?","?","T","R","$","?","E","?","R","BOSS"],"items_purchased_type":["Card","Relic","Card","Relic"],"build_version":"2020-12-22","purchased_purges":0,"victory":true,"max_hp_per_floor":[88,88,88,88,88,88,88,88,88,88,88,88,88,88,88,88,88,88,88,88,88,88,88,88,88,88,88,88,88,88,88,88,88,88,88,88,88,88,88,98,98,98,98,98,98,98,98,98,98,98],"relic_stats":{"Torii":24,"counters":[22,109],"Ornamental Fan":[36],"Sundial":[0],"Necronomicon":[18],"Whetstone":["Iron Wave","Iron Wave"],"obtain_stats":[{"Pear":40,"Torii":11,"Vajra":25,"Oddly Smooth Stone":34,"Whetstone":43,"Frozen Egg 2":9,"Bottled Tornado":22,"Burning Blood":0,"Akabeko":42,"Mercury Hourglass":6,"Calling Bell":34,"Anchor":24,"HornCleat":14,"Ornamental Fan":34,"DollysMirror":39,"Sundial":47,"Mark of Pain":17,"WingedGreaves":34,"Necronomicon":21,"Unceasing Top":4},{"Pear":19,"Torii":6,"Vajra":13,"Oddly Smooth Stone":16,"Whetstone":19,"Frozen Egg 2":4,"Bottled Tornado":12,"Burning Blood":0,"Akabeko":19,"Mercury Hourglass":4,"Calling Bell":16,"Anchor":13,"HornCleat":8,"Ornamental Fan":16,"DollysMirror":18,"Sundial":20,"Mark of Pain":9,"WingedGreaves":16,"Necronomicon":12,"Unceasing Top":3},{"Pear":83,"Torii":27,"Vajra":58,"Oddly Smooth Stone":70,"Whetstone":83,"Frozen Egg 2":17,"Bottled Tornado":53,"Burning Blood":0,"Akabeko":83,"Mercury Hourglass":17,"Calling Bell":70,"Anchor":58,"HornCleat":31,"Ornamental Fan":70,"DollysMirror":76,"Sundial":92,"Mark of Pain":42,"WingedGreaves":70,"Necronomicon":53,"Unceasing Top":11}],"Burning Blood":104,"Unceasing Top":[7],"Mercury Hourglass":[455]},"card_choices":[{"not_picked":["Pommel Strike","Searing Blow"],"picked":"Power Through","floor":1},{"not_picked":["Dual Wield","Body Slam"],"picked":"Flame Barrier","floor":2},{"not_picked":["Thunderclap","Searing Blow"],"picked":"Warcry","floor":3},{"not_picked":["Barricade","Evolve"],"picked":"Carnage","floor":6},{"not_picked":["Blood for Blood","Twin Strike","True Grit"],"picked":"SKIP","floor":10},{"not_picked":["Warcry","Pommel Strike"],"picked":"Iron Wave","floor":11},{"not_picked":["Thunderclap","Feel No Pain+1"],"picked":"Iron Wave","floor":12},{"not_picked":["Pommel Strike","Rage"],"picked":"Headbutt","floor":13},{"not_picked":["Feed","Offering"],"picked":"Double Tap","floor":16},{"not_picked":["Flex","Heavy Blade"],"picked":"Headbutt","floor":18},{"not_picked":["Havoc","Heavy Blade"],"picked":"Carnage","floor":19},{"not_picked":["Clothesline+1","Shockwave"],"picked":"Cleave","floor":20},{"not_picked":["Havoc","Bloodletting"],"picked":"Ghostly Armor","floor":24},{"not_picked":["Clothesline","Carnage"],"picked":"Iron Wave","floor":30},{"not_picked":["Wild Strike","Warcry+1","Blood for Blood"],"picked":"SKIP","floor":31},{"not_picked":["Cleave","True Grit+1"],"picked":"Flame Barrier","floor":35},{"not_picked":["Bandage Up","Mayhem+1"],"picked":"Discovery","floor":36},{"not_picked":["Perfected Strike","Headbutt"],"picked":"Shrug It Off","floor":38},{"not_picked":["Sword Boomerang+1","Bloodletting+1","Rampage+1"],"picked":"SKIP","floor":40},{"not_picked":["Dark Embrace+1","Infernal Blade+1"],"picked":"Headbutt+1","floor":47},{"not_picked":["Exhume","Headbutt","Fire Breathing+1"],"picked":"SKIP","floor":48},{"not_picked":["Exhume","Headbutt"],"picked":"Fire Breathing+1","floor":48}],"player_experience":294945,"relics_obtained":[{"floor":6,"key":"Mercury Hourglass"},{"floor":9,"key":"Frozen Egg 2"},{"floor":11,"key":"Torii"},{"floor":14,"key":"HornCleat"},{"floor":21,"key":"Necronomicon"},{"floor":24,"key":"Anchor"},{"floor":34,"key":"Oddly Smooth Stone"},{"floor":34,"key":"Ornamental Fan"},{"floor":34,"key":"WingedGreaves"},{"floor":40,"key":"Pear"},{"floor":42,"key":"Akabeko"},{"floor":43,"key":"Whetstone"},{"floor":47,"key":"Sundial"}],"event_choices":[{"damage_healed":0,"gold_gain":0,"player_choice":"Box","damage_taken":0,"relics_obtained":["Unceasing Top"],"max_hp_gain":0,"max_hp_loss":0,"event_name":"Big Fish","floor":4,"gold_loss":0,"cards_obtained":["Regret"]},{"cards_removed":["Regret"],"damage_healed":0,"gold_gain":0,"player_choice":"Card Removal","damage_taken":7,"max_hp_gain":0,"max_hp_loss":0,"event_name":"Golden Wing","floor":5,"gold_loss":0},{"damage_healed":0,"gold_gain":0,"player_choice":"1 cards matched","damage_taken":0,"max_hp_gain":0,"max_hp_loss":0,"event_name":"Match and Keep!","floor":8,"gold_loss":0,"cards_obtained":["Demon Form"]},{"damage_healed":0,"gold_gain":0,"player_choice":"Obtained Book","damage_taken":16,"max_hp_gain":0,"max_hp_loss":0,"event_name":"Cursed Tome","floor":21,"gold_loss":0},{"damage_healed":0,"gold_gain":0,"player_choice":"Obtained Relic","damage_taken":0,"relics_obtained":["Vajra"],"max_hp_gain":0,"max_hp_loss":0,"event_name":"Addict","floor":25,"gold_loss":85},{"damage_healed":0,"gold_gain":0,"player_choice":"Bought 1 Potion","damage_taken":0,"max_hp_gain":0,"max_hp_loss":0,"event_name":"The Woman in Blue","floor":27,"gold_loss":0},{"damage_healed":0,"gold_gain":0,"player_choice":"Memory 2","damage_taken":5,"max_hp_gain":0,"max_hp_loss":0,"event_name":"SensoryStone","floor":36,"gold_loss":0},{"damage_healed":0,"gold_gain":0,"cards_transformed":["Strike_R"],"player_choice":"Transformed","damage_taken":0,"max_hp_gain":0,"max_hp_loss":0,"event_name":"Transmorgrifier","floor":37,"gold_loss":0,"cards_obtained":["Metallicize"]},{"damage_healed":0,"gold_gain":0,"player_choice":"Embrace Madness","damage_taken":12,"max_hp_gain":0,"max_hp_loss":0,"event_name":"Winding Halls","floor":41,"gold_loss":0,"cards_obtained":["Madness","Madness"]},{"damage_healed":0,"gold_gain":100,"player_choice":"Pray","damage_taken":0,"max_hp_gain":0,"max_hp_loss":0,"event_name":"Golden Shrine","floor":46,"gold_loss":0}],"is_beta":false,"boss_relics":[{"not_picked":["Coffee Dripper","SacredBark"],"picked":"Mark of Pain"},{"not_picked":["Runic Cube","Runic Dome"],"picked":"Calling Bell"}],"items_purged_floors":[],"is_endless":false,"potions_floor_spawned":[2,11,13,18,19,31,40,47],"ascension_level":1}}