{"host":"2yqfi47fogfu1ic4","time":1613812071,"event":{"mods":["AchievementEnabler","BaseMod","Colored Map","Colored Powertips","Highlight Path","Minty Spire (QoL Compilation)","Permanent Neow","Relic Stats","StSLib"],"gold_per_floor":[99,99,99,99,99,99,99,99,99,99,99,99,99,99,99,99,99,0,0,0,0,0,0,0,0,0,0,0,0,0,0,0,0,0],"floor_reached":33,"language":"DEU","playtime":2232,"items_purged":[],"score":502,"play_id":"5ffa7250-ffce-4aa1-b2ec-3d668d02c660","local_time":"20210220100751","is_ascension_mode":true,"campfire_choices":[{"data":"Bouncing Flask","floor":6,"key":"SMITH"},{"data":"Bouncing Flask","floor":8,"key":"SMITH"},{"data":"Leg Sweep","floor":15,"key":"SMITH"},{"floor":23,"key":"REST"},{"data":"Wraith Form v2","floor":27,"key":"SMITH"},{"data":"Footwork","floor":32,"key":"SMITH"}],"circlet_count":0,"master_deck":["AscendersBane","Strike_G","Strike_G","Strike_G+1","Defend_G","Defend_G","Defend_G","Defend_G","Survivor","Neutralize","Sucker Punch","Underhanded Strike+1","Leg Sweep+1","Bouncing Flask+1","Bouncing Flask+1","Footwork+1","Calculated Gamble","Doppelganger","PiercingWail","Wraith Form v2+1","Backflip","Crippling Poison","Blur","Underhanded Strike","Calculated Gamble","Ghostly","Ghostly","Ghostly"],"relics":["Ectoplasm","Blood Vial","SlaversCollar","Whetstone"],"acts_visited":["Exordium","TheCity"],"potions_floor_usage":[16,21,28],"damage_taken":[{"damage":2,"enemies":"Jaw Worm","floor":1,"turns":5},{"damage":1,"enemies":"2 Louse","floor":3,"turns":3},{"damage":6,"enemies":"Cultist","floor":4,"turns":4},{"damage":5,"enemies":"Lots of Slimes","floor":5,"turns":6},{"damage":8,"enemies":"3 Louse","floor":7,"turns":4},{"damage":1,"enemies":"Exordium Wildlife","floor":10,"turns":3},{"damage":11,"enemies":"2 Fungi Beasts","floor":11,"turns":3},{"damage":14,"enemies":"Lagavulin","floor":12,"turns":6},{"damage":39,"enemies":"Gremlin Gang","floor":14,"turns":5},{"damage":22,"enemies":"The Guardian","floor":16,"turns":9},{"damage":9,"enemies":"2 Thieves","floor":18,"turns":5},{"damage":18,"enemies":"Chosen","floor":19,"turns":6},{"damage":7,"enemies":"Snake Plant","floor":20,"turns":5},{"damage":23,"enemies":"Sentry and Sphere","floor":21,"turns":10},{"damage":7,"enemies":"Centurion and Healer","floor":28,"turns":8},{"damage":0,"enemies":"Snecko","floor":30,"turns":4},{"damage":34,"enemies":"Automaton","floor":33,"turns":14}],"seed_played":"-5240724389618994711","potions_obtained":[{"floor":3,"key":"FairyPotion"},{"floor":4,"key":"FairyPotion"},{"floor":14,"key":"Fruit Juice"},{"floor":19,"key":"Fire Potion"},{"floor":21,"key":"SkillPotion"}],"is_trial":false,"path_per_floor":["M","?","M","M","M","R","M","R","T","M","M","E","?","M","R","B",null,"M","M","M","M","$","R","?","?","T","R","M","$","M","?","R","B"],"character_chosen":"THE_SILENT","items_purchased":[],"campfire_rested":1,"item_purchase_floors":[],"current_hp_per_floor":[57,50,49,43,38,38,30,30,30,29,18,4,4,19,19,4,54,47,31,26,5,5,26,26,26,26,26,21,21,23,23,23,0,0],"gold":0,"neow_bonus":"BOSS_RELIC","is_daily":false,"chose_seed":false,"campfire_upgraded":5,"win_rate":0.0,"timestamp":1613812071,"path_taken":["M","?","M","M","M","R","M","R","T","M","M","E","?","?","R","BOSS","M","?","?","M","$","R","?","?","T","R","M","?","M","?","R","BOSS"],"items_purchased_type":[],"build_version":"2020-12-22","purchased_purges":0,"victory":false,"max_hp_per_floor":[66,66,66,66,66,66,66,66,66,66,66,66,66,66,66,71,71,71,71,71,71,71,71,71,71,71,71,71,71,71,35,35,35,35],"relic_stats":{"Blood Vial":18,"counters":[17,100],"Ectoplasm":313,"Whetstone":["Strike_G","Underhanded Strike"],"obtain_stats":[{"Blood Vial":12,"SlaversCollar":17,"Ectoplasm":0,"Whetstone":26,"Ring of the Snake":0},{"Blood Vial":8,"SlaversCollar":10,"Ectoplasm":0,"Whetstone":14,"Ring of the Snake":0},{"Blood Vial":34,"SlaversCollar":48,"Ectoplasm":0,"Whetstone":74,"Ring of the Snake":0}]},"card_choices":[{"not_picked":["Bane","Dodge and Roll"],"picked":"Sucker Punch","floor":1},{"not_picked":["Riddle With Holes","Quick Slash"],"picked":"Underhanded Strike","floor":3},{"not_picked":["Poisoned Stab","Calculated Gamble"],"picked":"Leg Sweep","floor":4},{"not_picked":["Doppelganger","PiercingWail"],"picked":"Bouncing Flask","floor":5},{"not_picked":["Skewer","Escape Plan"],"picked":"Bouncing Flask","floor":7},{"not_picked":["Outmaneuver","Accuracy"],"picked":"Footwork","floor":10},{"not_picked":["Riddle With Holes","Terror"],"picked":"Calculated Gamble","floor":11},{"not_picked":["Endless Agony","Underhanded Strike"],"picked":"Doppelganger","floor":12},{"not_picked":["Bane","Acrobatics"],"picked":"PiercingWail","floor":14},{"not_picked":["Glass Knife","Envenom"],"picked":"Wraith Form v2","floor":16},{"not_picked":["Outmaneuver","Dash"],"picked":"Backflip","floor":18},{"not_picked":["Flying Knee","Leg Sweep"],"picked":"Crippling Poison","floor":19},{"not_picked":["Dodge and Roll","Sucker Punch"],"picked":"Blur","floor":20},{"not_picked":["Quick Slash","Expertise","Predator"],"picked":"SKIP","floor":21},{"not_picked":["Endless Agony","Dagger Spray","Accuracy"],"picked":"SKIP","floor":28},{"not_picked":["Flechettes","Deflect","Crippling Poison"],"picked":"SKIP","floor":30}],"player_experience":1907466,"relics_obtained":[{"floor":12,"key":"Blood Vial"},{"floor":26,"key":"Whetstone"}],"event_choices":[{"cards_removed":["Defend_G"],"damage_healed":0,"gold_gain":0,"player_choice":"Card Removal","damage_taken":7,"max_hp_gain":0,"max_hp_loss":0,"event_name":"Golden Wing","floor":2,"gold_loss":0},{"damage_healed":0,"gold_gain":0,"player_choice":"Got Potions","damage_taken":0,"max_hp_gain":0,"max_hp_loss":0,"event_name":"Lab","floor":13,"gold_loss":0},{"damage_healed":0,"gold_gain":0,"cards_transformed":["Strike_G","Strike_G"],"player_choice":"Became Test Subject","damage_taken":0,"max_hp_gain":0,"max_hp_loss":0,"event_name":"Drug Dealer","floor":25,"gold_loss":0,"cards_obtained":["Underhanded Strike","Calculated Gamble"]},{"damage_healed":0,"gold_gain":0,"player_choice":"Became a Ghost","damage_taken":0,"max_hp_gain":0,"max_hp_loss":36,"event_name":"Ghosts","floor":31,"gold_loss":0,"cards_obtained":["Ghostly","Ghostly","Ghostly"]}],"is_beta":false,"boss_relics":[{"not_picked":["WristBlade","HoveringKite"],"picked":"SlaversCollar"}],"items_purged_floors":[],"is_endless":false,"potions_floor_spawned":[3,4,5,10,11,14,19,21],"killed_by":"Automaton","ascension_level":20}}