{"host":"36t3qd3wjvajtu1z","time":1613784797,"event":{"mods":["2.2 Compatiblity","AchievementEnabler","BaseMod","Bestiary","Block Reminder","Colored Powertips","Curses Come First","Filter the Spire","Highlight Path","Minty Spire (QoL Compilation)","Permanent Neow","Quick Restart","Random Character Button","Rare Cards Sparkle","Relic Stats","Slay-I","StSLib","Unknown Chances"],"gold_per_floor":[367,367,5,21,71,71,87,98,98,98,123,123,149,165,165,239,239,256,256,268,183,202,202,202,202],"floor_reached":24,"language":"ENG","playtime":825,"items_purged":["Decay"],"score":474,"play_id":"92bc10c8-7bfa-46f5-96b1-746d91061741","local_time":"20210219173317","is_ascension_mode":true,"campfire_choices":[{"data":"Zap","floor":6,"key":"SMITH"},{"floor":10,"key":"REST"},{"data":"Beam Cell","floor":12,"key":"SMITH"},{"data":"Streamline","floor":15,"key":"SMITH"},{"floor":23,"key":"REST"}],"circlet_count":0,"master_deck":["AscendersBane","Strike_B","Strike_B","Strike_B","Strike_B","Defend_B","Defend_B","Defend_B","Defend_B","Zap+1","Dualcast","Streamline+1","Enlightenment","Reinforced Body","Beam Cell+1","Cold Snap","Echo Form","Leap","Meteor Strike","Conserve Battery"],"relics":["Cracked Core","StrikeDummy","Membership Card","Bag of Marbles","Gremlin Horn","Matryoshka","Boot","Cursed Key","Ancient Tea Set"],"acts_visited":["Exordium","TheCity"],"potions_floor_usage":[11,13,16,22,24],"damage_taken":[{"damage":15,"enemies":"Jaw Worm","floor":1,"turns":6},{"damage":4,"enemies":"Small Slimes","floor":4,"turns":3},{"damage":0,"enemies":"Cultist","floor":7,"turns":2},{"damage":9,"enemies":"Exordium Wildlife","floor":8,"turns":4},{"damage":9,"enemies":"Lagavulin","floor":11,"turns":6},{"damage":6,"enemies":"Gremlin Nob","floor":13,"turns":3},{"damage":2,"enemies":"Large Slime","floor":14,"turns":4},{"damage":0,"enemies":"Slime Boss","floor":16,"turns":7},{"damage":31,"enemies":"Spheric Guardian","floor":18,"turns":4},{"damage":3,"enemies":"Chosen","floor":20,"turns":4},{"damage":27,"enemies":"Snake Plant","floor":22,"turns":4},{"damage":19,"enemies":"Gremlin Leader","floor":24,"turns":5}],"seed_played":"1076015120673272513","potions_obtained":[{"floor":8,"key":"Block Potion"},{"floor":11,"key":"Strength Potion"},{"floor":13,"key":"Swift Potion"},{"floor":16,"key":"FearPotion"},{"floor":22,"key":"Block Potion"}],"is_trial":false,"path_per_floor":["M","?","$","M","?","R","M","M","T","R","E","R","E","M","R","B",null,"M","?","M","?","M","R","E"],"character_chosen":"DEFECT","items_purchased":["Membership Card","Bag of Marbles","Enlightenment","Fire Potion"],"campfire_rested":2,"item_purchase_floors":[3,3,3,3],"current_hp_per_floor":[49,38,38,34,34,34,34,25,25,46,37,37,31,29,29,29,61,30,44,41,41,14,35,16,16],"gold":202,"neow_bonus":"TWO_FIFTY_GOLD","is_daily":false,"chose_seed":false,"campfire_upgraded":3,"win_rate":0.0,"timestamp":1613784797,"path_taken":["M","?","$","M","?","R","M","?","T","R","E","R","E","M","R","BOSS","M","?","M","?","M","R","E"],"items_purchased_type":["Relic","Relic","Card","Potion"],"build_version":"2020-12-22","purchased_purges":1,"victory":false,"max_hp_per_floor":[71,71,71,71,71,71,71,71,71,71,71,71,71,71,71,71,71,71,71,71,71,71,71,71,71],"relic_stats":{"Gremlin Horn":[2,2],"counters":[12,52],"Boot":[11],"Cursed Key":0,"obtain_stats":[{"Matryoshka":11,"Gremlin Horn":9,"Bag of Marbles":3,"Membership Card":3,"Cracked Core":0,"StrikeDummy":2,"Boot":13,"Cursed Key":17,"Ancient Tea Set":21},{"Matryoshka":5,"Gremlin Horn":4,"Bag of Marbles":1,"Membership Card":1,"Cracked Core":0,"StrikeDummy":1,"Boot":6,"Cursed Key":8,"Ancient Tea Set":10},{"Matryoshka":21,"Gremlin Horn":15,"Bag of Marbles":6,"Membership Card":6,"Cracked Core":0,"StrikeDummy":6,"Boot":24,"Cursed Key":35,"Ancient Tea Set":43}]},"card_choices":[{"not_picked":["Cold Snap","Stack"],"picked":"Streamline","floor":1},{"not_picked":["Stack","Hologram"],"picked":"Reinforced Body","floor":4},{"not_picked":["Aggregate","Heatsinks","Undo"],"picked":"SKIP","floor":7},{"not_picked":["Gash","Conserve Battery"],"picked":"Beam Cell","floor":8},{"not_picked":["Melter","Leap"],"picked":"Cold Snap","floor":11},{"not_picked":["Tempest","Doom and Gloom"],"picked":"Echo Form","floor":13},{"not_picked":["Cold Snap","Gash"],"picked":"Leap","floor":14},{"not_picked":["Machine Learning","Fission"],"picked":"Meteor Strike","floor":16},{"not_picked":["Rip and Tear","Blizzard"],"picked":"Conserve Battery","floor":18},{"not_picked":["Tempest","Compile Driver","Steam+1"],"picked":"SKIP","floor":20},{"not_picked":["Cold Snap","Barrage","Redo"],"picked":"SKIP","floor":22}],"player_experience":561176,"relics_obtained":[{"floor":9,"key":"Gremlin Horn"},{"floor":11,"key":"Matryoshka"},{"floor":13,"key":"Boot"}],"event_choices":[{"damage_healed":0,"gold_gain":0,"player_choice":"Success","damage_taken":11,"relics_obtained":["StrikeDummy"],"max_hp_gain":0,"max_hp_loss":0,"event_name":"Scrap Ooze","floor":2,"gold_loss":0},{"damage_healed":0,"gold_gain":50,"player_choice":"Pray","damage_taken":0,"max_hp_gain":0,"max_hp_loss":0,"event_name":"Golden Shrine","floor":5,"gold_loss":0},{"damage_healed":14,"gold_gain":0,"player_choice":"Heal","damage_taken":0,"max_hp_gain":0,"max_hp_loss":0,"event_name":"The Library","floor":19,"gold_loss":0},{"damage_healed":0,"gold_gain":0,"player_choice":"Obtained Relic","damage_taken":0,"relics_obtained":["Ancient Tea Set"],"max_hp_gain":0,"max_hp_loss":0,"event_name":"Addict","floor":21,"gold_loss":85}],"is_beta":false,"boss_relics":[{"not_picked":["Coffee Dripper","Fusion Hammer"],"picked":"Cursed Key"}],"items_purged_floors":[3],"is_endless":false,"potions_floor_spawned":[8,11,13,16,18,22],"killed_by":"Gremlin Leader","ascension_level":17}}