{"host":"6p0attdrtjqaih7v","time":1613852263,"event":{"mods":["2.2 Compatiblity","AchievementEnabler","Bard","BaseMod","Better Skull","Better Third Choice","Card Filter","Colored Powertips","Hermit","Highlight Path","Hubris","Key Reminder","Minty Spire (QoL Compilation)","Permanent Neow","Quick Restart","Random Character Button","Relic Filter","Relic Stats","Reliquary","Replay The Spire","StSLib","The Construct","The Hayseed","The Witch"],"gold_per_floor":[113,124,124,141,141,141,167,177,202,202,236,236,25,41,41,114,114,134,146,163,179,197,197,227,227,306,338,358,358,318,333,333,406,406,416,316,386,173,173,173,173,205,205,71,90,60,91,109,109,109,109,109],"floor_reached":51,"language":"ENG","playtime":2335,"items_purged":["Defend_B","Strike_B"],"score":1435,"play_id":"aeba4f68-81a4-4ad4-a1ff-70ced0f33ae0","local_time":"20210220151743","is_ascension_mode":true,"campfire_choices":[{"data":"Bash","floor":6,"key":"SMITH"},{"data":"Defragment","floor":10,"key":"SMITH"},{"data":"Whirlwind","floor":15,"key":"SMITH"},{"data":"Biased Cognition","floor":23,"key":"SMITH"},{"data":"Defragment","floor":25,"key":"SMITH"},{"data":"BasicCrystalCard","floor":29,"key":"SMITH"},{"floor":32,"key":"REST"},{"data":"Rainbow","floor":40,"key":"SMITH"},{"floor":49,"key":"REST"}],"circlet_count":0,"master_deck":["AscendersBane","Strike_B","Strike_B","Defend_B","Defend_B","Defend_B","All For One","Lockon","Gash","Sweeping Beam","Defragment+1","Leap","Echo Form","Hologram","Whirlwind+1","Glacier","Biased Cognition+1","Conserve Battery","Defragment+1","BasicCrystalCard+1","Compile Driver","Coolheaded","Defragment","Compile Driver","Cold Snap","FTL","Rainbow+1","Undo+1","Ball Lightning","Seek","FIFO Queue","Compile Driver","Gash","Leap","Coolheaded"],"relics":["Iron Core","Mercury Hourglass","hubris:OldNail","BranchBurnRelic","reliquary:RedCape","ReplayTheSpireMod:TigerMarble","construct:FoamFinger","reliquary:FerryPass","hubris:Backtick","ClockworkSouvenir","hubris:SphereOfDissonance","Iron Hammer","hubris:DisguiseKit","hubris:CrystalStatue"],"acts_visited":["Exordium","TheCity","TheBeyond"],"potions_floor_usage":[7,16,19,24,24,35,42,50,50],"damage_taken":[{"damage":4,"enemies":"Jaw Worm","floor":1,"turns":3},{"damage":0,"enemies":"2 Louse","floor":2,"turns":2},{"damage":0,"enemies":"Cultist","floor":4,"turns":2},{"damage":18,"enemies":"3 Sentries","floor":7,"turns":6},{"damage":5,"enemies":"3 Louse","floor":8,"turns":3},{"damage":8,"enemies":"Gremlin Nob","floor":11,"turns":3},{"damage":0,"enemies":"Looter","floor":14,"turns":2},{"damage":16,"enemies":"The Guardian","floor":16,"turns":10},{"damage":0,"enemies":"Chosen","floor":18,"turns":3},{"damage":5,"enemies":"3 Byrds","floor":19,"turns":3},{"damage":1,"enemies":"Sentry and Sphere","floor":20,"turns":6},{"damage":9,"enemies":"3 Cultists","floor":21,"turns":4},{"damage":0,"enemies":"Cultist and Chosen","floor":22,"turns":3},{"damage":5,"enemies":"Book of Stabbing","floor":24,"turns":7},{"damage":19,"enemies":"Slavers","floor":27,"turns":3},{"damage":27,"enemies":"Snake Plant","floor":28,"turns":5},{"damage":0,"enemies":"3 Cultists","floor":31,"turns":4},{"damage":29,"enemies":"Champ","floor":33,"turns":9},{"damage":45,"enemies":"3 Darklings","floor":35,"turns":7},{"damage":9,"enemies":"Giant Head","floor":42,"turns":7},{"damage":0,"enemies":"3 Shapes","floor":45,"turns":4},{"damage":36,"enemies":"Nemesis","floor":47,"turns":3},{"damage":37,"enemies":"Writhing Mass","floor":48,"turns":4},{"damage":8,"enemies":"Donu and Deca","floor":50,"turns":7},{"damage":53,"enemies":"Awakened One","floor":51,"turns":2}],"seed_played":"2775337503757318660","potions_obtained":[{"floor":1,"key":"LifebloodPotion"},{"floor":2,"key":"Dexterity Potion"},{"floor":7,"key":"GamblersBrew"},{"floor":18,"key":"Toxic Potion"},{"floor":21,"key":"Explosive Potion"},{"floor":27,"key":"Elixir"},{"floor":28,"key":"FairyPotion"},{"floor":30,"key":"FearPotion"},{"floor":31,"key":"BlessingOfTheForge"},{"floor":42,"key":"EntropicBrew"},{"floor":48,"key":"SkillPotion"}],"is_trial":false,"path_per_floor":["M","M","?","M","?","R","E","M","T","R","E","?","$","M","R","B",null,"M","M","M","M","M","R","E","R","T","E","M","R","?","M","R","B",null,"M","NS","T","$","?","R","?","E","T","$","M","$","E","M","R","B","B"],"character_chosen":"DEFECT","items_purchased":["Hologram","Whirlwind","Regen Potion","Ball Lightning","FIFO Queue","Compile Driver","Leap"],"campfire_rested":2,"item_purchase_floors":[13,13,38,38,44,44,46],"current_hp_per_floor":[60,60,60,60,60,60,42,37,37,37,29,29,29,29,29,28,60,60,55,54,45,45,45,55,55,55,45,18,18,18,30,51,37,63,18,18,18,18,18,18,18,54,54,54,54,54,18,21,42,49,0,0],"gold":109,"neow_bonus":"ONE_RANDOM_RARE_CARD","is_daily":false,"chose_seed":false,"campfire_upgraded":7,"win_rate":0.0,"timestamp":1613852263,"path_taken":["M","M","?","M","?","R","E","M","T","R","E","?","$","M","R","BOSS","M","M","M","M","M","R","E","R","T","E","M","R","?","M","R","BOSS","M","NS","?","$","?","R","?","E","T","?","M","$","E","M","R","BOSS","BOSS"],"items_purchased_type":["Card","Card","Potion","Card","Card","Card","Card"],"build_version":"2020-12-22","purchased_purges":2,"victory":false,"max_hp_per_floor":[71,71,71,71,71,71,71,71,71,71,71,71,71,71,71,71,71,71,71,71,71,71,71,71,71,71,71,71,71,71,71,71,71,71,71,71,71,71,71,71,71,71,71,71,71,71,71,71,71,71,71,71],"relic_stats":{"counters":[25,111],"obtain_stats":[{"hubris:DisguiseKit":43,"Iron Core":5,"construct:FoamFinger":26,"hubris:CrystalStatue":47,"Dead Branch":11,"hubris:SphereOfDissonance":37,"reliquary:RedCape":17,"Mercury Hourglass":7,"reliquary:FerryPass":27,"ClockworkSouvenir":34,"BranchBurnRelic":15,"hubris:Backtick":34,"Iron Hammer":42,"ReplayTheSpireMod:TigerMarble":24,"Cracked Core":0,"hubris:OldNail":9},{"hubris:DisguiseKit":20,"Iron Core":3,"construct:FoamFinger":14,"hubris:CrystalStatue":22,"Dead Branch":6,"hubris:SphereOfDissonance":19,"reliquary:RedCape":8,"Mercury Hourglass":4,"reliquary:FerryPass":15,"ClockworkSouvenir":18,"BranchBurnRelic":7,"hubris:Backtick":18,"Iron Hammer":20,"ReplayTheSpireMod:TigerMarble":14,"Cracked Core":0,"hubris:OldNail":5},{"hubris:DisguiseKit":91,"Iron Core":7,"construct:FoamFinger":56,"hubris:CrystalStatue":98,"Dead Branch":18,"hubris:SphereOfDissonance":84,"reliquary:RedCape":30,"Mercury Hourglass":13,"reliquary:FerryPass":59,"ClockworkSouvenir":77,"BranchBurnRelic":20,"hubris:Backtick":77,"Iron Hammer":91,"ReplayTheSpireMod:TigerMarble":56,"Cracked Core":0,"hubris:OldNail":15}],"Mercury Hourglass":[388]},"card_choices":[{"not_picked":["Force Field","Stack"],"picked":"Lockon","floor":1},{"not_picked":["Darkness","Barrage"],"picked":"Gash","floor":2},{"not_picked":["Fusion","Sunder"],"picked":"Sweeping Beam","floor":4},{"not_picked":["Coolheaded","Doom and Gloom"],"picked":"Defragment","floor":7},{"not_picked":["Seeing Red","Heavy Blade"],"picked":"Leap","floor":8},{"not_picked":["Evolve","Go for the Eyes"],"picked":"Echo Form","floor":11},{"not_picked":["Genetic Algorithm","Headbutt"],"picked":"Glacier","floor":14},{"not_picked":["Buffer","Fission"],"picked":"Biased Cognition","floor":16},{"not_picked":["Doom and Gloom","Redo"],"picked":"Conserve Battery","floor":18},{"not_picked":["Steam+1","Lockon"],"picked":"Defragment","floor":19},{"not_picked":["Sweeping Beam","Rebound"],"picked":"BasicCrystalCard","floor":20},{"not_picked":["Self Repair","BasicCrystalCard"],"picked":"Compile Driver","floor":21},{"not_picked":["Machine Learning","Sweeping Beam"],"picked":"Coolheaded","floor":22},{"not_picked":["Aggregate","Rebound"],"picked":"Defragment","floor":24},{"not_picked":["Conserve Battery","Ball Lightning"],"picked":"Compile Driver","floor":27},{"not_picked":["Beam Cell","Sweeping Beam"],"picked":"Cold Snap","floor":28},{"not_picked":["Hologram","Doom and Gloom"],"picked":"FTL","floor":31},{"not_picked":["Machine Learning","Fission"],"picked":"Rainbow","floor":33},{"not_picked":["Redo","Darkness"],"picked":"Undo+1","floor":35},{"not_picked":["Leap+1","Redo"],"picked":"Seek","floor":42},{"not_picked":["Aggregate","Rebound+1","Havoc"],"picked":"Gash","floor":45},{"not_picked":["White Noise","Rebound","Darkness","Body Slam"],"picked":"SKIP","floor":47},{"not_picked":["Stack","Hello World+1","Cleave"],"picked":"Coolheaded","floor":48}],"player_experience":1230323,"relics_obtained":[{"floor":7,"key":"Mercury Hourglass"},{"floor":9,"key":"hubris:OldNail"},{"floor":11,"key":"Dead Branch"},{"floor":24,"key":"ReplayTheSpireMod:TigerMarble"},{"floor":26,"key":"construct:FoamFinger"},{"floor":27,"key":"reliquary:FerryPass"},{"floor":37,"key":"hubris:SphereOfDissonance"},{"floor":42,"key":"Iron Hammer"},{"floor":43,"key":"hubris:DisguiseKit"},{"floor":47,"key":"hubris:CrystalStatue"}],"event_choices":[{"damage_healed":0,"gold_gain":0,"player_choice":"Bought 3 Potions","damage_taken":0,"max_hp_gain":0,"max_hp_loss":0,"event_name":"The Woman in Blue","floor":30,"gold_loss":0},{"damage_healed":0,"gold_gain":0,"player_choice":"Ignored","damage_taken":0,"max_hp_gain":0,"max_hp_loss":0,"event_name":"Tomb of Lord Red Mask","floor":39,"gold_loss":0}],"is_beta":false,"boss_relics":[{"not_picked":["Black Star","reliquary:RedPaperclip"],"picked":"reliquary:RedCape"},{"not_picked":["ChewingGum","Inserter"],"picked":"hubris:Backtick"}],"items_purged_floors":[13,38],"is_endless":false,"potions_floor_spawned":[1,2,7,18,21,27,28,31,42,45,48],"killed_by":"Awakened One","ascension_level":20}}