{"host":"b3k9t793tjx241t9","time":1613843911,"event":{"mods":["BaseMod","Card Forge","Colored Map","Custom Start","Downfall","Minty Spire (QoL Compilation)","Relic Stats","StSLib"],"gold_per_floor":[112,127,97,110,120,150,167,200,200,235,250,250,264,339,339,441,441,473,499,511,523,549,589,601,613,613],"floor_reached":25,"language":"ENG","playtime":1606,"items_purged":[],"score":320,"play_id":"cd6d174f-c912-4d1f-b266-fc33faf7bd1a","local_time":"20210220185831","is_ascension_mode":true,"campfire_choices":[{"floor":12,"key":"REST"},{"data":"Armaments","floor":15,"key":"SMITH"},{"data":"Corruption","floor":24,"key":"SMITH"}],"circlet_count":0,"master_deck":["Strike_R","Strike_R","Strike_R","Strike_R","Strike_R","Defend_R","Defend_R","Defend_R","Defend_R","Bash","Warcry","Shrug It Off","Ghostly Armor","Shrug It Off","Inflame","Anger","Spot Weakness","Inflame","Pummel","Armaments+1","Corruption+1","Entrench","Thunderclap+1","Barricade","Sword Boomerang","Fire Breathing"],"relics":["Burning Blood","Hammer of Thor","Seething Fire","Anvil of the Gods","Mummified Hand","Strawberry","Pantograph","Omamori","Calling Bell","MawBank","Pear","Mango","TungstenRod"],"acts_visited":["Exordium","TheCity"],"potions_floor_usage":[10,19,22,25],"damage_taken":[{"damage":10.0,"enemies":"Small Slimes","floor":1.0,"turns":4.0},{"damage":6.0,"enemies":"Cultist","floor":2.0,"turns":5.0},{"damage":2.0,"enemies":"2 Louse","floor":4.0,"turns":3.0},{"damage":4.0,"enemies":"Looter","floor":5.0,"turns":4.0},{"damage":56.0,"enemies":"Lagavulin","floor":6.0,"turns":13.0},{"damage":16.0,"enemies":"Exordium Thugs","floor":7.0,"turns":6.0},{"damage":23.0,"enemies":"Gremlin Nob","floor":8.0,"turns":5.0},{"damage":3,"enemies":"3 Sentries","floor":10,"turns":6},{"damage":9,"enemies":"Exordium Wildlife","floor":11,"turns":3},{"damage":19,"enemies":"Gremlin Gang","floor":13,"turns":5},{"damage":10,"enemies":"Hexaghost","floor":16,"turns":9},{"damage":25,"enemies":"2 Thieves","floor":18,"turns":5},{"damage":11,"enemies":"Shell Parasite","floor":19,"turns":5},{"damage":19,"enemies":"Snake Plant","floor":22,"turns":4},{"damage":57,"enemies":"Gremlin Leader","floor":23,"turns":7},{"damage":43,"enemies":"Slavers","floor":25,"turns":4}],"seed_played":"3921270086506240443","potions_obtained":[{"floor":2.0,"key":"BloodPotion"},{"floor":3.0,"key":"Energy Potion"},{"floor":3.0,"key":"BlessingOfTheForge"},{"floor":4.0,"key":"AttackPotion"},{"floor":13,"key":"DistilledChaos"},{"floor":19,"key":"Ancient Potion"},{"floor":23,"key":"HeartOfIron"}],"is_trial":false,"path_per_floor":["M","M","?","M","M","E","M","E","T","E","M","R","M","?","R","B",null,"M","M","$","?","M","E","R","E"],"character_chosen":"IRONCLAD","items_purchased":[],"campfire_rested":1,"item_purchase_floors":[],"current_hp_per_floor":[68,68,68,91,93,43,33,23,23,26,23,53,40,29,29,50,127,108,103,103,103,90,39,39,0,0],"gold":613,"neow_bonus":"TWENTY_PERCENT_HP_BONUS","is_daily":false,"chose_seed":false,"campfire_upgraded":2,"win_rate":0.0,"timestamp":1613843911,"path_taken":["M","M","?","?","M","E","M","E","T","E","M","R","M","?","R","BOSS","M","M","$","?","M","E","R","E"],"items_purchased_type":[],"build_version":"2020-12-22","purchased_purges":0,"victory":false,"max_hp_per_floor":[96,96,96,96,96,96,96,103,103,103,103,103,103,103,103,103,127,127,127,127,127,127,127,127,127,127],"relic_stats":{"counters":[16,88],"Mummified Hand":[27],"Pantograph":25,"MawBank":96,"obtain_stats":[{"Pear":17,"Mango":17,"Hammer of Thor":0,"Omamori":10,"Seething Fire":0,"MawBank":17,"Burning Blood":0,"Calling Bell":17,"Anvil of the Gods":0,"Mummified Hand":6,"Strawberry":8,"Pantograph":9,"TungstenRod":23},{"Pear":11,"Mango":11,"Hammer of Thor":0,"Omamori":8,"Seething Fire":0,"MawBank":11,"Burning Blood":0,"Calling Bell":11,"Anvil of the Gods":0,"Mummified Hand":5,"Strawberry":7,"Pantograph":7,"TungstenRod":15},{"Pear":63,"Mango":63,"Hammer of Thor":0,"Omamori":46,"Seething Fire":0,"MawBank":63,"Burning Blood":0,"Calling Bell":63,"Anvil of the Gods":0,"Mummified Hand":29,"Strawberry":40,"Pantograph":40,"TungstenRod":84}],"Burning Blood":90,"TungstenRod":8},"card_choices":[{"not_picked":["Pommel Strike","Dual Wield"],"picked":"Warcry","floor":1.0},{"not_picked":["Rage","Seeing Red"],"picked":"Shrug It Off","floor":2.0},{"not_picked":["Clothesline","Burning Pact"],"picked":"Ghostly Armor","floor":4.0},{"not_picked":["Clothesline","Perfected Strike"],"picked":"Shrug It Off","floor":5.0},{"not_picked":["Warcry","Havoc"],"picked":"Inflame","floor":6.0},{"not_picked":["Warcry","Double Tap"],"picked":"Anger","floor":7.0},{"not_picked":["Perfected Strike","Burning Pact"],"picked":"Spot Weakness","floor":8.0},{"not_picked":["Perfected Strike","Havoc"],"picked":"Inflame","floor":10},{"not_picked":["True Grit","Cleave"],"picked":"Pummel","floor":11},{"not_picked":["Whirlwind","Iron Wave"],"picked":"Armaments","floor":13},{"not_picked":["Offering","Feed"],"picked":"Corruption","floor":16},{"not_picked":["Warcry","Pummel"],"picked":"Entrench","floor":18},{"not_picked":["Spot Weakness","Power Through"],"picked":"Thunderclap+1","floor":19},{"not_picked":["Carnage+1","Clash+1"],"picked":"Sword Boomerang","floor":22},{"not_picked":["Warcry+1","Second Wind"],"picked":"Fire Breathing","floor":23}],"player_experience":216692,"relics_obtained":[{"floor":6.0,"key":"Mummified Hand"},{"floor":8.0,"key":"Strawberry"},{"floor":9.0,"key":"Pantograph"},{"floor":10,"key":"Omamori"},{"floor":17,"key":"MawBank"},{"floor":17,"key":"Pear"},{"floor":17,"key":"Mango"},{"floor":23,"key":"TungstenRod"}],"event_choices":[{"damage_healed":0.0,"max_hp_gain":0.0,"max_hp_loss":0.0,"gold_gain":0.0,"event_name":"The Woman in Blue","player_choice":"Bought 2 Potions","floor":3.0,"gold_loss":0.0,"damage_taken":0.0},{"damage_healed":0,"gold_gain":75,"player_choice":"Gather Gold","damage_taken":11,"max_hp_gain":0,"max_hp_loss":0,"event_name":"World of Goop","floor":14,"gold_loss":0},{"damage_healed":0,"gold_gain":0,"player_choice":"Read","damage_taken":0,"max_hp_gain":0,"max_hp_loss":0,"event_name":"The Library","floor":21,"gold_loss":0,"cards_obtained":["Barricade"]}],"is_beta":false,"boss_relics":[{"not_picked":["Velvet Choker","Runic Pyramid"],"picked":"Calling Bell"}],"items_purged_floors":[],"is_endless":false,"potions_floor_spawned":[2,4,7,13,16,19,23],"killed_by":"Slavers","ascension_level":2}}