{"host":"iq8y45rd2spacc1d","time":1613825270,"event":{"mods":["Aspiration","BaseMod","DeckTracker","GifTheSpireLib","Halation","Hermit","Hubris","Infinite Spire","Minty Spire (QoL Compilation)","Replay The Spire","StSLib","The Bug Knight","The Cursed","The Disciple"],"gold_per_floor":[119,134,152,152,164,196,51,51,51,51,94,114,114,118,118],"floor_reached":14,"language":"ENG","playtime":875,"items_purged":[],"score":120,"play_id":"eea3e14b-3057-4f43-93b2-fd212df23966","local_time":"20210220134750","is_ascension_mode":true,"campfire_choices":[{"floor":8,"key":"REST"}],"circlet_count":0,"master_deck":["Strike_B","Strike_B","Strike_B","Strike_B","Defend_B","Defend_B","Defend_B","Defend_B","Zap","Dualcast","Loop","Compile Driver","Melter","White Noise","Sweeping Beam","Defragment+1","Injury","Barrage","Leap"],"relics":["Cracked Core","infinitespire:Midas Blood","Membership Card","Mirror","Golden Idol","halation:PromiseList"],"acts_visited":["Exordium"],"potions_floor_usage":[6,11,14,14],"damage_taken":[{"damage":12,"enemies":"Jaw Worm","floor":1,"turns":3},{"damage":10,"enemies":"infinitespire:Voidling","floor":2,"turns":4},{"damage":0,"enemies":"Cultist","floor":3,"turns":3},{"damage":19,"enemies":"Blue Slaver","floor":5,"turns":5},{"damage":24,"enemies":"Replay:BlueRogue","floor":6,"turns":4},{"damage":14,"enemies":"HollowMod:MossKnight","floor":11,"turns":5},{"damage":12,"enemies":"Looter","floor":12,"turns":3},{"damage":20,"enemies":"3 Sentries","floor":14,"turns":3}],"seed_played":"-5426726431647968404","potions_obtained":[{"floor":3,"key":"SteroidPotion"},{"floor":4,"key":"PowerPotion"},{"floor":4,"key":"SkillPotion"},{"floor":4,"key":"SmokeBomb"},{"floor":11,"key":"SkillPotion"}],"is_trial":false,"path_per_floor":["M","M","M","?","M","E","$","R","T","?","E","M","?","E"],"character_chosen":"DEFECT","items_purchased":["Membership Card"],"campfire_rested":1,"item_purchase_floors":[7],"current_hp_per_floor":[63,62,62,62,43,19,19,41,41,41,27,15,15,0,0],"gold":118,"neow_bonus":"THREE_CARDS","is_daily":false,"chose_seed":false,"campfire_upgraded":0,"win_rate":0.0,"timestamp":1613825270,"path_taken":["M","M","M","?","?","E","?","R","T","?","E","M","?","E"],"items_purchased_type":["Relic"],"build_version":"2020-12-22","purchased_purges":0,"victory":false,"max_hp_per_floor":[75,75,75,75,75,75,75,75,75,75,75,75,75,75,75],"card_choices":[{"not_picked":["Streamline","Sweeping Beam"],"picked":"Loop","floor":0},{"not_picked":["Go for the Eyes","Reprogram"],"picked":"Compile Driver","floor":1},{"not_picked":["Fusion","BasicCrystalCard"],"picked":"Melter","floor":2},{"not_picked":["Compile Driver","BasicCrystalCard"],"picked":"White Noise","floor":3},{"not_picked":["Heatsinks","hubris:Prefetch"],"picked":"Sweeping Beam","floor":5},{"not_picked":["Leap","Rip and Tear"],"picked":"Defragment","floor":6},{"not_picked":["Panic Button","Time Bomb"],"picked":"Barrage","floor":11},{"not_picked":["Compile Driver","BasicCrystalCard"],"picked":"Leap","floor":12}],"player_experience":356548,"relics_obtained":[{"floor":6,"key":"infinitespire:Midas Blood"},{"floor":9,"key":"Mirror"},{"floor":11,"key":"halation:PromiseList"}],"event_choices":[{"damage_healed":0,"gold_gain":0,"player_choice":"Got Potions","damage_taken":0,"max_hp_gain":0,"max_hp_loss":0,"event_name":"Lab","floor":4,"gold_loss":0},{"damage_healed":0,"gold_gain":0,"player_choice":"Take Wound","damage_taken":0,"relics_obtained":["Golden Idol"],"max_hp_gain":0,"max_hp_loss":0,"event_name":"Golden Idol","floor":10,"gold_loss":0,"cards_obtained":["Injury"]}],"is_beta":false,"boss_relics":[],"items_purged_floors":[],"is_endless":false,"potions_floor_spawned":[3,5,11],"killed_by":"3 Sentries","ascension_level":4}}