{"host":"zc0hgfo9wozyb2ss","time":1613830113,"event":{"mods":["BaseMod","Downfall","Minty Spire (QoL Compilation)","StSLib"],"gold_per_floor":[99,117,117,5,22,42,69,80,80,411,411,411,424,424,443,542,542,342,353,367,467,45,56,81,181,181,214,224,243,143,153,164,264,264,264,276,286,20,31,31,31,43,143,143,158,177,177,197,210,210,210,210,210,210],"floor_reached":52,"language":"ENG","playtime":5934,"items_purged":[],"score":857,"play_id":"efaa401c-1af4-49f5-87be-9f8596dbf4ed","local_time":"20210221010833","is_ascension_mode":false,"campfire_choices":[{"floor":1,"key":"RECALL"},{"data":"Guardian:CurlUp","floor":9,"key":"SMITH"},{"data":"Guardian:Recover","floor":11,"key":"SMITH"},{"data":"Guardian:Clone","floor":18,"key":"SMITH"},{"floor":30,"key":"DIG"},{"floor":35,"key":"DIG"},{"data":"expansioncontent:QuickStudy","floor":40,"key":"SMITH"},{"floor":44,"key":"DIG"},{"floor":47,"key":"DIG"}],"circlet_count":0,"master_deck":["Guardian:Strike_Guardian","Guardian:Strike_Guardian","Guardian:Strike_Guardian","Guardian:Defend_Guardian","Guardian:Defend_Guardian","Guardian:Defend_Guardian","Guardian:Defend_Guardian","Guardian:CurlUp+1","Guardian:TwinSlam","Guardian:RollAttack","Guardian:DecasProtection","Guardian:ChargeCore","Guardian:Planning","Guardian:SpikerProtocol","Guardian:EvasiveProtocol","Guardian:Recover+1","Guardian:Clone+1","Guardian:DecasProtection","Guardian:ConstructionForm","Guardian:Clone+1","Guardian:PiercingHide","Guardian:BronzeOrb","Guardian:TimeCapacitor","Guardian:ShieldSpikes","Guardian:Gem_White","Guardian:Gem_Purple","Guardian:RollAttack","Guardian:Gem_Green","Guardian:CrystalBeam","Guardian:SpikerProtocol+1","Guardian:PrismaticBarrier","Guardian:RevengeProtocol","Guardian:Clone","Guardian:CrystalBeam","Guardian:EvasiveProtocol+1","expansioncontent:QuickStudy+1","Guardian:Suspension","Guardian:WalkerClaw","Guardian:BodySlam+1"],"relics":["Guardian:ModeShifter","Guardian:PickAxe","Omamori","Old Coin","bronze:MakeshiftBattery","downfall:HeartBlessingRed","downfall:HeartBlessingBlue","Shovel","Oddly Smooth Stone","Guardian:SackOfGems","Letter Opener","Pear","Darkstone Periapt","downfall:HeartBlessingGreen","Ancient Tea Set","Guardian:StasisSlotReductionRelic","FossilizedHelix","Bottled Lightning","Calipers","Toy Ornithopter"],"acts_visited":["Exordium","TheCity","TheBeyond","TheEnding"],"potions_floor_usage":[3,8,16,27,29,33,39,50],"damage_taken":[{"damage":10,"enemies":"Jaw Worm","floor":2,"turns":4},{"damage":9,"enemies":"Jaw Worm","floor":3,"turns":7},{"damage":0,"enemies":"downfall:FleeingMerchant","floor":4,"turns":4},{"damage":0,"enemies":"Small Slimes","floor":5,"turns":3},{"damage":0,"enemies":"Cultist","floor":6,"turns":4},{"damage":0,"enemies":"Exordium Thugs","floor":8,"turns":4},{"damage":16,"enemies":"Gremlin Nob","floor":10,"turns":4},{"damage":3,"enemies":"Lots of Slimes","floor":13,"turns":5},{"damage":12,"enemies":"Large Slime","floor":15,"turns":6},{"damage":0,"enemies":"SI_SHIV_ARCHETYPE","floor":16,"turns":7},{"damage":10,"enemies":"downfall:LooterAlt2","floor":19,"turns":6},{"damage":0,"enemies":"Shell Parasite","floor":20,"turns":6},{"damage":0,"enemies":"downfall:FleeingMerchant","floor":22,"turns":4},{"damage":20,"enemies":"Sentry and Sphere","floor":23,"turns":8},{"damage":3,"enemies":"WA_ARCHETYPE_RETAIN","floor":25,"turns":9},{"damage":16,"enemies":"Slavers","floor":27,"turns":5},{"damage":6,"enemies":"Centurion and Healer","floor":28,"turns":8},{"damage":0,"enemies":"Cultist and Chosen","floor":29,"turns":8},{"damage":0,"enemies":"3 Cultists","floor":31,"turns":7},{"damage":0,"enemies":"Centurion and Healer","floor":32,"turns":7},{"damage":27,"enemies":"IC_MUSHROOM_ARCHETYPE","floor":33,"turns":12},{"damage":1,"enemies":"3 Darklings","floor":36,"turns":6},{"damage":0,"enemies":"3 Shapes","floor":37,"turns":8},{"damage":4,"enemies":"downfall:FleeingMerchant","floor":38,"turns":4},{"damage":15,"enemies":"3 Darklings","floor":39,"turns":4},{"damage":0,"enemies":"Jaw Worm Horde","floor":42,"turns":2},{"damage":0,"enemies":"Sphere and 2 Shapes","floor":45,"turns":3},{"damage":0,"enemies":"Spire Growth","floor":46,"turns":5},{"damage":7,"enemies":"Jaw Worm Horde","floor":48,"turns":2},{"damage":0,"enemies":"4 Shapes","floor":49,"turns":5},{"damage":0,"enemies":"WA_ARCHETYPE_DIVINITY","floor":50,"turns":20},{"damage":115,"enemies":"downfall:CharBossMerchant","floor":52,"turns":11}],"seed_played":"1250799879551719777","potions_obtained":[{"floor":2,"key":"Weak Potion"},{"floor":5,"key":"SneckoOil"},{"floor":6,"key":"SkillPotion"},{"floor":19,"key":"GamblersBrew"},{"floor":23,"key":"SkillPotion"},{"floor":25,"key":"GamblersBrew"},{"floor":27,"key":"DistilledChaos"},{"floor":28,"key":"sneckomod:MuddlingPotion"},{"floor":33,"key":"Fruit Juice"},{"floor":36,"key":"Guardian:StasisDiscoveryPotion"},{"floor":39,"key":"hexamod:SoulburnPotion"},{"floor":46,"key":"SpeedPotion"},{"floor":48,"key":"Strength Potion"}],"is_trial":false,"path_per_floor":["R","M","?","$","M","M","T","M","R","E","R","?","M","T","M","B",null,"R","M","M","?","$","M","T","?","?","E","M","M","R","M","M","B",null,"R","M","M","$","M","R","T","M","?","R","M","M","R","M","M","B",null,"E"],"character_chosen":"GUARDIAN","items_purchased":["Guardian:DecasProtection","Guardian:ChargeCore","Shovel","Guardian:TimeCapacitor","Guardian:ShieldSpikes","expansioncontent:QuickStudy","Guardian:Suspension","Guardian:WalkerClaw"],"campfire_rested":0,"item_purchase_floors":[4,4,22,22,22,38,38,38],"current_hp_per_floor":[88,78,51,51,51,51,51,51,51,35,35,35,32,32,20,20,88,98,88,88,88,88,68,68,65,75,59,53,53,53,53,53,26,108,108,107,107,103,93,93,93,93,93,93,93,93,93,86,86,91,113,0,0,0],"gold":210,"neow_bonus":"TEN_PERCENT_HP_BONUS","is_daily":false,"chose_seed":false,"campfire_upgraded":4,"win_rate":0.0,"timestamp":1613830113,"path_taken":["R","M","?","$","M","M","T","M","R","E","R","?","M","?","M","BOSS","R","M","M","?","$","M","T","?","?","E","M","M","R","?","M","BOSS","R","M","M","$","M","R","T","M","?","R","M","M","R","M","M","BOSS","E"],"items_purchased_type":["Card","Card","Relic","Card","Card","Card","Card","Card"],"build_version":"2020-12-22","purchased_purges":0,"victory":false,"max_hp_per_floor":[88,88,88,88,88,88,88,88,88,88,88,88,88,88,88,88,88,98,98,98,98,98,98,98,98,108,108,108,108,108,108,108,108,108,108,108,108,108,113,113,113,113,113,113,113,113,113,113,113,113,113,113,113,113],"card_choices":[{"not_picked":["Guardian:Suspension","Guardian:TemporalStrike"],"picked":"Guardian:Gem_Crimson","floor":2},{"not_picked":["Guardian:Incinerate","Guardian:PrismaticBarrier"],"picked":"Guardian:RollAttack","floor":4},{"not_picked":["Guardian:VentSteam","Guardian:Gem_Cyan"],"picked":"Guardian:Planning","floor":5},{"not_picked":["Guardian:VentSteam","Guardian:Reroute"],"picked":"Guardian:SpikerProtocol","floor":6},{"not_picked":["Guardian:Recover","Guardian:Gem_Red"],"picked":"Guardian:EvasiveProtocol","floor":8},{"not_picked":["Guardian:PolyBeam","Guardian:SphericShield"],"picked":"Guardian:Recover","floor":10},{"not_picked":["Guardian:Gem_Red","Guardian:Gem_Green"],"picked":"Guardian:Clone","floor":13},{"not_picked":["Guardian:TimeCapacitor","Guardian:Gem_Purple"],"picked":"Guardian:DecasProtection","floor":15},{"not_picked":["Guardian:HyperBeam_Guardian","Guardian:FastForward"],"picked":"Guardian:ConstructionForm","floor":16},{"not_picked":["Guardian:Incinerate","Guardian:Suspension"],"picked":"Guardian:Clone+1","floor":19},{"not_picked":["Guardian:DonusPower","Guardian:Gem_Red"],"picked":"Guardian:PiercingHide","floor":20},{"not_picked":["Guardian:Planning","Guardian:Gem_Cyan"],"picked":"Guardian:BronzeOrb","floor":22},{"not_picked":["Guardian:RefractedBeam","Guardian:ShieldCharger+1"],"picked":"Guardian:Gem_Synthetic","floor":23},{"not_picked":["Guardian:PrismaticBeam","Guardian:PiercingHide+1"],"picked":"Guardian:RollAttack","floor":25},{"not_picked":["Guardian:Gem_White","Guardian:VentSteam"],"picked":"Guardian:Gem_Green","floor":27},{"not_picked":["Guardian:Gem_Green","Guardian:BodySlam"],"picked":"Guardian:CrystalBeam","floor":28},{"not_picked":["Guardian:Gem_Cyan","Guardian:Gem_Green"],"picked":"Guardian:SpikerProtocol+1","floor":29},{"not_picked":["Guardian:TimeSifter","Guardian:MultiBeam"],"picked":"Guardian:PrismaticBarrier","floor":31},{"not_picked":["Guardian:PolyBeam","Guardian:ShieldSpikes","Guardian:TemporalStrike"],"picked":"SKIP","floor":32},{"not_picked":["Guardian:AncientConstruct","Guardian:StasisStrike"],"picked":"Guardian:RevengeProtocol","floor":33},{"not_picked":["Guardian:Gem_White","Guardian:Gem_Green"],"picked":"Guardian:Clone","floor":36},{"not_picked":["Guardian:Suspension","Guardian:PiercingHide"],"picked":"Guardian:CrystalBeam","floor":37},{"not_picked":["Guardian:RollAttack+1","Guardian:Incinerate+1"],"picked":"Guardian:EvasiveProtocol+1","floor":38},{"not_picked":["Guardian:RollAttack","Guardian:Gem_Lightblue"],"picked":"Guardian:BodySlam+1","floor":39},{"not_picked":["Guardian:TemporalStrike","Guardian:ShieldCharger","Guardian:TemporalShield+1"],"picked":"SKIP","floor":42},{"not_picked":["Guardian:WalkerClaw","Guardian:TimeBomb+1","Guardian:HyperBeam_Guardian"],"picked":"SKIP","floor":45},{"not_picked":["Guardian:RollAttack+1","Guardian:PiercingHide+1","Guardian:GuardianWhirl"],"picked":"SKIP","floor":46},{"not_picked":["Guardian:Gem_Lightblue","Guardian:Gem_Red","Guardian:Incinerate"],"picked":"SKIP","floor":48},{"not_picked":["Guardian:ChargeCore+1","Guardian:RefractedBeam","Guardian:Recover"],"picked":"SKIP","floor":49}],"player_experience":28017,"relics_obtained":[{"floor":7,"key":"Omamori"},{"floor":10,"key":"Old Coin"},{"floor":24,"key":"Oddly Smooth Stone"},{"floor":25,"key":"Guardian:SackOfGems"},{"floor":25,"key":"Letter Opener"},{"floor":27,"key":"Darkstone Periapt"},{"floor":30,"key":"Ancient Tea Set"},{"floor":35,"key":"FossilizedHelix"},{"floor":41,"key":"Bottled Lightning"},{"floor":44,"key":"Calipers"},{"floor":47,"key":"Toy Ornithopter"}],"event_choices":[],"is_beta":false,"boss_relics":[{"not_picked":["SacredBark","Tiny House"],"picked":"bronze:MakeshiftBattery"},{"not_picked":["Philosopher\u0027s Stone","Fusion Hammer"],"picked":"Guardian:StasisSlotReductionRelic"}],"items_purged_floors":[],"is_endless":false,"potions_floor_spawned":[2,5,6,19,23,25,27,28,33,36,39,46,48],"killed_by":"downfall:CharBossMerchant","ascension_level":0}}