{"host":"mithrandi","time":1613812363,"event":{"mods":["BaseMod","Colored Map","Highlight Path","Minty Spire (QoL Compilation)","SuperFastMode"],"gold_per_floor":[112,129,141,141,154,183,183,213,238,238,251,251,251,251,251,251,251],"floor_reached":16,"language":"ENG","playtime":746,"items_purged":[],"score":220,"play_id":"49f58f9e-7919-41e4-8295-7111bc74e109","local_time":"20210220111243","is_ascension_mode":true,"campfire_choices":[{"data":"Clothesline","floor":7,"key":"SMITH"},{"data":"Intimidate","floor":10,"key":"SMITH"},{"data":"Dropkick","floor":12,"key":"SMITH"},{"floor":15,"key":"REST"}],"circlet_count":0,"master_deck":["AscendersBane","Strike_R","Strike_R","Strike_R","Strike_R","Strike_R","Defend_R","Defend_R","Defend_R","Defend_R","Bash+1","Clothesline+1","Uppercut+1","Intimidate+1","Dropkick+1"],"relics":["Burning Blood","Centennial Puzzle","Strawberry","Juzu Bracelet","Golden Idol","Pen Nib"],"acts_visited":["Exordium"],"potions_floor_usage":[8,8,16],"damage_taken":[{"damage":1,"enemies":"2 Louse","floor":1,"turns":4},{"damage":1,"enemies":"Cultist","floor":2,"turns":3},{"damage":7,"enemies":"Small Slimes","floor":3,"turns":3},{"damage":13,"enemies":"Blue Slaver","floor":5,"turns":4},{"damage":56,"enemies":"3 Sentries","floor":6,"turns":10},{"damage":24,"enemies":"Gremlin Nob","floor":8,"turns":4},{"damage":2,"enemies":"2 Fungi Beasts","floor":11,"turns":4},{"damage":45,"enemies":"Hexaghost","floor":16,"turns":9}],"seed_played":"-6866127735260286141","potions_obtained":[{"floor":2,"key":"BloodPotion"},{"floor":6,"key":"Fruit Juice"},{"floor":8,"key":"Block Potion"}],"is_trial":false,"path_per_floor":["M","M","M","?","M","E","R","E","T","R","M","R","?","?","R","B"],"character_chosen":"IRONCLAD","items_purchased":[],"campfire_rested":1,"item_purchase_floors":[],"current_hp_per_floor":[73,75,74,74,67,17,17,27,27,27,31,31,31,20,43,0,0],"gold":251,"neow_bonus":"UPGRADE_CARD","is_daily":false,"chose_seed":false,"campfire_upgraded":3,"win_rate":0.0,"timestamp":1613812363,"path_taken":["M","M","M","?","M","E","R","E","T","R","M","R","?","?","R","BOSS"],"items_purchased_type":[],"build_version":"2020-12-18","purchased_purges":0,"victory":false,"max_hp_per_floor":[75,75,75,75,75,75,75,87,87,87,87,87,79,79,79,79,79],"card_choices":[{"not_picked":["Warcry","Sentinel"],"picked":"Clothesline","floor":1},{"not_picked":["Headbutt","Rage"],"picked":"Uppercut","floor":2},{"not_picked":["Thunderclap","Sword Boomerang"],"picked":"Intimidate","floor":3},{"not_picked":["Dark Embrace","Havoc","Anger"],"picked":"SKIP","floor":5},{"not_picked":["Sword Boomerang","Flex"],"picked":"Dropkick","floor":6},{"not_picked":["Iron Wave","Infernal Blade","Body Slam"],"picked":"SKIP","floor":8},{"not_picked":["Anger","Infernal Blade","Heavy Blade"],"picked":"SKIP","floor":11}],"player_experience":3015775,"relics_obtained":[{"floor":6,"key":"Centennial Puzzle"},{"floor":8,"key":"Strawberry"},{"floor":9,"key":"Juzu Bracelet"}],"event_choices":[{"damage_healed":0,"gold_gain":0,"player_choice":"Upgraded","damage_taken":0,"max_hp_gain":0,"max_hp_loss":0,"event_name":"Upgrade Shrine","floor":4,"gold_loss":0,"cards_upgraded":["Uppercut"]},{"damage_healed":0,"gold_gain":0,"player_choice":"Lose Max HP","damage_taken":0,"relics_obtained":["Golden Idol"],"max_hp_gain":0,"max_hp_loss":8,"event_name":"Golden Idol","floor":13,"gold_loss":0},{"damage_healed":0,"gold_gain":0,"player_choice":"Success","damage_taken":11,"relics_obtained":["Pen Nib"],"max_hp_gain":0,"max_hp_loss":0,"event_name":"Scrap Ooze","floor":14,"gold_loss":0}],"is_beta":true,"boss_relics":[],"items_purged_floors":[],"is_endless":false,"potions_floor_spawned":[2,6,8],"killed_by":"Hexaghost","ascension_level":20}}