{"host":"v86vpwf004p2esb7","time":1613817548,"event":{"mods":["AchievementEnabler","BaseMod","BetterRewards","Colored Powertips","Minty Spire (QoL Compilation)","Quick Restart","StSLib","Transform Curses"],"gold_per_floor":[112,112,130,154,165,165,191,29,100,164,177,177,203,51,51,147,147,164,184,51,51,51,80,80,80],"floor_reached":24,"language":"ENG","playtime":967,"items_purged":[],"score":334,"play_id":"a9e94f84-ce2a-436f-bc1b-d93d4fa4453e","local_time":"20210220023908","is_ascension_mode":true,"campfire_choices":[{"data":"Havoc","floor":6,"key":"SMITH"},{"data":"Armaments","floor":12,"key":"SMITH"},{"data":"Entrench","floor":15,"key":"SMITH"}],"circlet_count":0,"master_deck":["Strike_R+1","Strike_R+1","Strike_R+1","Strike_R+1","Strike_R+1","Defend_R+1","Defend_R+1","Defend_R+1","Defend_R+1","Bash","Juggernaut","Havoc+1","Flex","Dark Embrace","Iron Wave","Inflame","Flex","Armaments+1","Bandage Up","Perfected Strike","Entrench+1","Shrug It Off","Juggernaut","Barricade","Anger+1","Combust","Havoc","Good Instincts","Ghostly","Ghostly","Ghostly","Ghostly","Ghostly","Rage+1"],"relics":["Burning Blood","Lantern","Meat on the Bone","Regal Pillow","Orichalcum","Shuriken","Pen Nib","Bird Faced Urn","DollysMirror","Mark of Pain","Dream Catcher"],"acts_visited":["Exordium","TheCity"],"potions_floor_usage":[11,13,23],"damage_taken":[{"damage":7,"enemies":"Jaw Worm","floor":1,"turns":3},{"damage":8,"enemies":"2 Louse","floor":3,"turns":2},{"damage":0,"enemies":"Small Slimes","floor":5,"turns":3},{"damage":35,"enemies":"3 Sentries","floor":7,"turns":9},{"damage":39,"enemies":"Lagavulin Event","floor":10,"turns":6},{"damage":2,"enemies":"Blue Slaver","floor":11,"turns":3},{"damage":20,"enemies":"Gremlin Nob","floor":13,"turns":4},{"damage":43,"enemies":"Hexaghost","floor":16,"turns":10},{"damage":8,"enemies":"Chosen","floor":18,"turns":4},{"damage":23,"enemies":"Shell Parasite","floor":19,"turns":5},{"damage":3,"enemies":"Slavers","floor":23,"turns":7},{"damage":41,"enemies":"Cultist and Chosen","floor":24,"turns":6}],"seed_played":"-4284160770141903567","potions_obtained":[{"floor":1,"key":"HeartOfIron"},{"floor":5,"key":"FearPotion"},{"floor":13,"key":"Swift Potion"}],"is_trial":false,"path_per_floor":["M","?","M","T","M","R","E","$","T","?","M","R","E","$","R","B",null,"M","M","$","?","?","E","M"],"character_chosen":"IRONCLAD","items_purchased":["Lantern","Meat on the Bone","Juggernaut","Regal Pillow","Havoc","Flex","Dark Embrace","Bandage Up","DistilledChaos","DollysMirror","Havoc","Good Instincts"],"campfire_rested":0,"item_purchase_floors":[0,0,0,0,0,0,0,8,8,14,20,20],"current_hp_per_floor":[55,55,53,53,59,59,42,42,42,25,45,45,49,49,49,34,69,79,69,69,69,40,40,0,0],"gold":80,"neow_bonus":"","is_daily":false,"chose_seed":false,"campfire_upgraded":3,"win_rate":0.0,"timestamp":1613817548,"path_taken":["M","?","M","?","M","R","E","$","T","?","M","R","E","$","R","BOSS","M","M","$","?","?","E","?"],"items_purchased_type":["Relic","Relic","Card","Relic","Card","Card","Card","Card","Potion","Relic","Card","Card"],"build_version":"2020-12-22","purchased_purges":0,"victory":false,"max_hp_per_floor":[80,80,80,80,80,80,80,80,80,80,80,80,80,80,80,80,80,80,80,80,80,40,40,40,40],"card_choices":[{"not_picked":["Combust","Uppercut"],"picked":"Inflame","floor":1},{"not_picked":["Thunderclap","Dark Embrace"],"picked":"Flex","floor":3},{"not_picked":["Clothesline","Dropkick","Thunderclap"],"picked":"SKIP","floor":5},{"not_picked":["Battle Trance","Impervious"],"picked":"Armaments","floor":7},{"not_picked":["Whirlwind","Shrug It Off"],"picked":"Perfected Strike","floor":10},{"not_picked":["Clothesline","True Grit"],"picked":"Entrench","floor":11},{"not_picked":["Body Slam","Headbutt"],"picked":"Shrug It Off","floor":13},{"not_picked":["Feed","Double Tap"],"picked":"Barricade","floor":16},{"not_picked":["Intimidate","Dark Embrace"],"picked":"Anger+1","floor":18},{"not_picked":["Heavy Blade+1","Pommel Strike+1"],"picked":"Combust","floor":19},{"not_picked":["Clash+1","Thunderclap"],"picked":"Rage+1","floor":23}],"player_experience":315231,"relics_obtained":[{"floor":7,"key":"Orichalcum"},{"floor":9,"key":"Shuriken"},{"floor":10,"key":"Pen Nib"},{"floor":13,"key":"Bird Faced Urn"},{"floor":23,"key":"Dream Catcher"}],"event_choices":[{"damage_healed":0,"gold_gain":0,"player_choice":"Ignored","damage_taken":0,"max_hp_gain":0,"max_hp_loss":0,"event_name":"Golden Wing","floor":2,"gold_loss":0},{"damage_healed":0,"gold_gain":0,"player_choice":"Searched \u00271\u0027 times","damage_taken":0,"max_hp_gain":0,"max_hp_loss":0,"event_name":"Dead Adventurer","floor":10,"gold_loss":0},{"damage_healed":0,"gold_gain":0,"player_choice":"Simplicity","damage_taken":0,"max_hp_gain":0,"max_hp_loss":0,"event_name":"Back to Basics","floor":21,"gold_loss":0,"cards_upgraded":["Strike_R","Strike_R","Strike_R","Strike_R","Strike_R","Defend_R","Defend_R","Defend_R","Defend_R"]},{"damage_healed":0,"gold_gain":0,"player_choice":"Became a Ghost","damage_taken":0,"max_hp_gain":0,"max_hp_loss":40,"event_name":"Ghosts","floor":22,"gold_loss":0,"cards_obtained":["Ghostly","Ghostly","Ghostly","Ghostly","Ghostly"]}],"is_beta":false,"boss_relics":[{"not_picked":["Empty Cage","Philosopher\u0027s Stone"],"picked":"Mark of Pain"}],"items_purged_floors":[],"is_endless":false,"potions_floor_spawned":[1,5,13],"killed_by":"Cultist and Chosen","ascension_level":5}}