{"host":"mnpd8gh7cwxsn5kh","time":1613820524,"event":{"mods":["BaseMod","Bestiary","Block Reminder","Colored Map","Colored Powertips","Highlight Path","Minty Spire (QoL Compilation)","Relic Sorter","Relic Stats"],"gold_per_floor":[219,239,219,13,32,32,43,71,71,71,97,107,133,133,133,226,226,244,244,258,258,279,279,319,319,319,372,400,452,464,528,540,657,669,711,751,187,196,218,252,252,293,293,293,293,293],"floor_reached":45,"language":"ENG","playtime":4314,"items_purged":["Shame"],"score":1263,"play_id":"1c0fe77b-3faa-4998-b58b-ea064e3d733f","local_time":"20210220122844","is_ascension_mode":true,"campfire_choices":[{"data":"Combust","floor":6.0,"key":"SMITH"},{"floor":10.0,"key":"REST"},{"data":"Perfected Strike","floor":15.0,"key":"SMITH"},{"data":"Armaments","floor":23.0,"key":"SMITH"},{"data":"Disarm","floor":25.0,"key":"SMITH"},{"data":"Rupture","floor":32.0,"key":"SMITH"},{"data":"Entrench","floor":41.0,"key":"SMITH"},{"data":"Rage","floor":44.0,"key":"SMITH"}],"circlet_count":0,"master_deck":["AscendersBane","Strike_R+1","Strike_R+1","Strike_R+1","Strike_R+1","Strike_R+1","Defend_R+1","Defend_R+1","Defend_R+1","Defend_R+1","Bash","Battle Trance","Pommel Strike","Combust+1","Disarm+1","Impervious","Battle Trance","Perfected Strike+1","Reaper","Armaments+1","Rage+1","Body Slam","True Grit+1","Rupture","Entrench+1","Rupture+1","Blood for Blood","Reaper","Ghostly Armor","Headbutt","Shrug It Off","Shame","Offering"],"relics":["Burning Blood","Oddly Smooth Stone","Calipers","Thread and Needle","FossilizedHelix","Eternal Feather","Golden Idol","Cursed Key","Red Skull","CeramicFish","White Beast Statue","MawBank","FaceOfCleric","Bottled Tornado","Velvet Choker","Sundial","Blood Vial","Darkstone Periapt","Art of War","Nunchaku"],"acts_visited":["Exordium","TheCity","TheBeyond"],"potions_floor_usage":[45],"damage_taken":[{"damage":15.0,"enemies":"Small Slimes","floor":1.0,"turns":4.0},{"damage":11.0,"enemies":"Cultist","floor":2.0,"turns":4.0},{"damage":15.0,"enemies":"2 Louse","floor":5.0,"turns":3.0},{"damage":8.0,"enemies":"Lots of Slimes","floor":7.0,"turns":2.0},{"damage":27.0,"enemies":"Gremlin Nob","floor":8.0,"turns":5.0},{"damage":19.0,"enemies":"Lagavulin","floor":11.0,"turns":7.0},{"damage":6.0,"enemies":"Exordium Thugs","floor":12.0,"turns":6.0},{"damage":0.0,"enemies":"3 Sentries","floor":13.0,"turns":7.0},{"damage":34.0,"enemies":"The Guardian","floor":16.0,"turns":15.0},{"damage":5.0,"enemies":"Chosen","floor":18.0,"turns":5.0},{"damage":6.0,"enemies":"Shell Parasite","floor":20.0,"turns":6.0},{"damage":1.0,"enemies":"Snake Plant","floor":22.0,"turns":5.0},{"damage":17.0,"enemies":"Gremlin Leader","floor":24.0,"turns":7.0},{"damage":34.0,"enemies":"Slavers","floor":27.0,"turns":7.0},{"damage":15.0,"enemies":"Shelled Parasite and Fungi","floor":28.0,"turns":7.0},{"damage":48.0,"enemies":"Gremlin Leader","floor":29.0,"turns":10.0},{"damage":37.0,"enemies":"Slavers","floor":31.0,"turns":7.0},{"damage":60.0,"enemies":"Champ","floor":33.0,"turns":11.0},{"damage":0.0,"enemies":"Orb Walker","floor":35.0,"turns":4.0},{"damage":23.0,"enemies":"3 Darklings","floor":36.0,"turns":9.0},{"damage":23.0,"enemies":"Sphere and 2 Shapes","floor":39.0,"turns":8.0},{"damage":105.0,"enemies":"Giant Head","floor":40.0,"turns":8.0},{"damage":11.0,"enemies":"Nemesis","floor":42.0,"turns":11.0},{"damage":72,"enemies":"Reptomancer","floor":45,"turns":3}],"seed_played":"-7508966900175150678","potions_obtained":[{"floor":1.0,"key":"PowerPotion"},{"floor":3.0,"key":"Weak Potion"},{"floor":8.0,"key":"Energy Potion"},{"floor":12.0,"key":"Ancient Potion"},{"floor":16.0,"key":"Ancient Potion"},{"floor":18.0,"key":"Weak Potion"},{"floor":24.0,"key":"SteroidPotion"},{"floor":27.0,"key":"BloodPotion"},{"floor":28.0,"key":"Regen Potion"},{"floor":29.0,"key":"Energy Potion"},{"floor":31.0,"key":"Dexterity Potion"},{"floor":33.0,"key":"Regen Potion"},{"floor":36.0,"key":"BloodPotion"},{"floor":40.0,"key":"Dexterity Potion"},{"floor":42.0,"key":"HeartOfIron"}],"is_trial":false,"path_per_floor":["M","M","?","$","M","R","M","E","T","R","E","M","E","?","R","B",null,"M","?","M","?","M","R","E","R","T","E","M","E","?","E","R","B",null,"M","M","$","T","M","E","R","E","T","R","E"],"character_chosen":"IRONCLAD","items_purchased":["Oddly Smooth Stone","Combust","Sundial","Blood Vial","Shrug It Off"],"campfire_rested":1,"item_purchase_floors":[4,4,37,37,37],"current_hp_per_floor":[59,54,54,54,45,45,43,22,22,44,31,31,37,37,46,18,56,61,61,61,61,68,68,68,68,68,52,43,24,24,19,34,14,56,67,72,72,72,60,10,28,51,51,69,0,0],"gold":293,"neow_bonus":"HUNDRED_GOLD","is_daily":false,"chose_seed":false,"campfire_upgraded":7,"win_rate":0.0,"timestamp":1613820524,"path_taken":["M","M","?","?","M","R","M","E","T","R","E","M","E","?","R","BOSS","M","?","M","?","M","R","E","R","T","E","M","E","?","E","R","BOSS","M","M","$","?","M","E","R","E","T","R","E"],"items_purchased_type":["Relic","Card","Relic","Relic","Card"],"build_version":"2020-12-22","purchased_purges":1,"victory":false,"max_hp_per_floor":[75,75,75,75,75,75,75,75,75,75,75,75,75,68,68,68,68,68,68,68,68,68,68,68,68,68,68,68,68,68,69,69,70,70,71,72,72,72,73,74,74,75,75,75,75,75],"relic_stats":{"Darkstone Periapt":0,"counters":[24,161],"Golden Idol":114,"CeramicFish":90,"Eternal Feather":60,"Cursed Key":2,"MawBank":96,"Burning Blood":127,"Blood Vial":6,"Nunchaku":[0],"FaceOfCleric":7,"Sundial":[2],"Art of War":[0],"obtain_stats":[{"Darkstone Periapt":38,"Calipers":8,"Golden Idol":14,"CeramicFish":26,"Oddly Smooth Stone":4,"Velvet Choker":34,"Thread and Needle":9,"Eternal Feather":13,"Bottled Tornado":31,"Cursed Key":17,"MawBank":29,"Burning Blood":0,"White Beast Statue":27,"Blood Vial":37,"Nunchaku":42,"FaceOfCleric":30,"Sundial":37,"Art of War":40,"FossilizedHelix":11,"Red Skull":24},{"Darkstone Periapt":20,"Calipers":5,"Golden Idol":8,"CeramicFish":13,"Oddly Smooth Stone":2,"Velvet Choker":18,"Thread and Needle":5,"Eternal Feather":8,"Bottled Tornado":17,"Cursed Key":9,"MawBank":16,"Burning Blood":0,"White Beast Statue":14,"Blood Vial":20,"Nunchaku":23,"FaceOfCleric":16,"Sundial":20,"Art of War":22,"FossilizedHelix":6,"Red Skull":13},{"Darkstone Periapt":131,"Calipers":18,"Golden Idol":38,"CeramicFish":76,"Oddly Smooth Stone":8,"Velvet Choker":118,"Thread and Needle":18,"Eternal Feather":38,"Bottled Tornado":107,"Cursed Key":53,"MawBank":100,"Burning Blood":0,"White Beast Statue":83,"Blood Vial":131,"Nunchaku":158,"FaceOfCleric":100,"Sundial":131,"Art of War":147,"FossilizedHelix":25,"Red Skull":76}]},"card_choices":[{"not_picked":["Iron Wave","Evolve"],"picked":"Battle Trance","floor":1.0},{"not_picked":["Havoc","Burning Pact"],"picked":"Pommel Strike","floor":2.0},{"not_picked":["Pommel Strike","Clothesline"],"picked":"Disarm","floor":5.0},{"not_picked":["Metallicize","Second Wind"],"picked":"Impervious","floor":7.0},{"not_picked":["Clothesline","Whirlwind"],"picked":"Battle Trance","floor":8.0},{"not_picked":["Heavy Blade","Dual Wield","Sever Soul"],"picked":"SKIP","floor":11.0},{"not_picked":["Intimidate","Evolve","Heavy Blade"],"picked":"SKIP","floor":12.0},{"not_picked":["Dual Wield","Iron Wave"],"picked":"Perfected Strike","floor":13.0},{"not_picked":["Offering","Feed"],"picked":"Reaper","floor":16.0},{"not_picked":["Sword Boomerang+1","Havoc+1"],"picked":"Armaments","floor":18.0},{"not_picked":["Wild Strike","Warcry"],"picked":"Rage","floor":20.0},{"not_picked":["Dual Wield+1","Clothesline"],"picked":"Body Slam","floor":22.0},{"not_picked":["Dark Embrace","Sword Boomerang"],"picked":"True Grit+1","floor":24.0},{"not_picked":["Carnage","Thunderclap"],"picked":"Rupture","floor":27.0},{"not_picked":["Wild Strike","Sword Boomerang"],"picked":"Entrench","floor":28.0},{"not_picked":["Offering","Carnage"],"picked":"Rupture","floor":29.0},{"not_picked":["Cleave","Pommel Strike"],"picked":"Blood for Blood","floor":31.0},{"not_picked":["Feed","Berserk"],"picked":"Reaper","floor":33.0},{"not_picked":["Rampage+1","Clash"],"picked":"Ghostly Armor","floor":35.0},{"not_picked":["Wild Strike+1","Sword Boomerang"],"picked":"Headbutt","floor":36.0},{"not_picked":["Sword Boomerang+1","Bloodletting"],"picked":"Offering","floor":39.0},{"not_picked":["Clash+1","Clothesline","Shrug It Off"],"picked":"SKIP","floor":40.0},{"not_picked":["Cleave","True Grit","Rampage"],"picked":"SKIP","floor":42.0}],"player_experience":632493,"relics_obtained":[{"floor":8.0,"key":"Calipers"},{"floor":9.0,"key":"Thread and Needle"},{"floor":11.0,"key":"FossilizedHelix"},{"floor":13.0,"key":"Eternal Feather"},{"floor":24.0,"key":"Red Skull"},{"floor":26.0,"key":"CeramicFish"},{"floor":27.0,"key":"White Beast Statue"},{"floor":29.0,"key":"MawBank"},{"floor":31.0,"key":"Bottled Tornado"},{"floor":38.0,"key":"Darkstone Periapt"},{"floor":40.0,"key":"Art of War"},{"floor":42.0,"key":"Nunchaku"}],"event_choices":[{"damage_healed":0.0,"max_hp_gain":0.0,"max_hp_loss":0.0,"gold_gain":0.0,"event_name":"The Woman in Blue","player_choice":"Bought 1 Potion","floor":3.0,"gold_loss":0.0,"damage_taken":0.0},{"damage_healed":0.0,"max_hp_gain":0.0,"max_hp_loss":7.0,"gold_gain":0.0,"event_name":"Golden Idol","player_choice":"Lose Max HP","floor":14.0,"gold_loss":0.0,"damage_taken":0.0,"relics_obtained":["Golden Idol"]},{"damage_healed":0.0,"max_hp_gain":0.0,"max_hp_loss":0.0,"gold_gain":0.0,"event_name":"Back to Basics","player_choice":"Simplicity","floor":19.0,"gold_loss":0.0,"damage_taken":0.0,"cards_upgraded":["Strike_R","Strike_R","Strike_R","Strike_R","Strike_R","Defend_R","Defend_R","Defend_R","Defend_R"]},{"damage_healed":0.0,"max_hp_gain":0.0,"max_hp_loss":0.0,"gold_gain":0.0,"event_name":"Vampires","player_choice":"Ignored","floor":21.0,"gold_loss":0.0,"damage_taken":0.0},{"damage_healed":0.0,"max_hp_gain":0.0,"max_hp_loss":0.0,"gold_gain":0.0,"event_name":"FaceTrader","player_choice":"Trade","floor":30.0,"gold_loss":0.0,"damage_taken":0.0,"relics_obtained":["FaceOfCleric"]}],"is_beta":false,"boss_relics":[{"not_picked":["Busted Crown","Black Blood"],"picked":"Cursed Key"},{"not_picked":["Mark of Pain","Pandora\u0027s Box"],"picked":"Velvet Choker"}],"items_purged_floors":[37],"is_endless":false,"potions_floor_spawned":[1,5,8,12,16,18,24,27,28,29,31,33,35,36,39,40,42],"killed_by":"Reptomancer","ascension_level":20}}