{"host":"szp1d6dso4pv7ddl","time":1613857170,"event":{"mods":["AchievementEnabler","Alarm Clock","BaseMod","Bestiary","Block Reminder","Colored Map","Colored Powertips","Curses Come First","Dark Map","Displayed Cursed Tome","Highlight Path","Minty Spire (QoL Compilation)","Permanent Neow","Quick Restart","Relic Sorter","Relic Stats","StSLib","Synergy Search"],"gold_per_floor":[121,121,121,130,139,139,22,22,48,77,77,107,156,230,230,230,230],"floor_reached":16,"language":"ENG","playtime":415,"items_purged":["Injury"],"score":187,"play_id":"2f7e0460-fe6d-4eff-800d-8c0c1aba9083","local_time":"20210220133930","is_ascension_mode":true,"campfire_choices":[{"floor":6.0,"key":"REST"},{"data":"Cleave","floor":8.0,"key":"SMITH"},{"floor":11.0,"key":"REST"},{"data":"Combust","floor":15.0,"key":"SMITH"}],"circlet_count":0,"master_deck":["AscendersBane","Strike_R","Strike_R","Strike_R","Strike_R+1","Defend_R","Defend_R","Defend_R","Defend_R","Bash","CurseOfTheBell","Sword Boomerang+1","Perfected Strike","Cleave+1","Power Through","Combust+1","Thunderclap"],"relics":["Calling Bell","CeramicFish","Question Card","Turnip","Pear","Golden Idol","Pen Nib","FossilizedHelix","Kunai"],"acts_visited":[],"potions_floor_usage":[16,16],"damage_taken":[{"damage":17.0,"enemies":"Cultist","floor":1.0,"turns":4.0},{"damage":6.0,"enemies":"2 Louse","floor":10.0,"turns":3.0},{"damage":0.0,"enemies":"Small Slimes","floor":12.0,"turns":2.0},{"damage":22.0,"enemies":"Gremlin Nob","floor":13.0,"turns":4.0},{"damage":43,"enemies":"The Guardian","floor":16,"turns":10}],"seed_played":"-6016910392630630399","potions_obtained":[{"floor":1.0,"key":"Energy Potion"},{"floor":12.0,"key":"PowerPotion"}],"is_trial":false,"path_per_floor":["M","?","?","?","?","R","$","R","T","M","R","M","E","T","R","B"],"character_chosen":"IRONCLAD","items_purchased":["Cleave"],"campfire_rested":2,"item_purchase_floors":[7],"current_hp_per_floor":[51,28,20,20,20,45,45,45,45,39,64,64,42,42,42,0,0],"gold":230,"neow_bonus":"BOSS_RELIC","is_daily":false,"chose_seed":false,"campfire_upgraded":2,"win_rate":0.0,"timestamp":1613857170,"path_taken":["M","?","?","?","?","R","$","R","T","?","R","M","E","?","R","BOSS"],"items_purchased_type":["Card"],"build_version":"2020-12-22","purchased_purges":1,"victory":false,"max_hp_per_floor":[75,75,85,85,85,85,85,85,85,85,85,85,85,85,85,85,85],"relic_stats":{"counters":[5,23],"Golden Idol":16,"CeramicFish":63,"Turnip":[1],"Pen Nib":[3],"Kunai":[2],"Question Card":4,"obtain_stats":[{"Calling Bell":0,"Pear":3,"Golden Idol":4,"CeramicFish":0,"Turnip":0,"Pen Nib":9,"Kunai":14,"Question Card":0,"Burning Blood":0,"FossilizedHelix":13},{"Calling Bell":0,"Pear":1,"Golden Idol":1,"CeramicFish":0,"Turnip":0,"Pen Nib":1,"Kunai":4,"Question Card":0,"Burning Blood":0,"FossilizedHelix":4},{"Calling Bell":0,"Pear":4,"Golden Idol":4,"CeramicFish":0,"Turnip":0,"Pen Nib":4,"Kunai":13,"Question Card":0,"Burning Blood":0,"FossilizedHelix":13}]},"card_choices":[{"not_picked":["Heavy Blade","Anger","Burning Pact"],"picked":"Sword Boomerang","floor":1.0},{"not_picked":["Body Slam","Armaments","Wild Strike"],"picked":"Power Through","floor":10.0},{"not_picked":["Feel No Pain","Rage","Armaments"],"picked":"Combust","floor":12.0},{"not_picked":["Perfected Strike","Brutality","Clash"],"picked":"Thunderclap","floor":13.0}],"player_experience":1612577,"relics_obtained":[{"floor":0.0,"key":"CeramicFish"},{"floor":0.0,"key":"Question Card"},{"floor":0.0,"key":"Turnip"},{"floor":9.0,"key":"Pen Nib"},{"floor":13.0,"key":"FossilizedHelix"},{"floor":14.0,"key":"Kunai"}],"event_choices":[{"damage_healed":0.0,"max_hp_gain":0.0,"max_hp_loss":0.0,"gold_gain":0.0,"event_name":"Shining Light","player_choice":"Entered Light","floor":2.0,"gold_loss":0.0,"damage_taken":23.0,"cards_upgraded":["Strike_R","Sword Boomerang"]},{"damage_healed":0.0,"max_hp_gain":0.0,"max_hp_loss":0.0,"gold_gain":0.0,"event_name":"Scrap Ooze","player_choice":"Success","floor":3.0,"gold_loss":0.0,"damage_taken":18.0,"relics_obtained":["Pear"]},{"damage_healed":0.0,"max_hp_gain":0.0,"max_hp_loss":0.0,"gold_gain":0.0,"event_name":"Golden Idol","player_choice":"Take Wound","floor":4.0,"gold_loss":0.0,"damage_taken":0.0,"relics_obtained":["Golden Idol"],"cards_obtained":["Injury"]},{"damage_healed":0.0,"max_hp_gain":0.0,"max_hp_loss":0.0,"gold_gain":0.0,"cards_transformed":["Strike_R"],"event_name":"Transmorgrifier","player_choice":"Transformed","floor":5.0,"gold_loss":0.0,"damage_taken":0.0,"cards_obtained":["Perfected Strike"]}],"is_beta":false,"boss_relics":[],"items_purged_floors":[7],"is_endless":false,"potions_floor_spawned":[1,12],"killed_by":"The Guardian","ascension_level":19}}