{"host":"8inpc3yxphy2r27y","time":1613793813,"event":{"mods":["ATMod(阿瑾Mod)","Act Like it!","Alarm Clock","BaseMod","Better Synergies","Better Vampires","Challenge The Spire","Conspire","Decade(王小明)","Defuse TimeMaze Blight","Downfall","Energized Spire","FanaticalFans","FoggyMod","Gensokyo","GungeonMod","Highlight Path","Jedi Mod","LagranYue(拉格朗・月)","Lobotomy","LobotomyExtend","Minty Spire (QoL Compilation)","MostiFishMod","Pale of the Ancients","Potion Indicator Mod","Quarter Circle Forward PUNCH!","Quick Restart","Relic Filter Mod","Relic Stats","Replay The Spire","RumiaBox-露米娅的神秘盒子","Ryuuou龙王","SIMod","Shop Mod","Spicy Shops","StSLib","TestMod","The Animator","UnlockEverythingMod","[GremlinLeader]The Maniac","[IsaacMod]以撒尖塔","[JumpMod]舞动尖塔","noobMod","【遗物卡牌】REMEMod","篝火指南"],"gold_per_floor":[-300,-201,-201,-194,-194,-194,-194],"floor_reached":6,"language":"ZHS","playtime":200,"items_purged":[],"score":35,"play_id":"f84cf0c6-f16b-4339-b9c6-3ba1abcc3e0a","local_time":"20210220120333","is_ascension_mode":true,"campfire_choices":[],"circlet_count":0,"master_deck":[],"relics":["animator:LivingPicture","animator:TheMissingPiece","REME_ComplimentaryCards","ice","Fans:FanaticalFans","DaveBox","HushsDoor","HowToJump","AT_ATBox","testmod-TestBox","LagranYue:RandomDrawCardRelic","SalivaCoin","Nloth\u0027s Gift","testmod-SevenDeadlySins","Du-Vu Doll","Darkstone Periapt","Blue Candle","CogitoBucket","DemoMod:GlassGuonStoneRelic","SynthV:TestCard","LetterFromLob","Baka","testmod-AssaultLearning"],"acts_visited":["Exordium"],"potions_floor_usage":[],"damage_taken":[{"damage":1.0,"enemies":"Jaw Worm","floor":1.0,"turns":1.0},{"damage":0,"enemies":"Gremlin Nob","floor":6,"turns":1}],"seed_played":"6164906678555645570","potions_obtained":[{"floor":1.0,"key":"LiquidMemories"}],"is_trial":false,"path_per_floor":["M","?","?","?","M","E"],"character_chosen":"THE_ANIMATOR","items_purchased":[],"campfire_rested":0,"item_purchase_floors":[],"current_hp_per_floor":[113,98,74,59,59,59,59],"gold":-194,"neow_bonus":"","is_daily":false,"chose_seed":false,"campfire_upgraded":0,"win_rate":0.0,"timestamp":1613793813,"path_taken":["M","?","?","?","?","E"],"items_purchased_type":[],"build_version":"2020-12-22","purchased_purges":0,"victory":false,"max_hp_per_floor":[114,114,74,74,74,74,74],"relic_stats":{"Darkstone Periapt":48,"counters":[2,2],"Blue Candle":[1],"Nloth\u0027s Gift":1,"obtain_stats":[{"KeepersGift":0,"Darkstone Periapt":0,"AT_ATBox":0,"testmod-TestBox":0,"DaveBox":0,"HowToJump":0,"LagranYue:RandomDrawCardRelic":0,"animator:TheMissingPiece":0,"Blue Candle":0,"testmod-SevenDeadlySins":0,"DemoMod:GlassGuonStoneRelic":1,"ice":0,"Baka":1,"Fans:FanaticalFans":0,"Du-Vu Doll":0,"CogitoBucket":0,"SynthV:TestCard":1,"testmod-AssaultLearning":4,"animator:LivingPicture":0,"SalivaCoin":0,"Nloth\u0027s Gift":0,"LetterFromLob":1,"HushsDoor":0,"REME_ComplimentaryCards":0},{"KeepersGift":0,"Darkstone Periapt":0,"AT_ATBox":0,"testmod-TestBox":0,"DaveBox":0,"HowToJump":0,"LagranYue:RandomDrawCardRelic":0,"animator:TheMissingPiece":0,"Blue Candle":0,"testmod-SevenDeadlySins":0,"DemoMod:GlassGuonStoneRelic":1,"ice":0,"Baka":1,"Fans:FanaticalFans":0,"Du-Vu Doll":0,"CogitoBucket":0,"SynthV:TestCard":1,"testmod-AssaultLearning":1,"animator:LivingPicture":0,"SalivaCoin":0,"Nloth\u0027s Gift":0,"LetterFromLob":1,"HushsDoor":0,"REME_ComplimentaryCards":0},{"KeepersGift":0,"Darkstone Periapt":0,"AT_ATBox":0,"testmod-TestBox":0,"DaveBox":0,"HowToJump":0,"LagranYue:RandomDrawCardRelic":0,"animator:TheMissingPiece":0,"Blue Candle":0,"testmod-SevenDeadlySins":0,"DemoMod:GlassGuonStoneRelic":1,"ice":0,"Baka":1,"Fans:FanaticalFans":0,"Du-Vu Doll":0,"CogitoBucket":0,"SynthV:TestCard":1,"testmod-AssaultLearning":1,"animator:LivingPicture":0,"SalivaCoin":0,"Nloth\u0027s Gift":0,"LetterFromLob":1,"HushsDoor":0,"REME_ComplimentaryCards":0}]},"card_choices":[{"not_picked":[],"picked":"BettingIsNotGood","floor":0.0},{"not_picked":["UniverseFragment","Bloodbath","Scorched"],"picked":"Singing Bowl","floor":1.0},{"not_picked":["CherryBlossoms","LittlePrince"],"picked":"Bloodbath","floor":1.0},{"not_picked":["animator:Shinoa","animator:Yoichi"],"picked":"animator:Konayuki","floor":1.0}],"player_experience":129073,"relics_obtained":[{"floor":1.0,"key":"SynthV:TestCard"},{"floor":1.0,"key":"LetterFromLob"},{"floor":1.0,"key":"Baka"}],"event_choices":[{"damage_healed":0.0,"max_hp_gain":0.0,"max_hp_loss":0.0,"gold_gain":0.0,"event_name":"Shining Light","player_choice":"Ignored","floor":5.0,"gold_loss":0.0,"damage_taken":0.0}],"is_beta":false,"boss_relics":[],"items_purged_floors":[],"is_endless":false,"potions_floor_spawned":[1],"killed_by":"Gremlin Nob","ascension_level":2}}