{"host":"lo6zq6w66mfx9j0u","time":1613805480,"event":{"mods":["AchievementEnabler","BaseMod","Challenge The Spire","Colored Powertips","Custom Start","Highlight Path","Infinite Spire","Minty Spire (QoL Compilation)","Rare Cards Sparkle","Replay The Spire","StSLib"],"gold_per_floor":[117,132,132,142,142,142,142,156,156,172,172,196,211,234,234,234,234],"floor_reached":16,"language":"ENG","playtime":399,"items_purged":[],"score":121,"play_id":"7a605f03-45ad-414b-865b-d76ff714ea1a","local_time":"20210220001800","is_ascension_mode":false,"campfire_choices":[{"floor":6,"key":"REST"},{"floor":15,"key":"REST"}],"circlet_count":0,"master_deck":["RitualDagger+1","Pot Of Greed+1","Flex+1","Clash+1","Clash+1","Clash+1","Clash+1","Thunderclap+1"],"relics":["Burning Blood","Golden Idol"],"acts_visited":["Exordium"],"potions_floor_usage":[],"damage_taken":[{"damage":0.0,"enemies":"Cultist","floor":1.0,"turns":1.0},{"damage":0.0,"enemies":"Small Slimes","floor":2.0,"turns":1.0},{"damage":0.0,"enemies":"2 Louse","floor":4.0,"turns":1.0},{"damage":0,"enemies":"Large Slime","floor":8,"turns":1},{"damage":0,"enemies":"Looter","floor":10,"turns":1},{"damage":0,"enemies":"3 Louse","floor":12,"turns":1},{"damage":0,"enemies":"Exordium Wildlife","floor":13,"turns":1},{"damage":0,"enemies":"Blue Slaver","floor":14,"turns":1},{"damage":13,"enemies":"Fading Forest","floor":16,"turns":8}],"seed_played":"-2883817818085693458","potions_obtained":[{"floor":4.0,"key":"SteroidPotion"},{"floor":8,"key":"BloodPotion"},{"floor":12,"key":"Flashbang"}],"is_trial":true,"path_per_floor":["M","M","?","M","?","R","?","M","T","M","?","M","M","M","R","B"],"character_chosen":"IRONCLAD","items_purchased":[],"campfire_rested":2,"item_purchase_floors":[],"current_hp_per_floor":[80,80,80,80,80,80,80,80,80,80,60,66,72,78,80,74,74],"gold":234,"neow_bonus":"","is_daily":false,"chose_seed":false,"campfire_upgraded":0,"win_rate":0.0,"timestamp":1613805480,"path_taken":["M","M","?","?","?","R","?","M","T","M","?","M","M","M","R","BOSS"],"items_purchased_type":[],"build_version":"2020-12-22","purchased_purges":0,"victory":false,"max_hp_per_floor":[80,80,80,80,80,80,80,80,80,80,80,80,80,80,80,80,80],"card_choices":[{"not_picked":["Twin Strike","Pummel","Spot Weakness"],"picked":"SKIP","floor":1.0},{"not_picked":["Sword Boomerang","Thunderclap","Perfected Strike"],"picked":"SKIP","floor":2.0},{"not_picked":["Rage","Twin Strike","Iron Wave"],"picked":"SKIP","floor":4.0},{"not_picked":["Entrench","Headbutt","Wild Strike"],"picked":"SKIP","floor":8},{"not_picked":["ReplayTheSpireMod:Strike From Hell","Heavy Blade","Uppercut"],"picked":"SKIP","floor":10},{"not_picked":["Abandon","Power Through","Warcry"],"picked":"SKIP","floor":12},{"not_picked":["Clothesline","Shockwave","Havoc"],"picked":"SKIP","floor":13},{"not_picked":["Armaments","Warcry","Clothesline"],"picked":"SKIP","floor":14}],"player_experience":237985,"relics_obtained":[],"event_choices":[{"damage_healed":0.0,"max_hp_gain":0.0,"max_hp_loss":0.0,"gold_gain":0.0,"event_name":"Transmorgrifier","player_choice":"Ignored","floor":3.0,"gold_loss":0.0,"damage_taken":0.0},{"damage_healed":0,"gold_gain":0,"player_choice":"Take Damage","damage_taken":20,"relics_obtained":["Golden Idol"],"max_hp_gain":0,"max_hp_loss":0,"event_name":"Golden Idol","floor":11,"gold_loss":0}],"is_beta":false,"boss_relics":[],"items_purged_floors":[],"is_endless":false,"potions_floor_spawned":[4,8,12],"killed_by":"Fading Forest","ascension_level":0}}