{"host":"22njw49i2r7r2wa8","time":1613848742,"event":{"mods":["2.2 Compatiblity","BaseMod","Colored Map","Minty Spire (QoL Compilation)"],"gold_per_floor":[118,66,83,83,158,158,190,190,217,228,241,254,254,286,286,390,390,401,415,27,37,48,83,83,108,108,148,193,202,311,410,410,514,514,526,552,561,611,367,402,402,414,414,414,414,414],"floor_reached":45,"language":"ENG","playtime":5276,"items_purged":["Strike_G","Defend_G"],"score":842,"play_id":"26e1bef1-54ef-4d49-b7e4-d8a93f894002","local_time":"20210220111902","is_ascension_mode":true,"campfire_choices":[{"data":"Dagger Spray","floor":6,"key":"SMITH"},{"data":"Noxious Fumes","floor":8,"key":"SMITH"},{"data":"Backflip","floor":15,"key":"SMITH"},{"floor":24,"key":"REST"},{"data":"After Image","floor":32,"key":"SMITH"},{"data":"Phantasmal Killer","floor":41,"key":"SMITH"}],"circlet_count":0,"master_deck":["Defend_G","Defend_G","Defend_G+1","Defend_G","Survivor","Neutralize+1","Noxious Fumes+1","Dagger Spray+1","Deadly Poison","Dagger Throw+1","Backflip+1","Crippling Poison","Venomology","After Image+1","Flying Knee+1","Dagger Throw+1","Prepared","Slice+1","Blur","Slice+1","Backflip+1","Bite+1","Bite+1","Bite+1","Bite+1","Bite+1","J.A.X.","Prepared+1","Phantasmal Killer+1","Backstab+1","Flash of Steel+1","Skewer+1"],"relics":["Ring of the Snake","NeowsBlessing","Ice Cream","Vajra","Boot","Runic Pyramid","Molten Egg 2","CeramicFish","Regal Pillow","Shuriken","Tingsha","StoneCalendar","Pantograph","Velvet Choker","Shovel","Whetstone","Pen Nib"],"acts_visited":["Exordium","TheCity","TheBeyond"],"potions_floor_usage":[14,14,16,16,16,18,22,22,23,25,25,25,27,30,30,38,40,40,45,45,45],"damage_taken":[{"damage":0,"enemies":"Small Slimes","floor":1,"turns":1},{"damage":0,"enemies":"Jaw Worm","floor":3,"turns":1},{"damage":0,"enemies":"Gremlin Nob","floor":7,"turns":1},{"damage":0,"enemies":"2 Louse","floor":10,"turns":2},{"damage":4,"enemies":"Exordium Wildlife","floor":11,"turns":4},{"damage":2,"enemies":"Large Slime","floor":12,"turns":5},{"damage":6,"enemies":"Lagavulin","floor":14,"turns":6},{"damage":0,"enemies":"Slime Boss","floor":16,"turns":5},{"damage":22,"enemies":"2 Thieves","floor":18,"turns":4},{"damage":4,"enemies":"Chosen","floor":19,"turns":5},{"damage":2,"enemies":"Centurion and Healer","floor":21,"turns":7},{"damage":11,"enemies":"Sentry and Sphere","floor":22,"turns":8},{"damage":9,"enemies":"Gremlin Leader","floor":23,"turns":6},{"damage":3,"enemies":"Slavers","floor":25,"turns":4},{"damage":0,"enemies":"Gremlin Leader","floor":27,"turns":5},{"damage":9,"enemies":"Colosseum Slavers","floor":30,"turns":3},{"damage":13,"enemies":"Colosseum Nobs","floor":30,"turns":3},{"damage":34,"enemies":"Collector","floor":33,"turns":8},{"damage":13,"enemies":"3 Darklings","floor":35,"turns":4},{"damage":3,"enemies":"3 Shapes","floor":36,"turns":4},{"damage":15,"enemies":"2 Orb Walkers","floor":38,"turns":5},{"damage":15,"enemies":"Nemesis","floor":40,"turns":3},{"damage":16,"enemies":"3 Darklings","floor":42,"turns":3},{"damage":50,"enemies":"Giant Head","floor":45,"turns":6}],"seed_played":"-5097162294970240063","potions_obtained":[{"floor":1,"key":"SpeedPotion"},{"floor":7,"key":"GamblersBrew"},{"floor":12,"key":"EssenceOfSteel"},{"floor":14,"key":"AttackPotion"},{"floor":21,"key":"Ancient Potion"},{"floor":23,"key":"DistilledChaos"},{"floor":27,"key":"DuplicationPotion"},{"floor":36,"key":"EssenceOfSteel"}],"is_trial":false,"path_per_floor":["M","$","M","?","?","R","E","R","T","M","M","M","?","E","R","B",null,"M","M","$","M","M","E","R","E","T","E","?","?","?","?","R","B",null,"M","M","?","?","$","E","R","M","T","?","E"],"character_chosen":"THE_SILENT","items_purchased":["Dagger Spray","Molten Egg 2","Dagger Throw+1","Prepared","Whetstone"],"campfire_rested":1,"item_purchase_floors":[2,20,20,20,39],"current_hp_per_floor":[63,63,63,49,38,38,38,38,38,38,34,32,25,19,19,19,57,35,31,31,29,18,9,30,27,27,27,27,27,23,23,23,33,45,47,49,49,37,37,28,28,21,21,21,0,0],"gold":414,"neow_bonus":"THREE_ENEMY_KILL","is_daily":false,"chose_seed":false,"campfire_upgraded":5,"win_rate":0.0,"timestamp":1613848742,"path_taken":["M","$","M","?","?","R","E","R","T","M","M","M","?","E","R","BOSS","M","M","$","M","M","E","R","E","T","E","?","?","?","?","R","BOSS","M","M","?","?","$","E","R","M","T","?","E"],"items_purchased_type":["Card","Relic","Card","Card","Relic"],"build_version":"2020-12-22","purchased_purges":2,"victory":false,"max_hp_per_floor":[70,70,70,70,70,70,70,70,70,70,70,70,70,70,70,70,70,70,70,70,70,70,70,70,70,70,70,49,49,49,49,49,49,49,49,49,49,49,49,49,49,49,49,47,47,47],"card_choices":[{"not_picked":["Bane","Riddle With Holes"],"picked":"Noxious Fumes","floor":1},{"not_picked":["Dash","Dagger Throw"],"picked":"Deadly Poison","floor":3},{"not_picked":["All Out Attack","Accuracy","Wraith Form v2"],"picked":"SKIP","floor":7},{"not_picked":["Endless Agony","Choke"],"picked":"Dagger Throw","floor":10},{"not_picked":["Slice","All Out Attack"],"picked":"Backflip","floor":11},{"not_picked":["Outmaneuver","Reflex"],"picked":"Crippling Poison","floor":12},{"not_picked":["Flying Knee","Outmaneuver"],"picked":"Venomology","floor":14},{"not_picked":["Night Terror","A Thousand Cuts"],"picked":"After Image","floor":16},{"not_picked":["Sucker Punch","Riddle With Holes+1","Choke"],"picked":"SKIP","floor":18},{"not_picked":["Prepared","Outmaneuver"],"picked":"Flying Knee+1","floor":19},{"not_picked":["Endless Agony+1","Poisoned Stab+1"],"picked":"Slice+1","floor":21},{"not_picked":["Bouncing Flask+1","Deflect"],"picked":"Blur","floor":22},{"not_picked":["After Image","Sucker Punch+1"],"picked":"Slice+1","floor":23},{"not_picked":["Sucker Punch+1","Dagger Throw+1","Bouncing Flask"],"picked":"SKIP","floor":25},{"not_picked":["Outmaneuver","Dagger Spray+1"],"picked":"Backflip+1","floor":27},{"not_picked":["Dagger Throw+1","Dagger Spray+1"],"picked":"Prepared+1","floor":30},{"not_picked":["Malaise","Wraith Form v2"],"picked":"Phantasmal Killer","floor":33},{"not_picked":["Outmaneuver+1","Caltrops","PiercingWail+1"],"picked":"SKIP","floor":35},{"not_picked":["Dash+1","Prepared"],"picked":"Backstab+1","floor":36},{"not_picked":["Finesse","Trip"],"picked":"Flash of Steel+1","floor":37},{"not_picked":["Accuracy+1","Tactician"],"picked":"Skewer+1","floor":40},{"not_picked":["Predator+1","Blade Dance+1","Dodge and Roll+1"],"picked":"SKIP","floor":42}],"player_experience":502061,"relics_obtained":[{"floor":7,"key":"Ice Cream"},{"floor":9,"key":"Vajra"},{"floor":14,"key":"Boot"},{"floor":23,"key":"CeramicFish"},{"floor":25,"key":"Regal Pillow"},{"floor":26,"key":"Shuriken"},{"floor":27,"key":"Tingsha"},{"floor":30,"key":"StoneCalendar"},{"floor":30,"key":"Pantograph"},{"floor":38,"key":"Shovel"},{"floor":40,"key":"Pen Nib"}],"event_choices":[{"damage_healed":0,"gold_gain":0,"player_choice":"Entered Light","damage_taken":14,"max_hp_gain":0,"max_hp_loss":0,"event_name":"Shining Light","floor":4,"gold_loss":0,"cards_upgraded":["Strike_G","Defend_G"]},{"damage_healed":0,"gold_gain":75,"player_choice":"Gather Gold","damage_taken":11,"max_hp_gain":0,"max_hp_loss":0,"event_name":"World of Goop","floor":5,"gold_loss":0},{"cards_removed":["Strike_G"],"damage_healed":0,"gold_gain":0,"player_choice":"Card Removal","damage_taken":7,"max_hp_gain":0,"max_hp_loss":0,"event_name":"Golden Wing","floor":13,"gold_loss":0},{"damage_healed":0,"gold_gain":0,"player_choice":"Became a vampire","damage_taken":0,"max_hp_gain":0,"max_hp_loss":21,"event_name":"Vampires","floor":28,"gold_loss":0,"cards_obtained":["Bite","Bite","Bite","Bite","Bite"]},{"damage_healed":0,"gold_gain":0,"player_choice":"Obtain J.A.X.","damage_taken":0,"max_hp_gain":0,"max_hp_loss":0,"event_name":"Drug Dealer","floor":29,"gold_loss":0,"cards_obtained":["J.A.X."]},{"damage_healed":0,"gold_gain":0,"player_choice":"Fight","damage_taken":0,"max_hp_gain":0,"max_hp_loss":0,"event_name":"Colosseum","floor":30,"gold_loss":0},{"damage_healed":0,"gold_gain":0,"player_choice":"Fought Nobs","damage_taken":0,"max_hp_gain":0,"max_hp_loss":0,"event_name":"Colosseum","floor":30,"gold_loss":0},{"damage_healed":0,"gold_gain":99,"player_choice":"Stole From Cult","damage_taken":0,"max_hp_gain":0,"max_hp_loss":0,"event_name":"Nest","floor":31,"gold_loss":0},{"damage_healed":0,"gold_gain":0,"player_choice":"Memory 1","damage_taken":0,"max_hp_gain":0,"max_hp_loss":0,"event_name":"SensoryStone","floor":37,"gold_loss":0},{"damage_healed":0,"gold_gain":0,"player_choice":"Fight","damage_taken":0,"max_hp_gain":0,"max_hp_loss":0,"event_name":"Mysterious Sphere","floor":38,"gold_loss":0},{"damage_healed":0,"gold_gain":0,"player_choice":"Max HP","damage_taken":0,"max_hp_gain":0,"max_hp_loss":2,"event_name":"Winding Halls","floor":44,"gold_loss":0}],"is_beta":false,"boss_relics":[{"not_picked":["Philosopher\u0027s Stone","Ectoplasm"],"picked":"Runic Pyramid"},{"not_picked":["Pandora\u0027s Box","Tiny House"],"picked":"Velvet Choker"}],"items_purged_floors":[20,39],"is_endless":false,"potions_floor_spawned":[1,7,12,14,21,23,27,36,38],"killed_by":"Giant Head","ascension_level":6}}