{"host":"dlqyscxstsnu98l1","time":1613865500,"event":{"mods":["AchievementEnabler","BaseMod","Colored Map","Colored Powertips","GifTheSpireLib","Highlight Path","Minty Spire (QoL Compilation)","Random Character Button","SacredBarkPlus","StSLib","everything is the same but u backflip on backflip"],"gold_per_floor":[109,284,297,95,172,200,217,228,228,228,228,258,269,279,279,381,381,398,411,510,528,478,478,478,478],"floor_reached":24,"language":"ENG","playtime":1138,"items_purged":["Doubt"],"score":295,"play_id":"80a4ba98-0f9e-4624-a10b-bd0050051f0b","local_time":"20210220175820","is_ascension_mode":true,"campfire_choices":[{"floor":11.0,"key":"REST"},{"floor":15.0,"key":"REST"},{"floor":23,"key":"REST"}],"circlet_count":0,"master_deck":["Zap","Dualcast","Aggregate+1","Streamline","Sunder","Turbo","Seek","Leap","Coolheaded","Loop","Defragment","Stack","Multi-Cast","Turbo","All For One","BootSequence","Reinforced Body","Hologram","Hyperbeam","Conserve Battery","Lockon","Compile Driver","Leap"],"relics":["Cracked Core","Singing Bowl","InkBottle","Matryoshka","Pandora\u0027s Box"],"acts_visited":["Exordium","TheCity"],"potions_floor_usage":[16,24,24,24,24],"damage_taken":[{"damage":1.0,"enemies":"Cultist","floor":1.0,"turns":4.0},{"damage":1.0,"enemies":"2 Louse","floor":3.0,"turns":3.0},{"damage":25.0,"enemies":"3 Sentries","floor":6.0,"turns":7.0},{"damage":2.0,"enemies":"Jaw Worm","floor":7.0,"turns":2.0},{"damage":0.0,"enemies":"2 Fungi Beasts","floor":8.0,"turns":2.0},{"damage":32.0,"enemies":"Gremlin Nob","floor":12.0,"turns":4.0},{"damage":0.0,"enemies":"Gremlin Gang","floor":13.0,"turns":3.0},{"damage":3.0,"enemies":"Looter","floor":14.0,"turns":2.0},{"damage":24,"enemies":"Slime Boss","floor":16,"turns":15},{"damage":15,"enemies":"Spheric Guardian","floor":18,"turns":4},{"damage":2,"enemies":"Chosen","floor":19,"turns":2},{"damage":21,"enemies":"Snecko","floor":21,"turns":7},{"damage":66,"enemies":"Book of Stabbing","floor":24,"turns":9}],"seed_played":"2585904388959034527","potions_obtained":[{"floor":3.0,"key":"BlessingOfTheForge"},{"floor":6.0,"key":"SpeedPotion"},{"floor":8.0,"key":"GamblersBrew"},{"floor":16,"key":"EntropicBrew"},{"floor":18,"key":"AttackPotion"}],"is_trial":false,"path_per_floor":["M","?","M","$","?","E","M","M","T","?","R","E","M","M","R","B",null,"M","M","?","M","?","R","E"],"character_chosen":"DEFECT","items_purchased":["Sunder","Turbo"],"campfire_rested":3,"item_purchase_floors":[4,4],"current_hp_per_floor":[63,63,62,62,62,37,35,35,35,35,61,29,29,26,52,28,74,61,59,59,38,38,65,0,0],"gold":478,"neow_bonus":"TWENTY_PERCENT_HP_BONUS","is_daily":false,"chose_seed":false,"campfire_upgraded":0,"win_rate":0.0,"timestamp":1613865500,"path_taken":["M","?","M","$","?","E","M","M","T","?","R","E","M","M","R","BOSS","M","M","?","M","?","R","E"],"items_purchased_type":["Card","Card"],"build_version":"2020-12-22","purchased_purges":1,"victory":false,"max_hp_per_floor":[89,89,89,89,89,89,89,89,89,89,89,89,89,89,89,89,89,91,91,91,91,91,91,91,91],"card_choices":[{"not_picked":["Beam Cell","Hello World"],"picked":"Aggregate","floor":1.0},{"not_picked":["Redo","Force Field"],"picked":"Streamline","floor":3.0},{"not_picked":["Static Discharge","Scrape"],"picked":"Seek","floor":6.0},{"not_picked":["Rebound","Cold Snap"],"picked":"Leap","floor":7.0},{"not_picked":["Self Repair","Melter"],"picked":"Coolheaded","floor":8.0},{"not_picked":["Compile Driver","Self Repair"],"picked":"Loop","floor":12.0},{"not_picked":["Undo","Aggregate"],"picked":"Defragment","floor":13.0},{"not_picked":["Turbo","Static Discharge"],"picked":"Stack","floor":14.0},{"not_picked":["Core Surge","Thunder Strike"],"picked":"Multi-Cast","floor":16},{"not_picked":["Leap","Reprogram","Streamline"],"picked":"Singing Bowl","floor":18},{"not_picked":["Conserve Battery","Recycle"],"picked":"Compile Driver","floor":19},{"not_picked":["Gash","Redo"],"picked":"Leap","floor":21}],"player_experience":254032,"relics_obtained":[{"floor":6.0,"key":"Singing Bowl"},{"floor":9.0,"key":"InkBottle"},{"floor":12.0,"key":"Matryoshka"}],"event_choices":[{"damage_healed":0.0,"max_hp_gain":0.0,"max_hp_loss":0.0,"gold_gain":175.0,"event_name":"Liars Game","player_choice":"AGREE","floor":2.0,"gold_loss":0.0,"damage_taken":0.0,"cards_obtained":["Doubt"]},{"damage_healed":0.0,"max_hp_gain":0.0,"max_hp_loss":0.0,"gold_gain":77.0,"event_name":"Golden Wing","player_choice":"Gained Gold","floor":5.0,"gold_loss":0.0,"damage_taken":0.0},{"damage_healed":0.0,"max_hp_gain":0.0,"max_hp_loss":0.0,"gold_gain":0.0,"event_name":"Living Wall","player_choice":"Grow","floor":10.0,"gold_loss":0.0,"damage_taken":0.0,"cards_upgraded":["Aggregate"]},{"damage_healed":0,"gold_gain":99,"player_choice":"Stole From Cult","damage_taken":0,"max_hp_gain":0,"max_hp_loss":0,"event_name":"Nest","floor":20,"gold_loss":0},{"damage_healed":0,"gold_gain":0,"player_choice":"Bet on Murderer","damage_taken":0,"max_hp_gain":0,"max_hp_loss":0,"event_name":"The Joust","floor":22,"gold_loss":50}],"is_beta":false,"boss_relics":[{"not_picked":["Coffee Dripper","Busted Crown"],"picked":"Pandora\u0027s Box"}],"items_purged_floors":[4],"is_endless":false,"potions_floor_spawned":[3,6,8,16,18,21],"killed_by":"Book of Stabbing","ascension_level":6}}