{"host":"5wilga4482d891pp","time":1613864621,"event":{"mods":["100% Spire Juice","2.2 Compatiblity","AchievementEnabler","Act Like it!","Arknights","BaseMod","Better Note","Better Third Choice","CapriCore","Chen","Conspire","Downfall","Elementarium","Energized Spire","Gensokyo","GungeonMod","Hallownest","Hermit","Hubris","Jorbs\u0027s Wanderer Trilogy","KinomotoSakuraMod(木之本?)","Koishi","Lobotomy","LobotomyExtend","Luminous","Marisa（霧雨　魔理沙）","Marked Mod","Minty Spire (QoL Compilation)","Pale of the Ancients","Railgun Mod","Reimu（博??梦）","Reliquary","Ruina","RumiaBox-露米?的神秘盒子","Shade Mod","Shapeshifter Mod","StSLib","The Administrix","The Alterego","The Animator","The Construct","The Cursed","The Gatherer","The Immortal","The Wild Card","TheBandit","TheFirefly","TheSwordswoman","TheVacant","Uncapped","UnlockEverythingMod","WarShipGirlsR/??少女R mod","Yakumo Yukari mod","Yuyuko"],"gold_per_floor":[119,119,119,138,172,172,204,21,21,21,21,21,21,21,21,36,36,36],"floor_reached":16,"language":"ENG","playtime":941,"items_purged":[],"score":94,"play_id":"2c46e7d3-774b-4a69-9e1a-170fd877356d","local_time":"20210220174341","is_ascension_mode":false,"campfire_choices":[{"data":"MokouMod:RetainTemperature","floor":6,"key":"SMITH"},{"data":"MokouMod:InfernalWave","floor":11,"key":"SMITH"},{"floor":15,"key":"REST"}],"circlet_count":0,"master_deck":["MokouMod:Strike+1","MokouMod:Strike","MokouMod:Strike","MokouMod:Strike","MokouMod:Strike","MokouMod:Defend+1","MokouMod:Defend","MokouMod:Defend","MokouMod:Defend","MokouMod:HeatSpark","Rudolta","MokouMod:RetainTemperature+1","Bloodbath","MokouMod:TemporalFireSeal+1","Wellcheers","MokouMod:Combust","BigBadWolf","MokouMod:IgnitionBarrier","MokouMod:Ventilation+1","MokouMod:InfernalWave+1"],"relics":["MokouMod:PhoenixFeather","CogitoBucket","AddBug","SecretRecord","SecretRecord","Baka2"],"acts_visited":["Hallownest:Greenpath"],"potions_floor_usage":[5,16],"damage_taken":[{"damage":7,"enemies":"Hallownest:2_Baldur","floor":1,"turns":4},{"damage":14,"enemies":"Hallownest:2_MossCreeps","floor":4,"turns":4},{"damage":16,"enemies":"conspire:MimicChest","floor":5,"turns":4},{"damage":27,"enemies":"Hallownest:eliteVengeflyKing","floor":7,"turns":8},{"damage":129,"enemies":"Hallownest:BossHornet","floor":16,"turns":6}],"seed_played":"7493350053966952820","potions_obtained":[{"floor":4,"key":"AttackPotion"},{"floor":7,"key":"Strength Potion"}],"is_trial":false,"path_per_floor":["M","?","?","M","?","R","E","$","T","?","R","$","?","?","R","B"],"character_chosen":"MKU","items_purchased":["MokouMod:Ventilation","MokouMod:InfernalWave"],"campfire_rested":1,"item_purchase_floors":[8,8],"current_hp_per_floor":[68,68,68,54,39,39,28,28,28,28,28,28,28,28,50,0,0,0],"gold":36,"neow_bonus":"","is_daily":false,"chose_seed":false,"campfire_upgraded":2,"win_rate":0.0,"timestamp":1613864621,"path_taken":["M","?","?","?","?","R","E","$","T","?","R","$","?","?","R","BOSS"],"items_purchased_type":["Card","Card"],"build_version":"2020-12-22","purchased_purges":0,"victory":false,"max_hp_per_floor":[75,75,75,75,75,75,75,75,75,75,75,75,75,75,75,75,75,75],"card_choices":[{"not_picked":["OSAHOGD","CherryBlossoms"],"picked":"Rudolta","floor":1},{"not_picked":["MokouMod:Burn","MokouMod:Sear"],"picked":"MokouMod:RetainTemperature","floor":1},{"not_picked":["VoidDream","UniverseFragment"],"picked":"Bloodbath","floor":4},{"not_picked":["MokouMod:ResoluteFlare","MokouMod:FlareStarter"],"picked":"MokouMod:TemporalFireSeal","floor":4},{"not_picked":["VoidDream","CherryBlossoms"],"picked":"Wellcheers","floor":5},{"not_picked":["MokouMod:Firecracker","MokouMod:RoaringFlare"],"picked":"MokouMod:Combust","floor":5},{"not_picked":["BigBird","CrumblingArmor"],"picked":"BigBadWolf","floor":7},{"not_picked":["MokouMod:Stoke","MokouMod:Sear"],"picked":"MokouMod:IgnitionBarrier","floor":7}],"player_experience":26581,"relics_obtained":[{"floor":1,"key":"AddBug"},{"floor":1,"key":"Baka"},{"floor":1,"key":"LetterFromLob"},{"floor":4,"key":"SecretRecord"},{"floor":4,"key":"Baka2"},{"floor":4,"key":"LetterFromLob"},{"floor":5,"key":"Tea:ReiMu"},{"floor":7,"key":"Mercury Hourglass"},{"floor":7,"key":"LetterFromLob"},{"floor":9,"key":"HornCleat"}],"event_choices":[],"is_beta":false,"boss_relics":[],"items_purged_floors":[],"is_endless":false,"potions_floor_spawned":[4,7],"killed_by":"Hallownest:BossHornet","ascension_level":0}}