{"host":"ow52dz0ufgwhhffk","time":1613818412,"event":{"mods":["Act Like it!","BaseMod","Conspire","Friendly Minions","Gensokyo","HololiveMod","Kiyohime£®«Âºß£©","Marisa£®ÏF”Í°°ƒß¿Ì…≥£©","Minty Spire (QoL Compilation)","MostiFishMod","Prisma Mod","Quick Restart","Reimu£®≤©¿ˆ¡È√Œ£©","Remilia£®¿Ÿ√◊¿Ú—«£©","StSLib","TestMod","The Servant 0.9.4","WarShipGirlsR/’ΩΩ¢…Ÿ≈ÆR mod","[IsaacMod]“‘»ˆº‚À˛","[JumpMod]ŒË∂Øº‚À˛"],"gold_per_floor":[116,130,10,27,27,62,157,182,209,209,209],"floor_reached":10,"language":"ZHS","playtime":927,"items_purged":[],"score":84,"play_id":"d64fa500-b18d-4fd1-a3b1-465fcae288ad","local_time":"20210220185332","is_ascension_mode":true,"campfire_choices":[],"circlet_count":0,"master_deck":["PrismaMod:IllyaCommonAttack","PrismaMod:IllyaCommonAttack","PrismaMod:IllyaCommonAttack","PrismaMod:IllyaCommonDefend","PrismaMod:IllyaCommonAttack","PrismaMod:IllyaCommonDefend","PrismaMod:IllyaCommonAttack","PrismaMod:IllyaCommonDefend","PrismaMod:IllyaUncommonAttack","PrismaMod:IllyaUncommonDefend","SuicideKing","PrismaMod:IllyaGrail","Gensokyo:TarnishedGold","PrismaMod:IllyaSaphire","PrismaMod:IllyaZwei","PrismaMod:IllyaCarnivalPrismaAstolfo"],"relics":["PrismaMod:PrismaRuby","DaveBox","testmod-TestBox","HushsDoor","HowToJump","ExusiaiGun","testmod-Temperance","SteamSale","NeowsBlessing","SynthV:TestCard","Pear","conspire:Flyswatter","Potion Belt","GnawedLeaf","Anchor"],"acts_visited":["Gensokyo:Gensokyo"],"potions_floor_usage":[6,8],"damage_taken":[{"damage":0,"enemies":"Gensokyo:Python","floor":1,"turns":1},{"damage":0,"enemies":"Gensokyo:3_Fairies","floor":2,"turns":2},{"damage":0,"enemies":"Gensokyo:2_Kodama","floor":4,"turns":1},{"damage":33,"enemies":"Gensokyo:Cirno","floor":6,"turns":11},{"damage":15,"enemies":"Gensokyo:Aya","floor":8,"turns":4},{"damage":8,"enemies":"Gensokyo:Cirno","floor":10,"turns":7}],"seed_played":"-391233683696063248","potions_obtained":[{"floor":2,"key":"AttackPotion"},{"floor":4,"key":"DistilledChaos"},{"floor":8,"key":"ColorlessPotion"}],"is_trial":false,"path_per_floor":["M","M","COS","M","?","E","?","E","T","E"],"character_chosen":"ILLYA","items_purchased":[],"campfire_rested":0,"item_purchase_floors":[],"current_hp_per_floor":[75,75,75,75,70,37,22,7,7,0,0],"gold":209,"neow_bonus":"THREE_ENEMY_KILL","is_daily":false,"chose_seed":false,"campfire_upgraded":0,"win_rate":0.0,"timestamp":1613818412,"path_taken":["M","?","COS","M","?","E","?","E","T","E"],"items_purchased_type":[],"build_version":"2020-12-22","purchased_purges":0,"victory":false,"max_hp_per_floor":[75,75,75,75,85,85,85,85,85,85,85],"card_choices":[{"not_picked":[],"picked":"SuicideKing","floor":0},{"not_picked":["PrismaMod:IllyaDetonatingBlow","PrismaMod:IllyaUncommonDefend","PrismaMod:IllyaRubysPotion"],"picked":"SKIP","floor":1},{"not_picked":["PrismaMod:IllyaRussianRoulette","PrismaMod:IllyaPoisonBomb","PrismaMod:IllyaUncommonEvoke","PrismaMod:IllyaBerserCAR"],"picked":"PrismaMod:IllyaGrail","floor":2},{"not_picked":["PrismaMod:IllyaTestament","PrismaMod:IllyaRubysPotion","PrismaMod:IllyaBride","PrismaMod:IllyaCommonEvoke"],"picked":"PrismaMod:IllyaSaphire","floor":4},{"not_picked":["PrismaMod:IllyaPoisonBlock","PrismaMod:IllyaBlindPoisonToss","PrismaMod:IllyaPoisonBomb","PrismaMod:IllyaStunPoison"],"picked":"PrismaMod:IllyaZwei","floor":6},{"not_picked":["PrismaMod:IllyaReinForce","PrismaMod:IllyaInstallAssassin","PrismaMod:IllyaDualEvoke","PrismaMod:IllyaDevil"],"picked":"PrismaMod:IllyaCarnivalPrismaAstolfo","floor":8}],"player_experience":554859,"relics_obtained":[{"floor":1,"key":"SynthV:TestCard"},{"floor":6,"key":"conspire:Flyswatter"},{"floor":8,"key":"GnawedLeaf"}],"event_choices":[],"is_beta":false,"boss_relics":[],"items_purged_floors":[],"is_endless":false,"potions_floor_spawned":[2,4,8],"killed_by":"Gensokyo:Cirno","ascension_level":3}}