{"host":"b3fp0sgzld04crtx","time":1613852816,"event":{"mods":["AchievementEnabler","BaseMod","Colored Map","Colored Powertips","Hermit","Highlight Path","Marisa（霧雨　魔理沙）","Minty Spire (QoL Compilation)","Quick Restart","StSLib","The Animator","The Cursed","The Senshi","The Servant 0.9.4"],"gold_per_floor":[110,110,164,164,188,188,228,228,228,263,277,45,69,87,87,218,218,243,243,231,231,331,331,366,366,366,61,86,121,121,121,121,252,252,267,332,332,351,48,83,118,133,133,164,178,59,0,44,44,44],"floor_reached":51,"language":"ENG","playtime":8043,"items_purged":["Regret"],"score":984,"play_id":"f558ed40-6e2e-4d20-bbee-97f8df23d6a5","local_time":"20210220142656","is_ascension_mode":false,"campfire_choices":[{"data":"Zap","floor":6.0,"key":"SMITH"},{"data":"Dualcast","floor":15.0,"key":"SMITH"},{"data":"Writhe","floor":23.0,"key":"PURGE"},{"data":"Clumsy","floor":25.0,"key":"PURGE"},{"data":"Defragment","floor":30.0,"key":"SMITH"},{"data":"Shame","floor":32.0,"key":"PURGE"},{"data":"Seek","floor":49,"key":"SMITH"}],"circlet_count":0,"master_deck":["Strike_B+1","Strike_B+1","Strike_B+1","Strike_B+1","Defend_B+1","Defend_B+1","Defend_B+1","Defend_B+1","Zap+1","Dualcast+1","Coolheaded","Chill","Glacier","Self Repair","Bandage Up","Chill","Hologram","Reboot","Barrage+1","Seek+1","Streamline","TheCursedMod:Dregs","Defragment+1","Hologram+1","All For One","Hello World+1","Turbo+1","Madness","Madness","Amplify","Defragment","Rainbow","Chill+1","Barrage+1","animator:Curse_Nutcracker","Defragment","Loop+1"],"relics":["Cracked Core","WingedGreaves","Peace Pipe","Bag of Preparation","Golden Idol","Torii","Shuriken","Matryoshka","Ancient Tea Set","Cursed Key","Gremlin Horn","Eternal Feather","Blood Vial","Singing Bowl","Lantern","Runic Capacitor","Art of War","Pen Nib","The Courier","Inserter","CatCart","Juzu Bracelet","Anchor","Happy Flower","Mummified Hand","Bottled Lightning","Bottled Flame","theSenshi:SailorFukuRelic","Red Mask","Strawberry"],"acts_visited":["Exordium","TheCity","TheBeyond"],"potions_floor_usage":[48],"damage_taken":[{"damage":2.0,"enemies":"2 Louse","floor":1.0,"turns":3.0},{"damage":1.0,"enemies":"Jaw Worm","floor":5.0,"turns":4.0},{"damage":7.0,"enemies":"3 Sentries","floor":7.0,"turns":12.0},{"damage":21.0,"enemies":"Lagavulin","floor":10.0,"turns":8.0},{"damage":2.0,"enemies":"Small Slimes","floor":11.0,"turns":3.0},{"damage":0.0,"enemies":"Blue Slaver","floor":13.0,"turns":6.0},{"damage":0.0,"enemies":"Red Slaver","floor":14.0,"turns":6.0},{"damage":5.0,"enemies":"The Guardian","floor":16.0,"turns":17.0},{"damage":9.0,"enemies":"3 Byrds","floor":18.0,"turns":11.0},{"damage":1.0,"enemies":"2 Thieves","floor":20.0,"turns":4.0},{"damage":63.0,"enemies":"Book of Stabbing","floor":24.0,"turns":10.0},{"damage":0.0,"enemies":"Sentry and Sphere","floor":28.0,"turns":4.0},{"damage":11.0,"enemies":"Slavers","floor":29.0,"turns":6.0},{"damage":10.0,"enemies":"Automaton","floor":33.0,"turns":9.0},{"damage":0.0,"enemies":"3 Darklings","floor":35.0,"turns":5.0},{"damage":1,"enemies":"Orin","floor":36,"turns":10},{"damage":0,"enemies":"Orb Walker","floor":38,"turns":1},{"damage":1,"enemies":"Reptomancer","floor":40,"turns":7},{"damage":11,"enemies":"Nemesis","floor":41,"turns":11},{"damage":0,"enemies":"Maw","floor":42,"turns":7},{"damage":0,"enemies":"Giant Head","floor":44,"turns":6},{"damage":9,"enemies":"Spire Growth","floor":45,"turns":7},{"damage":0,"enemies":"Reptomancer","floor":48,"turns":13},{"damage":0,"enemies":"Awakened One","floor":50,"turns":10}],"seed_played":"6930561850210481144","potions_obtained":[{"floor":1.0,"key":"Regen Potion"},{"floor":14.0,"key":"ColorlessPotion"},{"floor":16.0,"key":"DistilledChaos"},{"floor":28.0,"key":"AttackPotion"},{"floor":33.0,"key":"Fire Potion"},{"floor":38,"key":"SpeedPotion"},{"floor":41,"key":"SteroidPotion"},{"floor":42,"key":"SpeedPotion"},{"floor":48,"key":"DistilledChaos"}],"is_trial":false,"path_per_floor":["M","?","T","?","M","R","E","?","T","E","M","$","M","M","R","B",null,"M","?","M","?","?","R","E","R","T","$","M","E","R","T","R","B",null,"M","?","?","M","$","E","E","M","T","E","M","$","?","E","R","B",null],"character_chosen":"DEFECT","items_purchased":["Self Repair","Bandage Up","Lantern","Runic Capacitor","Defragment","Juzu Bracelet","Anchor","theSenshi:SailorFukuRelic"],"campfire_rested":0,"item_purchase_floors":[12,12,27,27,39,39,39,46],"current_hp_per_floor":[73,66,66,48,47,47,55,55,55,34,32,32,43,54,54,62,75,75,75,75,75,75,75,23,35,35,35,48,50,62,62,75,72,75,75,75,66,68,68,75,75,75,75,75,75,75,75,84,84,84],"gold":44,"neow_bonus":"ONE_RARE_RELIC","is_daily":false,"chose_seed":false,"campfire_upgraded":4,"win_rate":0.0,"timestamp":1613852816,"path_taken":["M","?","?","?","M","R","E","?","T","E","?","?","M","M","R","BOSS","M","?","M","?","?","R","E","R","T","$","?","E","R","?","R","BOSS","M","?","?","M","$","E","E","M","T","E","M","?","?","E","R","BOSS"],"items_purchased_type":["Card","Card","Relic","Relic","Card","Relic","Relic","Relic"],"build_version":"2020-12-22","purchased_purges":1,"victory":true,"max_hp_per_floor":[75,75,75,75,75,75,75,75,75,75,75,75,75,75,75,75,75,75,75,75,75,75,75,75,75,75,75,75,75,75,75,75,75,75,75,75,75,75,75,75,75,75,75,75,77,77,77,84,84,84],"card_choices":[{"not_picked":["Stack","Ball Lightning"],"picked":"Coolheaded","floor":1.0},{"not_picked":["Compile Driver","Undo"],"picked":"Chill","floor":5.0},{"not_picked":["Go for the Eyes","Leap","Steam Power"],"picked":"SKIP","floor":7.0},{"not_picked":["Barrage","Machine Learning"],"picked":"Glacier","floor":10.0},{"not_picked":["Steam","Rebound","Storm"],"picked":"SKIP","floor":11.0},{"not_picked":["Gash","Consume"],"picked":"Chill","floor":13.0},{"not_picked":["Compile Driver","Force Field"],"picked":"Hologram","floor":14.0},{"not_picked":["Machine Learning","Meteor Strike"],"picked":"Reboot","floor":16.0},{"not_picked":["Conserve Battery","Recycle+1"],"picked":"Barrage+1","floor":18.0},{"not_picked":["Turbo+1","Redo"],"picked":"Seek","floor":20.0},{"not_picked":["Undo","Turbo"],"picked":"Streamline","floor":24.0},{"not_picked":["Ball Lightning+1","Rebound"],"picked":"Defragment","floor":28.0},{"not_picked":["Sweeping Beam","Ball Lightning"],"picked":"Hologram+1","floor":29.0},{"not_picked":["Meteor Strike","Buffer"],"picked":"All For One","floor":33.0},{"not_picked":["FTL","Compile Driver+1"],"picked":"Hello World+1","floor":35.0},{"not_picked":["Ball Lightning+1","Sweeping Beam+1"],"picked":"Turbo+1","floor":36},{"not_picked":["Cold Snap+1","Gash+1"],"picked":"Amplify","floor":38},{"not_picked":["Hyperbeam","Melter"],"picked":"Rainbow","floor":40},{"not_picked":["Glacier+1","Melter"],"picked":"Chill+1","floor":41},{"not_picked":["Streamline+1","BootSequence"],"picked":"Barrage+1","floor":42},{"not_picked":["Barrage","Meteor Strike"],"picked":"Defragment","floor":44},{"not_picked":["Steam Power","Sweeping Beam+1","Steam"],"picked":"Singing Bowl","floor":45},{"not_picked":["Streamline+1","Compile Driver+1"],"picked":"Loop+1","floor":48}],"player_experience":313464,"relics_obtained":[{"floor":3.0,"key":"Bag of Preparation"},{"floor":7.0,"key":"Torii"},{"floor":9.0,"key":"Matryoshka"},{"floor":10.0,"key":"Ancient Tea Set"},{"floor":24.0,"key":"Eternal Feather"},{"floor":26.0,"key":"Blood Vial"},{"floor":26.0,"key":"Singing Bowl"},{"floor":29.0,"key":"Art of War"},{"floor":31.0,"key":"Pen Nib"},{"floor":31.0,"key":"The Courier"},{"floor":36,"key":"CatCart"},{"floor":40,"key":"Happy Flower"},{"floor":41,"key":"Mummified Hand"},{"floor":43,"key":"Bottled Lightning"},{"floor":44,"key":"Bottled Flame"},{"floor":48,"key":"Strawberry"}],"event_choices":[{"damage_healed":0.0,"max_hp_gain":0.0,"max_hp_loss":0.0,"gold_gain":0.0,"event_name":"Scrap Ooze","player_choice":"Success","floor":2.0,"gold_loss":0.0,"damage_taken":7.0,"relics_obtained":["Peace Pipe"]},{"damage_healed":0.0,"max_hp_gain":0.0,"max_hp_loss":0.0,"gold_gain":0.0,"event_name":"Golden Idol","player_choice":"Take Damage","floor":4.0,"gold_loss":0.0,"damage_taken":18.0,"relics_obtained":["Golden Idol"]},{"damage_healed":0.0,"max_hp_gain":0.0,"max_hp_loss":0.0,"gold_gain":0.0,"event_name":"Big Fish","player_choice":"Box","floor":8.0,"gold_loss":0.0,"damage_taken":0.0,"relics_obtained":["Shuriken"],"cards_obtained":["Regret"]},{"damage_healed":0.0,"max_hp_gain":0.0,"max_hp_loss":0.0,"gold_gain":0.0,"event_name":"The Mausoleum","player_choice":"Opened","floor":19.0,"gold_loss":0.0,"damage_taken":0.0,"relics_obtained":["Gremlin Horn"],"cards_obtained":["Writhe"]},{"damage_healed":0.0,"max_hp_gain":0.0,"max_hp_loss":0.0,"gold_gain":0.0,"event_name":"Back to Basics","player_choice":"Simplicity","floor":21.0,"gold_loss":0.0,"damage_taken":0.0,"cards_upgraded":["Strike_B","Strike_B","Strike_B","Strike_B","Defend_B","Defend_B","Defend_B","Defend_B"]},{"damage_healed":0.0,"max_hp_gain":0.0,"max_hp_loss":0.0,"gold_gain":100.0,"event_name":"Golden Shrine","player_choice":"Pray","floor":22.0,"gold_loss":0.0,"damage_taken":0.0},{"damage_healed":0,"gold_gain":0,"player_choice":"Fight","damage_taken":0,"max_hp_gain":0,"max_hp_loss":0,"event_name":"OrinTheCat","floor":36,"gold_loss":0},{"damage_healed":0,"gold_gain":0,"player_choice":"Embrace Madness","damage_taken":9,"max_hp_gain":0,"max_hp_loss":0,"event_name":"Winding Halls","floor":37,"gold_loss":0,"cards_obtained":["Madness","Madness"]},{"damage_healed":0,"gold_gain":0,"player_choice":"Paid","damage_taken":0,"relics_obtained":["Red Mask"],"max_hp_gain":0,"max_hp_loss":0,"event_name":"Tomb of Lord Red Mask","floor":47,"gold_loss":59}],"is_beta":false,"boss_relics":[{"not_picked":["Nuclear Battery","Pandora\u0027s Box"],"picked":"Cursed Key"},{"not_picked":["SacredBark","Busted Crown"],"picked":"Inserter"}],"items_purged_floors":[12],"is_endless":false,"potions_floor_spawned":[1,14,16,28,33,38,41,42,48],"ascension_level":0}}