{"host":"ve5hox67eka4rdnb","time":1613801239,"event":{"mods":["ATMod(°¢èªMod)","AchievementEnabler","Act Like it!","BaseMod","Downfall","Lobotomy","LobotomyExtend","Minty Spire (QoL Compilation)","Quick Restart","Replay The Spire","Shop Mod","StSLib"],"gold_per_floor":[99,109,109,125,125,137,137,137,156,156,169,204,204,233,247,351,351,351,351,362,372,392,66,146,146,180,199,199,232,32,32,42,145,145,203,217,233,252,0,18,44,60,79,79,105,157,157,191,91,91,91,91,119,69,69,69,69],"floor_reached":58,"language":"ZHS","playtime":2644,"items_purged":["Slimebound:Strike_Slimebound","Slimebound:Strike_Slimebound","Slimebound:Tackle"],"score":1603,"play_id":"af82a7de-77e2-4821-95f7-e88f28e6e13b","local_time":"20210220140719","is_ascension_mode":true,"campfire_choices":[{"data":"Slimebound:SelfFormingGoo","floor":8,"key":"SMITH"},{"data":"AT_WindFlip","floor":13,"key":"SMITH"},{"floor":18,"key":"RECALL"},{"data":"expansioncontent:DashGenerateEvil","floor":30,"key":"SMITH"},{"data":"Slimebound:SelfFormingGoo","floor":44,"key":"SMITH"},{"data":"Slimebound:OneTwoCombo","floor":47,"key":"SMITH"},{"data":"Slimebound:LeadByExample","floor":49,"key":"SMITH"},{"data":"Slimebound:PressTheAttack","floor":55,"key":"SMITH"}],"circlet_count":0,"master_deck":["Slimebound:Defend_Slimebound","Slimebound:Defend_Slimebound","Slimebound:Defend_Slimebound","Slimebound:Defend_Slimebound","Slimebound:CorrosiveSpit","AT_WindFlip+1","Slimebound:SelfFormingGoo+1","Slimebound:PressTheAttack+1","Slimebound:SplitLeeching","Slimebound:SplitLeeching","Slimebound:SplitMire","Slimebound:SplitBruiser","Slimebound:Overexert+1","Slimebound:Darklings+1","Slimebound:SplitMire+1","Slimebound:SlimeTap","Slimebound:ProtectTheBoss","Slimebound:HauntingLick+1","Slimebound:LeadByExample+1","expansioncontent:DashGenerateEvil+1","Slimebound:LevelUp+1","Slimebound:SplitLeeching","Slimebound:SelfFormingGoo+1","Slimebound:SplitSpecialist+1","Slimebound:OneTwoCombo+1","Slimebound:SplitAcid+1","Slimebound:SamplingLick+1","Slimebound:Recollect","Slimebound:Recollect+1","Slimebound:SplitBruiser","Slimebound:HauntingLick+1","Slimebound:PressTheAttack+1","Slimebound:SplitLeeching","Slimebound:SplitAcid"],"relics":["Slimebound:AbsorbEndCombat","AT_ATBox","AT_Manta","LetterFromLob","Du-Vu Doll","PreservedInsect","Replay:Kaleidoscope","Honey Jar","MagicBullet_r","AT_Kusabimaru","Simple Rune","Omamori","Art of War","downfall:HeartBlessingRed","downfall:HeartBlessingBlue","Black Star","AT_SunfireAegis","ReplayTheSpireMod:Lightbulb","Garlic","Smiling Mask","Unceasing Top","Turnip","AT_RabadonDeathcap","downfall:HeartBlessingGreen","Replay:Baseball","HornCleat"],"acts_visited":["Exordium","TheCity","TheBeyond","TheEnding"],"potions_floor_usage":[14,14,16,32,33,43,50,57],"damage_taken":[{"damage":7,"enemies":"Jaw Worm","floor":2,"turns":3},{"damage":1,"enemies":"Cultist","floor":4,"turns":3},{"damage":0,"enemies":"2 Louse","floor":6,"turns":2},{"damage":4,"enemies":"Exordium Wildlife","floor":9,"turns":3},{"damage":0,"enemies":"Large Slime","floor":11,"turns":5},{"damage":0,"enemies":"Lagavulin","floor":12,"turns":4},{"damage":0,"enemies":"3 Sentries","floor":14,"turns":3},{"damage":1,"enemies":"Blue Slaver","floor":15,"turns":2},{"damage":0,"enemies":"SI_SHIV_ARCHETYPE","floor":16,"turns":3},{"damage":11,"enemies":"downfall:LooterAlt2","floor":20,"turns":2},{"damage":0,"enemies":"3 Byrds","floor":21,"turns":3},{"damage":4,"enemies":"Centurion and Healer","floor":22,"turns":2},{"damage":0,"enemies":"downfall:FleeingMerchant","floor":23,"turns":4},{"damage":0,"enemies":"Replay:Snechameleon","floor":26,"turns":1},{"damage":0,"enemies":"Cultist and Chosen","floor":27,"turns":2},{"damage":20,"enemies":"Book of Stabbing","floor":29,"turns":2},{"damage":0,"enemies":"Chosen and Byrds","floor":32,"turns":2},{"damage":9,"enemies":"WA_ARCHETYPE_CALM","floor":33,"turns":3},{"damage":20,"enemies":"3 Shapes","floor":36,"turns":2},{"damage":0,"enemies":"Orb Walker","floor":37,"turns":2},{"damage":0,"enemies":"Sphere and 2 Shapes","floor":38,"turns":2},{"damage":0,"enemies":"Transient","floor":40,"turns":5},{"damage":20,"enemies":"Maw","floor":42,"turns":2},{"damage":4,"enemies":"Writhing Mass","floor":43,"turns":2},{"damage":1,"enemies":"Giant Head","floor":45,"turns":3},{"damage":13,"enemies":"2 Orb Walkers","floor":46,"turns":2},{"damage":3,"enemies":"R_Hoarder","floor":48,"turns":3},{"damage":6,"enemies":"DF_ARCHETYPE_ORBS","floor":50,"turns":2},{"damage":0,"enemies":"downfall:CharBossMerchant","floor":53,"turns":3},{"damage":22,"enemies":"downfall:NeowBoss","floor":56,"turns":7},{"damage":22,"enemies":"downfall:NeowBossFinal","floor":57,"turns":4}],"seed_played":"-3671699952167319404","potions_obtained":[{"floor":9,"key":"SneckoOil"},{"floor":11,"key":"Fire Potion"},{"floor":12,"key":"Ancient Potion"},{"floor":20,"key":"Fire Potion"},{"floor":26,"key":"LiquidBronze"},{"floor":27,"key":"Dexterity Potion"},{"floor":29,"key":"Fire Potion"},{"floor":37,"key":"LifebloodPotion"},{"floor":40,"key":"Fire Potion"},{"floor":42,"key":"Explosive Potion"},{"floor":45,"key":"SteroidPotion"}],"is_trial":false,"path_per_floor":["R","M","?","M","?","M","T","R","M","?","M","E","R","E","M","B",null,"R","M","M","M","M","$","T","?","E","M","T","E","R","?","M","B",null,"R","M","M","M","$","M","T","M","M","R","E","?","R","E","R","B",null,null,"E","$","R","B","B",null],"character_chosen":"SLIMEBOUND","items_purchased":["AT_Kusabimaru","Slimebound:LeadByExample","expansioncontent:DashGenerateEvil","AT_SunfireAegis"],"campfire_rested":0,"item_purchase_floors":[23,23,23,39],"current_hp_per_floor":[47,46,46,51,51,51,51,51,51,59,63,65,65,65,64,65,65,65,65,54,56,56,64,64,64,65,65,65,47,57,57,59,58,75,75,63,63,65,65,73,73,61,59,59,62,57,57,56,56,56,56,75,75,75,75,61,43],"gold":69,"neow_bonus":"ONE_RARE_RELIC","is_daily":false,"chose_seed":false,"campfire_upgraded":7,"win_rate":0.0,"timestamp":1613801239,"path_taken":["R","M","?","?","?","M","T","R","M","?","M","E","R","E","M","BOSS","R","M","M","M","M","$","T","?","E","M","?","E","R","?","M","BOSS","R","M","M","M","$","?","T","M","?","R","E","?","R","E","R","BOSS","E","$","R","BOSS","BOSS"],"items_purchased_type":["Relic","Card","Card","Relic"],"build_version":"2020-12-22","purchased_purges":3,"victory":true,"max_hp_per_floor":[65,65,65,65,65,65,65,65,65,65,65,65,65,65,65,65,65,65,65,65,65,65,65,65,65,65,65,65,65,75,75,75,75,75,75,75,75,75,75,75,75,75,75,75,75,75,75,75,75,75,75,75,75,75,75,75,75],"card_choices":[{"not_picked":["Slimebound:FinishingTackle","Slimebound:Schlurp"],"picked":"Slimebound:PressTheAttack","floor":2},{"not_picked":["Slimebound:ItLooksTasty","Slimebound:ServeAndProtect"],"picked":"Slimebound:SplitLeeching","floor":4},{"not_picked":["Slimebound:DivideAndConquer","Slimebound:Dissolve"],"picked":"Slimebound:SplitLeeching","floor":6},{"not_picked":["Slimebound:SlimeBarrage","Slimebound:SlimeSpikes","Slimebound:HauntingLick"],"picked":"SKIP","floor":9},{"not_picked":["Slimebound:Prepare","Slimebound:SamplingLick"],"picked":"Slimebound:SplitMire","floor":11},{"not_picked":["Slimebound:Overexert","Slimebound:PressTheAttack"],"picked":"Slimebound:SplitBruiser","floor":12},{"not_picked":["Slimebound:FinishingTackle","Slimebound:RollThrough"],"picked":"Slimebound:Overexert","floor":14},{"not_picked":["Slimebound:FlameTackle","Slimebound:LeechingTouch","Slimebound:LeechEnergy"],"picked":"SKIP","floor":15},{"not_picked":["Slimebound:TagTeam","Slimebound:DouseInSlime"],"picked":"Slimebound:Darklings","floor":16},{"not_picked":["Slimebound:ProtectTheBoss","Slimebound:SplitBruiser","Slimebound:SamplingLick"],"picked":"Slimebound:SplitMire+1","floor":20},{"not_picked":["Slimebound:BestDefense","Slimebound:SlimeSpikes+1","Slimebound:Chomp+1"],"picked":"Slimebound:SlimeTap","floor":21},{"not_picked":["Slimebound:Prepare+1","Slimebound:SplitBruiser","Slimebound:SplitMire"],"picked":"Slimebound:ProtectTheBoss","floor":22},{"not_picked":["Slimebound:FormOfPuddle","Slimebound:Schlurp+1","Slimebound:RallyTheTroops"],"picked":"Slimebound:HauntingLick+1","floor":23},{"not_picked":["Slimebound:Equalize+1","Slimebound:Recollect","Slimebound:Teamwork"],"picked":"Slimebound:LevelUp+1","floor":26},{"not_picked":["Slimebound:Prepare","Slimebound:ServeAndProtect+1","Slimebound:SlimeSpikes+1"],"picked":"Slimebound:SplitLeeching","floor":27},{"not_picked":["Slimebound:SplitMire+1","Slimebound:ComboTackle","Slimebound:SlimeSlap"],"picked":"Slimebound:SelfFormingGoo","floor":29},{"not_picked":["Slimebound:SplitMire","Slimebound:LivingWall+1","Slimebound:SplitLeeching"],"picked":"Slimebound:SplitSpecialist+1","floor":32},{"not_picked":["Slimebound:MassFeed","Slimebound:LeechLife","Slimebound:DuplicatedForm"],"picked":"Slimebound:OneTwoCombo","floor":33},{"not_picked":["Slimebound:SplitLeeching","Slimebound:FormOfPuddle","Slimebound:RejuvenatingLick"],"picked":"Slimebound:SplitAcid+1","floor":36},{"not_picked":["Slimebound:SlimeSpikes+1","Slimebound:ComboTackle+1","Slimebound:SplitBruiser"],"picked":"Slimebound:SamplingLick+1","floor":37},{"not_picked":["Slimebound:ItLooksTasty","Slimebound:MegaLick","Slimebound:ServeAndProtect+1"],"picked":"Slimebound:Recollect","floor":38},{"not_picked":["Slimebound:FormOfPuddle+1","Slimebound:DivideAndConquer+1","Slimebound:LeechEnergy"],"picked":"Slimebound:Recollect+1","floor":40},{"not_picked":["Slimebound:FinishingTackle","Slimebound:HauntingLick","Slimebound:FirmFortitude"],"picked":"Slimebound:SplitBruiser","floor":42},{"not_picked":["Slimebound:ProtectTheBoss+1","Slimebound:SlimeSpikes","Slimebound:Chomp+1"],"picked":"Slimebound:HauntingLick+1","floor":43},{"not_picked":["Slimebound:RollThrough","Slimebound:ItLooksTasty+1","Slimebound:GoopSpray+1"],"picked":"Slimebound:PressTheAttack+1","floor":45},{"not_picked":["Slimebound:FinishingTackle","Slimebound:MegaLick+1","Slimebound:ComboTackle+1"],"picked":"Slimebound:SplitLeeching","floor":46},{"not_picked":["Slimebound:FormOfPuddle+1","Slimebound:SlimeSlap","Slimebound:Schlurp+1","Slimebound:GoopTackle"],"picked":"SKIP","floor":48},{"not_picked":["Slimebound:LeechingTouch","Slimebound:TongueLash+1","Slimebound:SamplingLick"],"picked":"Slimebound:SplitAcid","floor":53}],"player_experience":213164,"relics_obtained":[{"floor":2,"key":"LetterFromLob"},{"floor":7,"key":"Du-Vu Doll"},{"floor":12,"key":"PreservedInsect"},{"floor":14,"key":"Replay:Kaleidoscope"},{"floor":26,"key":"Simple Rune"},{"floor":28,"key":"Omamori"},{"floor":29,"key":"Art of War"},{"floor":41,"key":"ReplayTheSpireMod:Lightbulb"},{"floor":45,"key":"Garlic"},{"floor":45,"key":"Smiling Mask"},{"floor":46,"key":"Unceasing Top"},{"floor":48,"key":"Turnip"},{"floor":48,"key":"AT_RabadonDeathcap"},{"floor":53,"key":"Replay:Baseball"},{"floor":53,"key":"HornCleat"}],"event_choices":[{"damage_healed":0,"gold_gain":0,"player_choice":"Fight","damage_taken":0,"max_hp_gain":0,"max_hp_loss":0,"event_name":"Mysterious Sphere","floor":46,"gold_loss":0}],"is_beta":false,"boss_relics":[{"not_picked":["Sozu","ReplayTheSpireMod:DimensionalGlitch"],"picked":"Honey Jar"},{"not_picked":["Empty Cage","Fusion Hammer"],"picked":"Black Star"}],"items_purged_floors":[23,39,54],"is_endless":false,"potions_floor_spawned":[9,11,12,20,26,27,29,37,40,42,45],"ascension_level":2}}