{"host":"qz0goigh82dax5l2","time":1613838658,"event":{"mods":["Act Like it!","Alarm Clock","BaseMod","Energized Spire","Hallownest","Minty Spire (QoL Compilation)","Quick Restart","Reliquary","StSLib","The Blackbeard","¡¾ÒÅÎï¿¨ÅÆ¡¿REMEMod"],"gold_per_floor":[113,45,45,45,56,56,101,101,181,219,219,229,2,39,39,164,164,201,201,276,89,128,128,164,164,215,246,246,280,280,379,379,399,399],"floor_reached":33,"language":"ZHS","playtime":1359,"items_purged":["REME_Flogging"],"score":270,"play_id":"7adf5802-784e-49a6-b551-4b20a82bce83","local_time":"20210221003058","is_ascension_mode":false,"campfire_choices":[{"data":"blackbeard:BuriedTreasure","floor":6,"key":"SMITH"},{"data":"blackbeard:Sword","floor":8,"key":"SMITH"},{"floor":11,"key":"RECALL"},{"data":"blackbeard:Cutlass","floor":15,"key":"SMITH"},{"floor":23,"key":"REST"},{"floor":28,"key":"REST"},{"floor":32,"key":"REST"}],"circlet_count":0,"master_deck":["blackbeard:BlackbeardStrike","blackbeard:BlackbeardStrike","blackbeard:BlackbeardStrike","blackbeard:BlackbeardStrike","blackbeard:IntimidatingStrike","blackbeard:BlackbeardDefend","blackbeard:BlackbeardDefend","blackbeard:BlackbeardDefend","blackbeard:BlackbeardDefend","blackbeard:Cutlass+1","blackbeard:BuriedTreasure+1","blackbeard:PirateEarring+1","blackbeard:Sword+1","blackbeard:GoldenDefense","blackbeard:PowderKeg","blackbeard:BoostMorale","blackbeard:BrownPants","blackbeard:Shrapnel","blackbeard:GoldenStrike","blackbeard:Fencing","blackbeard:PowderKeg","blackbeard:GoldenGuillotine","blackbeard:Fencing","blackbeard:JollyRoger","blackbeard:PirateHook","blackbeard:Recklessness","blackbeard:Sharpening+1","blackbeard:DoubleBottom","Shame","blackbeard:Spear","blackbeard:TacticalRetreat"],"relics":["blackbeard:LoadTheCannons","REME_ComplimentaryCards","NeowsBlessing","MealTicket","Fusion Hammer","REME_PuzzleBoxRelic","reliquary:SharkskinSheath"],"acts_visited":["Exordium","TheCity"],"potions_floor_usage":[7,16,16,24],"damage_taken":[{"damage":0,"enemies":"2 Louse","floor":1,"turns":1},{"damage":0,"enemies":"Small Slimes","floor":5,"turns":1},{"damage":0,"enemies":"Lagavulin","floor":7,"turns":1},{"damage":0,"enemies":"Cultist","floor":10,"turns":2},{"damage":7,"enemies":"3 Louse","floor":12,"turns":2},{"damage":5,"enemies":"Blue Slaver","floor":14,"turns":3},{"damage":73,"enemies":"Hexaghost","floor":16,"turns":14},{"damage":12,"enemies":"Chosen","floor":18,"turns":7},{"damage":30,"enemies":"Shell Parasite","floor":22,"turns":6},{"damage":25,"enemies":"Snecko","floor":24,"turns":6},{"damage":5,"enemies":"Sentry and Sphere","floor":27,"turns":4},{"damage":30,"enemies":"Snake Plant","floor":29,"turns":6},{"damage":53,"enemies":"Collector","floor":33,"turns":5}],"seed_played":"1052139289886300284","potions_obtained":[{"floor":1,"key":"LiquidMemories"},{"floor":7,"key":"Fruit Juice"},{"floor":10,"key":"ColorlessPotion"},{"floor":22,"key":"Block Potion"}],"is_trial":false,"path_per_floor":["M","$","?","?","M","R","E","R","T","M","R","M","$","M","R","B",null,"M","?","?","$","M","R","M","?","T","M","R","M","?","?","R","B"],"character_chosen":"BLACKBEARD_CLASS","items_purchased":["blackbeard:PirateEarring","blackbeard:BrownPants","blackbeard:Shrapnel","blackbeard:GoldenStrike","blackbeard:JollyRoger","blackbeard:PirateHook","blackbeard:Recklessness"],"campfire_rested":3,"item_purchase_floors":[2,13,13,13,21,21,21],"current_hp_per_floor":[75,75,75,75,75,75,80,80,80,80,80,73,80,75,75,2,80,68,53,45,60,30,55,30,30,30,25,50,23,23,23,49,0,0,0],"gold":399,"neow_bonus":"THREE_ENEMY_KILL","is_daily":false,"chose_seed":false,"campfire_upgraded":3,"win_rate":0.0,"timestamp":1613838658,"path_taken":["M","$","?","?","M","R","E","R","T","M","R","M","$","M","R","BOSS","M","?","?","$","?","R","M","?","T","M","R","M","?","?","R","BOSS"],"items_purchased_type":["Card","Card","Card","Card","Card","Card","Card"],"build_version":"2020-12-22","purchased_purges":1,"victory":false,"max_hp_per_floor":[75,75,75,75,75,75,80,80,80,80,80,80,80,80,80,80,80,80,85,85,85,85,85,85,85,85,85,85,88,88,88,88,88,88,88],"card_choices":[{"not_picked":["blackbeard:SmithingHammer","blackbeard:BeatUp"],"picked":"blackbeard:BuriedTreasure","floor":1},{"not_picked":["blackbeard:BeatUp","blackbeard:PirateEarring"],"picked":"blackbeard:Sword","floor":5},{"not_picked":["blackbeard:CloakAndCannonball","blackbeard:FieryDefense"],"picked":"blackbeard:GoldenDefense","floor":7},{"not_picked":["blackbeard:Recklessness","blackbeard:RearmingStrike"],"picked":"blackbeard:PowderKeg","floor":10},{"not_picked":["blackbeard:ArmorUp","blackbeard:Toast"],"picked":"blackbeard:BoostMorale","floor":12},{"not_picked":["blackbeard:GoldenDefense","blackbeard:CloakAndCannonball"],"picked":"blackbeard:Fencing","floor":14},{"not_picked":["blackbeard:Murder","blackbeard:HumongousCannonball"],"picked":"blackbeard:GoldenGuillotine","floor":16},{"not_picked":["blackbeard:GoldenDefense+1","blackbeard:Shrapnel"],"picked":"blackbeard:Fencing","floor":18},{"not_picked":["blackbeard:FishingNets+1","blackbeard:RearmingStrike"],"picked":"blackbeard:Sharpening+1","floor":22},{"not_picked":["blackbeard:GoldenDefense","blackbeard:WoodenLeg"],"picked":"blackbeard:DoubleBottom","floor":24},{"not_picked":["blackbeard:Recklessness","blackbeard:CannonballSupply"],"picked":"blackbeard:Spear","floor":27},{"not_picked":["blackbeard:Spear","blackbeard:GoldenDefense"],"picked":"blackbeard:TacticalRetreat","floor":29}],"player_experience":76270,"relics_obtained":[{"floor":7,"key":"MealTicket"},{"floor":26,"key":"reliquary:SharkskinSheath"}],"event_choices":[{"damage_healed":0,"gold_gain":0,"player_choice":"Grow","damage_taken":0,"max_hp_gain":0,"max_hp_loss":0,"event_name":"Living Wall","floor":3,"gold_loss":0,"cards_upgraded":["blackbeard:PirateEarring"]},{"damage_healed":0,"gold_gain":0,"player_choice":"Ignored","damage_taken":0,"max_hp_gain":0,"max_hp_loss":0,"event_name":"Golden Wing","floor":4,"gold_loss":0},{"damage_healed":0,"gold_gain":0,"player_choice":"Shed Blood","damage_taken":20,"max_hp_gain":5,"max_hp_loss":0,"event_name":"Forgotten Altar","floor":19,"gold_loss":0},{"damage_healed":0,"gold_gain":75,"player_choice":"Touch","damage_taken":8,"max_hp_gain":0,"max_hp_loss":0,"event_name":"FaceTrader","floor":20,"gold_loss":0},{"damage_healed":0,"gold_gain":0,"player_choice":"Stole Relic","damage_taken":0,"relics_obtained":["REME_PuzzleBoxRelic"],"max_hp_gain":0,"max_hp_loss":0,"event_name":"Addict","floor":25,"gold_loss":0,"cards_obtained":["Shame"]},{"damage_healed":0,"gold_gain":0,"player_choice":"Ignored","damage_taken":0,"max_hp_gain":0,"max_hp_loss":0,"event_name":"blackbeard:ShipwreckEvent","floor":30,"gold_loss":0},{"damage_healed":0,"gold_gain":99,"player_choice":"Stole From Cult","damage_taken":0,"max_hp_gain":0,"max_hp_loss":0,"event_name":"Nest","floor":31,"gold_loss":0}],"is_beta":false,"boss_relics":[{"not_picked":["reliquary:Craggleroot","energizedSpire:NeverEndingSparkler"],"picked":"Fusion Hammer"}],"items_purged_floors":[13],"is_endless":false,"potions_floor_spawned":[1,7,10,22],"killed_by":"Collector","ascension_level":0}}