{"host":"91blwi3hgehj6ch9","time":1613779682,"event":{"mods":["2.2 Compatiblity","AchievementEnabler","BaseMod","Colored Map","DeckTracker","Keyboard Shortcuts","Minty Spire (QoL Compilation)","Permanent Neow","Relic Stats","StSLib","SuperFastMode","everything is the same but u backflip on backflip"],"gold_per_floor":[110,123,134,147,166,166,201,229,305,64,64,64,108,131,131,217,217,245,233,84,84,98,133,113,131,131,170,193,219,49,66,66,148,148,158,208,237,237,112,112,151,151,202,202,202],"floor_reached":44,"language":"KOR","playtime":2231,"items_purged":["Strike_G","Strike_G","Strike_G"],"score":1084,"play_id":"46ca4a31-b853-4290-a7a4-9f93422359e4","local_time":"20210220090802","is_ascension_mode":true,"campfire_choices":[{"data":"Glass Knife","floor":6.0,"key":"SMITH"},{"floor":12.0,"key":"REST"},{"data":"Prepared","floor":15.0,"key":"SMITH"},{"floor":32.0,"key":"REST"},{"floor":40.0,"key":"REST"},{"data":"Acrobatics","floor":42.0,"key":"SMITH"}],"circlet_count":0,"master_deck":["AscendersBane","Strike_G","Strike_G","Defend_G","Defend_G","Defend_G","Defend_G","Defend_G","Survivor","Neutralize","Underhanded Strike","Well Laid Plans+1","PiercingWail","Glass Knife+1","Prepared+1","Masterful Stab","Dagger Throw","Acrobatics","Blur","After Image","Reflex","Underhanded Strike","Adrenaline+1","Concentrate+1","Corpse Explosion","Grand Finale","Noxious Fumes","Footwork","Malaise","Leg Sweep","Acrobatics+1"],"relics":["Ring of the Snake","Bag of Preparation","CeramicFish","Shuriken","PreservedInsect","Meat on the Bone","HoveringKite","Orrery","Unceasing Top","WingedGreaves","Bronze Scales","SacredBark","StrikeDummy"],"acts_visited":["Exordium","TheCity","TheBeyond"],"potions_floor_usage":[44],"damage_taken":[{"damage":1.0,"enemies":"Cultist","floor":1.0,"turns":4.0},{"damage":2.0,"enemies":"2 Louse","floor":2.0,"turns":3.0},{"damage":0.0,"enemies":"Small Slimes","floor":3.0,"turns":5.0},{"damage":6.0,"enemies":"Blue Slaver","floor":4.0,"turns":7.0},{"damage":0.0,"enemies":"Gremlin Gang","floor":5.0,"turns":7.0},{"damage":39.0,"enemies":"3 Sentries","floor":7.0,"turns":12.0},{"damage":0.0,"enemies":"Looter","floor":8.0,"turns":1.0},{"damage":0.0,"enemies":"Gremlin Nob","floor":13.0,"turns":2.0},{"damage":0.0,"enemies":"Exordium Thugs","floor":14.0,"turns":3.0},{"damage":7.0,"enemies":"Hexaghost","floor":16.0,"turns":8.0},{"damage":16.0,"enemies":"Spheric Guardian","floor":18.0,"turns":4.0},{"damage":0.0,"enemies":"2 Thieves","floor":19.0,"turns":4.0},{"damage":0.0,"enemies":"Centurion and Healer","floor":22.0,"turns":4.0},{"damage":1.0,"enemies":"Gremlin Leader","floor":23.0,"turns":6.0},{"damage":1.0,"enemies":"Snake Plant","floor":25.0,"turns":3.0},{"damage":0.0,"enemies":"Book of Stabbing","floor":27.0,"turns":3.0},{"damage":0.0,"enemies":"3 Cultists","floor":28.0,"turns":3.0},{"damage":51.0,"enemies":"Snecko","floor":29.0,"turns":6.0},{"damage":10.0,"enemies":"Snake Plant","floor":31.0,"turns":4.0},{"damage":30.0,"enemies":"Automaton","floor":33.0,"turns":7.0},{"damage":3.0,"enemies":"3 Darklings","floor":35.0,"turns":2.0},{"damage":11.0,"enemies":"3 Shapes","floor":37.0,"turns":4.0},{"damage":65.0,"enemies":"Giant Head","floor":41.0,"turns":8.0},{"damage":25,"enemies":"Transient","floor":44,"turns":5}],"seed_played":"-2645135078994128434","potions_obtained":[{"floor":1.0,"key":"Block Potion"},{"floor":3.0,"key":"EssenceOfSteel"},{"floor":7.0,"key":"ColorlessPotion"},{"floor":14.0,"key":"CunningPotion"},{"floor":16.0,"key":"Energy Potion"},{"floor":23.0,"key":"PowerPotion"},{"floor":24.0,"key":"FairyPotion"},{"floor":27.0,"key":"Dexterity Potion"},{"floor":31.0,"key":"CultistPotion"}],"is_trial":false,"path_per_floor":["M","M","M","M","M","R","E","M","T","$","?","R","E","M","R","B",null,"M","M","$","?","M","E","?","M","T","E","M","M","$","M","R","B",null,"M","?","M","?","$","R","E","R","T","M"],"character_chosen":"THE_SILENT","items_purchased":["PreservedInsect","Orrery","Footwork"],"campfire_rested":3,"item_purchase_floors":[10,20,30],"current_hp_per_floor":[58,56,56,50,50,50,11,11,11,11,11,30,30,42,42,35,58,42,42,42,24,36,47,47,46,46,46,46,33,33,35,56,38,63,60,60,49,49,49,70,17,17,17,0,0],"gold":202,"neow_bonus":"RANDOM_COMMON_RELIC","is_daily":false,"chose_seed":false,"campfire_upgraded":3,"win_rate":0.0,"timestamp":1613779682,"path_taken":["M","?","M","M","M","R","E","M","T","$","?","R","E","M","R","BOSS","M","?","$","?","M","E","?","?","T","E","M","M","$","?","R","BOSS","M","?","?","?","?","R","E","R","T","M"],"items_purchased_type":["Relic","Relic","Card"],"build_version":"2020-12-22","purchased_purges":3,"victory":false,"max_hp_per_floor":[66,66,66,66,66,66,66,66,66,66,66,66,66,66,66,66,66,66,66,66,71,71,71,71,71,71,71,71,71,71,71,71,71,71,71,71,71,71,71,71,71,71,71,71,71],"relic_stats":{"counters":[24,115],"Shuriken":[41],"CeramicFish":144,"Bronze Scales":[99],"HoveringKite":[45],"PreservedInsect":244,"Bag of Preparation":[48],"obtain_stats":[{"CeramicFish":7,"SacredBark":34,"HoveringKite":17,"PreservedInsect":10,"Bag of Preparation":0,"Shuriken":9,"Bronze Scales":27,"Orrery":20,"WingedGreaves":26,"StrikeDummy":41,"Unceasing Top":23,"Ring of the Snake":0,"Meat on the Bone":13},{"CeramicFish":6,"SacredBark":20,"HoveringKite":10,"PreservedInsect":7,"Bag of Preparation":0,"Shuriken":7,"Bronze Scales":16,"Orrery":12,"WingedGreaves":15,"StrikeDummy":23,"Unceasing Top":14,"Ring of the Snake":0,"Meat on the Bone":8},{"CeramicFish":38,"SacredBark":96,"HoveringKite":52,"PreservedInsect":39,"Bag of Preparation":0,"Shuriken":39,"Bronze Scales":76,"Orrery":60,"WingedGreaves":73,"StrikeDummy":110,"Unceasing Top":70,"Ring of the Snake":0,"Meat on the Bone":41}],"Unceasing Top":[29],"Ring of the Snake":[48],"Meat on the Bone":84},"card_choices":[{"not_picked":["Concentrate","Dodge and Roll","Underhanded Strike"],"picked":"SKIP","floor":1.0},{"not_picked":["Concentrate","Dodge and Roll"],"picked":"Underhanded Strike","floor":1.0},{"not_picked":["Backflip","Flying Knee"],"picked":"Well Laid Plans","floor":2.0},{"not_picked":["Bane","Flying Knee"],"picked":"PiercingWail","floor":3.0},{"not_picked":["Endless Agony","Underhanded Strike"],"picked":"Glass Knife","floor":4.0},{"not_picked":["Flying Knee","Distraction"],"picked":"Prepared","floor":5.0},{"not_picked":["Cloak And Dagger","PiercingWail"],"picked":"Masterful Stab","floor":7.0},{"not_picked":["Blade Dance","Underhanded Strike"],"picked":"Dagger Throw","floor":8.0},{"not_picked":["Escape Plan","Poisoned Stab"],"picked":"Acrobatics","floor":13.0},{"not_picked":["Slice","Dagger Spray"],"picked":"Blur","floor":14.0},{"not_picked":["Die Die Die","Corpse Explosion"],"picked":"After Image","floor":16.0},{"not_picked":["Outmaneuver","Underhanded Strike"],"picked":"Reflex","floor":18.0},{"not_picked":["Acrobatics","Well Laid Plans"],"picked":"Underhanded Strike","floor":19.0},{"not_picked":["Blade Dance","PiercingWail"],"picked":"Adrenaline","floor":20.0},{"not_picked":["Dagger Spray","Envenom"],"picked":"Concentrate+1","floor":20.0},{"not_picked":["Poisoned Stab+1","Cloak And Dagger","Deflect"],"picked":"SKIP","floor":22.0},{"not_picked":["Well Laid Plans+1","Expertise+1","Glass Knife"],"picked":"SKIP","floor":23.0},{"not_picked":["Finisher","Prepared","Deadly Poison+1"],"picked":"SKIP","floor":25.0},{"not_picked":["Deadly Poison","Dash"],"picked":"Corpse Explosion","floor":27.0},{"not_picked":["Underhanded Strike","Sucker Punch"],"picked":"Grand Finale","floor":28.0},{"not_picked":["Infinite Blades","Noxious Fumes","Sucker Punch"],"picked":"SKIP","floor":29.0},{"not_picked":["Infinite Blades","Sucker Punch"],"picked":"Noxious Fumes","floor":29.0},{"not_picked":["Dagger Throw+1","Underhanded Strike","Flying Knee+1"],"picked":"SKIP","floor":31.0},{"not_picked":["Storm of Steel","Glass Knife"],"picked":"Malaise","floor":33.0},{"not_picked":["Outmaneuver+1","Deadly Poison+1","Underhanded Strike"],"picked":"SKIP","floor":35.0},{"not_picked":["Dagger Throw+1","Flying Knee"],"picked":"Leg Sweep","floor":37.0},{"not_picked":["Leg Sweep","Catalyst"],"picked":"Acrobatics","floor":41.0}],"player_experience":287937,"relics_obtained":[{"floor":7.0,"key":"CeramicFish"},{"floor":9.0,"key":"Shuriken"},{"floor":13.0,"key":"Meat on the Bone"},{"floor":23.0,"key":"Unceasing Top"},{"floor":26.0,"key":"WingedGreaves"},{"floor":27.0,"key":"Bronze Scales"},{"floor":41.0,"key":"StrikeDummy"}],"event_choices":[{"damage_healed":0.0,"max_hp_gain":0.0,"max_hp_loss":0.0,"gold_gain":0.0,"event_name":"Accursed Blacksmith","player_choice":"Forge","floor":11.0,"gold_loss":0.0,"damage_taken":0.0,"cards_upgraded":["Well Laid Plans"]},{"damage_healed":0.0,"max_hp_gain":5.0,"max_hp_loss":0.0,"gold_gain":0.0,"event_name":"Forgotten Altar","player_choice":"Shed Blood","floor":21.0,"gold_loss":0.0,"damage_taken":23.0},{"damage_healed":0.0,"max_hp_gain":0.0,"max_hp_loss":0.0,"gold_gain":0.0,"event_name":"The Woman in Blue","player_choice":"Bought 1 Potion","floor":24.0,"gold_loss":0.0,"damage_taken":0.0},{"damage_healed":0.0,"max_hp_gain":0.0,"max_hp_loss":0.0,"gold_gain":50.0,"event_name":"Golden Shrine","player_choice":"Pray","floor":36.0,"gold_loss":0.0,"damage_taken":0.0},{"damage_healed":0.0,"max_hp_gain":0.0,"max_hp_loss":0.0,"gold_gain":0.0,"event_name":"Upgrade Shrine","player_choice":"Upgraded","floor":38.0,"gold_loss":0.0,"damage_taken":0.0,"cards_upgraded":["Adrenaline"]}],"is_beta":false,"boss_relics":[{"not_picked":["Runic Dome","Black Star"],"picked":"HoveringKite"},{"not_picked":["Fusion Hammer","WristBlade"],"picked":"SacredBark"}],"items_purged_floors":[10,30,39],"is_endless":false,"potions_floor_spawned":[1,3,7,14,16,23,27,28,31,33,37],"killed_by":"Transient","ascension_level":20}}