{"host":"ll3bk5uyh699087h","time":1613856554,"event":{"mods":["2.2 Compatiblity","AchievementEnabler","Act Like it!","Ascension Unlocker","Aspiration","BaseMod","Block Reminder","Card Forge","Colored Map","Colored Powertips","Conspire","Dark Map","Energized Spire","GifTheSpireLib","Hubris","Infinite Spire","Marked Mod","Minty Spire (QoL Compilation)","Practice Mode","Rare Cards Sparkle","Reliquary","Remove Card Discount Mod","Replay The Spire","Shop Mod","Spicy Shops","StSLib","Stuff the Spire","The Accelerator","Uncapped"],"gold_per_floor":[119,99,115,133,143,133,143,143,143,163,163,179,113,127,127,230,280,297,308,437,437,437,437],"floor_reached":22,"language":"ENG","playtime":2001,"items_purged":["Strike_P","Strike_P","Strike_P","Defend_P","Defend_P","Injury","Eruption","MarkedMod:FirstStrike","Defend_P","Doubt"],"score":180,"play_id":"da25c3c3-f69b-4fb1-820c-f2a7a622699c","local_time":"20210220162914","is_ascension_mode":false,"campfire_choices":[{"floor":8,"key":"REST"},{"floor":11,"key":"REST"},{"data":"MarkedMod:GentlePulse","floor":15,"key":"SMITH"}],"circlet_count":0,"master_deck":["Strike_P","Defend_P+1","Vigilance","PathToVictory","MarkedMod:Acupuncture","MarkedMod:GentlePulse+1","EmptyBody","MarkedMod:Acupuncture","MarkedMod:ChiBlock","Study+1","MarkedMod:OneThousandNeedles","ThirdEye","StuffTheSpire:Innocence"],"relics":["PureWater","Hammer of Thor","Seething Fire","Anvil of the Gods","NeowsBlessing","StuffTheSpire:BottledEssence","Tiny House","Dream Catcher","Damaru"],"acts_visited":["Exordium","TheCity"],"potions_floor_usage":[14,16,16,18,22],"damage_taken":[{"damage":0,"enemies":"2 Louse","floor":1,"turns":1},{"damage":2,"enemies":"conspire:RoseBush","floor":3,"turns":1},{"damage":0,"enemies":"Cultist","floor":4,"turns":1},{"damage":33,"enemies":"Gremlin Gang","floor":5,"turns":7},{"damage":13,"enemies":"Exordium Thugs","floor":7,"turns":4},{"damage":0,"enemies":"Exordium Wildlife","floor":10,"turns":4},{"damage":1,"enemies":"2 Fungi Beasts","floor":12,"turns":3},{"damage":17,"enemies":"Large Slime","floor":14,"turns":8},{"damage":30,"enemies":"Hexaghost","floor":16,"turns":8},{"damage":13,"enemies":"3 Byrds","floor":18,"turns":5},{"damage":41,"enemies":"2 Thieves","floor":19,"turns":5},{"damage":27,"enemies":"3 Cultists","floor":22,"turns":5}],"seed_played":"4211192380487478066","potions_obtained":[{"floor":2,"key":"Ancient Potion"},{"floor":4,"key":"Reflective Coating"},{"floor":10,"key":"infinitespire:BlackPotion"},{"floor":12,"key":"MarkedMod:BlackLotusJuice"},{"floor":17,"key":"SkillPotion"},{"floor":18,"key":"Energy Potion"}],"is_trial":false,"path_per_floor":["M","?","M","M","M","$","M","R","T","M","R","M","$","M","R","B",null,"M","M","$","?","M"],"character_chosen":"WATCHER","items_purchased":["StuffTheSpire:BottledEssence","MarkedMod:OneThousandNeedles","Dream Catcher","Damaru","ThirdEye"],"campfire_rested":2,"item_purchase_floors":[13,20,20,20,20],"current_hp_per_floor":[72,72,70,70,37,37,24,45,45,45,66,65,65,48,48,18,77,64,23,23,23,0,0],"gold":437,"neow_bonus":"THREE_ENEMY_KILL","is_daily":false,"chose_seed":false,"campfire_upgraded":1,"win_rate":0.0,"timestamp":1613856554,"path_taken":["M","?","?","?","M","$","?","R","T","M","R","M","?","M","R","BOSS","M","M","$","?","M"],"items_purchased_type":["Relic","Card","Relic","Relic","Card"],"build_version":"2020-12-22","purchased_purges":10,"victory":false,"max_hp_per_floor":[72,72,72,72,72,72,72,72,72,72,72,72,72,72,72,72,77,77,77,77,77,77,77],"card_choices":[{"not_picked":["EmptyFist","Study"],"picked":"PathToVictory","floor":1},{"not_picked":["Weave","Replay:Vibes"],"picked":"MarkedMod:Acupuncture","floor":3},{"not_picked":["SignatureMove","CutThroughFate"],"picked":"MarkedMod:FirstStrike","floor":4},{"not_picked":["EmptyMind","SashWhip"],"picked":"MarkedMod:GentlePulse","floor":5},{"not_picked":["Crescendo","Replay:DivineShield"],"picked":"EmptyBody","floor":7},{"not_picked":["FlyingSleeves","Replay:Battleflow","Conclude"],"picked":"SKIP","floor":10},{"not_picked":["Swivel","FlyingSleeves"],"picked":"MarkedMod:Acupuncture","floor":12},{"not_picked":["ReachHeaven","Halt","Replay:AtTheReady"],"picked":"SKIP","floor":14},{"not_picked":["Omniscience","Replay:AllIn"],"picked":"MarkedMod:ChiBlock","floor":16},{"not_picked":["Replay:Vibes+1","Replay:Cycle","Sanctity"],"picked":"SKIP","floor":18},{"not_picked":["SashWhip+1","WreathOfFlame"],"picked":"Study+1","floor":19},{"not_picked":["StuffTheSpire:Brawn","StuffTheSpire:Rapture"],"picked":"StuffTheSpire:Innocence","floor":21}],"player_experience":33266,"relics_obtained":[{"floor":9,"key":"Bag of Marbles"}],"event_choices":[{"damage_healed":0,"gold_gain":0,"player_choice":"Bought 1 Potion","damage_taken":0,"max_hp_gain":0,"max_hp_loss":0,"event_name":"The Woman in Blue","floor":2,"gold_loss":0}],"is_beta":false,"boss_relics":[{"not_picked":["energizedSpire:RedRose","StuffTheSpire:ModemDavis"],"picked":"Tiny House"}],"items_purged_floors":[6,6,6,6,6,13,13,20,20,20],"is_endless":false,"potions_floor_spawned":[4,10,12,14,18],"killed_by":"3 Cultists","ascension_level":0}}