{"host":"t81nzcd9m7brb0qe","time":1613827329,"event":{"mods":["2.2 Compatiblity","BaseMod","Colored Map","Dark Map","Downfall","Highlight Path","Minty Spire (QoL Compilation)","StSLib"],"gold_per_floor":[99,99,125,300,300,300,345,445,445,445,471,483,483,517,533,533,533,533],"floor_reached":16,"language":"ENG","playtime":1261,"items_purged":[],"score":104,"play_id":"740c4955-d517-439b-b31b-4625c54ddb34","local_time":"20210220052209","is_ascension_mode":false,"campfire_choices":[{"data":"sneckomod:SnekBite","floor":1,"key":"SMITH"},{"data":"sneckomod:UnknownClassRED","floor":9,"key":"SMITH"},{"floor":13,"key":"REST"}],"circlet_count":0,"master_deck":["sneckomod:Strike","sneckomod:Strike","sneckomod:Strike","sneckomod:Defend","sneckomod:Defend","sneckomod:Defend","sneckomod:TailWhip","sneckomod:SnekBite+1","sneckomod:Unknown","sneckomod:Unknown","Doubt","sneckomod:UnknownClassRED+1","sneckomod:UnknownWeak","sneckomod:UnknownColorless","sneckomod:UnknownStrike","sneckomod:TrashToTreasure","sneckomod:UnknownCommonSkill","sneckomod:UnknownDexterity"],"relics":["sneckomod:SneckoSoul","downfall:HeartsMalice","bronze:DecasWashers","hexamod:BolsterEngine","Ancient Tea Set","Omamori","Lantern"],"acts_visited":["Exordium"],"potions_floor_usage":[],"damage_taken":[{"damage":0,"enemies":"Jaw Worm","floor":5,"turns":1},{"damage":0,"enemies":"Small Slimes","floor":6,"turns":1},{"damage":0,"enemies":"Cultist","floor":10,"turns":1},{"damage":52,"enemies":"Gremlin Nob","floor":11,"turns":6},{"damage":28,"enemies":"Exordium Thugs","floor":12,"turns":6},{"damage":13,"enemies":"3 Sentries","floor":14,"turns":7},{"damage":8,"enemies":"3 Louse","floor":15,"turns":3},{"damage":14,"enemies":"IC_STATUS_ARCHETYPE","floor":16,"turns":2}],"seed_played":"-2333316468038109687","potions_obtained":[{"floor":11,"key":"Weak Potion"},{"floor":12,"key":"champ:CounterPotion"},{"floor":15,"key":"DuplicationPotion"}],"is_trial":false,"path_per_floor":["R","?","T","?","M","M","T","?","R","M","E","M","R","E","M","B"],"character_chosen":"THE_SNECKO","items_purchased":[],"campfire_rested":1,"item_purchase_floors":[],"current_hp_per_floor":[90,87,87,87,87,87,87,87,87,87,35,7,34,21,13,0,0,0],"gold":533,"neow_bonus":"THREE_ENEMY_KILL","is_daily":false,"chose_seed":false,"campfire_upgraded":2,"win_rate":0.0,"timestamp":1613827329,"path_taken":["R","?","?","?","M","M","T","?","R","M","E","?","R","E","M","BOSS"],"items_purchased_type":[],"build_version":"2020-12-22","purchased_purges":0,"victory":false,"max_hp_per_floor":[90,90,90,90,90,90,90,90,90,90,90,90,90,90,90,90,90,90],"card_choices":[{"not_picked":["sneckomod:UnknownCommonSkill","sneckomod:UnknownExhaust"],"picked":"sneckomod:UnknownClassRED","floor":5},{"not_picked":["sneckomod:Unknown0Cost","sneckomod:SoulCleanse"],"picked":"sneckomod:UnknownWeak","floor":6},{"not_picked":["sneckomod:UnknownClassHEXA_GHOST_PURPLE","sneckomod:UnknownDraw"],"picked":"sneckomod:UnknownColorless","floor":10},{"not_picked":["sneckomod:UnknownClassGUARDIAN","sneckomod:UnknownDraw"],"picked":"sneckomod:UnknownStrike","floor":11},{"not_picked":["sneckomod:UnknownClassGUARDIAN","sneckomod:UnknownClassGREEN"],"picked":"sneckomod:TrashToTreasure","floor":12},{"not_picked":["sneckomod:UnknownClassSLIMEBOUND","sneckomod:Memorize"],"picked":"sneckomod:UnknownCommonSkill","floor":14},{"not_picked":["sneckomod:UnknownColorless","sneckomod:ImprovisedAttack"],"picked":"sneckomod:UnknownDexterity","floor":15}],"player_experience":152025,"relics_obtained":[{"floor":3,"key":"hexamod:BolsterEngine"},{"floor":7,"key":"Ancient Tea Set"},{"floor":11,"key":"Omamori"},{"floor":14,"key":"Lantern"}],"event_choices":[{"damage_healed":0,"gold_gain":0,"player_choice":"Success","damage_taken":3,"relics_obtained":["bronze:DecasWashers"],"max_hp_gain":0,"max_hp_loss":0,"event_name":"Scrap Ooze","floor":2,"gold_loss":0}],"is_beta":false,"boss_relics":[],"items_purged_floors":[],"is_endless":false,"potions_floor_spawned":[11,12,15],"killed_by":"IC_STATUS_ARCHETYPE","ascension_level":0}}