{"host":"qswkx8hggytna0kc","time":1613830215,"event":{"mods":["Aspiration","BaseMod","BetterRewards","Colored Map","Colored Powertips","Highlight Path","Hubris","Mimic Mod","Minty Spire (QoL Compilation)","MostiFishMod","Quick Restart","Replay The Spire","StSLib","SuperFastMode"],"gold_per_floor":[118,118,43,62,62,92,104,118,190,222,256,285,185,214,214,291,291,310,321,332,257,257,257,288,288,315,340,28,47,64,64,64,64,64,84,103,115,130,130,165,165,196,222,250,291,313,356,379,391,403,415,427,439,601,627,627,627],"floor_reached":56,"language":"ZHS","playtime":4910,"items_purged":["Pain","Strike_B","Strike_B","Strike_B"],"score":3474,"play_id":"bbbbf093-e636-4d86-9109-6dc7abf69cad","local_time":"20210220221015","is_ascension_mode":true,"campfire_choices":[{"data":"Machine Learning","floor":15.0,"key":"SMITH"},{"data":"Zap","floor":23.0,"key":"SMITH"},{"floor":25.0,"key":"REST"},{"floor":32.0,"key":"RECALL"},{"data":"Recycle","floor":41,"key":"SMITH"},{"data":"ForeignInfluence","floor":49,"key":"SMITH"},{"data":"Loop","floor":53,"key":"SMITH"}],"circlet_count":0,"master_deck":["AscendersBane","Defend_B","Defend_B","Defend_B","Defend_B","Zap+1","Dualcast","MostiFishMod:Neptune","MostiFishMod:TheEndOfMoonlight","MostiFishMod:SparklingWater","MostiFishMod:FantasySummer","MostiFishMod:NightSea","ReplayGash","Steam Power","FTL","Sweeping Beam","Beam Cell","Machine Learning+1","FollowUp","Turbo","Steam","Reboot","Gash","Gash+1","Beam Cell","Sweeping Beam+1","Go for the Eyes","MostiFishMod:Awakening+1","Sunder","Panic Button+1","Recycle+1","Turbo","Parasite","Go for the Eyes","Beam Cell","ForeignInfluence+1","Beam Cell","Panic Button+1","Turbo","Go for the Eyes+1","Aggregate+1","Gash+1","Loop+1","Beam Cell","FTL","ReplayTheSpireMod:Reroute Power","Heatsinks","Madness","Panache","Skim+1"],"relics":["Cracked Core","DaveBox","MoonlightInvasionPlan","aspiration:Nostalgia","Replay:M_SmolderingBlood","SynthV:TestCard","WarpedTongs","aspiration:Lifesprig","Toy Ornithopter","hubris:BallOfYels","hubris:ToyBattleship","Unceasing Top","ChewingGum","MutagenicStrength","Carrot","ReplayFunnel","Bottled Tornado","hubris:Backtick","DianPoetry","Prayer Wheel","aspiration:ChemicalBlood","Question Card","MawBank","MealTicket","ReplayTheSpireMod:Shallot","hubris:NiceRug","Blue Doll","Replay:Rubber Ducky","Centennial Puzzle"],"acts_visited":["Exordium","TheCity","TheBeyond","TheEnding"],"potions_floor_usage":[45,46,50,50,56,56,56],"damage_taken":[{"damage":0.0,"enemies":"2 Louse","floor":1.0,"turns":1.0},{"damage":0.0,"enemies":"Cultist","floor":4.0,"turns":2.0},{"damage":0.0,"enemies":"Lagavulin","floor":6.0,"turns":4.0},{"damage":0.0,"enemies":"Jaw Worm","floor":7.0,"turns":1.0},{"damage":14.0,"enemies":"Lots of Slimes","floor":8.0,"turns":4.0},{"damage":5.0,"enemies":"Gremlin Nob","floor":10.0,"turns":2.0},{"damage":0.0,"enemies":"2 Fungi Beasts","floor":11.0,"turns":3.0},{"damage":0.0,"enemies":"Replay:BlueRogue","floor":12.0,"turns":1.0},{"damage":0.0,"enemies":"Gremlin Nob","floor":14.0,"turns":2.0},{"damage":21.0,"enemies":"The Guardian","floor":16.0,"turns":6.0},{"damage":0.0,"enemies":"3 Byrds","floor":18.0,"turns":2.0},{"damage":18.0,"enemies":"2 Thieves","floor":19.0,"turns":4.0},{"damage":5.0,"enemies":"Snake Plant","floor":20.0,"turns":2.0},{"damage":23.0,"enemies":"Book of Stabbing","floor":24.0,"turns":4.0},{"damage":0.0,"enemies":"Replay:Snechameleon","floor":27.0,"turns":1.0},{"damage":19.0,"enemies":"Centurion and Healer","floor":29.0,"turns":2.0},{"damage":5.0,"enemies":"Shelled Parasite and Fungi","floor":30.0,"turns":2.0},{"damage":5.0,"enemies":"Pondfish","floor":33.0,"turns":4.0},{"damage":17.0,"enemies":"3 Shapes","floor":35.0,"turns":2.0},{"damage":0.0,"enemies":"3 Darklings","floor":36.0,"turns":3.0},{"damage":0.0,"enemies":"Writhing Mass","floor":37.0,"turns":4.0},{"damage":0.0,"enemies":"Transient","floor":38.0,"turns":6.0},{"damage":5,"enemies":"R_Hoarder","floor":40,"turns":6},{"damage":0,"enemies":"Giant Head","floor":42,"turns":5},{"damage":0,"enemies":"Sphere and 2 Shapes","floor":44,"turns":2},{"damage":5,"enemies":"Nemesis","floor":45,"turns":7},{"damage":9,"enemies":"4 Shapes","floor":46,"turns":6},{"damage":5,"enemies":"R_Hoarder","floor":47,"turns":3},{"damage":0,"enemies":"Jaw Worm Horde","floor":48,"turns":1},{"damage":0,"enemies":"Time Eater","floor":50,"turns":9},{"damage":1,"enemies":"Awakened One","floor":51,"turns":10},{"damage":5,"enemies":"hubris:Merchant","floor":54,"turns":7},{"damage":0,"enemies":"Shield and Spear","floor":55,"turns":3},{"damage":99,"enemies":"The Heart","floor":56,"turns":3}],"seed_played":"1734813069683928156","potions_obtained":[{"floor":1.0,"key":"Venom Potion"},{"floor":4.0,"key":"DuplicationPotion"},{"floor":10.0,"key":"SkillPotion"},{"floor":12.0,"key":"DuplicationPotion"},{"floor":20.0,"key":"Fire Potion"},{"floor":35.0,"key":"Block Potion"},{"floor":38.0,"key":"SpeedPotion"},{"floor":45,"key":"Flashbang"},{"floor":47,"key":"FearPotion"},{"floor":56,"key":"Energy Potion"}],"is_trial":false,"path_per_floor":["M","?","$","M","$","E","M","M","T","E","MIM","E","$","E","R","B",null,"M","M","M","?","?","R","E","R","T","E","$","M","M","?","R_BF","B",null,"M","M","M","M","?","E","R","E","T","M","E","M","E","M","R","B","B",null,"R","$","E","B"],"character_chosen":"DEFECT","items_purchased":["MostiFishMod:Awakening"],"campfire_rested":1,"item_purchase_floors":[28],"current_hp_per_floor":[64,64,64,64,64,64,64,50,50,45,50,50,50,50,50,29,61,61,43,38,38,38,38,20,41,41,41,41,22,17,13,13,13,57,40,40,40,40,40,35,35,35,35,35,35,31,26,26,26,36,35,62,62,66,66,0,0],"gold":627,"neow_bonus":"NOSTALGIA","is_daily":false,"chose_seed":false,"campfire_upgraded":5,"win_rate":0.0,"timestamp":1613830215,"path_taken":["M","?","?","M","$","E","M","M","T","E","?","E","$","E","R","BOSS","M","M","M","?","?","R","E","R","T","E","?","M","?","?","R_BF","BOSS","M","M","M","M","?","E","R","E","T","M","E","M","E","M","R","BOSS","BOSS","R","$","E","BOSS"],"items_purchased_type":["Card"],"build_version":"2020-12-22","purchased_purges":4,"victory":false,"max_hp_per_floor":[71,71,71,71,71,71,71,71,71,71,71,71,71,71,71,71,71,71,71,71,71,71,71,71,71,71,71,71,71,71,71,71,71,71,71,71,71,71,71,71,71,71,71,71,71,71,71,71,71,71,71,71,71,71,71,71,71],"card_choices":[{"not_picked":["Capacitor","ReplayTheSpireMod:System Scan"],"picked":"ReplayGash","floor":1.0},{"not_picked":["Barrage","MostiFishMod:GatherIntelligence","Chaos","CrushJoints"],"picked":"Steam Power","floor":4.0},{"not_picked":["ReplayTheSpireMod:GoodbyeWorld","MostiFishMod:ActiveDefenseSystem","Clash","ReplayRNGCard"],"picked":"FTL","floor":6.0},{"not_picked":["Crescendo","Steam","MostiFishMod:PushDownKick","Coolheaded"],"picked":"Sweeping Beam","floor":7.0},{"not_picked":["MostiFishMod:PushDownKick","MostiFishMod:GatherIntelligence","BootSequence","CrushJoints"],"picked":"Beam Cell","floor":8.0},{"not_picked":["Storm","EmptyFist","ReplayTheSpireMod:Calculation Training","Echo Form"],"picked":"Machine Learning","floor":10.0},{"not_picked":["MostiFishMod:FluxCapactior","Sweeping Beam","CrushJoints","Hologram"],"picked":"FollowUp","floor":11.0},{"not_picked":["Beam Cell","Redo","FollowUp","Streamline"],"picked":"Turbo","floor":12.0},{"not_picked":["Doom and Gloom","Buffer","Core Surge","Crescendo"],"picked":"Steam","floor":14.0},{"not_picked":["MostiFishMod:ActiveDefenseSystem","MostiFishMod:DawningShadow","Reaper","MostiFishMod:DeathFromBelow"],"picked":"Reboot","floor":16.0},{"not_picked":["Beam Cell","Redo","Leap","MostiFishMod:PushDownKick+1"],"picked":"Gash","floor":18.0},{"not_picked":["MostiFishMod:Prepare","Time Bomb+1","Sweeping Beam","BasicCrystalCard"],"picked":"Gash+1","floor":19.0},{"not_picked":["Streamline","Glacier","BasicCrystalCard","Melter"],"picked":"Beam Cell","floor":20.0},{"not_picked":["Compile Driver","Turbo+1","Ball Lightning","Force Field"],"picked":"Sweeping Beam+1","floor":24.0},{"not_picked":["ReplayTheSpireMod:Reroute Power","Turbo","Rebound","MostiFishMod:DawningShadow"],"picked":"Go for the Eyes","floor":27.0},{"not_picked":["Streamline","Sweeping Beam","Conserve Battery","Stack"],"picked":"Sunder","floor":29.0},{"not_picked":["Ball Lightning","Go for the Eyes","Redo","Hologram"],"picked":"Panic Button+1","floor":30.0},{"not_picked":["Panic Button","Auto Shields","Undo+1","aspiration:Polymerization+1"],"picked":"Recycle","floor":35.0},{"not_picked":["BasicCrystalCard","Storm","Steam","Conserve Battery"],"picked":"Turbo","floor":36.0},{"not_picked":["Leap","Time Bomb","Lockon","Fusion+1"],"picked":"Go for the Eyes","floor":37.0},{"not_picked":["Cold Snap+1","Ball Lightning","Go for the Eyes","Streamline"],"picked":"Beam Cell","floor":38.0},{"not_picked":["Rainbow","Sweeping Beam","Coolheaded+1","Doom and Gloom+1"],"picked":"ForeignInfluence","floor":40},{"not_picked":["Crystallizer","FollowUp","MostiFishMod:Prepare","Static Discharge"],"picked":"Beam Cell","floor":42},{"not_picked":["Redo","Double Energy","Stack+1","Conserve Battery+1","BowlingBash"],"picked":"Panic Button+1","floor":44},{"not_picked":["Compile Driver+1","Redo","Hello World","FollowUp","MostiFishMod:GatherIntelligence"],"picked":"Turbo","floor":44},{"not_picked":["Panic Button","FollowUp+1","CrushJoints","Infernal Blade","Conserve Battery+1"],"picked":"Go for the Eyes+1","floor":45},{"not_picked":["Turbo","Cold Snap","CrushJoints","Reinforced Body","Crescendo"],"picked":"Aggregate+1","floor":46},{"not_picked":["Crystallizer","Rebound","Crescendo","Hyperbeam","White Noise"],"picked":"Gash+1","floor":46},{"not_picked":["Halt","Leap","Auto Shields","hubris:PowerSurge","ReplayTheSpireMod:Repulse+1","Force Field"],"picked":"SKIP","floor":47},{"not_picked":["Genetic Algorithm","ReplaySolidLightProjector","MostiFishMod:PushDownKick","Barrage","Gash"],"picked":"Loop","floor":48},{"not_picked":["Fusion","MostiFishMod:GatherIntelligence","Stack","Crescendo+1","Blizzard+1","aspiration:Polymerization"],"picked":"SKIP","floor":48},{"not_picked":[],"picked":"Beam Cell","floor":54},{"not_picked":[],"picked":"FTL","floor":54},{"not_picked":[],"picked":"ReplayTheSpireMod:Reroute Power","floor":54},{"not_picked":[],"picked":"Heatsinks","floor":54},{"not_picked":[],"picked":"Madness","floor":54},{"not_picked":[],"picked":"Panache","floor":54},{"not_picked":["Redo"],"picked":"SKIP","floor":54},{"not_picked":["ReplayTheSpireMod:Fabricate Wheel","Turbo+1","Conserve Battery","Leap","BasicCrystalCard"],"picked":"Skim+1","floor":55}],"player_experience":414621,"relics_obtained":[{"floor":1.0,"key":"SynthV:TestCard"},{"floor":6.0,"key":"aspiration:Lifesprig"},{"floor":10.0,"key":"Toy Ornithopter"},{"floor":11.0,"key":"hubris:BallOfYels"},{"floor":12.0,"key":"hubris:ToyBattleship"},{"floor":14.0,"key":"Unceasing Top"},{"floor":24.0,"key":"Carrot"},{"floor":26.0,"key":"ReplayFunnel"},{"floor":27.0,"key":"Bottled Tornado"},{"floor":40,"key":"aspiration:ChemicalBlood"},{"floor":42,"key":"Question Card"},{"floor":43,"key":"MawBank"},{"floor":45,"key":"MealTicket"},{"floor":47,"key":"ReplayTheSpireMod:Shallot"},{"floor":54,"key":"Blue Doll"},{"floor":54,"key":"Replay:Rubber Ducky"},{"floor":55,"key":"Centennial Puzzle"}],"event_choices":[{"damage_healed":0.0,"max_hp_gain":0.0,"max_hp_loss":0.0,"gold_gain":0.0,"event_name":"Accursed Blacksmith","player_choice":"Rummage","floor":2.0,"gold_loss":0.0,"damage_taken":0.0,"relics_obtained":["WarpedTongs"],"cards_obtained":["Pain"]},{"cards_removed":["Strike_B"],"damage_healed":0.0,"max_hp_gain":0.0,"max_hp_loss":0.0,"gold_gain":0.0,"event_name":"Beggar","player_choice":"Gave Gold","floor":21.0,"gold_loss":75.0,"damage_taken":0.0},{"damage_healed":0.0,"max_hp_gain":0.0,"max_hp_loss":0.0,"gold_gain":0.0,"event_name":"Drug Dealer","player_choice":"Inject Mutagens","floor":22.0,"gold_loss":0.0,"damage_taken":0.0,"relics_obtained":["MutagenicStrength"]},{"damage_healed":0.0,"max_hp_gain":0.0,"max_hp_loss":0.0,"gold_gain":0.0,"event_name":"The Woman in Blue","player_choice":"Bought 0 Potions","floor":31.0,"gold_loss":0.0,"damage_taken":0.0}],"is_beta":false,"boss_relics":[{"not_picked":["RhineFirstAidKit","hubris:Stopwatch"],"picked":"ChewingGum"},{"not_picked":["SacredBark","hubris:HollowSoul"],"picked":"hubris:Backtick"}],"items_purged_floors":[3,13,28,54],"is_endless":false,"potions_floor_spawned":[1,4,8,10,12,19,20,33,35,38,42,44,45,47],"killed_by":"The Heart","ascension_level":20}}