{"host":"f5gffvlv6a66yqkd","time":1613824432,"event":{"mods":["2.2 Compatiblity","BaseMod","Colored Map","Custom Start","DeckTracker","Keyboard Shortcuts","Minty Spire (QoL Compilation)","Permanent Neow","Quick Restart","Relic Stats","StSLib","SuperFastMode"],"gold_per_floor":[109,124,124,124,73,73,83,83,136,154,51,51,66,85,85,85,85],"floor_reached":16,"language":"KOR","playtime":243,"items_purged":[],"score":184,"play_id":"ab09db08-4e8f-4222-93b1-e2a6b199a2b0","local_time":"20210220213352","is_ascension_mode":true,"campfire_choices":[{"data":"Zap","floor":6.0,"key":"SMITH"},{"data":"Dualcast","floor":8.0,"key":"SMITH"},{"floor":12.0,"key":"REST"},{"data":"Biased Cognition","floor":15,"key":"SMITH"}],"circlet_count":0,"master_deck":["AscendersBane","Strike_B","Strike_B","Strike_B","Strike_B","Defend_B+1","Defend_B","Defend_B","Defend_B","Zap+1","Dualcast+1","Reinforced Body","Double Energy+1","Turbo","Gash","Biased Cognition+1","Coolheaded","Gash","Skim"],"relics":["Cracked Core","Bronze Scales","Pear","War Paint"],"acts_visited":["Exordium"],"potions_floor_usage":[16],"damage_taken":[{"damage":4.0,"enemies":"Jaw Worm","floor":1.0,"turns":4.0},{"damage":0.0,"enemies":"Cultist","floor":2.0,"turns":3.0},{"damage":9.0,"enemies":"2 Louse","floor":7.0,"turns":2.0},{"damage":28.0,"enemies":"Gremlin Gang","floor":10.0,"turns":6.0},{"damage":13.0,"enemies":"3 Louse","floor":13.0,"turns":3.0},{"damage":1,"enemies":"Lots of Slimes","floor":14,"turns":4},{"damage":24,"enemies":"Slime Boss","floor":16,"turns":5}],"seed_played":"1698757893813842295","potions_obtained":[{"floor":1.0,"key":"PotionOfCapacity"},{"floor":13.0,"key":"Strength Potion"}],"is_trial":false,"path_per_floor":["M","M","?","T","$","R","M","R","T","M","$","R","M","M","R","B"],"character_chosen":"DEFECT","items_purchased":["Turbo","Coolheaded","Gash"],"campfire_rested":1,"item_purchase_floors":[5,11,11],"current_hp_per_floor":[60,60,44,44,44,44,35,35,35,7,7,31,18,17,17,0,0],"gold":85,"neow_bonus":"RANDOM_COMMON_RELIC","is_daily":false,"chose_seed":false,"campfire_upgraded":3,"win_rate":0.0,"timestamp":1613824432,"path_taken":["M","M","?","?","$","R","?","R","T","M","?","R","M","M","R","BOSS"],"items_purchased_type":["Card","Card","Card"],"build_version":"2020-12-22","purchased_purges":0,"victory":false,"max_hp_per_floor":[71,71,81,81,81,81,81,81,81,81,81,81,81,81,81,81,81],"relic_stats":{"counters":[7,27],"Bronze Scales":[56],"War Paint":["Defend_B","Double Energy"],"obtain_stats":[{"Pear":3,"Bronze Scales":0,"War Paint":9,"Cracked Core":0},{"Pear":2,"Bronze Scales":0,"War Paint":3,"Cracked Core":0},{"Pear":7,"Bronze Scales":0,"War Paint":9,"Cracked Core":0}]},"card_choices":[{"not_picked":["Lockon","Barrage"],"picked":"Reinforced Body","floor":1.0},{"not_picked":["Beam Cell","Turbo"],"picked":"Double Energy","floor":2.0},{"not_picked":["Coolheaded","Leap"],"picked":"Gash","floor":7.0},{"not_picked":["Leap","Streamline"],"picked":"Biased Cognition","floor":10.0},{"not_picked":["Streamline","Rebound","Melter"],"picked":"SKIP","floor":13.0},{"not_picked":["Barrage","Undo"],"picked":"Skim","floor":14}],"player_experience":1535493,"relics_obtained":[{"floor":9.0,"key":"War Paint"}],"event_choices":[{"damage_healed":0.0,"max_hp_gain":0.0,"max_hp_loss":0.0,"gold_gain":0.0,"event_name":"Scrap Ooze","player_choice":"Success","floor":3.0,"gold_loss":0.0,"damage_taken":26.0,"relics_obtained":["Pear"]}],"is_beta":false,"boss_relics":[],"items_purged_floors":[],"is_endless":false,"potions_floor_spawned":[1,13,14],"killed_by":"Slime Boss","ascension_level":20}}