{"host":"7xwe9tmiyvwn0fou","time":1613861119,"event":{"mods":["2.2 Compatiblity","AchievementEnabler","Act Like it!","Aspiration","BaseMod","Better Altar","Better Match","Better Note","Better Sensory Stone","Better Skull","Better Third Choice","BetterRewards","CapriCore","Colored Map","Colored Powertips","Conspire","Downfall","Elementarium","Energized Spire","Friendly Minions","Gensokyo","GifTheSpireLib","Googly Eyes","Halation","Hallownest","Hero for Fun","Highlight Path","Hubris","Infinite Spire","LagranYue(???·?)","Lobotomy","Minty Spire (QoL Compilation)","MostiFishMod","Rare Cards Sparkle","Reliquary","Ruina","Shop Mod","Spikes Relics","Spire Arcade","StSLib","Stuff the Spire","Td1madao Mod","The Bug Knight","The Jungle","Waifu the Spire","everything is the same but u backflip on backflip","slay the spire mod where everything is the same but ironclad has a cowboy hat"],"gold_per_floor":[119,14,14,31,342,342,342],"floor_reached":6,"language":"ENG","playtime":1082,"items_purged":[],"score":36,"play_id":"6d362081-058b-4340-809d-69325634607c","local_time":"20210220174519","is_ascension_mode":false,"campfire_choices":[],"circlet_count":0,"master_deck":["Strike_R","Strike_R","Strike_R","Strike_R","Strike_R","Defend_R","Defend_R","Defend_R","Defend_R","Bash","WallGazer","hubris:ReadiedAction","Gensokyo:Shovel","MHz","Flex","Scorched","Limit Break"],"relics":["Burning Blood","DaveBox","LagranYue:RandomDrawCardRelic","CogitoBucket","xbg","SynthV:TestCard","Toy Ornithopter"],"acts_visited":["Gensokyo:Gensokyo"],"potions_floor_usage":[],"damage_taken":[{"damage":0,"enemies":"Gensokyo:3_Fairies","floor":1,"turns":5},{"damage":18,"enemies":"Gensokyo:Python","floor":4,"turns":4},{"damage":22,"enemies":"Gensokyo:Gryphon","floor":5,"turns":5},{"damage":52,"enemies":"Gensokyo:Cirno","floor":6,"turns":3}],"seed_played":"-3498733246196661313","potions_obtained":[{"floor":4,"key":"ElixirPotion"},{"floor":5,"key":"hexamod:SoulburnPotion"}],"is_trial":false,"path_per_floor":["M","COS","?","M","M","E"],"character_chosen":"IRONCLAD","items_purchased":[],"campfire_rested":0,"item_purchase_floors":[],"current_hp_per_floor":[80,80,80,68,52,0,0],"gold":342,"neow_bonus":"","is_daily":false,"chose_seed":false,"campfire_upgraded":0,"win_rate":0.0,"timestamp":1613861119,"path_taken":["M","COS","?","?","?","E"],"items_purchased_type":[],"build_version":"2020-12-22","purchased_purges":0,"victory":false,"max_hp_per_floor":[80,80,80,80,80,80,80],"card_choices":[{"not_picked":["Bloodbath","Yin"],"picked":"WallGazer","floor":1},{"not_picked":["Uppercut","True Grit"],"picked":"hubris:ReadiedAction","floor":1},{"not_picked":["UniverseFragment","BeautyBeast"],"picked":"MHz","floor":4},{"not_picked":["Anger","Twin Strike","StuffTheSpire:RagingBull","Perfected Strike"],"picked":"Flex","floor":4},{"not_picked":["PunishingBird","OSAHOGD"],"picked":"Scorched","floor":5},{"not_picked":["Invigoration","Perfected Strike","StuffTheSpire:Incineration","hubris:ReadiedAction"],"picked":"Limit Break","floor":5}],"player_experience":9670,"relics_obtained":[{"floor":1,"key":"SynthV:TestCard"}],"event_choices":[],"is_beta":false,"boss_relics":[],"items_purged_floors":[],"is_endless":false,"potions_floor_spawned":[4,5],"killed_by":"Gensokyo:Cirno","ascension_level":0}}