{"host":"5dk97cf2ubw2v967","time":1613782299,"event":{"mods":["AlwaysNeverKeys","BaseMod","Better Altar","Better Vampires","Block Reminder","Card Filter","Colored Powertips","Downfall","Googly Eyes","Highlight Path","Minty Spire (QoL Compilation)","Permanent Neow","Potion Indicator Mod","Quick Restart","Relic Filter","Relic Stats","Say the Spire","Spicy Shops","StSLib","Waifu the Spire","everything is the same but u backflip on backflip"],"gold_per_floor":[156,156,231,4,40,40,40],"floor_reached":6,"language":"ENG","playtime":126,"items_purged":["Regret"],"score":68,"play_id":"3f2f0b3d-3f71-415c-88e5-058af956affc","local_time":"20210220005139","is_ascension_mode":true,"campfire_choices":[],"circlet_count":0,"master_deck":["AscendersBane","Strike_R","Strike_R","Strike_R+1","Strike_R","Strike_R","Defend_R+1","Defend_R","Defend_R","Defend_R","Bash","HandOfGreed","Pommel Strike","Inflame","Seeing Red"],"relics":["Burning Blood","Membership Card"],"acts_visited":["Exordium"],"potions_floor_usage":[],"damage_taken":[{"damage":6.0,"enemies":"Small Slimes","floor":1.0,"turns":4.0},{"damage":4,"enemies":"Jaw Worm","floor":5,"turns":5},{"damage":32,"enemies":"Gremlin Nob","floor":6,"turns":4}],"seed_played":"-37011226033028921","potions_obtained":[],"is_trial":false,"path_per_floor":["M","?","?","$","M","E"],"character_chosen":"IRONCLAD","items_purchased":["Membership Card","Inflame"],"campfire_rested":0,"item_purchase_floors":[4,4],"current_hp_per_floor":[68,45,34,34,36,4,4],"gold":40,"neow_bonus":"RANDOM_COLORLESS_2","is_daily":false,"chose_seed":false,"campfire_upgraded":0,"win_rate":0.0,"timestamp":1613782299,"path_taken":["M","?","?","$","M","E"],"items_purchased_type":["Relic","Card"],"build_version":"2020-12-22","purchased_purges":1,"victory":false,"max_hp_per_floor":[75,75,75,75,75,75,75],"relic_stats":{"counters":[3,13],"obtain_stats":[{"Membership Card":4,"Burning Blood":0},{"Membership Card":1,"Burning Blood":0},{"Membership Card":4,"Burning Blood":0}],"Burning Blood":12},"card_choices":[{"not_picked":["The Bomb","Apotheosis"],"picked":"HandOfGreed","floor":0.0},{"not_picked":["Perfected Strike","Headbutt"],"picked":"Pommel Strike","floor":1.0},{"not_picked":["Headbutt","Pommel Strike"],"picked":"Seeing Red","floor":5}],"player_experience":1337251,"relics_obtained":[],"event_choices":[{"damage_healed":0.0,"max_hp_gain":0.0,"max_hp_loss":0.0,"gold_gain":0.0,"event_name":"Shining Light","player_choice":"Entered Light","floor":2.0,"gold_loss":0.0,"damage_taken":23.0,"cards_upgraded":["Defend_R","Strike_R"]},{"damage_healed":0.0,"max_hp_gain":0.0,"max_hp_loss":0.0,"gold_gain":75.0,"event_name":"World of Goop","player_choice":"Gather Gold","floor":3.0,"gold_loss":0.0,"damage_taken":11.0}],"is_beta":false,"boss_relics":[],"items_purged_floors":[4],"is_endless":false,"potions_floor_spawned":[],"killed_by":"Gremlin Nob","ascension_level":20}}