{"host":"snn1c4qsf0fj7fzf","time":1613803501,"event":{"mods":["AchievementEnabler","Act Like it!","Aspiration","Astrologer","BaseMod","Colored Powertips","Downfall","Gensokyo","Hermit","Hubris","Infinite Spire","Lobotomy","Minty Spire (QoL Compilation)","Random Character Button","Rare Cards Sparkle","Reimu??????","Reliquary","Replay The Spire","Shop Mod","Spire Arcade","StSLib","The Administrix","The Cursed","The Gatherer","The Hierophant","The Poker Player","The Runesmith"],"gold_per_floor":[99,117,128,140,140,140,140,171,181,207,226,258,13,13,25,127,127,127,145,145,145,164,199,199,3,38,50,77,77,77,111,129,227,227,127,144,158,158,12,44,44,79,79,129,129,164,64,97,109,109,109],"floor_reached":52,"language":"ENG","playtime":3819,"items_purged":["Slimebound:Defend_Slimebound","downfall:Bewildered","Slimebound:CorrosiveSpit","Slimebound:Strike_Slimebound"],"score":982,"play_id":"bca8bcd2-4b1d-46a3-b0ea-e5a4fb4c164c","local_time":"20210220144501","is_ascension_mode":true,"campfire_choices":[{"floor":1,"key":"DIG"},{"data":"Slimebound:ItLooksTasty","floor":6,"key":"SMITH"},{"data":"Slimebound:Defend_Slimebound","floor":18,"key":"PURGE"},{"data":"Slimebound:FlameTackle","floor":35,"key":"SMITH"},{"floor":47,"key":"REST"}],"circlet_count":0,"master_deck":["Slimebound:Tackle","Slimebound:Defend_Slimebound","Slimebound:Defend_Slimebound","Slimebound:Split+1","Slimebound:TongueLash","Slimebound:ItLooksTasty+1","Slimebound:MegaLick","Slimebound:Recollect","Slimebound:SlimeSpikes","Slimebound:SplitMire","Slimebound:RejuvenatingLick","Slimebound:HungryTackle+1","Slimebound:SamplingLick","Slimebound:Gluttony","Slimebound:SpikyOuterGoop+1","Slimebound:FlameTackle+1","Slimebound:SplitMire","infinitespire:Oblivion","Slimebound:Chomp+1","Slimebound:SlimeSpikes+1","Slimebound:SamplingLick+1","expansioncontent:Chronoboost","Slimebound:Schlurp+1","Slimebound:AcidTongue","Slimebound:RejuvenatingLick+1","Slimebound:SamplingLick+1","Slimebound:SamplingLick+1","Slimebound:Darklings"],"relics":["Slimebound:AbsorbEndCombat","hubris:TenFootPole","Darkstone Periapt","ReplayTheSpireMod:Ninjato","Centennial Puzzle","Juzu Bracelet","hubris:CrystalStatue","Slimebound:SelfDamagePreventRelic","Empty Cage","sneckomod:BabySnecko","Gambling Chip","Dream Catcher","Darkstone Periapt","hubris:FunFungus","ReplayTheSpireMod:TigerMarble","reliquary:RoseTintedGlasses","reliquary:Stiletto","ChewingGum","downfall:HeartBlessingGreen","Slimebound:MaxSlimesRelic","PreservedInsect","Shuriken","Oddly Smooth Stone","Unceasing Top","Girya","downfall:HeartBlessingBlue","War Paint"],"acts_visited":["Exordium","TheCity","TheBeyond"],"potions_floor_usage":[12,16,16,27,33,36,46],"damage_taken":[{"damage":4,"enemies":"Cultist","floor":2,"turns":4},{"damage":6,"enemies":"2 Louse","floor":3,"turns":4},{"damage":6,"enemies":"Jaw Worm","floor":4,"turns":3},{"damage":24,"enemies":"Gremlin Nob","floor":8,"turns":4},{"damage":3,"enemies":"3 Louse","floor":9,"turns":4},{"damage":8,"enemies":"3 Sentries","floor":10,"turns":7},{"damage":2,"enemies":"downfall:LooterAlt","floor":11,"turns":2},{"damage":16,"enemies":"Gremlin Nob","floor":12,"turns":4},{"damage":0,"enemies":"downfall:FleeingMerchant","floor":13,"turns":4},{"damage":0,"enemies":"Large Slime","floor":15,"turns":4},{"damage":2,"enemies":"SI_SHIV_ARCHETYPE","floor":16,"turns":6},{"damage":0,"enemies":"Chosen","floor":19,"turns":3},{"damage":15,"enemies":"3 Byrds","floor":22,"turns":3},{"damage":18,"enemies":"Gremlin Leader","floor":23,"turns":7},{"damage":0,"enemies":"downfall:FleeingMerchant","floor":25,"turns":4},{"damage":30,"enemies":"Slavers","floor":26,"turns":5},{"damage":13,"enemies":"Snake Plant","floor":27,"turns":3},{"damage":21,"enemies":"Book of Stabbing","floor":28,"turns":5},{"damage":17,"enemies":"Gremlin Leader","floor":31,"turns":6},{"damage":11,"enemies":"Snecko","floor":32,"turns":3},{"damage":27,"enemies":"WA_ARCHETYPE_CALM","floor":33,"turns":8},{"damage":0,"enemies":"3 Darklings","floor":36,"turns":2},{"damage":7,"enemies":"3 Shapes","floor":37,"turns":4},{"damage":8,"enemies":"downfall:FleeingMerchant","floor":39,"turns":4},{"damage":8,"enemies":"Giant Head","floor":40,"turns":7},{"damage":39,"enemies":"Nemesis","floor":42,"turns":9},{"damage":0,"enemies":"Nemesis","floor":44,"turns":4},{"damage":5,"enemies":"Nemesis","floor":45,"turns":5},{"damage":50,"enemies":"Nightmare","floor":46,"turns":8},{"damage":2,"enemies":"R_Hoarder","floor":48,"turns":5},{"damage":0,"enemies":"Jaw Worm Horde","floor":49,"turns":3},{"damage":24,"enemies":"DF_ARCHETYPE_ORBS","floor":50,"turns":6}],"seed_played":"7434961473223746736","potions_obtained":[{"floor":4,"key":"LifebloodPotion"},{"floor":8,"key":"Slimebound:SlimedPotion"},{"floor":9,"key":"EssenceOfSteel"},{"floor":15,"key":"Milkshake"},{"floor":16,"key":"Strength Potion"},{"floor":23,"key":"Reflective Coating"},{"floor":26,"key":"Block Potion"},{"floor":27,"key":"champ:CounterPotion"},{"floor":28,"key":"Guardian:BlockOnCardUsePotion"},{"floor":36,"key":"Fruit Juice"},{"floor":42,"key":"Adrenaline Potion"},{"floor":48,"key":"champ:CounterPotion"}],"is_trial":false,"path_per_floor":["R","M","M","M","?","R","T","E","M","E","M","E","$","?","M","B",null,"R","M","?","?","M","E","T","$","E","M","E","?","AVR","E","M","B",null,"R","M","M","?","?","E","T","E","T","?","?","NM","R","E","M","B",null,null],"character_chosen":"SLIMEBOUND","items_purchased":["Slimebound:SelfDamagePreventRelic","Slimebound:FlameTackle","Slimebound:MaxSlimesRelic","Slimebound:Schlurp","Slimebound:AcidTongue"],"campfire_rested":1,"item_purchase_floors":[13,25,39,39,39],"current_hp_per_floor":[65,63,61,63,65,65,65,45,48,48,52,44,52,52,58,64,65,65,65,71,71,58,48,48,56,34,25,12,35,35,27,25,6,71,71,76,71,71,71,68,68,43,43,52,55,13,48,54,60,44,44],"gold":109,"neow_bonus":"RANDOM_COMMON_RELIC","is_daily":false,"chose_seed":false,"campfire_upgraded":2,"win_rate":0.0,"timestamp":1613803501,"path_taken":["R","M","M","?","?","R","T","E","M","E","M","E","$","?","M","BOSS","R","M","?","?","M","E","T","$","E","M","E","?","AVR","E","M","BOSS","R","M","M","?","?","E","T","E","?","?","?","NM","R","E","M","BOSS"],"items_purchased_type":["Relic","Card","Relic","Card","Card"],"build_version":"2020-12-22","purchased_purges":4,"victory":true,"max_hp_per_floor":[65,65,65,65,65,65,65,65,65,65,65,65,65,65,65,65,65,65,65,71,71,71,71,71,71,71,71,71,71,71,71,71,71,71,71,76,76,76,76,76,76,76,76,76,76,76,86,86,86,86,86],"card_choices":[{"not_picked":["Slimebound:HungryTackle","Slimebound:DisruptingSlam"],"picked":"Slimebound:TongueLash","floor":2},{"not_picked":["Slimebound:GoopTackle","Slimebound:SplitLeeching"],"picked":"Slimebound:ItLooksTasty","floor":3},{"not_picked":["Slimebound:Grow","Slimebound:Prepare"],"picked":"Slimebound:MegaLick","floor":4},{"not_picked":["Slimebound:GrowthPunch","Slimebound:GoopTackle"],"picked":"Slimebound:Recollect","floor":8},{"not_picked":["Slimebound:SlimeTap","Slimebound:ViciousTackle","Slimebound:CheckThePlaybook"],"picked":"SKIP","floor":9},{"not_picked":["Slimebound:ItLooksTasty","Slimebound:FinishingTackle"],"picked":"Slimebound:SlimeSpikes","floor":10},{"not_picked":["Slimebound:ItLooksTasty","Slimebound:OneTwoCombo","Slimebound:SplitBruiser"],"picked":"SKIP","floor":11},{"not_picked":["Slimebound:SplitAcid","Slimebound:LeadByExample","Slimebound:BestDefense"],"picked":"SKIP","floor":12},{"not_picked":["Slimebound:ProtectTheBoss","Slimebound:GoopTackle"],"picked":"Slimebound:SplitMire","floor":13},{"not_picked":["Slimebound:ItLooksTasty","Slimebound:GrowthPunch"],"picked":"Slimebound:RejuvenatingLick","floor":15},{"not_picked":["Slimebound:FinishingTackle+1","Slimebound:ItLooksTasty"],"picked":"Slimebound:HungryTackle+1","floor":19},{"not_picked":["Slimebound:ItLooksTasty+1","Slimebound:FlameTackle+1"],"picked":"Slimebound:SamplingLick","floor":22},{"not_picked":["Slimebound:FinishingTackle","Slimebound:SlimeTap"],"picked":"Slimebound:Gluttony","floor":23},{"not_picked":["Slimebound:Equalize","Slimebound:SplitLeeching"],"picked":"Slimebound:SpikyOuterGoop+1","floor":25},{"not_picked":["Slimebound:Chomp","Slimebound:PressTheAttack","Slimebound:LeadByExample"],"picked":"SKIP","floor":26},{"not_picked":["Slimebound:ItLooksTasty","Slimebound:SplitLeeching","Slimebound:Repurpose"],"picked":"SKIP","floor":27},{"not_picked":["Slimebound:SlimeSlap","Slimebound:LevelUp"],"picked":"Slimebound:SplitMire","floor":28},{"not_picked":["Slimebound:SamplingLick","Slimebound:FormOfPuddle"],"picked":"Slimebound:Chomp+1","floor":31},{"not_picked":["Slimebound:SplitMire","Slimebound:LeadByExample+1","Slimebound:SlimeBarrage"],"picked":"SKIP","floor":32},{"not_picked":["Slimebound:Schlurp+1","Slimebound:ComboTackle"],"picked":"Slimebound:SlimeSpikes+1","floor":36},{"not_picked":["Slimebound:FinishingTackle+1","Slimebound:SplitBruiser"],"picked":"Slimebound:SamplingLick+1","floor":37},{"not_picked":["expansioncontent:Hexaburn","Replay:SS_fish_1"],"picked":"expansioncontent:Chronoboost","floor":38},{"not_picked":["Slimebound:RollThrough+1","Slimebound:Prepare+1","Slimebound:FinishingTackle+1"],"picked":"SKIP","floor":39},{"not_picked":["Slimebound:DisruptingSlam+1","Slimebound:SamplingLick","Slimebound:Grow"],"picked":"SKIP","floor":40},{"not_picked":["Slimebound:Gluttony","Slimebound:Dissolve"],"picked":"Slimebound:RejuvenatingLick+1","floor":42},{"not_picked":["Slimebound:Prepare+1","Slimebound:DisruptingSlam+1"],"picked":"Slimebound:SamplingLick+1","floor":44},{"not_picked":["Slimebound:RollThrough","Slimebound:Chomp","Slimebound:Equalize"],"picked":"SKIP","floor":46},{"not_picked":["Slimebound:SplitSpecialist+1","Slimebound:LeechEnergy+1"],"picked":"Slimebound:SamplingLick+1","floor":47},{"not_picked":["Slimebound:DisruptingSlam","Slimebound:Prepare+1"],"picked":"Slimebound:Darklings","floor":48},{"not_picked":["Slimebound:Prepare","Slimebound:RollThrough","Slimebound:Equalize"],"picked":"SKIP","floor":49}],"player_experience":483597,"relics_obtained":[{"floor":1,"key":"Darkstone Periapt"},{"floor":7,"key":"ReplayTheSpireMod:Ninjato"},{"floor":8,"key":"Centennial Puzzle"},{"floor":10,"key":"Juzu Bracelet"},{"floor":12,"key":"hubris:CrystalStatue"},{"floor":23,"key":"Dream Catcher"},{"floor":24,"key":"reliquary:SculptingSteel"},{"floor":26,"key":"hubris:FunFungus"},{"floor":28,"key":"ReplayTheSpireMod:TigerMarble"},{"floor":31,"key":"reliquary:Stiletto"},{"floor":40,"key":"PreservedInsect"},{"floor":41,"key":"Shuriken"},{"floor":42,"key":"Oddly Smooth Stone"},{"floor":44,"key":"Unceasing Top"},{"floor":46,"key":"Girya"},{"floor":48,"key":"War Paint"}],"event_choices":[{"damage_healed":23,"gold_gain":0,"player_choice":"Heal","damage_taken":0,"max_hp_gain":0,"max_hp_loss":0,"event_name":"The Library","floor":29,"gold_loss":0}],"is_beta":false,"boss_relics":[{"not_picked":["reliquary:Ember","hubris:HollowSoul"],"picked":"Empty Cage"},{"not_picked":["Slimebound:TarBlob","aspiration:RunicSpoon"],"picked":"ChewingGum"}],"items_purged_floors":[13,25,30,39],"is_endless":false,"potions_floor_spawned":[4,8,9,15,16,23,26,27,28,36,42,45,48],"ascension_level":1}}