{"host":"6vtgmkkqqeew181q","time":1613808989,"event":{"mods":["BaseMod","Better Skull","Better Third Choice","BetterRewards","Colored Powertips","Downfall","Faster Ascension Climbing","Highlight Path","Minty Spire (QoL Compilation)","Reliquary","Replay The Spire","Spire Birthday Party","StSLib","The Cursed","The IronCluck","The Jungle","The Servant 0.9.4"],"gold_per_floor":[117,117,137,68,68,68,80,80,80,80,80,50,50,64,76,92,92,189,189,200,213,213,213],"floor_reached":22,"language":"ENG","playtime":1148,"items_purged":[],"score":290,"play_id":"8e09beeb-e748-4fce-9e5a-b6dab3e7acd7","local_time":"20210220001629","is_ascension_mode":true,"campfire_choices":[{"data":"KidneyShot","floor":6,"key":"SMITH"},{"data":"GearUp","floor":8,"key":"SMITH"},{"data":"ShatteredReality","floor":13,"key":"SMITH"},{"data":"Ricochet","floor":17,"key":"SMITH"}],"circlet_count":0,"master_deck":["Strike_S","Strike_S","Strike_S","Strike_S","Defend_S","Defend_S","Defend_S","Defend_S","KidneyShot+1","Exchange","Rearm","SurpressingFire","Voices","GearUp+1","ShatteredReality+1","Misdirection","Ricochet+1","LightFlow","TheCursedMod:CircleOfFlame"],"relics":["Uniform","StoneCalendar","Anchor","Mummified Hand","ReplayTheSpireMod:Ring of Exchange","Ring of Fangs","Mirror","PrismaticShard"],"acts_visited":["Exordium","TheCity"],"potions_floor_usage":[18,18,20],"damage_taken":[{"damage":0,"enemies":"Cultist","floor":1,"turns":4},{"damage":0,"enemies":"2 Louse","floor":3,"turns":3},{"damage":0,"enemies":"Jaw Worm","floor":7,"turns":5},{"damage":0,"enemies":"Looter","floor":12,"turns":4},{"damage":13,"enemies":"Exordium Thugs","floor":14,"turns":6},{"damage":0,"enemies":"2 Fungi Beasts","floor":15,"turns":5},{"damage":0,"enemies":"Blue Slaver","floor":16,"turns":4},{"damage":19,"enemies":"Slime Boss","floor":18,"turns":7},{"damage":5,"enemies":"Shell Parasite","floor":20,"turns":7},{"damage":18,"enemies":"Chosen","floor":21,"turns":5},{"damage":56,"enemies":"3 Cultists","floor":22,"turns":4}],"seed_played":"1519308273195557824","potions_obtained":[{"floor":1,"key":"champ:CounterPotion"},{"floor":14,"key":"FearPotion"},{"floor":15,"key":"SteroidPotion"}],"is_trial":false,"path_per_floor":["M","T","M","$","?","R","M","R","T","PTL","PTL","M","R","M","M","M","R","B",null,"M","M","M"],"character_chosen":"THE_SERVANT","items_purchased":["Anchor","SurpressingFire"],"campfire_rested":0,"item_purchase_floors":[0,4],"current_hp_per_floor":[65,65,65,65,65,65,65,65,65,65,65,65,65,52,52,52,52,33,65,60,42,0,0],"gold":213,"neow_bonus":"","is_daily":false,"chose_seed":false,"campfire_upgraded":4,"win_rate":0.0,"timestamp":1613808989,"path_taken":["M","?","M","$","?","R","M","R","T","PTL","PTL","?","R","M","M","M","R","BOSS","M","M","M"],"items_purchased_type":["Relic","Card"],"build_version":"2020-12-22","purchased_purges":0,"victory":false,"max_hp_per_floor":[65,65,65,65,65,65,65,65,65,65,65,65,65,65,65,65,65,65,65,65,65,65,65],"card_choices":[{"not_picked":["Unruled","Rewind"],"picked":"Rearm","floor":1},{"not_picked":["Rearm","FastForward","Deadline"],"picked":"SKIP","floor":3},{"not_picked":["Rewind","Rearm"],"picked":"GearUp","floor":7},{"not_picked":["Unruled","Defy"],"picked":"ShatteredReality","floor":12},{"not_picked":["Deadline","Potential","Unruled"],"picked":"SKIP","floor":14},{"not_picked":["FlawlessForm","Revamp"],"picked":"Misdirection","floor":15},{"not_picked":["Alleviate","Rearm"],"picked":"Ricochet","floor":16},{"not_picked":["ForgedInTime","TheWorld"],"picked":"LightFlow","floor":18},{"not_picked":["Adaptation","Streamline","sneckomod:UnknownClassGREEN"],"picked":"SKIP","floor":20},{"not_picked":["TheCursedMod:TacticalStrike","Magnetism"],"picked":"TheCursedMod:CircleOfFlame","floor":21}],"player_experience":690377,"relics_obtained":[{"floor":2,"key":"Mummified Hand"},{"floor":5,"key":"ReplayTheSpireMod:Ring of Exchange"},{"floor":5,"key":"Ring of Fangs"},{"floor":9,"key":"Mirror"}],"event_choices":[],"is_beta":false,"boss_relics":[{"not_picked":["Cauldron","DollysMirror"],"picked":"PrismaticShard"}],"items_purged_floors":[],"is_endless":false,"potions_floor_spawned":[1,14,15],"killed_by":"3 Cultists","ascension_level":1}}