{"host":"np4f5reu8f2vit8r","time":1613807244,"event":{"mods":["BaseMod","Bestiary","Curses Come First","Minty Spire (QoL Compilation)","Permanent Neow","Relic Stats","StSLib"],"gold_per_floor":[109,124,142,142,142,174,174,174,252,269,544,118,132,191,191,262,262,278,288,288,288,288,288,320,320,343,377,391,391,72,83,83,160,160,174,174,191,191,216,216,243,243,243,243,273,290,301,336,336,336,336,336,336,12,44,44],"floor_reached":57,"language":"ENG","playtime":5491,"items_purged":["Regret","Strike_B"],"score":2827,"play_id":"9c09d293-29a9-412a-943e-25449a48e199","local_time":"20210220204724","is_ascension_mode":true,"campfire_choices":[{"floor":7,"key":"REST"},{"data":"Defragment","floor":15,"key":"SMITH"},{"data":"Seek","floor":23,"key":"SMITH"},{"data":"Apotheosis","floor":25,"key":"SMITH"},{"floor":29,"key":"RECALL"},{"floor":32,"key":"DIG"},{"floor":40,"key":"DIG"},{"floor":42,"key":"DIG"},{"floor":44,"key":"DIG"},{"floor":49,"key":"DIG"},{"floor":53,"key":"DIG"}],"circlet_count":0,"master_deck":["AscendersBane","Strike_B","Defend_B","Defend_B","Zap","Dualcast","Compile Driver","Reinforced Body","Conserve Battery","Ball Lightning","Defragment+1","Lockon+1","Apotheosis+1","Seek+1","Electrodynamics","Cold Snap+1","Compile Driver+1","Multi-Cast","Chill","RitualDagger+1","Rainbow","Glacier","Defragment","Hologram","Defragment","Glacier+1","Ball Lightning+1","Capacitor+1","Coolheaded","Seek","Heatsinks+1","Compile Driver+1"],"relics":["Nuclear Battery","StrikeDummy","Molten Egg 2","The Courier","Lee\u0027s Waffle","Bird Faced Urn","SlaversCollar","DataDisk","PreservedInsect","Boot","Shovel","Darkstone Periapt","Coffee Dripper","Torii","Bag of Preparation","Frozen Egg 2","Smiling Mask","Letter Opener","Bag of Marbles","Nunchaku","Orichalcum","Shuriken","Bronze Scales","Centennial Puzzle"],"acts_visited":["Exordium","TheCity","TheBeyond","TheEnding"],"potions_floor_usage":[6,13,16,56,56],"damage_taken":[{"damage":4,"enemies":"Small Slimes","floor":1,"turns":5},{"damage":8,"enemies":"2 Louse","floor":2,"turns":2},{"damage":7,"enemies":"Jaw Worm","floor":3,"turns":3},{"damage":23,"enemies":"Gremlin Nob","floor":6,"turns":4},{"damage":1,"enemies":"3 Louse","floor":10,"turns":5},{"damage":2,"enemies":"Gremlin Gang","floor":13,"turns":4},{"damage":30,"enemies":"Gremlin Nob","floor":14,"turns":4},{"damage":9,"enemies":"The Guardian","floor":16,"turns":9},{"damage":11,"enemies":"Spheric Guardian","floor":18,"turns":4},{"damage":0,"enemies":"Chosen","floor":19,"turns":4},{"damage":12,"enemies":"Book of Stabbing","floor":24,"turns":5},{"damage":0,"enemies":"Gremlin Leader","floor":27,"turns":5},{"damage":5,"enemies":"Snecko","floor":28,"turns":6},{"damage":19,"enemies":"Snake Plant","floor":31,"turns":5},{"damage":22,"enemies":"Collector","floor":33,"turns":10},{"damage":12,"enemies":"3 Darklings","floor":35,"turns":3},{"damage":0,"enemies":"3 Shapes","floor":37,"turns":3},{"damage":11,"enemies":"Mind Bloom Boss Battle","floor":39,"turns":8},{"damage":19,"enemies":"Giant Head","floor":41,"turns":8},{"damage":1,"enemies":"Reptomancer","floor":45,"turns":6},{"damage":35,"enemies":"Maw","floor":46,"turns":7},{"damage":0,"enemies":"4 Shapes","floor":47,"turns":3},{"damage":0,"enemies":"Nemesis","floor":48,"turns":3},{"damage":12,"enemies":"Awakened One","floor":50,"turns":16},{"damage":12,"enemies":"Donu and Deca","floor":51,"turns":13},{"damage":0,"enemies":"Shield and Spear","floor":55,"turns":4},{"damage":53,"enemies":"The Heart","floor":56,"turns":10}],"seed_played":"-6493652312526770501","potions_obtained":[{"floor":1,"key":"Fire Potion"},{"floor":10,"key":"BlessingOfTheForge"},{"floor":13,"key":"PotionOfCapacity"},{"floor":14,"key":"GamblersBrew"},{"floor":18,"key":"AttackPotion"},{"floor":27,"key":"FocusPotion"}],"is_trial":false,"path_per_floor":["M","M","M","?","?","E","R","T","T","M","?","$","M","?","R","B",null,"M","M","?","?","?","R","E","R","T","E","M","R","$","M","R","B",null,"M","?","M","?","?","R","E","R","T","R","E","M","M","E","R","B","B",null,"R","$","E","B",null],"character_chosen":"DEFECT","items_purchased":["Lee\u0027s Waffle","Lockon+1","Apotheosis","Defragment","Shovel","Seek","Bronze Scales","Heatsinks+1"],"campfire_rested":1,"item_purchase_floors":[12,12,12,30,30,54,54,54],"current_hp_per_floor":[60,52,45,38,38,15,36,36,36,35,35,78,76,48,48,41,69,62,66,66,60,60,60,52,52,52,56,53,53,53,40,40,24,65,57,57,63,63,60,60,49,49,49,49,56,29,35,39,39,37,35,67,67,67,78,33],"gold":44,"neow_bonus":"BOSS_RELIC","is_daily":false,"chose_seed":false,"campfire_upgraded":3,"win_rate":0.0,"timestamp":1613807244,"path_taken":["M","M","M","?","?","E","R","?","T","M","?","$","?","?","R","BOSS","M","M","?","?","?","R","E","R","T","E","M","R","$","?","R","BOSS","M","?","M","?","?","R","E","R","T","R","E","M","M","E","R","BOSS","BOSS","R","$","E","BOSS"],"items_purchased_type":["Relic","Card","Card","Card","Relic","Card","Relic","Card"],"build_version":"2020-12-22","purchased_purges":2,"victory":true,"max_hp_per_floor":[71,71,71,71,71,71,71,71,71,71,71,78,78,78,78,78,78,78,78,78,78,78,78,78,78,78,78,78,78,78,78,78,78,78,78,78,78,78,78,78,78,78,78,78,78,78,78,78,78,78,78,78,78,78,78,78],"relic_stats":{"Darkstone Periapt":0,"Lee\u0027s Waffle":43,"Torii":12,"counters":[27,159],"PreservedInsect":369,"Bag of Preparation":[18],"Letter Opener":[141],"Orichalcum":[30],"Boot":[12],"Smiling Mask":30,"Nunchaku":[5],"Centennial Puzzle":[3],"Shovel":6,"Shuriken":[2],"Bird Faced Urn":[125],"Bronze Scales":[162],"obtain_stats":[{"Darkstone Periapt":32,"Torii":39,"Bag of Preparation":40,"Boot":27,"Smiling Mask":42,"Nunchaku":48,"Centennial Puzzle":55,"Shovel":30,"Cracked Core":0,"Lee\u0027s Waffle":12,"The Courier":9,"PreservedInsect":26,"Letter Opener":44,"Frozen Egg 2":41,"Orichalcum":49,"Nuclear Battery":0,"SlaversCollar":17,"DataDisk":24,"Shuriken":53,"Bird Faced Urn":14,"Bronze Scales":54,"Molten Egg 2":8,"Coffee Dripper":34,"Bag of Marbles":45,"StrikeDummy":6},{"Darkstone Periapt":14,"Torii":18,"Bag of Preparation":18,"Boot":12,"Smiling Mask":19,"Nunchaku":23,"Centennial Puzzle":26,"Shovel":13,"Cracked Core":0,"Lee\u0027s Waffle":5,"The Courier":4,"PreservedInsect":11,"Letter Opener":19,"Frozen Egg 2":19,"Orichalcum":23,"Nuclear Battery":0,"SlaversCollar":8,"DataDisk":11,"Shuriken":25,"Bird Faced Urn":6,"Bronze Scales":25,"Molten Egg 2":4,"Coffee Dripper":15,"Bag of Marbles":20,"StrikeDummy":4},{"Darkstone Periapt":65,"Torii":89,"Bag of Preparation":89,"Boot":54,"Smiling Mask":97,"Nunchaku":116,"Centennial Puzzle":149,"Shovel":60,"Cracked Core":0,"Lee\u0027s Waffle":19,"The Courier":14,"PreservedInsect":49,"Letter Opener":97,"Frozen Egg 2":97,"Orichalcum":116,"Nuclear Battery":0,"SlaversCollar":36,"DataDisk":49,"Shuriken":145,"Bird Faced Urn":23,"Bronze Scales":145,"Molten Egg 2":14,"Coffee Dripper":75,"Bag of Marbles":103,"StrikeDummy":14}]},"card_choices":[{"not_picked":["Capacitor","Hologram"],"picked":"Rebound","floor":1},{"not_picked":["Sweeping Beam","Gash"],"picked":"Compile Driver","floor":2},{"not_picked":["Redo","Chill"],"picked":"Reinforced Body","floor":3},{"not_picked":["Conserve Battery","Hello World"],"picked":"Ball Lightning","floor":6},{"not_picked":["BootSequence","Coolheaded"],"picked":"Defragment","floor":10},{"not_picked":["Static Discharge","Darkness","Steam"],"picked":"SKIP","floor":13},{"not_picked":["Undo","Tempest"],"picked":"Seek","floor":14},{"not_picked":["Buffer","Amplify"],"picked":"Electrodynamics","floor":16},{"not_picked":["Go for the Eyes+1","Blizzard+1"],"picked":"Cold Snap+1","floor":18},{"not_picked":["FTL+1","Double Energy"],"picked":"Compile Driver+1","floor":19},{"not_picked":["Tempest","Stack","Hello World"],"picked":"SKIP","floor":24},{"not_picked":["White Noise","Beam Cell+1"],"picked":"Rainbow","floor":27},{"not_picked":["Undo","Gash+1"],"picked":"Glacier","floor":28},{"not_picked":["Lockon+1","Blizzard+1"],"picked":"Hologram","floor":31},{"not_picked":["Gash+1","Leap","Streamline+1"],"picked":"SKIP","floor":35},{"not_picked":["Leap","Compile Driver+1"],"picked":"Defragment","floor":37},{"not_picked":["Rebound+1","White Noise"],"picked":"Glacier+1","floor":39},{"not_picked":["Genetic Algorithm","Streamline+1","Scrape+1"],"picked":"SKIP","floor":41},{"not_picked":["Leap+1","Amplify"],"picked":"Ball Lightning+1","floor":45},{"not_picked":["Redo","Barrage+1"],"picked":"Capacitor+1","floor":46},{"not_picked":["BootSequence+1","Sweeping Beam+1"],"picked":"Coolheaded","floor":47},{"not_picked":["Conserve Battery","Consume","Reinforced Body"],"picked":"SKIP","floor":48},{"not_picked":["Darkness","Streamline+1"],"picked":"Compile Driver+1","floor":55}],"player_experience":960289,"relics_obtained":[{"floor":6,"key":"StrikeDummy"},{"floor":8,"key":"Molten Egg 2"},{"floor":9,"key":"The Courier"},{"floor":24,"key":"DataDisk"},{"floor":26,"key":"PreservedInsect"},{"floor":27,"key":"Boot"},{"floor":32,"key":"Darkstone Periapt"},{"floor":39,"key":"Torii"},{"floor":40,"key":"Bag of Preparation"},{"floor":41,"key":"Frozen Egg 2"},{"floor":42,"key":"Smiling Mask"},{"floor":44,"key":"Letter Opener"},{"floor":45,"key":"Bag of Marbles"},{"floor":48,"key":"Nunchaku"},{"floor":49,"key":"Orichalcum"},{"floor":53,"key":"Shuriken"},{"floor":55,"key":"Centennial Puzzle"}],"event_choices":[{"cards_removed":["Strike_B"],"damage_healed":0,"gold_gain":0,"player_choice":"Card Removal","damage_taken":7,"max_hp_gain":0,"max_hp_loss":0,"event_name":"Golden Wing","floor":4,"gold_loss":0},{"damage_healed":0,"gold_gain":0,"cards_transformed":["Defend_B"],"player_choice":"Change","damage_taken":0,"max_hp_gain":0,"max_hp_loss":0,"event_name":"Living Wall","floor":5,"gold_loss":0,"cards_obtained":["Conserve Battery"]},{"damage_healed":0,"gold_gain":275,"player_choice":"Desecrate","damage_taken":0,"max_hp_gain":0,"max_hp_loss":0,"event_name":"Golden Shrine","floor":11,"gold_loss":0,"cards_obtained":["Regret"]},{"damage_healed":0,"gold_gain":30,"player_choice":"Searched \u00273\u0027 times","damage_taken":0,"relics_obtained":["Bird Faced Urn"],"max_hp_gain":0,"max_hp_loss":0,"event_name":"Dead Adventurer","floor":14,"gold_loss":0},{"damage_healed":0,"gold_gain":0,"cards_transformed":["Strike_B","Defend_B"],"player_choice":"Became Test Subject","damage_taken":0,"max_hp_gain":0,"max_hp_loss":0,"event_name":"Drug Dealer","floor":20,"gold_loss":0,"cards_obtained":["Multi-Cast","Chill"]},{"damage_healed":0,"gold_gain":0,"player_choice":"Joined the Cult","damage_taken":6,"max_hp_gain":0,"max_hp_loss":0,"event_name":"Nest","floor":21,"gold_loss":0,"cards_obtained":["RitualDagger"]},{"damage_healed":0,"gold_gain":0,"player_choice":"Ignored","damage_taken":0,"max_hp_gain":0,"max_hp_loss":0,"event_name":"Ghosts","floor":22,"gold_loss":0},{"damage_healed":0,"gold_gain":0,"player_choice":"Ignored","damage_taken":0,"max_hp_gain":0,"max_hp_loss":0,"event_name":"Tomb of Lord Red Mask","floor":36,"gold_loss":0},{"cards_removed":["Rebound"],"damage_healed":0,"gold_gain":0,"player_choice":"Removed Attack","damage_taken":0,"max_hp_gain":0,"max_hp_loss":0,"event_name":"Falling","floor":38,"gold_loss":0},{"damage_healed":0,"gold_gain":0,"player_choice":"Fight","damage_taken":0,"max_hp_gain":0,"max_hp_loss":0,"event_name":"MindBloom","floor":39,"gold_loss":0}],"is_beta":false,"boss_relics":[{"not_picked":["Sozu","Empty Cage"],"picked":"SlaversCollar"},{"not_picked":["Busted Crown","Philosopher\u0027s Stone"],"picked":"Coffee Dripper"}],"items_purged_floors":[12,54],"is_endless":false,"potions_floor_spawned":[1,10,13,14,18,27,31,33,41,45,48],"ascension_level":20}}