{"host":"u0qetpmu4y58k1tf","time":1613792425,"event":{"mods":["100% Spire Juice","AchievementEnabler","Act Like it!","BaseMod","CapriCore","Colored Map","Colored Powertips","Hermit","Koishi","Marisa£¨Ùöéë¡¡Øª×âÞÞ£©","Minty Spire (QoL Compilation)","Quick Restart","Reliquary","Replay The Spire","StSLib","Td1madao Mod","The Bug Knight","The Cursed","The Dragon Tamer","The Gatherer","The Hierophant","The Immortal","The Jungle","The Runesmith","WarShipGirlsR/??á´Ò³R mod"],"gold_per_floor":[119,119,132,132,57,57,100,100,100,100,140,156,180,195,195,320,320,343,357,357,357,372,408,408,441,466,6,27,47,90,113,113,237,237,261,105,405,420,753,785,785,820,870,898,913,170,195,45,45,45,45,45,12,45,45],"floor_reached":56,"language":"KOR","playtime":3233,"items_purged":["Defend_B","Defend_B","Strike_B+1","Defend_B+1"],"score":1937,"play_id":"6e361255-761a-4951-bb2d-ad0baeed416c","local_time":"20210220124025","is_ascension_mode":true,"campfire_choices":[{"data":"Zap","floor":6.0,"key":"SMITH"},{"data":"Dualcast","floor":8.0,"key":"SMITH"},{"floor":15.0,"key":"REST"},{"data":"Creative AI","floor":24,"key":"SMITH"},{"floor":32,"key":"DIG"},{"floor":41,"key":"RECALL"},{"data":"Madness","floor":49,"key":"SMITH"},{"data":"Amplify","floor":52,"key":"SMITH"}],"circlet_count":0,"master_deck":["Zap+1","Dualcast+1","Go for the Eyes+1","Panic Button","Machine Learning+1","Defragment","Turbo","Creative AI+1","Crystallizer","ReplayTheSpireMod:GoodbyeWorld","Heatsinks","Self Repair","Force Field","FIFO Queue+1","Scrape","Runesmith:RuneHurl+1","Gatherer:FlowerShield+1","Reboot","Moonworks:CrystalBarrier+1","Warcry","Koishi:JumpScare","Mayhem","Gatherer:ScherryThrow+1","Hello World","Hello World","Madness+1","Amplify+1","Beam Cell+1","rmod:overbreakdown+1"],"relics":["Cracked Core","NeowsBlessing","Replay:Rubber Ducky","Matryoshka","Simple Rune","Tiny Chest","HollowMod:PaleOreRelic","reliquary:RedCape","theJungle:SpiritDisease","theJungle:BirthdayCakeSlice","reliquary:TatteredRug","reliquary:Sod","DataDisk","Spirit Poop","PrismaticShard","Gremlin Food","ReplayTheSpireMod:Shallot","reliquary:ThirdArm","reliquary:RoseTintedGlasses","Old Coin","Replay:Wax Seal","Akabeko","ReplayTheSpireMod:Lightbulb","Guide Book","Oddly Smooth Stone","Ancient Tea Set","reliquary:Spinner"],"acts_visited":["Exordium","Exordium","TheBeyond","TheEnding"],"potions_floor_usage":[16,16,33,40,55,55],"damage_taken":[{"damage":0.0,"enemies":"Cultist","floor":1.0,"turns":1.0},{"damage":0.0,"enemies":"2 Louse","floor":3.0,"turns":1.0},{"damage":0.0,"enemies":"Lagavulin","floor":7.0,"turns":1.0},{"damage":31.0,"enemies":"Gremlin Nob","floor":11.0,"turns":4.0},{"damage":0.0,"enemies":"Jaw Worm","floor":12.0,"turns":2.0},{"damage":7.0,"enemies":"3 Louse","floor":14.0,"turns":3.0},{"damage":15,"enemies":"Slime Boss","floor":16,"turns":9},{"damage":9,"enemies":"theJungle:5_Spyders","floor":18,"turns":7},{"damage":13,"enemies":"theJungle:MUSHROOMGANG","floor":19,"turns":6},{"damage":0,"enemies":"theJungle:SlimyTreeVines","floor":22,"turns":6},{"damage":6,"enemies":"theJungle:Cassacara","floor":23,"turns":7},{"damage":0,"enemies":"theJungle:2_Phrogs","floor":25,"turns":7},{"damage":8,"enemies":"theJungle:2_Snecko_Cultists","floor":28,"turns":5},{"damage":0,"enemies":"theJungle:Lyon","floor":29,"turns":4},{"damage":0,"enemies":"theJungle:Cassacara","floor":30,"turns":5},{"damage":4,"enemies":"theJungle:Snecko_Cultist_And_Trap","floor":31,"turns":6},{"damage":0,"enemies":"theJungle:FunGuy","floor":33,"turns":7},{"damage":0,"enemies":"Orb Walker","floor":35,"turns":7},{"damage":0,"enemies":"3 Shapes","floor":38,"turns":4},{"damage":10,"enemies":"Nemesis","floor":40,"turns":9},{"damage":0,"enemies":"R_Hoarder","floor":42,"turns":8},{"damage":0,"enemies":"Giant Head","floor":44,"turns":8},{"damage":0,"enemies":"Spire Growth","floor":45,"turns":5},{"damage":30,"enemies":"Time Eater","floor":50,"turns":11},{"damage":21,"enemies":"Shield and Spear","floor":54,"turns":7},{"damage":17,"enemies":"The Heart","floor":55,"turns":10}],"seed_played":"-4431419106557349492","potions_obtained":[{"floor":7.0,"key":"Adrenaline Potion"},{"floor":11.0,"key":"Flashbang"},{"floor":12.0,"key":"Strength Potion"},{"floor":19,"key":"Fire Potion"},{"floor":22,"key":"FearPotion"},{"floor":28,"key":"Dexterity Potion"},{"floor":30,"key":"Swift Potion"},{"floor":33,"key":"Fire Potion"}],"is_trial":false,"path_per_floor":["M","?","M","?","$","R","E","R","T","?","E","M","T","M","R_BF","B",null,"M","M","?","?","M","E","R","E","T","$","M","M","E","M","R_BF","B",null,"M","$","T","M","?","E","R","E","T","E","M","$","T","$","R","B",null,"R","$","E","B",null],"character_chosen":"DEFECT","items_purchased":["PrismaticShard","Force Field","FIFO Queue+1","Scrape","reliquary:RoseTintedGlasses","Hello World","Guide Book","Madness","Oddly Smooth Stone","Amplify","Beam Cell+1"],"campfire_rested":1,"item_purchase_floors":[27,27,27,27,36,46,46,46,46,46,53],"current_hp_per_floor":[68,68,68,50,50,50,50,50,50,50,19,19,19,12,34,19,61,52,39,39,44,49,43,43,43,43,43,42,49,56,59,59,66,77,80,80,80,80,80,79,79,80,80,80,80,80,80,80,80,57,74,74,74,60,52],"gold":45,"neow_bonus":"THREE_ENEMY_KILL","is_daily":false,"chose_seed":false,"campfire_upgraded":5,"win_rate":0.0,"timestamp":1613792425,"path_taken":["M","?","M","?","?","R","E","R","T","?","E","?","?","M","R_BF","BOSS","M","M","?","?","?","E","R","E","T","$","M","M","E","M","R_BF","BOSS","M","$","?","?","?","E","R","E","T","E","M","?","?","$","R","BOSS","R","$","E","BOSS"],"items_purchased_type":["Relic","Card","Card","Card","Relic","Card","Relic","Card","Relic","Card","Card"],"build_version":"2020-12-22","purchased_purges":4,"victory":true,"max_hp_per_floor":[75,75,75,75,75,75,75,75,75,75,75,75,75,75,75,75,75,75,75,75,80,80,80,80,80,80,80,80,80,80,80,80,80,80,80,80,80,80,80,80,80,80,80,80,80,80,80,80,80,80,80,80,80,80,80],"card_choices":[{"not_picked":["BasicCrystalCard","Hologram"],"picked":"Go for the Eyes","floor":1.0},{"not_picked":["Leap","Multi-Cast"],"picked":"Panic Button","floor":3.0},{"not_picked":["Steam","BasicCrystalCard","Doom and Gloom"],"picked":"SKIP","floor":7.0},{"not_picked":["Chaos","Hologram"],"picked":"Machine Learning","floor":11.0},{"not_picked":["Hologram","Compile Driver"],"picked":"Defragment","floor":12.0},{"not_picked":["Redo","ReplaySort"],"picked":"Turbo","floor":14.0},{"not_picked":["Echo Form","ReplayRNGCard"],"picked":"Creative AI","floor":16},{"not_picked":["Barrage","Streamline+1"],"picked":"Crystallizer","floor":18},{"not_picked":["Streamline+1","Stack"],"picked":"ReplayTheSpireMod:GoodbyeWorld","floor":19},{"not_picked":["Stack","Streamline+1","Redo"],"picked":"SKIP","floor":22},{"not_picked":["Stack+1","Streamline"],"picked":"Heatsinks","floor":23},{"not_picked":["Glacier","Stack"],"picked":"Self Repair","floor":25},{"not_picked":["Gatherer:FruitForce","DTMod:Training+1","hermit:Shortfuse"],"picked":"SKIP","floor":28},{"not_picked":["MokouMod:ResonatingAura","Gatherer:FeelingFine"],"picked":"Runesmith:RuneHurl+1","floor":29},{"not_picked":["hermit:Coalescence","Moonworks:ForcedRevival"],"picked":"Gatherer:FlowerShield+1","floor":30},{"not_picked":["SporeBomb","MokouMod:SearingShot"],"picked":"Reboot","floor":31},{"not_picked":["hierophant:Invocation","Alpha"],"picked":"Moonworks:CrystalBarrier","floor":33},{"not_picked":["GalacticHalo","Protect+1"],"picked":"Warcry","floor":35},{"not_picked":["DTMod:Punisher+1","Dodge and Roll+1"],"picked":"Koishi:JumpScare","floor":38},{"not_picked":["Runesmith:Overpower","HollowMod:SoulEater"],"picked":"Mayhem","floor":40},{"not_picked":["Gatherer:BambuSword","Black Shadow","Outmaneuver"],"picked":"SKIP","floor":42},{"not_picked":["Koishi:PhantomBarrier+1","DTMod:Overwhelm+1","EnergyRecoil"],"picked":"SKIP","floor":44},{"not_picked":["TheCursedMod:PrepareRite+1","Riddle With Holes"],"picked":"Gatherer:ScherryThrow+1","floor":45},{"not_picked":["Moonworks:ImmovableObject","hierophant:FieryStrike+1"],"picked":"rmod:overbreakdown+1","floor":54}],"player_experience":170045,"relics_obtained":[{"floor":7.0,"key":"Replay:Rubber Ducky"},{"floor":9.0,"key":"Matryoshka"},{"floor":11.0,"key":"Simple Rune"},{"floor":13.0,"key":"Tiny Chest"},{"floor":13.0,"key":"HollowMod:PaleOreRelic"},{"floor":23,"key":"reliquary:TatteredRug"},{"floor":25,"key":"reliquary:Sod"},{"floor":26,"key":"DataDisk"},{"floor":26,"key":"Spirit Poop"},{"floor":30,"key":"Gremlin Food"},{"floor":32,"key":"ReplayTheSpireMod:Shallot"},{"floor":37,"key":"Old Coin"},{"floor":40,"key":"Replay:Wax Seal"},{"floor":42,"key":"Akabeko"},{"floor":44,"key":"ReplayTheSpireMod:Lightbulb"},{"floor":47,"key":"Ancient Tea Set"},{"floor":54,"key":"reliquary:Spinner"}],"event_choices":[{"cards_removed":["Strike_B"],"damage_healed":0.0,"max_hp_gain":0.0,"max_hp_loss":0.0,"gold_gain":0.0,"event_name":"Living Wall","player_choice":"Forget","floor":2.0,"gold_loss":0.0,"damage_taken":0.0},{"damage_healed":0.0,"max_hp_gain":0.0,"max_hp_loss":0.0,"gold_gain":0.0,"event_name":"Golden Idol","player_choice":"Take Damage","floor":4.0,"gold_loss":0.0,"damage_taken":18.0,"relics_obtained":["Golden Idol"]},{"damage_healed":0.0,"max_hp_gain":0.0,"max_hp_loss":0.0,"gold_gain":0.0,"event_name":"Upgrade Shrine","player_choice":"Upgraded","floor":10.0,"gold_loss":0.0,"damage_taken":0.0,"cards_upgraded":["Go for the Eyes"]},{"damage_healed":0,"gold_gain":333,"player_choice":"Gave Idol","damage_taken":0,"max_hp_gain":0,"max_hp_loss":0,"event_name":"The Moai Head","floor":39,"relics_lost":["Golden Idol"],"gold_loss":0}],"is_beta":false,"boss_relics":[{"not_picked":["Kintsugi","FrozenCore"],"picked":"reliquary:RedCape"},{"not_picked":["Coffee Dripper","ReplayTheSpireMod:DimensionalGlitch"],"picked":"reliquary:ThirdArm"}],"items_purged_floors":[5,27,46,48],"is_endless":false,"potions_floor_spawned":[7,11,12,19,22,28,30,33,35,38],"ascension_level":7}}