{"host":"92108ef2q9tm8rod","time":1613786400,"event":{"mods":["BaseMod","Defuse TimeMaze Blight","Minty Spire (QoL Compilation)","StSLib","The Jungle"],"gold_per_floor":[112,130,150,75,150,183,209,209,235,235,269,299,299,199,199,304,304,316,334,131,146,146,179,210,210,263,281,117,142,142,154,154,252,252,272,290,290,337,387,387,415,430,430,430,142,142,142,176,176,176],"floor_reached":51,"language":"ENG","playtime":2818,"items_purged":["PiercingWail","PiercingWail","Backflip"],"score":1262,"play_id":"f9e0dec8-6324-456a-bb5c-73cbecaf3b0c","local_time":"20210220020000","daily_mods":["SealedDeck","Colorless Cards","Heirloom","Flight"],"is_ascension_mode":false,"campfire_choices":[{"data":"Noxious Fumes","floor":8.0,"key":"SMITH"},{"data":"Panacea","floor":10.0,"key":"SMITH"},{"data":"Catalyst","floor":13.0,"key":"SMITH"},{"data":"Deadly Poison","floor":15.0,"key":"SMITH"},{"data":"Noxious Fumes","floor":25,"key":"SMITH"},{"data":"Noxious Fumes","floor":30,"key":"SMITH"},{"data":"Finesse","floor":32,"key":"SMITH"},{"data":"Good Instincts","floor":40,"key":"SMITH"},{"data":"Leg Sweep","floor":44,"key":"SMITH"},{"data":"Escape Plan","floor":46,"key":"SMITH"},{"data":"1","floor":47,"key":"LIFT"},{"data":"2","floor":49,"key":"LIFT"}],"circlet_count":0,"master_deck":["Backstab","Flash of Steel+1","Flash of Steel+1","Leg Sweep+1","Good Instincts+1","Deadly Poison+1","Noxious Fumes+1","Panacea+1","Escape Plan+1","Catalyst+1","Noxious Fumes+1","Noxious Fumes+1","Finesse+1"],"relics":["Ring of the Snake","Girya","Oddly Smooth Stone","Blood Vial","Tiny Chest","White Beast Statue","Blue Candle","Busted Crown","Mercury Hourglass","Unceasing Top","Ancient Tea Set","Lantern","Black Star","Vajra","Tingsha","StoneCalendar","Letter Opener","Ninja Scroll","TwistedFunnel","Whetstone","Bottled Tornado","HornCleat"],"acts_visited":["Exordium","Exordium","TheBeyond"],"potions_floor_usage":[24,33,39,42,48,50,50],"damage_taken":[{"damage":0.0,"enemies":"Cultist","floor":1.0,"turns":3.0},{"damage":0.0,"enemies":"Small Slimes","floor":2.0,"turns":2.0},{"damage":0.0,"enemies":"Jaw Worm","floor":3.0,"turns":3.0},{"damage":1.0,"enemies":"Gremlin Nob","floor":6.0,"turns":4.0},{"damage":0.0,"enemies":"Lagavulin","floor":7.0,"turns":6.0},{"damage":0.0,"enemies":"3 Sentries","floor":11.0,"turns":6.0},{"damage":0.0,"enemies":"Gremlin Nob","floor":12.0,"turns":4.0},{"damage":0.0,"enemies":"Hexaghost","floor":16.0,"turns":5.0},{"damage":0.0,"enemies":"theJungle:GiantWrat","floor":18.0,"turns":3.0},{"damage":0.0,"enemies":"Shell Parasite","floor":19.0,"turns":3.0},{"damage":0.0,"enemies":"theJungle:Snecko_Cultist_And_Trap","floor":21.0,"turns":6.0},{"damage":0,"enemies":"theJungle:MamaSnecko","floor":23,"turns":4},{"damage":0,"enemies":"theJungle:Cassacara","floor":24,"turns":4},{"damage":0,"enemies":"theJungle:2_Snecko_Cultists","floor":27,"turns":4},{"damage":0,"enemies":"theJungle:MamaSnecko","floor":29,"turns":4},{"damage":0,"enemies":"theJungle:Lyon","floor":31,"turns":3},{"damage":0,"enemies":"theJungle:QueenSpyder","floor":33,"turns":3},{"damage":5,"enemies":"Orb Walker","floor":35,"turns":3},{"damage":0,"enemies":"3 Shapes","floor":36,"turns":4},{"damage":0,"enemies":"Mind Bloom Boss Battle","floor":39,"turns":4},{"damage":0,"enemies":"Reptomancer","floor":41,"turns":5},{"damage":0,"enemies":"Spire Growth","floor":42,"turns":3},{"damage":0,"enemies":"Giant Head","floor":48,"turns":4},{"damage":0,"enemies":"Awakened One","floor":50,"turns":8}],"seed_played":"-594655569780746299","potions_obtained":[{"floor":3.0,"key":"Block Potion"},{"floor":7.0,"key":"LiquidBronze"},{"floor":12.0,"key":"BlessingOfTheForge"},{"floor":16.0,"key":"CunningPotion"},{"floor":18.0,"key":"SpeedPotion"},{"floor":19.0,"key":"SkillPotion"},{"floor":24,"key":"Poison Potion"},{"floor":27,"key":"EssenceOfSteel"},{"floor":33,"key":"BlessingOfTheForge"},{"floor":35,"key":"LiquidMemories"},{"floor":39,"key":"SteroidPotion"},{"floor":42,"key":"DuplicationPotion"},{"floor":48,"key":"Block Potion"}],"is_trial":true,"path_per_floor":["M","M","M","$","?","E","E","R","T","R","E","E","R","$","R","B",null,"M","M","$","M","?","E","E","R","T","M","$","E","R","M","R","B",null,"M","M","?","T","?","R","E","M","T","R","$","R","R","E","R","B",null],"character_chosen":"THE_SILENT","items_purchased":["Noxious Fumes","Noxious Fumes","Finesse","TwistedFunnel","Whetstone"],"campfire_rested":0,"item_purchase_floors":[20,28,28,45,45],"current_hp_per_floor":[70,70,70,70,63,62,62,62,62,62,64,66,66,66,66,68,70,70,70,70,70,70,70,70,70,70,70,70,70,70,70,70,70,70,65,67,67,67,69,69,70,70,70,70,70,70,70,70,70,70],"gold":176,"neow_bonus":"","is_daily":false,"chose_seed":false,"campfire_upgraded":10,"win_rate":0.0,"timestamp":1613786400,"path_taken":["M","M","?","$","?","E","E","R","T","R","E","E","R","?","R","BOSS","M","M","$","M","?","E","E","R","T","M","$","E","R","M","R","BOSS","M","M","?","?","?","R","E","M","T","R","$","R","R","E","R","BOSS"],"items_purchased_type":["Card","Card","Card","Relic","Relic"],"build_version":"2020-12-22","purchased_purges":3,"victory":true,"max_hp_per_floor":[70,70,70,70,70,70,70,70,70,70,70,70,70,70,70,70,70,70,70,70,70,70,70,70,70,70,70,70,70,70,70,70,70,70,70,70,70,70,70,70,70,70,70,70,70,70,70,70,70,70],"card_choices":[{"not_picked":["Sucker Punch","Flying Knee","Dagger Spray"],"picked":"SKIP","floor":1.0},{"not_picked":["Crippling Poison","Dagger Spray"],"picked":"Panacea","floor":2.0},{"not_picked":["Good Instincts","Heel Hook"],"picked":"Escape Plan","floor":3.0},{"not_picked":["Backflip","Deflect","Acrobatics"],"picked":"SKIP","floor":6.0},{"not_picked":["Blade Dance","Caltrops","Malaise"],"picked":"SKIP","floor":7.0},{"not_picked":["Sucker Punch","Backstab"],"picked":"Catalyst","floor":11.0},{"not_picked":["Bane","Slice","Deadly Poison"],"picked":"SKIP","floor":12.0},{"not_picked":["Well Laid Plans"],"picked":"SKIP","floor":18.0},{"not_picked":["Dagger Spray+1"],"picked":"SKIP","floor":19.0},{"not_picked":["Discovery+1"],"picked":"SKIP","floor":21.0},{"not_picked":["Terror"],"picked":"SKIP","floor":23},{"not_picked":["Swift Strike+1"],"picked":"SKIP","floor":24},{"not_picked":["Prepared"],"picked":"SKIP","floor":27},{"not_picked":["Outmaneuver"],"picked":"SKIP","floor":29},{"not_picked":["Quick Slash"],"picked":"SKIP","floor":31},{"not_picked":["Deflect+1"],"picked":"SKIP","floor":35},{"not_picked":["Deadly Poison+1"],"picked":"SKIP","floor":36},{"not_picked":["Secret Weapon"],"picked":"SKIP","floor":41},{"not_picked":["PiercingWail+1"],"picked":"SKIP","floor":42},{"not_picked":["Bane"],"picked":"SKIP","floor":48}],"player_experience":3437499,"relics_obtained":[{"floor":6.0,"key":"Oddly Smooth Stone"},{"floor":7.0,"key":"Blood Vial"},{"floor":9.0,"key":"Tiny Chest"},{"floor":11.0,"key":"White Beast Statue"},{"floor":12.0,"key":"Blue Candle"},{"floor":23,"key":"Mercury Hourglass"},{"floor":24,"key":"Unceasing Top"},{"floor":26,"key":"Ancient Tea Set"},{"floor":29,"key":"Lantern"},{"floor":38,"key":"Vajra"},{"floor":39,"key":"Tingsha"},{"floor":41,"key":"StoneCalendar"},{"floor":41,"key":"Letter Opener"},{"floor":43,"key":"Ninja Scroll"},{"floor":48,"key":"Bottled Tornado"},{"floor":48,"key":"HornCleat"}],"event_choices":[{"damage_healed":0.0,"max_hp_gain":0.0,"max_hp_loss":0.0,"gold_gain":75.0,"event_name":"FaceTrader","player_choice":"Touch","floor":5.0,"gold_loss":0.0,"damage_taken":7.0},{"damage_healed":0,"gold_gain":0,"player_choice":"Ignored","damage_taken":0,"max_hp_gain":0,"max_hp_loss":0,"event_name":"Tomb of Lord Red Mask","floor":37,"gold_loss":0},{"damage_healed":0,"gold_gain":0,"player_choice":"Fight","damage_taken":0,"max_hp_gain":0,"max_hp_loss":0,"event_name":"MindBloom","floor":39,"gold_loss":0}],"is_beta":false,"boss_relics":[{"not_picked":["Cursed Key","Ring of the Serpent"],"picked":"Busted Crown"},{"not_picked":["HoveringKite","Astrolabe"],"picked":"Black Star"}],"items_purged_floors":[4,14,20],"is_endless":false,"potions_floor_spawned":[3,7,12,16,18,19,21,23,24,27,29,31,33,35,36,39,41,42,48],"ascension_level":0}}