{"host":"s41rn2jhghpwfrvz","time":1613795034,"event":{"mods":["BaseMod","Minty Spire (QoL Compilation)","Quick Restart","Relic Stats","SuperFastMode"],"gold_per_floor":[112,187,203,203,215,244,244,244],"floor_reached":7,"language":"ENG","playtime":241,"items_purged":[],"score":102,"play_id":"7c32ea7c-444d-4c58-8291-5459f331a485","local_time":"20210220062354","daily_mods":["SealedDeck","Diverse","DeadlyEvents"],"is_ascension_mode":true,"campfire_choices":[],"circlet_count":0,"master_deck":["AscendersBane","Wallop","Hologram","Warcry","Hologram","Blade Dance","Endless Agony","Acrobatics","Whirlwind","Pummel","PiercingWail","Burning Pact"],"relics":["Burning Blood","Art of War"],"acts_visited":["Exordium"],"potions_floor_usage":[],"damage_taken":[{"damage":7,"enemies":"Small Slimes","floor":1,"turns":3},{"damage":0,"enemies":"Jaw Worm","floor":3,"turns":3},{"damage":0,"enemies":"Cultist","floor":5,"turns":3},{"damage":57,"enemies":"Lagavulin","floor":6,"turns":9},{"damage":24,"enemies":"3 Sentries","floor":7,"turns":2}],"seed_played":"7972268536557153136","potions_obtained":[],"is_trial":true,"path_per_floor":["M","?","M","?","M","E","E"],"character_chosen":"IRONCLAD","items_purchased":[],"campfire_rested":0,"item_purchase_floors":[],"current_hp_per_floor":[67,56,62,62,68,17,0,0],"gold":244,"neow_bonus":"","is_daily":false,"chose_seed":false,"campfire_upgraded":0,"win_rate":0.0,"timestamp":1613795034,"path_taken":["M","?","M","?","M","E","?"],"items_purchased_type":[],"build_version":"2020-12-22","purchased_purges":0,"victory":false,"max_hp_per_floor":[75,75,75,75,75,75,75,75],"relic_stats":{"counters":[5,20],"Art of War":[1],"obtain_stats":[{"Art of War":6,"Burning Blood":0},{"Art of War":4,"Burning Blood":0},{"Art of War":18,"Burning Blood":0}],"Burning Blood":24},"card_choices":[{"not_picked":["Reckless Charge","Flying Knee","ForeignInfluence"],"picked":"SKIP","floor":1},{"not_picked":["Weave","Dagger Throw"],"picked":"Burning Pact","floor":3},{"not_picked":["Redo","Cloak And Dagger","Dodge and Roll"],"picked":"SKIP","floor":5},{"not_picked":["WindmillStrike","Pray","Footwork"],"picked":"SKIP","floor":6}],"player_experience":1942809,"relics_obtained":[{"floor":6,"key":"Art of War"}],"event_choices":[{"damage_healed":0,"gold_gain":75,"player_choice":"Gather Gold","damage_taken":11,"max_hp_gain":0,"max_hp_loss":0,"event_name":"World of Goop","floor":2,"gold_loss":0},{"damage_healed":0,"gold_gain":0,"player_choice":"0 cards matched","damage_taken":0,"max_hp_gain":0,"max_hp_loss":0,"event_name":"Match and Keep!","floor":4,"gold_loss":0,"cards_obtained":[]}],"is_beta":false,"boss_relics":[],"items_purged_floors":[],"is_endless":false,"potions_floor_spawned":[],"killed_by":"3 Sentries","ascension_level":20}}