{"host":"s9znsjs818tlhh47","time":1613797879,"event":{"mods":["2.2 Compatiblity","ATMod(°¢èªMod)","AchievementEnabler","Act Like it!","Arknights","BaseMod","Better Note","Better Skull","Better Third Choice","Better Vampires","Bossed Relics","Card Forge","Colored Powertips","Force Act Four","Minty Spire (QoL Compilation)","Permanent Neow","Quick Restart","StSLib","¡¾¹¦ÄÜMod¡¿»ìãçÖ®»·ÐÞ¸´²¹¶¡","¡¾ÒÅÎï¿¨ÅÆ¡¿REMEMod"],"gold_per_floor":[110,110,6,6,6,37,37,53,53,87,162,192,192,192,192,192,192],"floor_reached":16,"language":"ZHS","playtime":522,"items_purged":["Strike_B"],"score":278,"play_id":"8b82731e-80f9-4849-835d-aaf4904512e1","local_time":"20210220001119","is_ascension_mode":true,"campfire_choices":[{"data":"Chill","floor":7,"key":"SMITH"},{"floor":13,"key":"REST"},{"floor":15,"key":"REST"}],"circlet_count":0,"master_deck":["AscendersBane","Strike_B","Defend_B","Defend_B","Defend_B+1","Defend_B+1","Zap+1","Dualcast+1","Creative AI+1","AT_ThunderBolt+1","Barrage+1","Sweeping Beam+1","AT_ThreeBodyProblem+1","Chill+1","AT_WarpDrive+1","Gash+1"],"relics":["Cracked Core","Hammer of Thor","Seething Fire","Anvil of the Gods","REME_ComplimentaryCards","AT_ATBox","NeowsBlessing","AT_SpeedBoots","Happy Flower","War Paint","Letter Opener","REME_HourglassOfDeath","Bottled Tornado"],"acts_visited":[],"potions_floor_usage":[],"damage_taken":[{"damage":0,"enemies":"2 Louse","floor":1,"turns":1},{"damage":0,"enemies":"Gremlin Nob","floor":6,"turns":1},{"damage":0,"enemies":"Jaw Worm","floor":8,"turns":1},{"damage":24,"enemies":"3 Sentries","floor":10,"turns":5},{"damage":16,"enemies":"Lagavulin","floor":12,"turns":8},{"damage":51,"enemies":"Hexaghost","floor":16,"turns":4}],"seed_played":"102452637677521523","potions_obtained":[{"floor":8,"key":"BlessingOfTheForge"}],"is_trial":false,"path_per_floor":["M","?","$","?","?","E","R","M","T","E","?","E","R","T","R","B"],"character_chosen":"DEFECT","items_purchased":["Sweeping Beam"],"campfire_rested":2,"item_purchase_floors":[3],"current_hp_per_floor":[64,64,64,57,57,57,57,57,57,33,22,6,27,27,48,0,0],"gold":192,"neow_bonus":"THREE_ENEMY_KILL","is_daily":false,"chose_seed":false,"campfire_upgraded":1,"win_rate":0.0,"timestamp":1613797879,"path_taken":["M","?","$","?","?","E","R","?","T","E","?","E","R","?","R","BOSS"],"items_purchased_type":["Card"],"build_version":"2020-12-22","purchased_purges":1,"victory":false,"max_hp_per_floor":[71,71,71,71,71,71,71,71,71,71,71,71,71,71,71,71,71],"card_choices":[{"not_picked":["Go for the Eyes","Ball Lightning"],"picked":"AT_ThunderBolt","floor":1},{"not_picked":["Sweeping Beam","Turbo"],"picked":"Chill","floor":6},{"not_picked":["Conserve Battery","Sweeping Beam","Chill"],"picked":"SKIP","floor":8},{"not_picked":["Gash","Sweeping Beam"],"picked":"AT_WarpDrive","floor":10},{"not_picked":["Leap","AT_WarpDrive"],"picked":"Gash","floor":12}],"player_experience":338413,"relics_obtained":[{"floor":6,"key":"Happy Flower"},{"floor":9,"key":"War Paint"},{"floor":10,"key":"Letter Opener"},{"floor":12,"key":"REME_HourglassOfDeath"},{"floor":14,"key":"Bottled Tornado"}],"event_choices":[{"damage_healed":0,"gold_gain":0,"cards_transformed":["Strike_B"],"player_choice":"Change","damage_taken":0,"max_hp_gain":0,"max_hp_loss":0,"event_name":"Living Wall","floor":2,"gold_loss":0,"cards_obtained":["Barrage"]},{"cards_removed":["Strike_B"],"damage_healed":0,"gold_gain":0,"player_choice":"Card Removal","damage_taken":7,"max_hp_gain":0,"max_hp_loss":0,"event_name":"Golden Wing","floor":4,"gold_loss":0},{"cards_removed":["AT_ThreeBodyProblem"],"damage_healed":0,"gold_gain":0,"player_choice":"Gave Card","damage_taken":0,"relics_obtained":["AT_SpeedBoots"],"max_hp_gain":0,"max_hp_loss":0,"event_name":"WeMeetAgain","floor":5,"gold_loss":0},{"damage_healed":0,"gold_gain":75,"player_choice":"Gold","damage_taken":11,"max_hp_gain":0,"max_hp_loss":0,"event_name":"betterThird:BetterGoop","floor":11,"gold_loss":0}],"is_beta":false,"boss_relics":[],"items_purged_floors":[3],"is_endless":false,"potions_floor_spawned":[8],"killed_by":"Hexaghost","ascension_level":20}}