{"host":"8rqsnaeml9gxb0kp","time":1613796624,"event":{"mods":["AchievementEnabler","BaseMod","Colored Powertips","Dark Map","Minty Spire (QoL Compilation)","Rare Cards Sparkle","Relic Stats","StSLib","slay the spire mod where everything is the same but ironclad has a cowboy hat"],"gold_per_floor":[139,172,207,239,278,278,312,343,343,391,391,426,16,16,16,120,120,102,116,44,44,44,44,74,74,74,86,139,179,94,0,0,97,97,113,113,163,177,177,177,202,234,234,271,289,289,324,96,96,96],"floor_reached":51,"language":"ENG","playtime":2760,"items_purged":[],"score":922,"play_id":"abe216ec-3c11-45b4-ae29-6339c2db6508","local_time":"20210219205024","is_ascension_mode":true,"campfire_choices":[{"data":"Echo Form","floor":6.0,"key":"SMITH"},{"floor":11.0,"key":"REST"},{"data":"Transmutation","floor":15.0,"key":"SMITH"},{"data":"Multi-Cast","floor":23.0,"key":"SMITH"},{"data":"Blizzard","floor":25.0,"key":"SMITH"},{"data":"Biased Cognition","floor":32.0,"key":"SMITH"},{"data":"Defragment","floor":40.0,"key":"SMITH"},{"floor":46.0,"key":"REST"},{"data":"Biased Cognition","floor":49.0,"key":"SMITH"}],"circlet_count":0,"master_deck":["Defend_B","Defend_B","Defend_B","Defend_B","Zap","Dualcast","HandOfGreed","Genetic Algorithm","Sweeping Beam","Glacier","Echo Form+1","Self Repair","Auto Shields","Glacier","Capacitor","Blizzard+1","Transmutation+1","Biased Cognition+1","Multi-Cast+1","Redo+1","Doom and Gloom","Biased Cognition+1","Coolheaded+1","Multi-Cast+1","Recycle+1","Rainbow+1","Doom and Gloom+1","Static Discharge+1","Machine Learning+1","Cold Snap+1","Defragment+1","Consume+1","Darkness+1","Barrage+1","Hologram+1","Transmutation+1"],"relics":["FrozenCore","Symbiotic Virus","Cables","Nunchaku","Chemical X","Anchor","Toxic Egg 2","Dead Branch","Pantograph","Gremlin Horn","Incense Burner","Astrolabe","Mango","Potion Belt","Ice Cream","PreservedInsect"],"acts_visited":["Exordium","TheCity","TheBeyond"],"potions_floor_usage":[],"damage_taken":[{"damage":1.0,"enemies":"Cultist","floor":1.0,"turns":3.0},{"damage":4.0,"enemies":"Small Slimes","floor":2.0,"turns":3.0},{"damage":0.0,"enemies":"Jaw Worm","floor":3.0,"turns":3.0},{"damage":0.0,"enemies":"2 Fungi Beasts","floor":4.0,"turns":2.0},{"damage":0.0,"enemies":"3 Louse","floor":5.0,"turns":2.0},{"damage":9.0,"enemies":"Lagavulin","floor":7.0,"turns":7.0},{"damage":2.0,"enemies":"Large Slime","floor":8.0,"turns":5.0},{"damage":16.0,"enemies":"Gremlin Nob","floor":10.0,"turns":3.0},{"damage":0.0,"enemies":"Looter","floor":12.0,"turns":3.0},{"damage":28.0,"enemies":"Hexaghost","floor":16.0,"turns":4.0},{"damage":12.0,"enemies":"2 Thieves","floor":18.0,"turns":5.0},{"damage":4.0,"enemies":"Shell Parasite","floor":19.0,"turns":3.0},{"damage":0.0,"enemies":"Book of Stabbing","floor":24.0,"turns":8.0},{"damage":4.0,"enemies":"3 Cultists","floor":27.0,"turns":5.0},{"damage":8.0,"enemies":"Gremlin Leader","floor":28.0,"turns":8.0},{"damage":9.0,"enemies":"Centurion and Healer","floor":29.0,"turns":11.0},{"damage":23.0,"enemies":"Automaton","floor":33.0,"turns":11.0},{"damage":11.0,"enemies":"3 Darklings","floor":35.0,"turns":3.0},{"damage":0.0,"enemies":"Mind Bloom Boss Battle","floor":37.0,"turns":8.0},{"damage":4.0,"enemies":"Orb Walker","floor":38.0,"turns":3.0},{"damage":9.0,"enemies":"Nemesis","floor":42.0,"turns":3.0},{"damage":12.0,"enemies":"4 Shapes","floor":44.0,"turns":4.0},{"damage":3.0,"enemies":"Maw","floor":45.0,"turns":4.0},{"damage":2.0,"enemies":"Sphere and 2 Shapes","floor":47.0,"turns":3.0},{"damage":11,"enemies":"Time Eater","floor":50,"turns":4}],"seed_played":"-2731401511277059020","potions_obtained":[{"floor":1.0,"key":"DuplicationPotion"},{"floor":4.0,"key":"BlessingOfTheForge"},{"floor":10.0,"key":"Ancient Potion"},{"floor":16.0,"key":"Fire Potion"},{"floor":19.0,"key":"Weak Potion"},{"floor":28.0,"key":"ColorlessPotion"},{"floor":33.0,"key":"SpeedPotion"},{"floor":37.0,"key":"Fire Potion"},{"floor":45.0,"key":"FearPotion"}],"is_trial":false,"path_per_floor":["M","M","M","M","M","R","E","M","T","E","R","M","$","?","R","B",null,"M","M","$","?","T","R","E","R","T","M","E","M","?","?","R","B",null,"M","?","?","M","?","R","T","E","T","M","M","R","M","$","R","B",null],"character_chosen":"DEFECT","items_purchased":["Chemical X","Blizzard","Transmutation","Doom and Gloom","Transmutation+1","Fire Potion"],"campfire_rested":2,"item_purchase_floors":[13,13,13,20,48,48],"current_hp_per_floor":[53,49,49,49,49,49,40,38,38,29,51,58,58,58,58,30,75,70,66,66,66,66,66,66,66,66,72,75,73,73,73,73,59,75,74,74,89,85,85,85,85,76,76,64,61,87,85,85,85,78],"gold":96,"neow_bonus":"RANDOM_COLORLESS_2","is_daily":false,"chose_seed":false,"campfire_upgraded":7,"win_rate":0.0,"timestamp":1613796624,"path_taken":["M","M","M","M","M","R","E","M","T","E","R","?","$","?","R","BOSS","M","M","$","?","?","R","E","R","T","M","E","M","?","?","R","BOSS","M","?","?","M","?","R","?","E","T","?","M","R","M","$","R","BOSS"],"items_purchased_type":["Relic","Card","Card","Card","Card","Potion"],"build_version":"2020-12-22","purchased_purges":0,"victory":true,"max_hp_per_floor":[75,75,75,75,75,75,75,75,75,75,75,75,75,75,75,75,75,75,75,75,75,75,75,75,75,75,75,75,75,75,75,75,75,75,75,75,89,89,89,89,89,89,89,89,89,89,89,89,89,89],"relic_stats":{"Nunchaku":[8],"Gremlin Horn":[10,10],"counters":[25,118],"Dead Branch":[66],"Pantograph":7,"Astrolabe":["Doom and Gloom","Static Discharge","Machine Learning"],"PreservedInsect":0,"Chemical X":[38],"obtain_stats":[{"Potion Belt":41,"Ice Cream":42,"Gremlin Horn":28,"Dead Branch":24,"Astrolabe":34,"Mango":37,"PreservedInsect":43,"Incense Burner":30,"Cables":9,"FrozenCore":17,"Nunchaku":10,"Anchor":21,"Pantograph":26,"Chemical X":13,"Toxic Egg 2":22,"Cracked Core":0,"Symbiotic Virus":7},{"Potion Belt":20,"Ice Cream":21,"Gremlin Horn":15,"Dead Branch":13,"Astrolabe":17,"Mango":19,"PreservedInsect":21,"Incense Burner":16,"Cables":7,"FrozenCore":10,"Nunchaku":8,"Anchor":12,"Pantograph":13,"Chemical X":9,"Toxic Egg 2":12,"Cracked Core":0,"Symbiotic Virus":6},{"Potion Belt":100,"Ice Cream":103,"Gremlin Horn":64,"Dead Branch":51,"Astrolabe":86,"Mango":97,"PreservedInsect":103,"Incense Burner":75,"Cables":25,"FrozenCore":35,"Nunchaku":28,"Anchor":43,"Pantograph":51,"Chemical X":31,"Toxic Egg 2":43,"Cracked Core":0,"Symbiotic Virus":20}],"FrozenCore":[37],"Cables":[93,4,35,54,0]},"card_choices":[{"not_picked":["Master of Strategy","Mayhem"],"picked":"HandOfGreed","floor":0.0},{"not_picked":["Hologram","Conserve Battery"],"picked":"Go for the Eyes","floor":1.0},{"not_picked":["Darkness","Streamline"],"picked":"Genetic Algorithm","floor":2.0},{"not_picked":["Stack","Lockon"],"picked":"Sweeping Beam","floor":3.0},{"not_picked":["Scrape","Cold Snap"],"picked":"Glacier","floor":4.0},{"not_picked":["Aggregate","Tempest"],"picked":"Echo Form","floor":5.0},{"not_picked":["White Noise","Loop"],"picked":"Self Repair","floor":7.0},{"not_picked":["Static Discharge","Hologram"],"picked":"Auto Shields","floor":8.0},{"not_picked":["Barrage","Gash"],"picked":"Glacier","floor":10.0},{"not_picked":["Compile Driver","Cold Snap"],"picked":"Capacitor","floor":12.0},{"not_picked":["Reboot","Amplify"],"picked":"Multi-Cast","floor":16.0},{"not_picked":["Skim","Genetic Algorithm+1"],"picked":"Redo+1","floor":18.0},{"not_picked":["Leap","Steam+1","Redo"],"picked":"SKIP","floor":19.0},{"not_picked":["Recycle+1","Conserve Battery+1"],"picked":"Biased Cognition","floor":24.0},{"not_picked":["Steam+1","Rip and Tear+1"],"picked":"Coolheaded+1","floor":27.0},{"not_picked":["Rebound","Stack+1"],"picked":"Multi-Cast+1","floor":28.0},{"not_picked":["Sweeping Beam","Steam Power+1"],"picked":"Recycle+1","floor":29.0},{"not_picked":["Creative AI","Machine Learning"],"picked":"Rainbow+1","floor":33.0},{"not_picked":["Stack+1","Force Field+1"],"picked":"Cold Snap+1","floor":35.0},{"not_picked":["Go for the Eyes+1","BootSequence+1"],"picked":"Defragment","floor":37.0},{"not_picked":["BootSequence+1","Capacitor","Gash"],"picked":"SKIP","floor":38.0},{"not_picked":["Rebound+1","Redo+1"],"picked":"Consume+1","floor":42.0},{"not_picked":["Cold Snap","Barrage"],"picked":"Darkness+1","floor":44.0},{"not_picked":["Leap+1","Gash+1"],"picked":"Barrage+1","floor":45.0},{"not_picked":["Rebound","Compile Driver"],"picked":"Hologram+1","floor":47.0}],"player_experience":291774,"relics_obtained":[{"floor":7.0,"key":"Symbiotic Virus"},{"floor":9.0,"key":"Cables"},{"floor":10.0,"key":"Nunchaku"},{"floor":22.0,"key":"Toxic Egg 2"},{"floor":24.0,"key":"Dead Branch"},{"floor":26.0,"key":"Pantograph"},{"floor":28.0,"key":"Gremlin Horn"},{"floor":37.0,"key":"Mango"},{"floor":41.0,"key":"Potion Belt"},{"floor":42.0,"key":"Ice Cream"},{"floor":43.0,"key":"PreservedInsect"}],"event_choices":[{"damage_healed":0.0,"max_hp_gain":0.0,"max_hp_loss":0.0,"gold_gain":0.0,"cards_transformed":["Strike_B"],"event_name":"Transmorgrifier","player_choice":"Transformed","floor":14.0,"gold_loss":0.0,"damage_taken":0.0,"cards_obtained":["Biased Cognition"]},{"damage_healed":0.0,"max_hp_gain":0.0,"max_hp_loss":0.0,"gold_gain":0.0,"event_name":"The Mausoleum","player_choice":"Opened","floor":21.0,"gold_loss":0.0,"damage_taken":0.0,"relics_obtained":["Anchor"]},{"damage_healed":0.0,"max_hp_gain":0.0,"max_hp_loss":0.0,"gold_gain":0.0,"event_name":"Addict","player_choice":"Obtained Relic","floor":30.0,"gold_loss":85.0,"damage_taken":0.0,"relics_obtained":["Incense Burner"]},{"damage_healed":0.0,"max_hp_gain":0.0,"max_hp_loss":0.0,"gold_gain":0.0,"event_name":"Masked Bandits","player_choice":"Paid Fearfully","floor":31.0,"gold_loss":94.0,"damage_taken":0.0},{"cards_removed":["Go for the Eyes"],"damage_healed":0.0,"max_hp_gain":0.0,"max_hp_loss":0.0,"gold_gain":0.0,"event_name":"Falling","player_choice":"Removed Attack","floor":36.0,"gold_loss":0.0,"damage_taken":0.0},{"damage_healed":0.0,"max_hp_gain":0.0,"max_hp_loss":0.0,"gold_gain":0.0,"event_name":"MindBloom","player_choice":"Fight","floor":37.0,"gold_loss":0.0,"damage_taken":0.0},{"damage_healed":0.0,"max_hp_gain":0.0,"max_hp_loss":0.0,"gold_gain":0.0,"event_name":"Tomb of Lord Red Mask","player_choice":"Ignored","floor":39.0,"gold_loss":0.0,"damage_taken":0.0}],"is_beta":false,"boss_relics":[{"not_picked":["Coffee Dripper","SlaversCollar"],"picked":"FrozenCore"},{"not_picked":["Nuclear Battery","Runic Dome"],"picked":"Astrolabe"}],"items_purged_floors":[],"is_endless":false,"potions_floor_spawned":[1,4,10,16,18,19,28,33,37,45],"ascension_level":4}}