{"host":"50qwps766cbz6ukm","time":1613827469,"event":{"mods":["BaseMod","Colored Map","Colored Powertips","DeckTracker","Highlight Path","Minty Spire (QoL Compilation)","Quick Restart","Remove Card Discount Mod","StSLib","SuperFastMode","Synergy Search"],"gold_per_floor":[114,102,119,119,66,96,96,96,122,122,156,175,17,36,36,166,166,186,186,200,221,24,24,65,65,144,144,144,144],"floor_reached":28,"language":"ENG","playtime":585,"items_purged":["Strike_P","Strike_P","Strike_P","Defend_P","Defend_P","Defend_P","Strike_P","Defend_P+1"],"score":488,"play_id":"3a4f4637-6200-442d-b974-735bc658598f","local_time":"20210220152429","is_ascension_mode":true,"campfire_choices":[{"data":"Eruption","floor":7,"key":"SMITH"},{"floor":10,"key":"REST"},{"data":"Adaptation","floor":15,"key":"SMITH"},{"floor":25,"key":"REST"},{"data":"Vigilance","floor":27,"key":"SMITH"}],"circlet_count":0,"master_deck":["Eruption+1","Vigilance+1","WreathOfFlame","Consecrate+1","FlurryOfBlows","Brilliance","Adaptation+1","DevaForm","LikeWater+1","Panache"],"relics":["PureWater","NeowsBlessing","Potion Belt","Golden Idol","Art of War","Pear","SacredBark","Calipers","Molten Egg 2"],"acts_visited":["Exordium","TheCity"],"potions_floor_usage":[16,16,16,16,16,21,24,28],"damage_taken":[{"damage":0,"enemies":"Cultist","floor":1,"turns":1},{"damage":0,"enemies":"Jaw Worm","floor":3,"turns":1},{"damage":0,"enemies":"3 Sentries","floor":6,"turns":1},{"damage":12,"enemies":"Gremlin Nob","floor":11,"turns":3},{"damage":2,"enemies":"Small Slimes","floor":12,"turns":2},{"damage":0,"enemies":"3 Louse","floor":14,"turns":3},{"damage":0,"enemies":"Hexaghost","floor":16,"turns":6},{"damage":16,"enemies":"Shell Parasite","floor":18,"turns":3},{"damage":16,"enemies":"3 Byrds","floor":20,"turns":5},{"damage":4,"enemies":"3 Cultists","floor":21,"turns":3},{"damage":13,"enemies":"Gremlin Leader","floor":24,"turns":4},{"damage":56,"enemies":"Book of Stabbing","floor":28,"turns":2}],"seed_played":"3245851684111595298","potions_obtained":[{"floor":6,"key":"EntropicBrew"},{"floor":14,"key":"Dexterity Potion"},{"floor":16,"key":"CultistPotion"},{"floor":21,"key":"Fruit Juice"},{"floor":24,"key":"AttackPotion"}],"is_trial":false,"path_per_floor":["M","$","M","?","$","E","R","?","T","R","E","M","$","M","R","B",null,"M","?","M","M","$","?","E","R","T","R","E"],"character_chosen":"WATCHER","items_purchased":["FlurryOfBlows","Brilliance","Panache"],"campfire_rested":2,"item_purchase_floors":[5,13,22],"current_hp_per_floor":[65,65,65,51,51,51,51,33,33,54,52,50,50,50,50,50,74,58,58,42,48,48,32,19,46,46,46,0,0],"gold":144,"neow_bonus":"THREE_ENEMY_KILL","is_daily":false,"chose_seed":false,"campfire_upgraded":3,"win_rate":0.0,"timestamp":1613827469,"path_taken":["M","$","?","?","$","E","R","?","T","R","E","M","$","M","R","BOSS","M","?","M","M","$","?","E","R","T","R","E"],"items_purchased_type":["Card","Card","Card"],"build_version":"2020-12-22","purchased_purges":8,"victory":false,"max_hp_per_floor":[72,72,72,72,72,72,72,72,72,72,82,82,82,82,82,82,82,82,82,82,92,92,92,92,92,92,92,92,92],"card_choices":[{"not_picked":["ThirdEye","EmptyFist"],"picked":"WreathOfFlame","floor":1},{"not_picked":["EmptyFist","EmptyBody"],"picked":"Consecrate","floor":3},{"not_picked":["Perseverance","CarveReality","BowlingBash"],"picked":"SKIP","floor":6},{"not_picked":["SignatureMove","SandsOfTime","Perseverance"],"picked":"SKIP","floor":11},{"not_picked":["ClearTheMind","DeceiveReality","ThirdEye"],"picked":"SKIP","floor":12},{"not_picked":["Wallop","ThirdEye"],"picked":"Adaptation","floor":14},{"not_picked":["ConjureBlade","MasterReality"],"picked":"DevaForm","floor":16},{"not_picked":["ForeignInfluence","CutThroughFate","ClearTheMind"],"picked":"SKIP","floor":18},{"not_picked":["TalkToTheHand","ClearTheMind","EmptyMind+1"],"picked":"SKIP","floor":20},{"not_picked":["CarveReality+1","CutThroughFate"],"picked":"LikeWater+1","floor":21},{"not_picked":["Worship","Consecrate","EmptyFist"],"picked":"SKIP","floor":24}],"player_experience":601128,"relics_obtained":[{"floor":6,"key":"Potion Belt"},{"floor":9,"key":"Art of War"},{"floor":11,"key":"Pear"},{"floor":24,"key":"Calipers"},{"floor":26,"key":"Molten Egg 2"}],"event_choices":[{"damage_healed":0,"gold_gain":0,"player_choice":"Entered Light","damage_taken":14,"max_hp_gain":0,"max_hp_loss":0,"event_name":"Shining Light","floor":4,"gold_loss":0,"cards_upgraded":["Consecrate","Defend_P"]},{"damage_healed":0,"gold_gain":0,"player_choice":"Take Damage","damage_taken":18,"relics_obtained":["Golden Idol"],"max_hp_gain":0,"max_hp_loss":0,"event_name":"Golden Idol","floor":8,"gold_loss":0},{"damage_healed":0,"gold_gain":0,"player_choice":"Ignored","damage_taken":0,"max_hp_gain":0,"max_hp_loss":0,"event_name":"Beggar","floor":19,"gold_loss":0},{"damage_healed":0,"gold_gain":0,"player_choice":"Obtained Book","damage_taken":16,"max_hp_gain":0,"max_hp_loss":0,"event_name":"Cursed Tome","floor":23,"gold_loss":0}],"is_beta":false,"boss_relics":[{"not_picked":["Cursed Key","Snecko Eye"],"picked":"SacredBark"}],"items_purged_floors":[2,2,2,2,2,2,5,5],"is_endless":false,"potions_floor_spawned":[6,14,16,21,24],"killed_by":"Book of Stabbing","ascension_level":9}}