{"host":"qy1e0kd24tpj3i2m","time":1613821976,"event":{"mods":["Act Like it!","BaseMod","Better Skull","Better Vampires","Colored Map","Colored Powertips","Curses Come First","Custom Start","Displayed Cursed Tome","Extra Virgin Snecko Oil","Faster Ascension Climbing","Friendly Minions","GifTheSpireLib","Gremlin Skip","Highlight Path","Minty Spire (QoL Compilation)","Permanent Neow","Poor People Problems","Quick Restart","Red Circlet Mod","Relic Filter Mod","Relic Sorter","Reorder Act Four","SacredBarkPlus","Shop Mod","StSLib","SuperFastMode","Transform Curses","没有小屋子和绿帽子啦"],"gold_per_floor":[112,187,202,202,352,352,130,130,154,173,8,20,20,51,51,123,123,141,141,151,168,99,99,118,151,151,182,182,382,402,74,74,148,148,168,43,0,17,17,17,27,42,65,80,80,105,105,130,130,130,130,130,4,4,34,34,34],"floor_reached":56,"language":"ZHS","playtime":2761,"items_purged":["Doubt","Strike_B","Strike_B"],"score":1841,"play_id":"15ed7ab5-d395-4ce2-8c6e-e24a2050ca42","local_time":"20210220205256","is_ascension_mode":true,"campfire_choices":[{"data":"Genetic Algorithm","floor":6.0,"key":"SMITH"},{"data":"Reprogram","floor":8.0,"key":"SMITH"},{"data":"Go for the Eyes","floor":13.0,"key":"SMITH"},{"data":"BootSequence","floor":15.0,"key":"SMITH"},{"data":"Go for the Eyes","floor":23.0,"key":"SMITH"},{"data":"Streamline","floor":28.0,"key":"SMITH"},{"data":"Auto Shields","floor":32.0,"key":"SMITH"},{"floor":40.0,"key":"RECALL"},{"data":"Beam Cell","floor":49.0,"key":"SMITH"},{"floor":54.0,"key":"REST"}],"circlet_count":0,"master_deck":["AscendersBane","Strike_B","Strike_B","Defend_B","Defend_B","Defend_B","Echo Form+1","Core Surge+1","Reboot+1","Genetic Algorithm+1","Reprogram+1","Go for the Eyes+1","Melter","BootSequence+1","CurseOfTheBell","Undo","Streamline+1","Go for the Eyes+1","Melter","Core Surge","Auto Shields+1","Gash","All For One","FTL+1","Conserve Battery","Beam Cell+1","Coolheaded+1"],"relics":["MerchantsRug","Vajra","Blood Vial","Gambling Chip","Bag of Marbles","Du-Vu Doll","Ice Cream","Happy Flower","Bag of Preparation","Lantern","Oddly Smooth Stone","Black Star","Red Mask","Turnip","Medical Kit","Pen Nib","InkBottle"],"acts_visited":["Exordium","TheCity","TheBeyond","TheEnding"],"potions_floor_usage":[],"damage_taken":[{"damage":5.0,"enemies":"Small Slimes","floor":1.0,"turns":4.0},{"damage":3.0,"enemies":"2 Louse","floor":3.0,"turns":2.0},{"damage":9.0,"enemies":"Jaw Worm","floor":10.0,"turns":3.0},{"damage":1.0,"enemies":"Exordium Wildlife","floor":12.0,"turns":4.0},{"damage":9.0,"enemies":"Lagavulin","floor":14.0,"turns":5.0},{"damage":0.0,"enemies":"The Guardian","floor":16.0,"turns":8.0},{"damage":0.0,"enemies":"Spheric Guardian","floor":18.0,"turns":1.0},{"damage":0.0,"enemies":"Shell Parasite","floor":20.0,"turns":4.0},{"damage":4.0,"enemies":"Snecko","floor":21.0,"turns":5.0},{"damage":13.0,"enemies":"Snake Plant","floor":24.0,"turns":3.0},{"damage":36.0,"enemies":"Slavers","floor":25.0,"turns":7.0},{"damage":3.0,"enemies":"Gremlin Leader","floor":27.0,"turns":8.0},{"damage":0.0,"enemies":"3 Cultists","floor":30.0,"turns":4.0},{"damage":23.0,"enemies":"Collector","floor":33.0,"turns":11.0},{"damage":0.0,"enemies":"Orb Walker","floor":35.0,"turns":1.0},{"damage":0.0,"enemies":"3 Shapes","floor":38.0,"turns":2.0},{"damage":8.0,"enemies":"3 Darklings","floor":41.0,"turns":5.0},{"damage":10.0,"enemies":"Writhing Mass","floor":42.0,"turns":4.0},{"damage":9.0,"enemies":"4 Shapes","floor":44.0,"turns":8.0},{"damage":6.0,"enemies":"Mind Bloom Boss Battle","floor":48.0,"turns":7.0},{"damage":28.0,"enemies":"Time Eater","floor":50.0,"turns":12.0},{"damage":4.0,"enemies":"Donu and Deca","floor":51.0,"turns":8.0},{"damage":24.0,"enemies":"Shield and Spear","floor":55.0,"turns":7.0},{"damage":55,"enemies":"The Heart","floor":56,"turns":5}],"seed_played":"2347162993240993779","potions_obtained":[{"floor":1.0,"key":"GamblersBrew"},{"floor":3.0,"key":"SmokeBomb"},{"floor":10.0,"key":"Fire Potion"},{"floor":20.0,"key":"ColorlessPotion"},{"floor":24.0,"key":"Energy Potion"},{"floor":33.0,"key":"FearPotion"},{"floor":35.0,"key":"FearPotion"},{"floor":41.0,"key":"DuplicationPotion"}],"is_trial":false,"path_per_floor":["M","?","M","?","?","R","$","R","T","M","$","M","R","E","R","B",null,"M","?","M","M","$","R","M","E","T","E","R","?","M","$","R","B",null,"M","$","?","M","?","R","M","M","T","M","$","T","$","?","R","B","B",null,"$","R","E","B"],"character_chosen":"DEFECT","items_purchased":["MerchantsRug","Reprogram","Blood Vial","Lantern","Oddly Smooth Stone","Medical Kit","LiquidMemories"],"campfire_rested":1,"item_purchase_floors":[7,7,11,31,31,53,53],"current_hp_per_floor":[59,48,45,50,50,50,50,50,50,41,41,42,42,35,35,37,66,68,68,70,68,68,68,57,23,23,22,22,22,24,24,24,3,58,60,60,60,62,62,62,56,48,48,41,41,41,41,37,37,11,9,59,59,76,52,0,0],"gold":34,"neow_bonus":"BOSS_RELIC","is_daily":false,"chose_seed":false,"campfire_upgraded":8,"win_rate":0.0,"timestamp":1613821976,"path_taken":["M","?","M","?","?","R","$","R","T","M","$","?","R","E","R","BOSS","M","?","M","M","$","R","?","E","T","E","R","?","M","$","R","BOSS","M","$","?","M","?","R","M","M","T","?","?","?","?","?","R","BOSS","BOSS","$","R","E","BOSS"],"items_purchased_type":["Relic","Card","Relic","Relic","Relic","Relic","Potion"],"build_version":"2020-12-22","purchased_purges":3,"victory":false,"max_hp_per_floor":[71,71,71,76,76,76,76,76,76,76,76,76,76,76,76,76,76,76,76,76,76,76,76,76,76,76,76,76,76,76,76,76,76,76,76,76,76,76,76,76,76,76,76,76,76,76,76,76,76,76,76,76,76,76,76,76,76],"card_choices":[{"not_picked":["Force Field","White Noise","Cold Snap"],"picked":"SKIP","floor":1.0},{"not_picked":["Barrage","Darkness"],"picked":"Genetic Algorithm","floor":3.0},{"not_picked":["Rebound","Sweeping Beam"],"picked":"Go for the Eyes","floor":10.0},{"not_picked":["Rip and Tear","Sweeping Beam"],"picked":"Melter","floor":12.0},{"not_picked":["Redo","Electrodynamics"],"picked":"BootSequence","floor":14.0},{"not_picked":["Ball Lightning","Turbo"],"picked":"Undo","floor":18.0},{"not_picked":["Stack","Tempest"],"picked":"Streamline","floor":20.0},{"not_picked":["Chill","Storm+1"],"picked":"Go for the Eyes","floor":21.0},{"not_picked":["Sweeping Beam","Compile Driver"],"picked":"Melter","floor":24.0},{"not_picked":["Undo","Sweeping Beam+1"],"picked":"Core Surge","floor":25.0},{"not_picked":["Redo","Multi-Cast"],"picked":"Auto Shields","floor":27.0},{"not_picked":["Go for the Eyes+1","Turbo"],"picked":"Gash","floor":30.0},{"not_picked":["Electrodynamics+1","Machine Learning+1"],"picked":"All For One","floor":33.0},{"not_picked":["Ball Lightning","Redo","Capacitor+1"],"picked":"SKIP","floor":35.0},{"not_picked":["Scrape","Rebound"],"picked":"FTL","floor":38.0},{"not_picked":["Turbo","Stack","Biased Cognition+1"],"picked":"SKIP","floor":41.0},{"not_picked":["Barrage","Darkness","Sunder"],"picked":"SKIP","floor":42.0},{"not_picked":["Sweeping Beam","Compile Driver+1"],"picked":"Conserve Battery","floor":44.0},{"not_picked":["Conserve Battery","Steam"],"picked":"Beam Cell","floor":48.0},{"not_picked":["Turbo","Self Repair"],"picked":"Coolheaded+1","floor":55.0}],"player_experience":908883,"relics_obtained":[{"floor":9.0,"key":"Vajra"},{"floor":14.0,"key":"Gambling Chip"},{"floor":17.0,"key":"Bag of Marbles"},{"floor":17.0,"key":"Frozen Egg 2"},{"floor":17.0,"key":"Du-Vu Doll"},{"floor":25.0,"key":"Ice Cream"},{"floor":26.0,"key":"Happy Flower"},{"floor":27.0,"key":"Bag of Preparation"},{"floor":46.0,"key":"Regal Pillow"},{"floor":48.0,"key":"Turnip"},{"floor":55.0,"key":"Pen Nib"},{"floor":55.0,"key":"InkBottle"}],"event_choices":[{"damage_healed":0.0,"max_hp_gain":0.0,"max_hp_loss":0.0,"gold_gain":75.0,"event_name":"World of Goop","player_choice":"Gather Gold","floor":2.0,"gold_loss":0.0,"damage_taken":11.0},{"damage_healed":0.0,"max_hp_gain":5.0,"max_hp_loss":0.0,"gold_gain":0.0,"event_name":"Big Fish","player_choice":"Donut","floor":4.0,"gold_loss":0.0,"damage_taken":0.0},{"damage_healed":0.0,"max_hp_gain":0.0,"max_hp_loss":0.0,"gold_gain":150.0,"event_name":"Liars Game","player_choice":"AGREE","floor":5.0,"gold_loss":0.0,"damage_taken":0.0,"cards_obtained":["Doubt"]},{"damage_healed":0.0,"max_hp_gain":0.0,"max_hp_loss":0.0,"gold_gain":0.0,"event_name":"N\u0027loth","player_choice":"Ignored","floor":19.0,"gold_loss":0.0,"damage_taken":0.0},{"damage_healed":0.0,"max_hp_gain":0.0,"max_hp_loss":0.0,"gold_gain":200.0,"event_name":"Wheel of Change","player_choice":"Gold","floor":29.0,"gold_loss":0.0,"damage_taken":0.0},{"damage_healed":0.0,"max_hp_gain":0.0,"max_hp_loss":0.0,"gold_gain":0.0,"event_name":"Tomb of Lord Red Mask","player_choice":"Paid","floor":37.0,"gold_loss":43.0,"damage_taken":0.0,"relics_obtained":["Red Mask"]},{"damage_healed":0.0,"max_hp_gain":0.0,"max_hp_loss":0.0,"gold_gain":0.0,"event_name":"Accursed Blacksmith","player_choice":"Forge","floor":39.0,"gold_loss":0.0,"damage_taken":0.0,"cards_upgraded":["FTL"]},{"damage_healed":0.0,"max_hp_gain":0.0,"max_hp_loss":0.0,"gold_gain":0.0,"event_name":"MindBloom","player_choice":"Fight","floor":48.0,"gold_loss":0.0,"damage_taken":0.0}],"is_beta":false,"boss_relics":[{"not_picked":["Velvet Choker","Inserter"],"picked":"Calling Bell"},{"not_picked":["SacredBark","Fusion Hammer"],"picked":"Black Star"}],"items_purged_floors":[7,22,36],"is_endless":false,"potions_floor_spawned":[1,3,10,20,24,33,35,41,42],"killed_by":"The Heart","ascension_level":20}}