{"host":"1c52r9kaxdyo25eq","time":1613842067,"event":{"mods":["AchievementEnabler","BaseMod","DeckTracker","Minty Spire (QoL Compilation)","Rare Cards Sparkle","SuperFastMode","everything is the same but u backflip on backflip"],"gold_per_floor":[117,117,117,192,212,212,223,234,234,249,259,259,272,272,272,347,347,365,365,378,378,378],"floor_reached":21,"language":"KOR","playtime":379,"items_purged":[],"score":346,"play_id":"e0109616-3ba0-4414-a4d9-d33832d9c778","local_time":"20210221022747","is_ascension_mode":true,"campfire_choices":[{"data":"Glass Knife","floor":6,"key":"SMITH"},{"floor":12,"key":"REST"},{"data":"Bouncing Flask","floor":15,"key":"SMITH"}],"circlet_count":0,"master_deck":["AscendersBane","Strike_G","Strike_G+1","Strike_G","Defend_G","Defend_G","Defend_G","Survivor","Neutralize","Glass Knife+1","Infinite Blades","Deadly Poison+1","Prepared","Bouncing Flask+1","Backflip","Wraith Form v2","Reflex+1","Ghostly","Ghostly","Ghostly"],"relics":["Ring of the Snake","Girya","Empty Cage"],"acts_visited":["Exordium","TheCity"],"potions_floor_usage":[],"damage_taken":[{"damage":0,"enemies":"2 Louse","floor":1,"turns":3},{"damage":2,"enemies":"Small Slimes","floor":5,"turns":3},{"damage":4,"enemies":"Jaw Worm","floor":7,"turns":2},{"damage":6,"enemies":"3 Louse","floor":8,"turns":3},{"damage":2,"enemies":"Looter","floor":10,"turns":3},{"damage":1,"enemies":"Blue Slaver","floor":11,"turns":2},{"damage":10,"enemies":"Exordium Wildlife","floor":13,"turns":3},{"damage":32,"enemies":"Hexaghost","floor":16,"turns":8},{"damage":57,"enemies":"3 Byrds","floor":18,"turns":6},{"damage":1,"enemies":"Chosen","floor":20,"turns":5},{"damage":9,"enemies":"Shelled Parasite and Fungi","floor":21,"turns":4}],"seed_played":"-7107384196072581133","potions_obtained":[{"floor":5,"key":"FairyPotion"},{"floor":8,"key":"PowerPotion"},{"floor":18,"key":"Weak Potion"}],"is_trial":false,"path_per_floor":["M","?","?","?","M","R","M","M","T","M","M","R","M","?","R","B",null,"M","?","M","M"],"character_chosen":"THE_SILENT","items_purchased":[],"campfire_rested":1,"item_purchase_floors":[],"current_hp_per_floor":[59,59,41,30,28,28,24,18,18,16,15,33,23,43,43,11,48,18,18,17,8,8],"gold":378,"neow_bonus":"TRANSFORM_TWO_CARDS","is_daily":false,"chose_seed":false,"campfire_upgraded":2,"win_rate":0.0,"timestamp":1613842067,"path_taken":["M","?","?","?","M","R","M","M","T","M","M","R","?","?","R","BOSS","M","?","M","M"],"items_purchased_type":[],"build_version":"2020-12-22","purchased_purges":0,"victory":false,"max_hp_per_floor":[60,60,60,60,60,60,60,60,60,60,60,60,60,60,60,60,60,60,30,30,30,30],"card_choices":[{"not_picked":["Cloak And Dagger","Dagger Spray"],"picked":"Deadly Poison","floor":1},{"not_picked":["Sucker Punch","Finisher"],"picked":"Prepared","floor":5},{"not_picked":["Prepared","PiercingWail","Riddle With Holes"],"picked":"SKIP","floor":7},{"not_picked":["Dodge and Roll","Bane"],"picked":"Bouncing Flask","floor":8},{"not_picked":["Expertise","Bane"],"picked":"Backflip","floor":10},{"not_picked":["Distraction","Flechettes","Poisoned Stab"],"picked":"SKIP","floor":11},{"not_picked":["Outmaneuver","Slice","All Out Attack"],"picked":"SKIP","floor":13},{"not_picked":["Die Die Die","Night Terror"],"picked":"Wraith Form v2","floor":16},{"not_picked":["Deflect","Eviscerate"],"picked":"Reflex+1","floor":18},{"not_picked":["Dagger Spray","Deflect","Outmaneuver"],"picked":"SKIP","floor":20}],"player_experience":657531,"relics_obtained":[{"floor":9,"key":"Girya"}],"event_choices":[{"damage_healed":0,"gold_gain":0,"player_choice":"Ignored","damage_taken":0,"max_hp_gain":0,"max_hp_loss":0,"event_name":"Liars Game","floor":2,"gold_loss":0},{"damage_healed":0,"gold_gain":0,"player_choice":"Entered Light","damage_taken":18,"max_hp_gain":0,"max_hp_loss":0,"event_name":"Shining Light","floor":3,"gold_loss":0,"cards_upgraded":["Deadly Poison","Strike_G"]},{"damage_healed":0,"gold_gain":75,"player_choice":"Gather Gold","damage_taken":11,"max_hp_gain":0,"max_hp_loss":0,"event_name":"World of Goop","floor":4,"gold_loss":0},{"damage_healed":20,"gold_gain":0,"player_choice":"Banana","damage_taken":0,"max_hp_gain":0,"max_hp_loss":0,"event_name":"Big Fish","floor":14,"gold_loss":0},{"damage_healed":0,"gold_gain":0,"player_choice":"Became a Ghost","damage_taken":0,"max_hp_gain":0,"max_hp_loss":30,"event_name":"Ghosts","floor":19,"gold_loss":0,"cards_obtained":["Ghostly","Ghostly","Ghostly"]}],"is_beta":false,"boss_relics":[{"not_picked":["HoveringKite","WristBlade"],"picked":"Empty Cage"}],"items_purged_floors":[],"is_endless":false,"potions_floor_spawned":[5,8,11,18,20],"killed_by":"Shelled Parasite and Fungi","ascension_level":20}}