{"host":"ie50qk0ts9eskyyo","time":1613810754,"event":{"mods":["BaseMod","BetterRewards","Colored Map","Curses Come First","Downfall","Friendly Minions","Highlight Path","Hubris","Infinite Spire","Minty Spire (QoL Compilation)","Quick Restart","Reliquary","Replay The Spire","Robot Space Explorer","Shop Mod","StSLib","SuperFastMode","The Jungle"],"gold_per_floor":[110,110,49,64,64,64,99,149,197,209,234,265,277,301,313,429,441,469,481,509,540,563,595,607,637,649,661,707,719,15,30,30,138,138,158,158,158,158],"floor_reached":37,"language":"ENG","playtime":48353,"items_purged":["RobotSpaceExplorer:Strike","RobotSpaceExplorer:Strike"],"score":391,"play_id":"77ce7b20-c8b5-4668-b15d-44087f734408","local_time":"20210220034553","is_ascension_mode":false,"campfire_choices":[{"data":"Amnesia","floor":6,"key":"PURGE"},{"data":"RobotSpaceExplorer:Strike","floor":13,"key":"PURGE"},{"data":"RobotSpaceExplorer:Pulsar","floor":15,"key":"SMITH"},{"data":"RobotSpaceExplorer:Multitool","floor":27,"key":"SMITH"},{"data":"RobotSpaceExplorer:TrailblazerForm","floor":29,"key":"SMITH"},{"data":"Specialist","floor":32,"key":"SMITH"}],"circlet_count":0,"master_deck":["RobotSpaceExplorer:Strike","RobotSpaceExplorer:Defend","RobotSpaceExplorer:Defend","RobotSpaceExplorer:Defend+1","RobotSpaceExplorer:Defend","RobotSpaceExplorer:Scan+1","RobotSpaceExplorer:MiniLasers","RobotSpaceExplorer:PowerCollector+1","RobotSpaceExplorer:PlasmaMissile","RobotSpaceExplorer:Smokescreen","RobotSpaceExplorer:Pulsar+1","RobotSpaceExplorer:Multitool+1","hubris:Despair","RobotSpaceExplorer:TrailblazerForm+1","Madness","Replay:Fractal Strike","RobotSpaceExplorer:Pulsar","RobotSpaceExplorer:ScrapMissile+1","RobotSpaceExplorer:Ammunition+1","RobotSpaceExplorer:Jetpack+1","RobotSpaceExplorer:FreezingShield","Specialist+1","RobotSpaceExplorer:Pulsar","RobotSpaceExplorer:RigExplosive","RobotSpaceExplorer:Accelerator+1","RobotSpaceExplorer:PowerCollector"],"relics":["RobotSpaceExplorer:RoboCore","Peace Pipe","reliquary:WeakTea","Replay:Lucky Slots","MerchantsRug","ReplayTheSpireMod:Ring of Addiction","hubris:EmptyBottle","Potion Belt","ReplayTheSpireMod:Ring of Challenge","RobotSpaceExplorer:FoglandsKnife","Lizard Tail","reliquary:TuningFork","MawBank","ReplayTheSpireMod:SealedPack","infinitespire:WardingShard","infinitespire:Eraser","hubris:FunFungus","reliquary:ExpiredCoupon","bronze:MakeshiftBattery"],"acts_visited":["Exordium","TheCity","TheBeyond"],"potions_floor_usage":[7,7,11,16,16,16,16,16,16,20,20,22,22,23,27,28,33,33,33,35,35,37,37,37],"damage_taken":[{"damage":3,"enemies":"Small Slimes","floor":1,"turns":4},{"damage":5,"enemies":"2 Louse","floor":4,"turns":2},{"damage":17,"enemies":"Lagavulin","floor":7,"turns":6},{"damage":0,"enemies":"Cultist","floor":11,"turns":2},{"damage":10,"enemies":"Exordium Thugs","floor":12,"turns":5},{"damage":3,"enemies":"Looter","floor":14,"turns":3},{"damage":22,"enemies":"Fading Forest","floor":16,"turns":11},{"damage":20,"enemies":"3 Byrds","floor":18,"turns":6},{"damage":0,"enemies":"Shell Parasite","floor":20,"turns":5},{"damage":11,"enemies":"Centurion and Healer","floor":21,"turns":8},{"damage":5,"enemies":"3 Cultists","floor":22,"turns":5},{"damage":3,"enemies":"Cultist and Chosen","floor":23,"turns":5},{"damage":15,"enemies":"Snake Plant","floor":25,"turns":6},{"damage":11,"enemies":"Book of Stabbing","floor":28,"turns":6},{"damage":0,"enemies":"Snecko","floor":31,"turns":12},{"damage":24,"enemies":"Collector","floor":33,"turns":8},{"damage":0,"enemies":"3 Darklings","floor":35,"turns":4},{"damage":80,"enemies":"2 Orb Walkers","floor":37,"turns":5}],"seed_played":"8495453062832155199","potions_obtained":[{"floor":2,"key":"Venom Potion"},{"floor":2,"key":"RobotSpaceExplorer:PlasmaFlask"},{"floor":2,"key":"champ:CounterPotion"},{"floor":4,"key":"LiquidMemories"},{"floor":11,"key":"SpeedPotion"},{"floor":21,"key":"Fire Potion"},{"floor":22,"key":"Fruit Juice"},{"floor":28,"key":"bronze:BurnAndBuffPotion"},{"floor":31,"key":"Regen Potion"}],"is_trial":false,"path_per_floor":["M","?","?","M","$","R","E","T","T","?","M","M","R","M","R","B",null,"M","?","M","M","M","M","?","M","T","R","E","R","$","M","R","B",null,"M","?","?"],"character_chosen":"RobotSpaceExplorer","items_purchased":["Peace Pipe","reliquary:WeakTea","Replay:Lucky Slots","MerchantsRug","RobotSpaceExplorer:PowerCollector+1","Toxic Potion","hubris:FunFungus","Specialist","Dexterity Potion","RobotSpaceExplorer:Pulsar","reliquary:ExpiredCoupon"],"campfire_rested":0,"item_purchase_floors":[0,0,0,0,0,0,30,30,30,30,30],"current_hp_per_floor":[37,37,37,32,32,32,15,15,15,36,36,26,26,23,23,1,69,49,49,49,38,33,35,35,20,20,25,14,14,14,29,29,24,73,73,73,0,0],"gold":158,"neow_bonus":"","is_daily":false,"chose_seed":false,"campfire_upgraded":4,"win_rate":0.0,"timestamp":1613810753,"path_taken":["M","?","?","?","$","R","E","?","T","?","M","M","R","M","R","BOSS","M","?","?","M","M","M","?","M","T","R","E","R","$","M","R","BOSS","M","?","?"],"items_purchased_type":["Relic","Relic","Relic","Relic","Card","Potion","Relic","Card","Potion","Card","Relic"],"build_version":"2020-12-22","purchased_purges":2,"victory":false,"max_hp_per_floor":[75,75,75,75,75,73,73,73,73,73,71,71,71,71,69,69,69,69,69,67,67,67,72,72,72,72,75,75,75,75,75,73,73,73,73,73,73,73],"card_choices":[{"not_picked":["RobotSpaceExplorer:DoubleFind","RobotSpaceExplorer:JunkDive"],"picked":"RobotSpaceExplorer:PlasmaMissile","floor":1},{"not_picked":["RobotSpaceExplorer:SurgingShield","RobotSpaceExplorer:FreezeRay","RobotSpaceExplorer:GlueShot"],"picked":"SKIP","floor":4},{"not_picked":["RobotSpaceExplorer:SwiftStep","RobotSpaceExplorer:Counterblock","RobotSpaceExplorer:FreezeRay"],"picked":"SKIP","floor":7},{"not_picked":["RobotSpaceExplorer:Calculate","RobotSpaceExplorer:MetalStrike","RobotSpaceExplorer:LuckyStrike"],"picked":"SKIP","floor":11},{"not_picked":["RobotSpaceExplorer:ScrapMissile","RobotSpaceExplorer:ShockKick"],"picked":"RobotSpaceExplorer:Smokescreen","floor":12},{"not_picked":["RobotSpaceExplorer:Fix","RobotSpaceExplorer:SwiftStep"],"picked":"RobotSpaceExplorer:Pulsar","floor":14},{"not_picked":["RobotSpaceExplorer:Scanner","RobotSpaceExplorer:Autoloader"],"picked":"RobotSpaceExplorer:Multitool","floor":16},{"not_picked":["RobotSpaceExplorer:ShockMissile","RobotSpaceExplorer:Autoloader"],"picked":"RobotSpaceExplorer:TrailblazerForm","floor":17},{"not_picked":["Dark Shackles","Impatience"],"picked":"Madness","floor":17},{"not_picked":["infinitespire:Starlight","ReplayTheSpireMod:Echoes of Time"],"picked":"Replay:Fractal Strike","floor":17},{"not_picked":["RobotSpaceExplorer:Counterblock","RobotSpaceExplorer:GlueShot+1"],"picked":"RobotSpaceExplorer:Pulsar","floor":18},{"not_picked":["RobotSpaceExplorer:DoubleBlock","RobotSpaceExplorer:Ammunition","RobotSpaceExplorer:Calculate+1"],"picked":"SKIP","floor":20},{"not_picked":["RobotSpaceExplorer:FranticSearch","RobotSpaceExplorer:ShovelStrike"],"picked":"RobotSpaceExplorer:ScrapMissile+1","floor":21},{"not_picked":["RobotSpaceExplorer:Ammunition","RobotSpaceExplorer:ShockKick","RobotSpaceExplorer:Calculate"],"picked":"SKIP","floor":22},{"not_picked":["RobotSpaceExplorer:StunGrenade","RobotSpaceExplorer:Probe+1"],"picked":"RobotSpaceExplorer:Ammunition+1","floor":23},{"not_picked":["RobotSpaceExplorer:Probe","RobotSpaceExplorer:Autoloader"],"picked":"RobotSpaceExplorer:Jetpack+1","floor":25},{"not_picked":["RobotSpaceExplorer:ShockKick","RobotSpaceExplorer:BigMissile+1"],"picked":"RobotSpaceExplorer:FreezingShield","floor":28},{"not_picked":["RobotSpaceExplorer:ShovelStrike","RobotSpaceExplorer:SurgingStrike"],"picked":"RobotSpaceExplorer:RigExplosive","floor":31},{"not_picked":["RobotSpaceExplorer:Exploration","RobotSpaceExplorer:Blaster"],"picked":"RobotSpaceExplorer:Accelerator","floor":33},{"not_picked":["RobotSpaceExplorer:ScrapShield","RobotSpaceExplorer:Smokescreen"],"picked":"RobotSpaceExplorer:PowerCollector","floor":35}],"player_experience":59394,"relics_obtained":[{"floor":2,"key":"ReplayTheSpireMod:Ring of Addiction"},{"floor":2,"key":"hubris:EmptyBottle"},{"floor":2,"key":"Potion Belt"},{"floor":2,"key":"ReplayTheSpireMod:Ring of Challenge"},{"floor":7,"key":"Lizard Tail"},{"floor":8,"key":"reliquary:TuningFork"},{"floor":9,"key":"MawBank"},{"floor":26,"key":"infinitespire:WardingShard"},{"floor":28,"key":"infinitespire:Eraser"}],"event_choices":[{"damage_healed":0,"gold_gain":0,"player_choice":"Paid Gold","damage_taken":0,"relics_obtained":["RobotSpaceExplorer:FoglandsKnife"],"max_hp_gain":0,"max_hp_loss":0,"event_name":"WeMeetAgain","floor":3,"gold_loss":61},{"damage_healed":0,"gold_gain":0,"player_choice":"Entered Light","damage_taken":15,"max_hp_gain":0,"max_hp_loss":0,"event_name":"Shining Light","floor":10,"gold_loss":0,"cards_upgraded":["RobotSpaceExplorer:Scan","RobotSpaceExplorer:Defend"]},{"damage_healed":0,"gold_gain":0,"player_choice":"Ignored","damage_taken":0,"max_hp_gain":0,"max_hp_loss":0,"event_name":"N\u0027loth","floor":19,"gold_loss":0},{"damage_healed":0,"gold_gain":0,"player_choice":"Fight","damage_taken":0,"max_hp_gain":0,"max_hp_loss":0,"event_name":"Mysterious Sphere","floor":37,"gold_loss":0}],"is_beta":false,"boss_relics":[{"not_picked":["Replay:Ancient Bell","reliquary:Ember"],"picked":"ReplayTheSpireMod:SealedPack"},{"not_picked":["Runic Dome","Cursed Key"],"picked":"bronze:MakeshiftBattery"}],"items_purged_floors":[0,30],"is_endless":false,"potions_floor_spawned":[4,11,14,21,22,28,31],"killed_by":"2 Orb Walkers","ascension_level":0}}