{"host":"ad59wuc8ynh8u2z6","time":1613836251,"event":{"mods":["AchievementEnabler","BaseMod","Colored Powertips","DeckTracker","Highlight Path","Minty Spire (QoL Compilation)","Permanent Neow"],"gold_per_floor":[12,23,37,50,50,50,83,97,97,126,137,137,137,153,153,248,248,264,179,189,129,129,160,40,67,92,120,130,130,50,61,61,163,163,182,82,93,109,109,109,143,143,143,143,23,34,54,74,74,74],"floor_reached":51,"language":"ENG","playtime":2063,"items_purged":["Strike_R","Strike_R","Strike_R","Strike_R"],"score":1111,"play_id":"8a7eef39-4ec5-47b1-9eb5-1e33294e05cb","local_time":"20210220165051","is_ascension_mode":true,"campfire_choices":[{"data":"The Bomb","floor":6.0,"key":"SMITH"},{"data":"Barricade","floor":13.0,"key":"SMITH"},{"data":"Shrug It Off","floor":15.0,"key":"SMITH"},{"floor":32.0,"key":"REST"},{"data":"Shrug It Off","floor":40.0,"key":"SMITH"},{"floor":42.0,"key":"REST"},{"floor":44.0,"key":"REST"},{"floor":49,"key":"REST"}],"circlet_count":0,"master_deck":["Defend_R","Defend_R","Defend_R","Defend_R+1","The Bomb+1","Shrug It Off+1","Barricade+1","Shrug It Off+1","Offering+1","Battle Trance+1","Berserk","Shrug It Off+1","Metallicize+1","True Grit+1"],"relics":["Burning Blood","Pear","The Courier","Akabeko","Philosopher\u0027s Stone","Sundial","Bottled Tornado","Lee\u0027s Waffle","Strawberry","PreservedInsect","Blue Candle","MutagenicStrength","SacredBark","War Paint"],"acts_visited":["Exordium","TheCity","TheBeyond"],"potions_floor_usage":[50,50,50],"damage_taken":[{"damage":8.0,"enemies":"Jaw Worm","floor":1.0,"turns":4.0},{"damage":5.0,"enemies":"Small Slimes","floor":2.0,"turns":3.0},{"damage":2.0,"enemies":"2 Louse","floor":3.0,"turns":3.0},{"damage":10.0,"enemies":"Looter","floor":4.0,"turns":4.0},{"damage":25.0,"enemies":"Lagavulin","floor":7.0,"turns":6.0},{"damage":11.0,"enemies":"2 Fungi Beasts","floor":8.0,"turns":4.0},{"damage":2.0,"enemies":"Gremlin Nob","floor":10.0,"turns":3.0},{"damage":8.0,"enemies":"Blue Slaver","floor":11.0,"turns":4.0},{"damage":9.0,"enemies":"3 Louse","floor":14.0,"turns":3.0},{"damage":8.0,"enemies":"Hexaghost","floor":16.0,"turns":17.0},{"damage":40.0,"enemies":"2 Thieves","floor":18.0,"turns":4.0},{"damage":0.0,"enemies":"Chosen","floor":20.0,"turns":5.0},{"damage":30.0,"enemies":"Slavers","floor":23.0,"turns":3.0},{"damage":47.0,"enemies":"Gremlin Leader","floor":25.0,"turns":6.0},{"damage":30.0,"enemies":"Book of Stabbing","floor":27.0,"turns":5.0},{"damage":18.0,"enemies":"Centurion and Healer","floor":28.0,"turns":5.0},{"damage":14.0,"enemies":"Sentry and Sphere","floor":31.0,"turns":6.0},{"damage":18.0,"enemies":"Collector","floor":33.0,"turns":9.0},{"damage":6.0,"enemies":"Orb Walker","floor":35.0,"turns":4.0},{"damage":30.0,"enemies":"3 Shapes","floor":37.0,"turns":3.0},{"damage":16.0,"enemies":"Writhing Mass","floor":38.0,"turns":7.0},{"damage":60.0,"enemies":"Reptomancer","floor":41.0,"turns":7.0},{"damage":0,"enemies":"Spire Growth","floor":46,"turns":8},{"damage":6,"enemies":"4 Shapes","floor":47,"turns":3},{"damage":17,"enemies":"Sphere and 2 Shapes","floor":48,"turns":6},{"damage":6,"enemies":"Time Eater","floor":50,"turns":12}],"seed_played":"8079859060192747454","potions_obtained":[{"floor":1.0,"key":"Block Potion"},{"floor":4.0,"key":"EssenceOfSteel"},{"floor":14.0,"key":"Fruit Juice"},{"floor":18.0,"key":"Ancient Potion"},{"floor":23.0,"key":"Energy Potion"},{"floor":37.0,"key":"EntropicBrew"},{"floor":38.0,"key":"HeartOfIron"},{"floor":46,"key":"SkillPotion"}],"is_trial":false,"path_per_floor":["M","M","M","M","$","R","E","M","T","E","M","?","R","M","R","B",null,"M","?","M","$","?","E","$","E","T","E","M","?","$","M","R","B",null,"M","$","M","M","?","R","E","R","T","R","$","M","M","M","R","B",null],"character_chosen":"IRONCLAD","items_purchased":["Lee\u0027s Waffle"],"campfire_rested":4,"item_purchase_floors":[24],"current_hp_per_floor":[70,71,75,71,71,71,62,57,57,61,59,52,52,49,49,47,79,45,45,51,51,81,57,97,63,63,39,27,27,27,19,50,38,98,98,98,74,64,64,64,10,44,44,78,78,84,84,73,107,107],"gold":74,"neow_bonus":"RANDOM_COLORLESS_2","is_daily":false,"chose_seed":false,"campfire_upgraded":4,"win_rate":0.0,"timestamp":1613836251,"path_taken":["M","M","M","M","$","R","E","M","T","E","M","?","R","M","R","BOSS","M","?","M","$","?","E","$","E","T","E","?","?","$","M","R","BOSS","M","$","M","M","?","R","E","R","T","R","$","M","M","M","R","BOSS"],"items_purchased_type":["Relic"],"build_version":"2020-12-22","purchased_purges":4,"victory":true,"max_hp_per_floor":[80,80,80,80,80,80,90,90,90,90,90,90,90,90,90,90,90,90,90,90,90,90,90,97,104,104,104,104,104,104,104,104,104,114,114,114,114,114,114,114,114,114,114,114,114,114,114,114,114,114],"card_choices":[{"not_picked":["Master of Strategy","Violence"],"picked":"The Bomb","floor":0.0},{"not_picked":["Headbutt","Body Slam","Heavy Blade"],"picked":"SKIP","floor":1.0},{"not_picked":["Clash","Reckless Charge"],"picked":"Shrug It Off","floor":2.0},{"not_picked":["Clash","Wild Strike","Sword Boomerang"],"picked":"SKIP","floor":3.0},{"not_picked":["Sever Soul","Flex","Blood for Blood"],"picked":"SKIP","floor":4.0},{"not_picked":["Clothesline","Rupture","Sentinel"],"picked":"SKIP","floor":7.0},{"not_picked":["Flex","Infernal Blade"],"picked":"Barricade","floor":8.0},{"not_picked":["Pommel Strike","Armaments"],"picked":"Shrug It Off","floor":10.0},{"not_picked":["Iron Wave","Havoc","Pommel Strike"],"picked":"SKIP","floor":11.0},{"not_picked":["Flex","Clothesline","True Grit"],"picked":"SKIP","floor":14.0},{"not_picked":["Barricade","Corruption"],"picked":"Offering","floor":16.0},{"not_picked":["Reckless Charge","Thunderclap+1","Warcry"],"picked":"SKIP","floor":18.0},{"not_picked":["Spot Weakness+1","Body Slam","Twin Strike"],"picked":"SKIP","floor":20.0},{"not_picked":["Combust","Havoc","Pommel Strike"],"picked":"SKIP","floor":23.0},{"not_picked":["Dual Wield","Wild Strike","Clash"],"picked":"SKIP","floor":25.0},{"not_picked":["True Grit","Disarm"],"picked":"Battle Trance+1","floor":27.0},{"not_picked":["Infernal Blade","Anger","Dual Wield+1"],"picked":"SKIP","floor":28.0},{"not_picked":["Heavy Blade","True Grit","Pommel Strike"],"picked":"SKIP","floor":31.0},{"not_picked":["Feed","Brutality"],"picked":"Berserk","floor":33.0},{"not_picked":["Pommel Strike","Wild Strike+1","Perfected Strike"],"picked":"SKIP","floor":35.0},{"not_picked":["Iron Wave","Spot Weakness+1","Clothesline"],"picked":"SKIP","floor":37.0},{"not_picked":["Sword Boomerang+1","Flex+1"],"picked":"Shrug It Off+1","floor":38.0},{"not_picked":["Shockwave+1","Sever Soul+1"],"picked":"Metallicize+1","floor":41.0},{"not_picked":["Burning Pact","Havoc+1"],"picked":"True Grit+1","floor":46},{"not_picked":["Rampage","Clothesline+1","Rupture+1"],"picked":"SKIP","floor":47},{"not_picked":["Iron Wave+1","Anger+1","Thunderclap+1"],"picked":"SKIP","floor":48}],"player_experience":114207,"relics_obtained":[{"floor":7.0,"key":"Pear"},{"floor":9.0,"key":"The Courier"},{"floor":10.0,"key":"Akabeko"},{"floor":23.0,"key":"Bottled Tornado"},{"floor":25.0,"key":"Strawberry"},{"floor":26.0,"key":"PreservedInsect"},{"floor":27.0,"key":"Blue Candle"},{"floor":41.0,"key":"War Paint"}],"event_choices":[{"cards_removed":["Bash"],"damage_healed":0.0,"max_hp_gain":0.0,"max_hp_loss":0.0,"gold_gain":0.0,"event_name":"Golden Wing","player_choice":"Card Removal","floor":12.0,"gold_loss":0.0,"damage_taken":7.0},{"damage_healed":0.0,"max_hp_gain":0.0,"max_hp_loss":0.0,"gold_gain":0.0,"event_name":"Addict","player_choice":"Obtained Relic","floor":19.0,"gold_loss":85.0,"damage_taken":0.0,"relics_obtained":["Sundial"]},{"damage_healed":30.0,"max_hp_gain":0.0,"max_hp_loss":0.0,"gold_gain":0.0,"event_name":"The Library","player_choice":"Heal","floor":22.0,"gold_loss":0.0,"damage_taken":0.0},{"damage_healed":0.0,"max_hp_gain":0.0,"max_hp_loss":0.0,"gold_gain":0.0,"event_name":"Drug Dealer","player_choice":"Inject Mutagens","floor":29.0,"gold_loss":0.0,"damage_taken":0.0,"relics_obtained":["MutagenicStrength"]},{"cards_removed":["Strike_R"],"damage_healed":0.0,"max_hp_gain":0.0,"max_hp_loss":0.0,"gold_gain":0.0,"event_name":"Falling","player_choice":"Removed Attack","floor":39.0,"gold_loss":0.0,"damage_taken":0.0}],"is_beta":false,"boss_relics":[{"not_picked":["SlaversCollar","Fusion Hammer"],"picked":"Philosopher\u0027s Stone"},{"not_picked":["Empty Cage","Busted Crown"],"picked":"SacredBark"}],"items_purged_floors":[21,30,36,45],"is_endless":false,"potions_floor_spawned":[1,4,14,18,23,31,33,37,38,46],"ascension_level":7}}