{"host":"0utx1lcxgx5vu4k0","time":1613860308,"event":{"mods":["BaseMod","Colored Powertips","Minty Spire (QoL Compilation)","Permanent Neow","Relic Stats","StSLib"],"gold_per_floor":[110,128,148,159,159,159,187,202,280,297,297,340,340,378,378,504,504,519,539,62,62,77,111,132,170,170,208,208,228,228,228,228,356,356,369,369,369,389,62,62,83,101,182,182,23,64,64,84,84,84,84,84,13,52,52,52],"floor_reached":55,"language":"ENG","playtime":3453,"items_purged":["Strike_P"],"score":1085,"play_id":"a0c23612-8332-425a-a387-da3abb1b1d06","local_time":"20210220173148","is_ascension_mode":true,"campfire_choices":[{"data":"Wallop","floor":6.0,"key":"SMITH"},{"floor":15.0,"key":"REST"},{"floor":30.0,"key":"RECALL"},{"floor":32.0,"key":"REST"},{"floor":40.0,"key":"REST"},{"floor":44.0,"key":"REST"},{"floor":49.0,"key":"REST"},{"floor":52.0,"key":"REST"}],"circlet_count":0,"master_deck":["Strike_P+1","Strike_P+1","Strike_P+1","Defend_P+1","Sanctity+1","Worship+1","WreathOfFlame+1","BowlingBash+1","Pray+1","Wallop+1","LessonLearned+1","SashWhip+1","JustLucky+1","Establishment+1","Swivel+1","ThirdEye+1","Prostrate+1","Meditate+1","Study+1","FlyingSleeves+1","FlyingSleeves+1","Prostrate+1","SandsOfTime+1","EmptyMind+1","Evaluate+1","Vault+1","LikeWater+1","Worship+1","ClearTheMind+1","Prostrate+1","Fasting2+1","Vault"],"relics":["Astrolabe","War Paint","Molten Egg 2","Golden Idol","CaptainsWheel","Potion Belt","Fusion Hammer","Frozen Egg 2","Orrery","Bottled Tornado","The Courier","Lizard Tail","Letter Opener","MutagenicStrength","Philosopher\u0027s Stone","Mummified Hand","Medical Kit","ClockworkSouvenir","Strawberry","Mercury Hourglass"],"acts_visited":["Exordium","TheCity","TheBeyond","TheEnding"],"potions_floor_usage":[55,55,55],"damage_taken":[{"damage":0.0,"enemies":"Cultist","floor":1.0,"turns":4.0},{"damage":4.0,"enemies":"Jaw Worm","floor":2.0,"turns":2.0},{"damage":10.0,"enemies":"Small Slimes","floor":3.0,"turns":3.0},{"damage":24.0,"enemies":"Exordium Thugs","floor":4.0,"turns":4.0},{"damage":0.0,"enemies":"Lagavulin","floor":7.0,"turns":4.0},{"damage":5.0,"enemies":"Gremlin Gang","floor":8.0,"turns":3.0},{"damage":9.0,"enemies":"2 Fungi Beasts","floor":10.0,"turns":3.0},{"damage":5.0,"enemies":"3 Sentries","floor":12.0,"turns":6.0},{"damage":0.0,"enemies":"Gremlin Nob","floor":14.0,"turns":2.0},{"damage":17.0,"enemies":"The Guardian","floor":16.0,"turns":8.0},{"damage":16.0,"enemies":"Shell Parasite","floor":18.0,"turns":6.0},{"damage":10.0,"enemies":"3 Byrds","floor":19.0,"turns":5.0},{"damage":10.0,"enemies":"Centurion and Healer","floor":22.0,"turns":4.0},{"damage":0.0,"enemies":"Gremlin Leader","floor":23.0,"turns":4.0},{"damage":0.0,"enemies":"3 Cultists","floor":24.0,"turns":5.0},{"damage":0.0,"enemies":"Slavers","floor":25.0,"turns":4.0},{"damage":15.0,"enemies":"Book of Stabbing","floor":27.0,"turns":3.0},{"damage":0.0,"enemies":"Snake Plant","floor":28.0,"turns":1.0},{"damage":7.0,"enemies":"Chosen and Byrds","floor":29.0,"turns":6.0},{"damage":19.0,"enemies":"Collector","floor":33.0,"turns":6.0},{"damage":1.0,"enemies":"3 Shapes","floor":35.0,"turns":7.0},{"damage":8.0,"enemies":"Orb Walker","floor":38.0,"turns":3.0},{"damage":9.0,"enemies":"Transient","floor":41.0,"turns":5.0},{"damage":12.0,"enemies":"3 Darklings","floor":42.0,"turns":2.0},{"damage":0.0,"enemies":"Giant Head","floor":46.0,"turns":4.0},{"damage":7.0,"enemies":"Spire Growth","floor":48.0,"turns":3.0},{"damage":12.0,"enemies":"Time Eater","floor":50.0,"turns":6.0},{"damage":0.0,"enemies":"Shield and Spear","floor":54.0,"turns":4.0},{"damage":106,"enemies":"The Heart","floor":55,"turns":6}],"seed_played":"3222237240082015669","potions_obtained":[{"floor":2.0,"key":"AttackPotion"},{"floor":3.0,"key":"SteroidPotion"},{"floor":4.0,"key":"Energy Potion"},{"floor":8.0,"key":"DuplicationPotion"},{"floor":16.0,"key":"Ancient Potion"},{"floor":19.0,"key":"Swift Potion"},{"floor":22.0,"key":"Energy Potion"},{"floor":27.0,"key":"SmokeBomb"},{"floor":33.0,"key":"BlessingOfTheForge"},{"floor":38.0,"key":"Explosive Potion"},{"floor":42.0,"key":"Weak Potion"},{"floor":54.0,"key":"Fire Potion"}],"is_trial":false,"path_per_floor":["M","M","M","M","?","R","E","M","T","M","?","E","?","E","R","B",null,"M","M","$","?","M","E","M","E","T","E","M","M","R","?","R","B",null,"M","?","?","M","$","R","M","M","T","R","$","E","$","M","R","B",null,"R","$","E","B"],"character_chosen":"WATCHER","items_purchased":["Frozen Egg 2","Orrery","Mummified Hand","Medical Kit","ClockworkSouvenir","Explosive Potion","Fasting2+1","SkillPotion"],"campfire_rested":6,"item_purchase_floors":[20,20,39,39,45,45,53,53],"current_hp_per_floor":[72,68,58,34,27,27,27,22,22,13,13,8,8,8,28,11,67,51,41,41,41,31,31,31,31,31,16,16,9,9,9,29,10,67,66,66,64,56,56,64,55,43,43,62,62,69,69,62,71,59,71,71,71,71,0,0],"gold":52,"neow_bonus":"BOSS_RELIC","is_daily":false,"chose_seed":false,"campfire_upgraded":1,"win_rate":0.0,"timestamp":1613860308,"path_taken":["M","M","?","M","?","R","E","M","T","M","?","E","?","E","R","BOSS","M","M","$","?","M","E","M","E","T","E","?","M","R","?","R","BOSS","M","?","?","?","$","R","M","?","T","R","$","E","?","M","R","BOSS","R","$","E","BOSS"],"items_purchased_type":["Relic","Relic","Relic","Relic","Relic","Potion","Card","Potion"],"build_version":"2020-12-22","purchased_purges":1,"victory":false,"max_hp_per_floor":[72,72,72,72,72,72,72,72,72,72,67,67,67,67,67,67,67,67,67,67,67,67,67,67,67,67,67,67,67,67,67,67,67,67,67,67,64,64,64,64,64,64,64,64,64,71,71,71,71,71,71,71,71,71,71,71],"relic_stats":{"Lizard Tail":35,"counters":[29,123],"Golden Idol":171,"Mummified Hand":[30],"Astrolabe":["Sanctity","Worship","WreathOfFlame"],"Letter Opener":[210],"War Paint":["Pray","Defend_P"],"Medical Kit":[2],"obtain_stats":[{"Potion Belt":14,"Golden Idol":11,"Astrolabe":0,"The Courier":25,"Letter Opener":27,"War Paint":7,"Frozen Egg 2":20,"Bottled Tornado":23,"Medical Kit":39,"ClockworkSouvenir":45,"Mercury Hourglass":54,"CaptainsWheel":12,"Lizard Tail":26,"Mummified Hand":39,"MutagenicStrength":31,"Strawberry":46,"Orrery":20,"Molten Egg 2":9,"Philosopher\u0027s Stone":34,"Fusion Hammer":17,"PureWater":0},{"Potion Belt":9,"Golden Idol":7,"Astrolabe":0,"The Courier":16,"Letter Opener":17,"War Paint":5,"Frozen Egg 2":12,"Bottled Tornado":14,"Medical Kit":22,"ClockworkSouvenir":24,"Mercury Hourglass":28,"CaptainsWheel":8,"Lizard Tail":16,"Mummified Hand":22,"MutagenicStrength":19,"Strawberry":25,"Orrery":12,"Molten Egg 2":6,"Philosopher\u0027s Stone":20,"Fusion Hammer":10,"PureWater":0},{"Potion Belt":31,"Golden Idol":23,"Astrolabe":0,"The Courier":67,"Letter Opener":70,"War Paint":17,"Frozen Egg 2":50,"Bottled Tornado":58,"Medical Kit":93,"ClockworkSouvenir":100,"Mercury Hourglass":117,"CaptainsWheel":29,"Lizard Tail":67,"Mummified Hand":93,"MutagenicStrength":77,"Strawberry":104,"Orrery":50,"Molten Egg 2":20,"Philosopher\u0027s Stone":83,"Fusion Hammer":39,"PureWater":0}],"Mercury Hourglass":[18]},"card_choices":[{"not_picked":["FlurryOfBlows","EmptyMind"],"picked":"BowlingBash","floor":1.0},{"not_picked":["FlurryOfBlows","Perseverance"],"picked":"Pray","floor":2.0},{"not_picked":["Evaluate","Fasting2","Adaptation"],"picked":"SKIP","floor":3.0},{"not_picked":["SashWhip","FlyingSleeves"],"picked":"Wallop","floor":4.0},{"not_picked":["Adaptation","CutThroughFate"],"picked":"LessonLearned","floor":7.0},{"not_picked":["Protect","FlurryOfBlows","EmptyBody"],"picked":"SKIP","floor":8.0},{"not_picked":["Prostrate","ReachHeaven+1"],"picked":"SashWhip+1","floor":10.0},{"not_picked":["Wireheading","Protect","Adaptation"],"picked":"SKIP","floor":12.0},{"not_picked":["SignatureMove+1","LikeWater"],"picked":"JustLucky+1","floor":14.0},{"not_picked":["LessonLearned+1","DevaForm"],"picked":"Establishment","floor":16.0},{"not_picked":["ForeignInfluence","JustLucky+1"],"picked":"Swivel+1","floor":18.0},{"not_picked":["SandsOfTime+1","SignatureMove+1"],"picked":"ThirdEye+1","floor":19.0},{"not_picked":["SashWhip+1","Alpha"],"picked":"Prostrate","floor":20.0},{"not_picked":["FollowUp+1","Wallop+1"],"picked":"Meditate","floor":20.0},{"not_picked":["PathToVictory","FlyingSleeves+1"],"picked":"Study+1","floor":20.0},{"not_picked":["SandsOfTime+1","Fasting2+1"],"picked":"FlyingSleeves+1","floor":20.0},{"not_picked":["CrushJoints+1","SignatureMove+1"],"picked":"FlyingSleeves+1","floor":22.0},{"not_picked":["Wireheading+1","Crescendo"],"picked":"Prostrate+1","floor":23.0},{"not_picked":["FlurryOfBlows+1","BowlingBash+1"],"picked":"SandsOfTime+1","floor":24.0},{"not_picked":["Protect","Weave+1","BowlingBash+1"],"picked":"SKIP","floor":25.0},{"not_picked":["CutThroughFate+1","WheelKick+1"],"picked":"EmptyMind","floor":27.0},{"not_picked":["ReachHeaven+1","Consecrate+1"],"picked":"Evaluate+1","floor":29.0},{"not_picked":["Omniscience","LessonLearned+1"],"picked":"Vault","floor":33.0},{"not_picked":["SashWhip+1","Indignation"],"picked":"LikeWater+1","floor":35.0},{"not_picked":["PathToVictory+1","Nirvana+1"],"picked":"Worship","floor":38.0},{"not_picked":["ReachHeaven+1","MentalFortress+1","WreathOfFlame"],"picked":"SKIP","floor":41.0},{"not_picked":["Nirvana+1","Wireheading+1"],"picked":"ClearTheMind+1","floor":42.0},{"not_picked":["Halt","FearNoEvil+1"],"picked":"Prostrate+1","floor":46.0},{"not_picked":["Tantrum+1","FlyingSleeves+1","SignatureMove+1"],"picked":"SKIP","floor":48.0},{"not_picked":["WheelKick+1","Study+1"],"picked":"Vault","floor":54.0}],"player_experience":77320,"relics_obtained":[{"floor":7.0,"key":"War Paint"},{"floor":9.0,"key":"Molten Egg 2"},{"floor":12.0,"key":"CaptainsWheel"},{"floor":14.0,"key":"Potion Belt"},{"floor":23.0,"key":"Bottled Tornado"},{"floor":25.0,"key":"The Courier"},{"floor":26.0,"key":"Lizard Tail"},{"floor":27.0,"key":"Letter Opener"},{"floor":46.0,"key":"Strawberry"},{"floor":54.0,"key":"Mercury Hourglass"}],"event_choices":[{"cards_removed":["Eruption"],"damage_healed":0.0,"max_hp_gain":0.0,"max_hp_loss":0.0,"gold_gain":0.0,"event_name":"Golden Wing","player_choice":"Card Removal","floor":5.0,"gold_loss":0.0,"damage_taken":7.0},{"damage_healed":0.0,"max_hp_gain":0.0,"max_hp_loss":5.0,"gold_gain":0.0,"event_name":"Golden Idol","player_choice":"Lose Max HP","floor":11.0,"gold_loss":0.0,"damage_taken":0.0,"relics_obtained":["Golden Idol"]},{"damage_healed":0.0,"max_hp_gain":0.0,"max_hp_loss":0.0,"gold_gain":0.0,"event_name":"Living Wall","player_choice":"Grow","floor":13.0,"gold_loss":0.0,"damage_taken":0.0,"cards_upgraded":["BowlingBash"]},{"damage_healed":0.0,"max_hp_gain":0.0,"max_hp_loss":0.0,"gold_gain":0.0,"event_name":"Upgrade Shrine","player_choice":"Upgraded","floor":21.0,"gold_loss":0.0,"damage_taken":0.0,"cards_upgraded":["Prostrate"]},{"damage_healed":0.0,"max_hp_gain":0.0,"max_hp_loss":0.0,"gold_gain":0.0,"event_name":"Drug Dealer","player_choice":"Inject Mutagens","floor":31.0,"gold_loss":0.0,"damage_taken":0.0,"relics_obtained":["MutagenicStrength"]},{"cards_removed":["Vigilance"],"damage_healed":0.0,"max_hp_gain":0.0,"max_hp_loss":0.0,"gold_gain":0.0,"event_name":"Falling","player_choice":"Removed Skill","floor":36.0,"gold_loss":0.0,"damage_taken":0.0},{"damage_healed":0.0,"max_hp_gain":0.0,"max_hp_loss":3.0,"gold_gain":0.0,"event_name":"Winding Halls","player_choice":"Max HP","floor":37.0,"gold_loss":0.0,"damage_taken":0.0}],"is_beta":false,"boss_relics":[{"not_picked":["VioletLotus","Runic Dome"],"picked":"Fusion Hammer"},{"not_picked":["Snecko Eye","Sozu"],"picked":"Philosopher\u0027s Stone"}],"items_purged_floors":[20],"is_endless":false,"potions_floor_spawned":[2,3,4,8,16,19,22,27,33,38,42,54],"killed_by":"The Heart","ascension_level":4}}