{"host":"fiyb7gvx7tok3jeh","time":1613865157,"event":{"mods":["BaseMod","Colored Map","Colored Powertips","DeckTracker","Googly Eyes","Highlight Path","Minty Spire (QoL Compilation)"],"gold_per_floor":[119,194,144,144,158,184,184,210,210,210,243,258,258,288,288,386,386,398,418,107,382,399,425,13,39,66,101,101,133,133,145,145,245,245,262,6,6,6,6,35,51,76,128,156,156,191,40,70,70,70,70,70,42,69,69],"floor_reached":56,"language":"ENG","playtime":4085,"items_purged":["Strike_P","Regret","Strike_P","Defend_P"],"score":2254,"play_id":"39896dc4-0b9d-48ab-a6f7-d08565be013b","local_time":"20210221015237","is_ascension_mode":true,"campfire_choices":[{"data":"Eruption","floor":7,"key":"SMITH"},{"data":"CrushJoints","floor":10,"key":"SMITH"},{"data":"Conclude","floor":13,"key":"SMITH"},{"data":"Tantrum","floor":15,"key":"SMITH"},{"data":"1","floor":28,"key":"LIFT"},{"data":"2","floor":30,"key":"LIFT"},{"data":"3","floor":32,"key":"LIFT"},{"floor":45,"key":"RECALL"},{"data":"Vault","floor":49,"key":"SMITH"},{"data":"TalkToTheHand","floor":52,"key":"SMITH"}],"circlet_count":0,"master_deck":["Strike_P","Defend_P","Defend_P+1","Eruption+1","Vigilance+1","EmptyFist+1","FlurryOfBlows+1","CrushJoints+1","DevaForm+1","Conclude+1","Tantrum+1","SpiritShield","Study+1","CutThroughFate","Master of Strategy","TalkToTheHand+1","FearNoEvil","Magnetism+1","SpiritShield","Vault+1","Ragnarok","ClearTheMind+1","TalkToTheHand","Halt+1","TalkToTheHand+1","Master of Strategy","Tantrum+1"],"relics":["Black Star","War Paint","MealTicket","Oddly Smooth Stone","Ginger","Frozen Egg 2","Anchor","Strawberry","Whetstone","Gambling Chip","SacredBark","Pear","Dream Catcher","Membership Card","Mummified Hand","Girya","WingedGreaves","Happy Flower","Tiny Chest","Ornamental Fan","Yang","Coffee Dripper","Dead Branch","The Courier","Bottled Flame","Mercury Hourglass","Damaru","Bag of Preparation","Molten Egg 2","Question Card","Bag of Marbles","HornCleat","Vajra","Juzu Bracelet","Bottled Lightning","Centennial Puzzle"],"acts_visited":["Exordium","TheCity","TheBeyond","TheEnding"],"potions_floor_usage":[18,23,27,29,33,38,41,41,46,50,55],"damage_taken":[{"damage":0,"enemies":"Jaw Worm","floor":1,"turns":3},{"damage":0,"enemies":"2 Louse","floor":5,"turns":3},{"damage":18,"enemies":"Lagavulin","floor":8,"turns":4},{"damage":5,"enemies":"3 Sentries","floor":11,"turns":8},{"damage":0,"enemies":"Small Slimes","floor":12,"turns":1},{"damage":1,"enemies":"Lagavulin","floor":14,"turns":4},{"damage":0,"enemies":"Slime Boss","floor":16,"turns":5},{"damage":7,"enemies":"Shell Parasite","floor":18,"turns":5},{"damage":2,"enemies":"Chosen","floor":19,"turns":3},{"damage":1,"enemies":"Sentry and Sphere","floor":22,"turns":3},{"damage":4,"enemies":"Book of Stabbing","floor":23,"turns":5},{"damage":16,"enemies":"Gremlin Leader","floor":25,"turns":3},{"damage":14,"enemies":"Book of Stabbing","floor":27,"turns":4},{"damage":0,"enemies":"Gremlin Leader","floor":29,"turns":3},{"damage":0,"enemies":"Snake Plant","floor":31,"turns":3},{"damage":0,"enemies":"Champ","floor":33,"turns":6},{"damage":0,"enemies":"3 Shapes","floor":35,"turns":6},{"damage":0,"enemies":"3 Darklings","floor":38,"turns":2},{"damage":0,"enemies":"Giant Head","floor":40,"turns":3},{"damage":9,"enemies":"4 Shapes","floor":41,"turns":7},{"damage":0,"enemies":"Nemesis","floor":42,"turns":3},{"damage":0,"enemies":"Giant Head","floor":44,"turns":5},{"damage":30,"enemies":"Reptomancer","floor":46,"turns":4},{"damage":0,"enemies":"Giant Head","floor":48,"turns":4},{"damage":0,"enemies":"Time Eater","floor":50,"turns":5},{"damage":0,"enemies":"Shield and Spear","floor":54,"turns":3},{"damage":25,"enemies":"The Heart","floor":55,"turns":8}],"seed_played":"6559960843548209293","potions_obtained":[{"floor":8,"key":"SkillPotion"},{"floor":12,"key":"Energy Potion"},{"floor":18,"key":"SneckoOil"},{"floor":25,"key":"Energy Potion"},{"floor":27,"key":"StancePotion"},{"floor":31,"key":"Block Potion"},{"floor":33,"key":"SmokeBomb"},{"floor":40,"key":"Dexterity Potion"},{"floor":41,"key":"Fruit Juice"},{"floor":44,"key":"Explosive Potion"},{"floor":46,"key":"Weak Potion"}],"is_trial":false,"path_per_floor":["M","?","?","?","M","T","R","E","T","R","E","M","R","E","R","B",null,"M","M","$","?","M","E","$","E","T","E","R","E","R","M","R","B",null,"M","$","?","M","$","E","M","E","T","E","R","E","$","E","R","B",null,"R","$","E","B",null],"character_chosen":"WATCHER","items_purchased":["Master of Strategy","TalkToTheHand","Membership Card","Mummified Hand","Magnetism+1","TalkToTheHand","Dead Branch","Master of Strategy","Tantrum+1"],"campfire_rested":0,"item_purchase_floors":[20,20,24,24,24,36,36,47,53],"current_hp_per_floor":[65,54,54,47,47,47,47,29,29,29,31,31,31,30,30,30,67,60,58,73,73,72,78,89,73,73,59,59,59,59,59,59,59,82,82,89,89,89,89,89,90,90,90,90,90,60,75,75,75,75,93,93,99,99,74],"gold":69,"neow_bonus":"BOSS_RELIC","is_daily":false,"chose_seed":false,"campfire_upgraded":6,"win_rate":0.0,"timestamp":1613865157,"path_taken":["M","?","?","?","M","?","R","E","T","R","E","M","R","E","R","BOSS","M","M","$","?","M","E","$","E","T","E","R","E","R","M","R","BOSS","M","$","?","?","$","E","M","E","T","E","R","E","$","E","R","BOSS","R","$","E","BOSS"],"items_purchased_type":["Card","Card","Relic","Relic","Card","Card","Relic","Card","Card"],"build_version":"2020-12-22","purchased_purges":4,"victory":true,"max_hp_per_floor":[72,72,72,72,72,72,72,72,72,72,79,79,79,79,79,79,79,79,79,79,79,79,89,89,89,89,89,89,89,89,89,89,89,89,89,89,89,89,89,89,99,99,99,99,99,99,99,99,99,99,99,99,99,99,99],"card_choices":[{"not_picked":["Evaluate","Collect"],"picked":"EmptyFist","floor":1},{"not_picked":["Evaluate","LikeWater"],"picked":"FlurryOfBlows","floor":5},{"not_picked":["Halt","EmptyFist"],"picked":"CrushJoints","floor":8},{"not_picked":["FollowUp","Swivel"],"picked":"DevaForm+1","floor":11},{"not_picked":["SashWhip","FlurryOfBlows"],"picked":"Conclude","floor":12},{"not_picked":["Sanctity","Consecrate"],"picked":"Tantrum","floor":14},{"not_picked":["DeusExMachina","Brilliance"],"picked":"SpiritShield","floor":16},{"not_picked":["FollowUp","JustLucky+1"],"picked":"Study+1","floor":18},{"not_picked":["ReachHeaven","BowlingBash"],"picked":"CutThroughFate","floor":19},{"not_picked":["Prostrate","Pray"],"picked":"FearNoEvil","floor":22},{"not_picked":["Brilliance","Vengeance","FollowUp"],"picked":"SKIP","floor":23},{"not_picked":["Conclude","PathToVictory"],"picked":"SpiritShield","floor":25},{"not_picked":["Evaluate","Consecrate"],"picked":"Vault","floor":27},{"not_picked":["Prostrate+1","CutThroughFate","Crescendo+1"],"picked":"SKIP","floor":29},{"not_picked":["Consecrate","WaveOfTheHand","Evaluate"],"picked":"SKIP","floor":31},{"not_picked":["Omniscience","ConjureBlade"],"picked":"Ragnarok","floor":33},{"not_picked":["EmptyFist","PathToVictory"],"picked":"ClearTheMind+1","floor":35},{"not_picked":["Halt+1","Tantrum","JustLucky"],"picked":"SKIP","floor":40},{"not_picked":["Crescendo+1","Evaluate"],"picked":"Halt+1","floor":41},{"not_picked":["Pray+1","FlyingSleeves","CrushJoints+1"],"picked":"SKIP","floor":42},{"not_picked":["Establishment+1","Tantrum+1"],"picked":"TalkToTheHand+1","floor":44},{"not_picked":["Conclude+1","BowlingBash+1","PathToVictory","ReachHeaven+1"],"picked":"SKIP","floor":46},{"not_picked":["JustLucky+1","CarveReality+1","ThirdEye","Consecrate+1"],"picked":"SKIP","floor":48},{"not_picked":["Crescendo+1","Evaluate","Study+1","Brilliance+1"],"picked":"SKIP","floor":54}],"player_experience":328729,"relics_obtained":[{"floor":6,"key":"MealTicket"},{"floor":8,"key":"Oddly Smooth Stone"},{"floor":8,"key":"Ginger"},{"floor":9,"key":"Frozen Egg 2"},{"floor":11,"key":"Anchor"},{"floor":11,"key":"Strawberry"},{"floor":14,"key":"Whetstone"},{"floor":14,"key":"Gambling Chip"},{"floor":23,"key":"Pear"},{"floor":23,"key":"Dream Catcher"},{"floor":25,"key":"Girya"},{"floor":25,"key":"WingedGreaves"},{"floor":27,"key":"Happy Flower"},{"floor":27,"key":"Tiny Chest"},{"floor":29,"key":"Ornamental Fan"},{"floor":29,"key":"Yang"},{"floor":40,"key":"The Courier"},{"floor":40,"key":"Bottled Flame"},{"floor":42,"key":"Mercury Hourglass"},{"floor":42,"key":"Damaru"},{"floor":43,"key":"Bag of Preparation"},{"floor":44,"key":"Molten Egg 2"},{"floor":44,"key":"Question Card"},{"floor":46,"key":"Bag of Marbles"},{"floor":46,"key":"HornCleat"},{"floor":48,"key":"Vajra"},{"floor":48,"key":"Juzu Bracelet"},{"floor":54,"key":"Bottled Lightning"},{"floor":54,"key":"Centennial Puzzle"}],"event_choices":[{"damage_healed":0,"gold_gain":75,"player_choice":"Gather Gold","damage_taken":11,"max_hp_gain":0,"max_hp_loss":0,"event_name":"World of Goop","floor":2,"gold_loss":0},{"cards_removed":["Defend_P"],"damage_healed":0,"gold_gain":0,"player_choice":"Card Removal","damage_taken":0,"max_hp_gain":0,"max_hp_loss":0,"event_name":"The Cleric","floor":3,"gold_loss":50},{"damage_healed":0,"gold_gain":0,"player_choice":"Success","damage_taken":7,"relics_obtained":["War Paint"],"max_hp_gain":0,"max_hp_loss":0,"event_name":"Scrap Ooze","floor":4,"gold_loss":0},{"damage_healed":0,"gold_gain":275,"player_choice":"Desecrate","damage_taken":0,"max_hp_gain":0,"max_hp_loss":0,"event_name":"Golden Shrine","floor":21,"gold_loss":0,"cards_obtained":["Regret"]},{"cards_removed":["Strike_P"],"damage_healed":0,"gold_gain":0,"player_choice":"Purged","damage_taken":0,"max_hp_gain":0,"max_hp_loss":0,"event_name":"Purifier","floor":37,"gold_loss":0}],"is_beta":false,"boss_relics":[{"not_picked":["Pandora\u0027s Box","Runic Dome"],"picked":"SacredBark"},{"not_picked":["Runic Pyramid","Snecko Eye"],"picked":"Coffee Dripper"}],"items_purged_floors":[20,24,36,47],"is_endless":false,"potions_floor_spawned":[8,12,18,25,27,31,33,40,41,44,46],"ascension_level":7}}