{"host":"f5gffvlv6a66yqkd","time":1613796228,"event":{"mods":["2.2 Compatiblity","BaseMod","Colored Map","Custom Start","DeckTracker","Keyboard Shortcuts","Minty Spire (QoL Compilation)","Permanent Neow","Quick Restart","Relic Stats","StSLib","SuperFastMode"],"gold_per_floor":[109,119,119,133,143,176,176,204,204,204,221,221,233,252,252,252,252],"floor_reached":16,"language":"KOR","playtime":296,"items_purged":[],"score":228,"play_id":"c5884771-fcab-4030-97c6-9e3454742334","local_time":"20210220134348","is_ascension_mode":true,"campfire_choices":[{"data":"Eruption","floor":7.0,"key":"SMITH"},{"floor":10.0,"key":"REST"},{"data":"EmptyFist","floor":12,"key":"SMITH"},{"data":"MentalFortress","floor":15,"key":"SMITH"}],"circlet_count":0,"master_deck":["AscendersBane","Strike_P","Strike_P+1","Strike_P","Strike_P","Defend_P","Defend_P","Defend_P","Defend_P","Eruption+1","Vigilance","BowlingBash","MentalFortress+1","FlurryOfBlows+1","EmptyFist+1","CarveReality","MasterReality+1"],"relics":["PureWater","Orichalcum","PreservedInsect","Frozen Egg 2","Whetstone"],"acts_visited":["Exordium"],"potions_floor_usage":[16],"damage_taken":[{"damage":1.0,"enemies":"2 Louse","floor":1.0,"turns":2.0},{"damage":0.0,"enemies":"Cultist","floor":2.0,"turns":3.0},{"damage":2.0,"enemies":"Jaw Worm","floor":4.0,"turns":4.0},{"damage":19.0,"enemies":"Looter","floor":5.0,"turns":3.0},{"damage":22.0,"enemies":"Lagavulin","floor":6.0,"turns":5.0},{"damage":13.0,"enemies":"Gremlin Nob","floor":8.0,"turns":3.0},{"damage":12,"enemies":"Blue Slaver","floor":11,"turns":4},{"damage":0,"enemies":"3 Louse","floor":13,"turns":2},{"damage":0,"enemies":"2 Fungi Beasts","floor":14,"turns":1},{"damage":12,"enemies":"Hexaghost","floor":16,"turns":7}],"seed_played":"5087145252538088564","potions_obtained":[{"floor":1.0,"key":"Dexterity Potion"},{"floor":5.0,"key":"Fire Potion"}],"is_trial":false,"path_per_floor":["M","M","?","M","M","E","R","E","T","R","M","R","M","M","R","B"],"character_chosen":"WATCHER","items_purchased":[],"campfire_rested":1,"item_purchase_floors":[],"current_hp_per_floor":[60,60,60,58,39,17,17,4,4,24,12,12,12,12,12,0,0],"gold":252,"neow_bonus":"THREE_CARDS","is_daily":false,"chose_seed":false,"campfire_upgraded":3,"win_rate":0.0,"timestamp":1613796228,"path_taken":["M","M","?","M","M","E","R","E","T","R","M","R","?","M","R","BOSS"],"items_purchased_type":[],"build_version":"2020-12-22","purchased_purges":0,"victory":false,"max_hp_per_floor":[68,68,68,68,68,68,68,68,68,68,68,68,68,68,68,68,68],"relic_stats":{"counters":[10,34],"PreservedInsect":22,"Whetstone":["Strike_P","FlurryOfBlows"],"Orichalcum":[42],"obtain_stats":[{"PreservedInsect":6,"Whetstone":9,"PureWater":0,"Orichalcum":3,"Frozen Egg 2":8},{"PreservedInsect":5,"Whetstone":6,"PureWater":0,"Orichalcum":2,"Frozen Egg 2":6},{"PreservedInsect":17,"Whetstone":20,"PureWater":0,"Orichalcum":5,"Frozen Egg 2":20}]},"card_choices":[{"not_picked":["FlyingSleeves","Evaluate"],"picked":"BowlingBash","floor":0.0},{"not_picked":["Sanctity","FollowUp"],"picked":"Consecrate","floor":1.0},{"not_picked":["Evaluate","FlyingSleeves","Protect"],"picked":"SKIP","floor":2.0},{"not_picked":["FlurryOfBlows","Study"],"picked":"MentalFortress","floor":4.0},{"not_picked":["Evaluate","FlyingSleeves"],"picked":"FlurryOfBlows","floor":5.0},{"not_picked":["DeceiveReality","FollowUp"],"picked":"EmptyFist","floor":6.0},{"not_picked":["ConjureBlade","Crescendo","Protect"],"picked":"SKIP","floor":8.0},{"not_picked":["SashWhip","Halt","ReachHeaven"],"picked":"SKIP","floor":11},{"not_picked":["Halt","DeceiveReality"],"picked":"CarveReality","floor":13},{"not_picked":["Protect","FollowUp"],"picked":"MasterReality+1","floor":14}],"player_experience":1526621,"relics_obtained":[{"floor":6.0,"key":"PreservedInsect"},{"floor":8.0,"key":"Frozen Egg 2"},{"floor":9.0,"key":"Whetstone"}],"event_choices":[{"cards_removed":["Consecrate"],"damage_healed":0.0,"max_hp_gain":0.0,"max_hp_loss":0.0,"gold_gain":0.0,"event_name":"WeMeetAgain","player_choice":"Gave Card","floor":3.0,"gold_loss":0.0,"damage_taken":0.0,"relics_obtained":["Orichalcum"]}],"is_beta":false,"boss_relics":[],"items_purged_floors":[],"is_endless":false,"potions_floor_spawned":[1,5,6,11],"killed_by":"Hexaghost","ascension_level":20}}