{"host":"l3lzhw5qete3bz2v","time":1613823394,"event":{"mods":["BaseMod","Colored Map","Colored Powertips","Minty Spire (QoL Compilation)","StSLib","SuperFastMode"],"gold_per_floor":[118,136,151,168,243,243,277,277,277,277,81,3,16,44,44,148,148,161,181,181,195,205,205,239,249,276,276,276,125,136,164,164,164,164],"floor_reached":33,"language":"JPN","playtime":1631,"items_purged":[],"score":419,"play_id":"a27062b8-bdbd-49ca-93d1-00ee66cd2cc6","local_time":"20210220211634","is_ascension_mode":true,"campfire_choices":[{"data":"Streamline","floor":6,"key":"SMITH"},{"data":"Defragment","floor":8,"key":"SMITH"},{"floor":10,"key":"REST"},{"floor":15,"key":"REST"},{"data":"Loop","floor":23,"key":"SMITH"},{"data":"Static Discharge","floor":27,"key":"SMITH"},{"data":"Reinforced Body","floor":32,"key":"SMITH"}],"circlet_count":0,"master_deck":["Strike_B+1","Strike_B+1","Defend_B+1","Defend_B+1","Defend_B+1","Defend_B+1","Zap","Dualcast","Ball Lightning","Streamline+1","Ball Lightning","Sweeping Beam","Defragment+1","Reinforced Body+1","Glacier","All For One","Barrage","Cold Snap+1","Static Discharge+1","Hello World","Loop+1","Hologram+1","FTL+1","Double Energy+1"],"relics":["FrozenCore","CaptainsWheel","Torii","Sling","White Beast Statue","Meat on the Bone","Peace Pipe","Blood Vial","DataDisk","Juzu Bracelet"],"acts_visited":["Exordium","TheCity"],"potions_floor_usage":[7,16,16,21,24,24,31,33,33,33],"damage_taken":[{"damage":5,"enemies":"Small Slimes","floor":1,"turns":3},{"damage":0,"enemies":"Cultist","floor":2,"turns":3},{"damage":12,"enemies":"Jaw Worm","floor":3,"turns":2},{"damage":12,"enemies":"Exordium Thugs","floor":4,"turns":3},{"damage":12,"enemies":"Lagavulin","floor":7,"turns":6},{"damage":6,"enemies":"3 Louse","floor":13,"turns":3},{"damage":20,"enemies":"3 Sentries","floor":14,"turns":4},{"damage":10,"enemies":"Slime Boss","floor":16,"turns":7},{"damage":20,"enemies":"Shell Parasite","floor":18,"turns":7},{"damage":6,"enemies":"Chosen","floor":19,"turns":5},{"damage":7,"enemies":"Snake Plant","floor":21,"turns":6},{"damage":17,"enemies":"Centurion and Healer","floor":22,"turns":8},{"damage":27,"enemies":"Book of Stabbing","floor":24,"turns":5},{"damage":8,"enemies":"3 Cultists","floor":25,"turns":6},{"damage":8,"enemies":"Shelled Parasite and Fungi","floor":30,"turns":5},{"damage":0,"enemies":"Gremlin Leader","floor":31,"turns":7},{"damage":50,"enemies":"Automaton","floor":33,"turns":6}],"seed_played":"-7616762156044217951","potions_obtained":[{"floor":3,"key":"SkillPotion"},{"floor":13,"key":"GamblersBrew"},{"floor":14,"key":"ColorlessPotion"},{"floor":16,"key":"EssenceOfSteel"},{"floor":18,"key":"GamblersBrew"},{"floor":19,"key":"Regen Potion"},{"floor":21,"key":"GamblersBrew"},{"floor":24,"key":"Block Potion"},{"floor":25,"key":"DistilledChaos"},{"floor":30,"key":"Dexterity Potion"},{"floor":31,"key":"Swift Potion"}],"is_trial":false,"path_per_floor":["M","M","M","M","?","R","E","R","T","R","$","?","M","E","R","B",null,"M","M","?","M","M","R","E","M","T","R","?","$","M","E","R","B"],"character_chosen":"DEFECT","items_purchased":["Sling","FearPotion","DataDisk"],"campfire_rested":2,"item_purchase_floors":[11,11,29],"current_hp_per_floor":[70,70,58,46,35,35,23,23,23,47,47,47,41,21,45,47,73,53,47,47,55,50,50,35,39,39,39,39,39,45,47,47,0,0],"gold":164,"neow_bonus":"TEN_PERCENT_HP_BONUS","is_daily":false,"chose_seed":false,"campfire_upgraded":5,"win_rate":0.0,"timestamp":1613823394,"path_taken":["M","M","M","M","?","R","E","R","T","R","$","?","M","E","R","BOSS","M","M","?","M","M","R","E","M","T","R","?","$","?","E","R","BOSS"],"items_purchased_type":["Relic","Potion","Relic"],"build_version":"2020-12-22","purchased_purges":0,"victory":false,"max_hp_per_floor":[82,82,82,82,82,82,82,82,82,82,82,82,82,82,82,82,82,82,82,82,82,82,82,82,82,82,82,82,82,82,82,82,82,82],"card_choices":[{"not_picked":["Go for the Eyes","Rip and Tear"],"picked":"Ball Lightning","floor":1},{"not_picked":["Capacitor","Darkness"],"picked":"Streamline","floor":2},{"not_picked":["Steam Power","Stack"],"picked":"Ball Lightning","floor":3},{"not_picked":["Compile Driver","Thunder Strike"],"picked":"Sweeping Beam","floor":4},{"not_picked":["BootSequence","Heatsinks"],"picked":"Defragment","floor":7},{"not_picked":["Chaos","Hologram"],"picked":"Reinforced Body","floor":13},{"not_picked":["Heatsinks","Defragment"],"picked":"Glacier","floor":14},{"not_picked":["Reboot","Meteor Strike"],"picked":"All For One","floor":16},{"not_picked":["Hello World","Beam Cell"],"picked":"Barrage","floor":18},{"not_picked":["Barrage","Sweeping Beam+1"],"picked":"Cold Snap+1","floor":19},{"not_picked":["Hologram","Sweeping Beam"],"picked":"Loop","floor":21},{"not_picked":["BootSequence","Rebound+1"],"picked":"Hologram+1","floor":22},{"not_picked":["Rip and Tear","Barrage","Streamline"],"picked":"SKIP","floor":24},{"not_picked":["Compile Driver","Steam Power"],"picked":"FTL+1","floor":25},{"not_picked":["Hologram","Steam Power","Conserve Battery"],"picked":"SKIP","floor":30},{"not_picked":["All For One","Streamline+1"],"picked":"Double Energy+1","floor":31}],"player_experience":128781,"relics_obtained":[{"floor":7,"key":"CaptainsWheel"},{"floor":9,"key":"Torii"},{"floor":14,"key":"Meat on the Bone"},{"floor":24,"key":"Peace Pipe"},{"floor":26,"key":"Blood Vial"},{"floor":31,"key":"Juzu Bracelet"}],"event_choices":[{"damage_healed":0,"gold_gain":75,"player_choice":"Gather Gold","damage_taken":11,"max_hp_gain":0,"max_hp_loss":0,"event_name":"World of Goop","floor":5,"gold_loss":0},{"damage_healed":0,"gold_gain":0,"player_choice":"Paid Gold","damage_taken":0,"relics_obtained":["White Beast Statue"],"max_hp_gain":0,"max_hp_loss":0,"event_name":"WeMeetAgain","floor":12,"gold_loss":78},{"damage_healed":0,"gold_gain":0,"cards_transformed":["Strike_B","Strike_B"],"player_choice":"Became Test Subject","damage_taken":0,"max_hp_gain":0,"max_hp_loss":0,"event_name":"Drug Dealer","floor":20,"gold_loss":0,"cards_obtained":["Static Discharge","Hello World"]},{"damage_healed":0,"gold_gain":0,"player_choice":"Simplicity","damage_taken":0,"max_hp_gain":0,"max_hp_loss":0,"event_name":"Back to Basics","floor":28,"gold_loss":0,"cards_upgraded":["Strike_B","Strike_B","Defend_B","Defend_B","Defend_B","Defend_B"]}],"is_beta":false,"boss_relics":[{"not_picked":["Busted Crown","Sozu"],"picked":"FrozenCore"}],"items_purged_floors":[],"is_endless":false,"potions_floor_spawned":[3,13,14,16,18,19,21,22,24,25,30,31],"killed_by":"Automaton","ascension_level":6}}