{"host":"qtqz1b21ag9kfmyj","time":1613821221,"event":{"mods":["BaseMod","Better Third Choice","Block Reminder","Hermit","Minty Spire (QoL Compilation)","StSLib","The Bug Knight","The Cursed","The Necromancer","The Servant 0.9.4"],"gold_per_floor":[114,129,304,222,222,252,267,267,267,267,297,80,80,95,95,195,245,260,275,275,197,212,242,242,257,257,234,249,69,94,109,109,209,209,224,224,274,298,313,313,313],"floor_reached":40,"language":"ENG","playtime":2537,"items_purged":[],"score":614,"play_id":"b040bccc-089c-475d-b2e6-6ca39bba8b0b","local_time":"20210220054021","daily_mods":["Shiny","Hoarder","DeadlyEvents"],"is_ascension_mode":false,"campfire_choices":[{"floor":8,"key":"REST"},{"floor":10,"key":"REST"},{"floor":13,"key":"REST"},{"floor":15,"key":"REST"},{"floor":24,"key":"REST"},{"floor":32,"key":"REST"}],"circlet_count":0,"master_deck":["TheCursedMod:CircleOfAbyss","TheCursedMod:CollectTribute","TheCursedMod:ShockAndAwe","TheCursedMod:ParallelWorld","TheCursedMod:UltimatePain","TheCursedMod:OutForBlood","TheCursedMod:StunningStrike","TheCursedMod:DarkBarrier","TheCursedMod:AntiAging","TheCursedMod:ForbiddenAlchemy","TheCursedMod:DemonSword","TheCursedMod:ManaCirculation","TheCursedMod:Neurasthenia","TheCursedMod:VoidForm","TheCursedMod:CursedRelics+1","TheCursedMod:DemonicPact","TheCursedMod:NeowsMight","TheCursedMod:Stigma","TheCursedMod:Stigma","TheCursedMod:Stigma","TheCursedMod:CursedMace","TheCursedMod:CursedMace+1","TheCursedMod:CursedMace","Doubt","Doubt","Doubt","TheCursedMod:Hemoplague+1","TheCursedMod:Hemoplague","TheCursedMod:Hemoplague","TheCursedMod:SaltUponWound","TheCursedMod:SaltUponWound","TheCursedMod:SaltUponWound","TheCursedMod:CursedShiv","TheCursedMod:CursedShiv","TheCursedMod:CursedShiv","TheCursedMod:SmokeScreen","TheCursedMod:SmokeScreen","TheCursedMod:SmokeScreen","TheCursedMod:CursedArmor","TheCursedMod:CursedArmor","TheCursedMod:CursedArmor","Chrysalis","Chrysalis","Chrysalis","TheCursedMod:Stigma","TheCursedMod:Stigma","TheCursedMod:NeowsMight","TheCursedMod:NeowsMight","TheCursedMod:NeowsMight","TheCursedMod:Wield","TheCursedMod:Wield","TheCursedMod:Wield","TheCursedMod:SoulReap+1","TheCursedMod:SoulReap+1","TheCursedMod:SoulReap+1","TheCursedMod:Mangle","TheCursedMod:Mangle","TheCursedMod:Mangle","Insight","Insight","Insight","TheCursedMod:CollectTribute","TheCursedMod:CollectTribute","TheCursedMod:CollectTribute","TheCursedMod:WearCloak","TheCursedMod:WearCloak","TheCursedMod:WearCloak","TheCursedMod:Stigma+1","TheCursedMod:Stigma+1","TheCursedMod:Stigma+1","TheCursedMod:Hemoplague+1","TheCursedMod:Hemoplague+1","TheCursedMod:Hemoplague+1","TheCursedMod:SurpriseAttack","TheCursedMod:SurpriseAttack","TheCursedMod:SurpriseAttack","TheCursedMod:TroublousMinions","TheCursedMod:TroublousMinions","TheCursedMod:TroublousMinions","Sadistic Nature","Sadistic Nature","Sadistic Nature","TheCursedMod:RavingStaff+1","TheCursedMod:RavingStaff+1","TheCursedMod:RavingStaff+1","TheCursedMod:DemonSword","TheCursedMod:DemonSword","TheCursedMod:DemonSword","TheCursedMod:WearCloak+1","TheCursedMod:WearCloak+1","TheCursedMod:WearCloak+1","TheCursedMod:HellfireBreathing+1","TheCursedMod:HellfireBreathing+1","TheCursedMod:HellfireBreathing+1","TheCursedMod:LuckyCharm","TheCursedMod:LuckyCharm","TheCursedMod:LuckyCharm","TheCursedMod:Stretching+1","TheCursedMod:Stretching+1","TheCursedMod:Stretching+1"],"relics":["TheCursedMod:BlackMagic101","Whetstone","Bag of Preparation","Du-Vu Doll","Tiny House","Blood Vial","Gremlin Horn","Lantern","Cursed Key","Incense Burner","Unceasing Top"],"acts_visited":["Exordium","TheCity","TheBeyond"],"potions_floor_usage":[1,11,11,16,23,33,38,38,38,38,38,40],"damage_taken":[{"damage":4,"enemies":"Cultist","floor":1,"turns":3},{"damage":17,"enemies":"Jaw Worm","floor":2,"turns":4},{"damage":27,"enemies":"HollowMod:MossKnight","floor":6,"turns":7},{"damage":15,"enemies":"Small Slimes","floor":7,"turns":3},{"damage":16,"enemies":"Lagavulin","floor":11,"turns":4},{"damage":15,"enemies":"Looter","floor":14,"turns":3},{"damage":41,"enemies":"The Guardian","floor":16,"turns":7},{"damage":18,"enemies":"2 Thieves","floor":18,"turns":3},{"damage":24,"enemies":"Shell Parasite","floor":19,"turns":3},{"damage":35,"enemies":"Sentry and Sphere","floor":22,"turns":6},{"damage":17,"enemies":"Gremlin Leader","floor":23,"turns":4},{"damage":35,"enemies":"Shelled Parasite and Fungi","floor":25,"turns":5},{"damage":2,"enemies":"Snecko","floor":28,"turns":3},{"damage":13,"enemies":"Snake Plant","floor":31,"turns":2},{"damage":56,"enemies":"Automaton","floor":33,"turns":8},{"damage":30,"enemies":"3 Shapes","floor":35,"turns":3},{"damage":15,"enemies":"Mind Bloom Boss Battle","floor":37,"turns":5},{"damage":86,"enemies":"2 Orb Walkers","floor":38,"turns":5},{"damage":0,"enemies":"Orb Walker","floor":39,"turns":1},{"damage":54,"enemies":"Reptomancer","floor":40,"turns":3}],"seed_played":"3618718455484561711","potions_obtained":[{"floor":5,"key":"PowerPotion"},{"floor":5,"key":"PowerPotion"},{"floor":11,"key":"SteroidPotion"},{"floor":14,"key":"Energy Potion"},{"floor":16,"key":"FairyPotion"},{"floor":28,"key":"TheCursedMod:DregsPotion"},{"floor":31,"key":"DuplicationPotion"},{"floor":33,"key":"Explosive Potion"},{"floor":38,"key":"GamblersBrew"}],"is_trial":false,"path_per_floor":["M","M","?","$","?","E","M","R","T","R","E","$","R","M","R","B",null,"M","M","?","$","M","E","R","M","T","$","M","$","T","M","R","B",null,"M","?","?","?","M","E"],"character_chosen":"THE_CURSED","items_purchased":["TheCursedMod:Hemoplague","TheCursedMod:CursedArmor","Chrysalis","TheCursedMod:CollectTribute","TheCursedMod:SurpriseAttack","Sadistic Nature"],"campfire_rested":6,"item_purchase_floors":[4,12,12,21,27,29],"current_hp_per_floor":[71,56,56,56,56,29,14,37,37,60,44,44,67,54,77,36,84,66,58,58,58,35,54,79,65,65,65,80,80,80,69,86,42,88,58,58,59,6,8,0,0],"gold":313,"neow_bonus":"","is_daily":true,"chose_seed":false,"campfire_upgraded":0,"win_rate":0.0,"timestamp":1613821221,"path_taken":["M","M","?","$","?","E","M","R","T","R","?","$","R","M","R","BOSS","M","?","?","$","M","E","R","M","T","?","M","$","?","M","R","BOSS","M","?","?","?","M","E"],"items_purchased_type":["Card","Card","Card","Card","Card","Card"],"build_version":"2020-12-22","purchased_purges":0,"victory":false,"max_hp_per_floor":[75,77,77,77,77,77,77,77,77,77,77,77,77,79,79,79,84,84,84,84,84,86,86,86,86,86,86,86,86,86,86,86,88,88,88,88,88,88,88,88,88],"card_choices":[{"not_picked":["TheCursedMod:RapidMovement","TheCursedMod:BlessingInDisguise"],"picked":"TheCursedMod:Stigma","floor":1},{"not_picked":["TheCursedMod:HellsGateOpen","TheCursedMod:Stretching"],"picked":"TheCursedMod:CursedMace","floor":2},{"not_picked":["TheCursedMod:Neurasthenia","TheCursedMod:HellfireBreathing"],"picked":"TheCursedMod:SaltUponWound","floor":6},{"not_picked":["TheCursedMod:SpitefulStrike","TheCursedMod:Torture"],"picked":"TheCursedMod:CursedShiv","floor":7},{"not_picked":["TheCursedMod:CursedMace","TheCursedMod:RavingStaff"],"picked":"TheCursedMod:SmokeScreen","floor":11},{"not_picked":["TheCursedMod:DemonSword","TheCursedMod:SpitefulStrike"],"picked":"TheCursedMod:Stigma","floor":14},{"not_picked":["TheCursedMod:VoidForm","TheCursedMod:AntiAging"],"picked":"TheCursedMod:NeowsMight","floor":16},{"not_picked":["TheCursedMod:SmokeScreen","TheCursedMod:CircleOfFlame"],"picked":"TheCursedMod:Wield","floor":17},{"not_picked":["TheCursedMod:WearCloak","TheCursedMod:Grudge"],"picked":"TheCursedMod:SoulReap+1","floor":18},{"not_picked":["TheCursedMod:SpitefulPlan","TheCursedMod:CursedMace"],"picked":"TheCursedMod:Mangle","floor":19},{"not_picked":["TheCursedMod:CircleOfCorruption","TheCursedMod:CircleOfFlame"],"picked":"TheCursedMod:WearCloak","floor":22},{"not_picked":["TheCursedMod:FuryStrike","TheCursedMod:DarkBarrier"],"picked":"TheCursedMod:Stigma+1","floor":23},{"not_picked":["TheCursedMod:TroublousMinions","TheCursedMod:CursedShiv"],"picked":"TheCursedMod:Hemoplague+1","floor":25},{"not_picked":["TheCursedMod:SpitefulStrike","TheCursedMod:SurpriseAttack"],"picked":"TheCursedMod:TroublousMinions","floor":28},{"not_picked":["TheCursedMod:SurpriseAttack","TheCursedMod:VitalStrike"],"picked":"TheCursedMod:RavingStaff+1","floor":31},{"not_picked":["TheCursedMod:ManaCirculation","TheCursedMod:ShockAndAwe"],"picked":"TheCursedMod:DemonSword","floor":33},{"not_picked":["TheCursedMod:CursedMace+1","TheCursedMod:SpitefulStrike+1"],"picked":"TheCursedMod:WearCloak+1","floor":35},{"not_picked":["TheCursedMod:Mangle+1","TheCursedMod:VitalStrike"],"picked":"TheCursedMod:HellfireBreathing+1","floor":37},{"not_picked":["TheCursedMod:CircleOfAmplification+1","TheCursedMod:AshesToAshes+1"],"picked":"TheCursedMod:LuckyCharm","floor":38},{"not_picked":["TheCursedMod:Wield+1","TheCursedMod:Stigma"],"picked":"TheCursedMod:Stretching+1","floor":39}],"player_experience":162497,"relics_obtained":[{"floor":6,"key":"Whetstone"},{"floor":9,"key":"Bag of Preparation"},{"floor":11,"key":"Du-Vu Doll"},{"floor":23,"key":"Blood Vial"},{"floor":26,"key":"Gremlin Horn"},{"floor":30,"key":"Lantern"},{"floor":37,"key":"Incense Burner"},{"floor":38,"key":"Unceasing Top"}],"event_choices":[{"damage_healed":0,"gold_gain":175,"player_choice":"AGREE","damage_taken":129,"max_hp_gain":0,"max_hp_loss":0,"event_name":"betterThird:BetterSerpent","floor":3,"gold_loss":0},{"damage_healed":0,"gold_gain":0,"player_choice":"Got Potions","damage_taken":0,"max_hp_gain":0,"max_hp_loss":0,"event_name":"Lab","floor":5,"gold_loss":0},{"damage_healed":0,"gold_gain":0,"player_choice":"Insight","damage_taken":0,"max_hp_gain":0,"max_hp_loss":0,"event_name":"betterThird:BetterWriting","floor":20,"gold_loss":0,"cards_obtained":["Insight"]},{"cards_removed":["TheCursedMod:Stigma"],"damage_healed":0,"gold_gain":0,"player_choice":"Removed Attack","damage_taken":0,"max_hp_gain":0,"max_hp_loss":0,"event_name":"Falling","floor":36,"gold_loss":0},{"damage_healed":0,"gold_gain":0,"player_choice":"Fight","damage_taken":0,"max_hp_gain":0,"max_hp_loss":0,"event_name":"MindBloom","floor":37,"gold_loss":0},{"damage_healed":0,"gold_gain":0,"player_choice":"Fight","damage_taken":0,"max_hp_gain":0,"max_hp_loss":0,"event_name":"Mysterious Sphere","floor":38,"gold_loss":0}],"is_beta":false,"boss_relics":[{"not_picked":["Runic Dome","Empty Cage"],"picked":"Tiny House"},{"not_picked":["Astrolabe","Busted Crown"],"picked":"Cursed Key"}],"items_purged_floors":[],"is_endless":false,"potions_floor_spawned":[6,11,14,16,28,31,33,38],"killed_by":"Reptomancer","ascension_level":0}}