{"host":"h6r7r6c3xsnc1kic","time":1613790538,"event":{"mods":["BaseMod","Hermit","Koishi","Minty Spire (QoL Compilation)","Replay The Spire","StSLib","The Bug Knight","The Cursed","The Dragon Tamer","The Hierophant","The Jungle","The Poker Player","The Runesmith"],"gold_per_floor":[119,139,154,154,165,197,207,282,282,282,317,337,69,87,87,190,190,207,222,65,85,10,10,30,40,40,57,67,98,109,120,120,224,224,235,252,252,252,252,252,286,121,121,121,121,140,15,34,34,34],"floor_reached":51,"language":"KOR","playtime":2283,"items_purged":["PokerPlayerMod:Diamond1","PokerPlayerMod:Club1","PokerPlayerMod:Spade5"],"score":665,"play_id":"64f7158c-0bf8-4fe1-a381-ed6b4f637d58","local_time":"20210220120858","is_ascension_mode":false,"metric_token":862,"campfire_choices":[{"floor":10,"key":"REST"},{"data":"PokerPlayerMod:Spade3","floor":15,"key":"SMITH"},{"data":"PokerPlayerMod:Club2","floor":23,"key":"SMITH"},{"data":"PokerPlayerMod:Heart2","floor":32,"key":"SMITH"},{"floor":44,"key":"REST"},{"floor":49,"key":"REST"}],"circlet_count":0,"master_deck":["PokerPlayerMod:Diamond3","PokerPlayerMod:Diamond3","PokerPlayerMod:Diamond4","PokerPlayerMod:Diamond5","PokerPlayerMod:Spade2","PokerPlayerMod:Spade4","PokerPlayerMod:Spade4","PokerPlayerMod:Club3","PokerPlayerMod:Heart3","PokerPlayerMod:TrumpStrike","PokerPlayerMod:BadJoker","PokerPlayerMod:Mulligan","PokerPlayerMod:CloakAndDiamond","PokerPlayerMod:Diamond3","PokerPlayerMod:Club4","PokerPlayerMod:Club4","PokerPlayerMod:Club4","PokerPlayerMod:SpadeStrike","PokerPlayerMod:SpadeStrike","PokerPlayerMod:ChangeRules","PokerPlayerMod:Heart4","PokerPlayerMod:Sharpen","PokerPlayerMod:Heart3","PokerPlayerMod:CloakAndDiamond","PokerPlayerMod:ClubsClub+1","PokerPlayerMod:DiamondStrike","PokerPlayerMod:ClubsClub","PokerPlayerMod:VarietyAttack","CurseOfTheBell","PokerPlayerMod:FlyingCard+1","PokerPlayerMod:DiamondStrike","Delirium","PokerPlayerMod:Trickery","PokerPlayerMod:Heart4","PokerPlayerMod:Club3"],"relics":["PokerPlayerMod:DeckCase","Nunchaku","Potion Belt","Turnip","PokerPlayerMod:ClubPass","PokerPlayerMod:Splitter","Lee\u0027s Waffle","Du-Vu Doll","Replay:Rubber Ducky","Calling Bell","Regal Pillow","Replay:Ringing Soul","Replay:Multitool","Ring of Fury","Chameleon Ring","Replay:Mystery Machine","Mirror"],"acts_visited":["Exordium","TheCity","TheBeyond"],"potions_floor_usage":[11,11,19,29,29,33,41,50,50,50,50],"damage_taken":[{"damage":0,"enemies":"Small Slimes","floor":1,"turns":3},{"damage":0,"enemies":"Cultist","floor":2,"turns":2},{"damage":0,"enemies":"Jaw Worm","floor":3,"turns":3},{"damage":7,"enemies":"Exordium Wildlife","floor":5,"turns":4},{"damage":16,"enemies":"3 Sentries","floor":6,"turns":7},{"damage":6,"enemies":"2 Fungi Beasts","floor":7,"turns":4},{"damage":9,"enemies":"HollowMod:MossKnight","floor":11,"turns":3},{"damage":0,"enemies":"Large Slime","floor":12,"turns":3},{"damage":0,"enemies":"Looter","floor":14,"turns":2},{"damage":0,"enemies":"Slime Boss","floor":16,"turns":6},{"damage":14,"enemies":"Shell Parasite","floor":18,"turns":5},{"damage":0,"enemies":"2 Thieves","floor":19,"turns":3},{"damage":8,"enemies":"Cultist and Chosen","floor":21,"turns":4},{"damage":7,"enemies":"3 Cultists","floor":24,"turns":4},{"damage":4,"enemies":"Centurion and Healer","floor":25,"turns":5},{"damage":5,"enemies":"Cultist and Chosen","floor":27,"turns":4},{"damage":13,"enemies":"Sentry and Sphere","floor":28,"turns":3},{"damage":22,"enemies":"Book of Stabbing","floor":29,"turns":5},{"damage":6,"enemies":"3 Cultists","floor":30,"turns":4},{"damage":4,"enemies":"Snecko","floor":31,"turns":3},{"damage":37,"enemies":"Automaton","floor":33,"turns":9},{"damage":20,"enemies":"3 Shapes","floor":35,"turns":2},{"damage":10,"enemies":"Orb Walker","floor":36,"turns":3},{"damage":110,"enemies":"Giant Head","floor":41,"turns":9},{"damage":0,"enemies":"Transient","floor":46,"turns":5},{"damage":39,"enemies":"Jaw Worm Horde","floor":48,"turns":3},{"damage":71,"enemies":"Replay:Hell Engine","floor":50,"turns":11}],"seed_played":"8076336046165655220","potions_obtained":[{"floor":3,"key":"Reflective Coating"},{"floor":6,"key":"SteroidPotion"},{"floor":7,"key":"FairyPotion"},{"floor":12,"key":"Explosive Potion"},{"floor":21,"key":"Elixir"},{"floor":24,"key":"Languid Potion"},{"floor":25,"key":"LifebloodPotion"},{"floor":28,"key":"ColorlessPotion"},{"floor":31,"key":"SteroidPotion"},{"floor":33,"key":"Fire Potion"},{"floor":35,"key":"BlessingOfTheForge"},{"floor":36,"key":"Explosive Potion"},{"floor":41,"key":"Explosive Potion"}],"is_trial":false,"path_per_floor":["M","M","M","?","M","E","M","?","T","R","E","M","$","M","R","B",null,"M","M","$","M","?","R","M","M","T","M","M","E","M","M","R","B",null,"M","M","?","?","?","R","E","$","T","R","T","M","$","M","R","B",null],"character_chosen":"THE_POKER_PLAYER","items_purchased":["PokerPlayerMod:SpadeStrike","PokerPlayerMod:Splitter","Lee\u0027s Waffle","PokerPlayerMod:Heart4"],"campfire_rested":3,"item_purchase_floors":[13,13,20,42],"current_hp_per_floor":[52,52,52,52,48,35,32,21,21,36,32,35,35,41,41,45,52,41,52,59,51,51,51,52,55,55,54,49,37,42,55,55,22,59,42,41,44,44,44,68,23,26,26,63,63,77,77,38,76,23],"gold":34,"neow_bonus":"RANDOM_COMMON_RELIC","is_daily":false,"chose_seed":false,"campfire_upgraded":3,"win_rate":0.0,"timestamp":1613790538,"path_taken":["M","M","M","?","?","E","M","?","T","R","E","M","$","M","R","BOSS","M","M","$","M","?","R","M","M","T","M","M","E","M","M","R","BOSS","M","M","?","?","?","R","E","$","T","R","?","?","$","M","R","BOSS"],"items_purchased_type":["Card","Relic","Relic","Card"],"build_version":"2020-12-22","purchased_purges":3,"victory":true,"max_hp_per_floor":[52,52,52,52,52,52,52,52,52,52,52,52,52,52,52,52,52,52,52,59,59,59,59,59,59,59,59,59,59,59,59,59,59,59,62,65,68,68,68,68,71,74,74,74,74,77,77,77,77,77],"card_choices":[{"not_picked":["PokerPlayerMod:Diamond2","PokerPlayerMod:Spade5"],"picked":"PokerPlayerMod:Spade4","floor":1},{"not_picked":["PokerPlayerMod:Diamond3","PokerPlayerMod:Spade1"],"picked":"PokerPlayerMod:CloakAndDiamond","floor":2},{"not_picked":["PokerPlayerMod:DartThrow","PokerPlayerMod:Fold"],"picked":"PokerPlayerMod:Diamond3","floor":3},{"not_picked":["PokerPlayerMod:Club1","PokerPlayerMod:StackedDeck"],"picked":"PokerPlayerMod:Club4","floor":5},{"not_picked":["PokerPlayerMod:Diamond3","PokerPlayerMod:Heart10+"],"picked":"PokerPlayerMod:Club4","floor":6},{"not_picked":["PokerPlayerMod:CloakAndDiamond","PokerPlayerMod:Overdeal"],"picked":"PokerPlayerMod:Club4","floor":7},{"not_picked":["PokerPlayerMod:Spade3","PokerPlayerMod:HiddenCard","PokerPlayerMod:FlyingCard"],"picked":"SKIP","floor":11},{"not_picked":["PokerPlayerMod:CardPrinter","PokerPlayerMod:Club3","PokerPlayerMod:ClubStrike"],"picked":"SKIP","floor":12},{"not_picked":["PokerPlayerMod:ClubStrike","PokerPlayerMod:DartThrow","PokerPlayerMod:Spade6"],"picked":"SKIP","floor":14},{"not_picked":["PokerPlayerMod:Club8","PokerPlayerMod:Heart9"],"picked":"PokerPlayerMod:ChangeRules","floor":16},{"not_picked":["PokerPlayerMod:CardBurn+1","PokerPlayerMod:Diamond3"],"picked":"PokerPlayerMod:Heart4","floor":18},{"not_picked":["PokerPlayerMod:Spade2","PokerPlayerMod:Configure","PokerPlayerMod:Diamond3"],"picked":"SKIP","floor":19},{"not_picked":["PokerPlayerMod:Diamond2","PokerPlayerMod:DartThrow","PokerPlayerMod:Diamond5"],"picked":"SKIP","floor":21},{"not_picked":["PokerPlayerMod:Spade2","PokerPlayerMod:Harden"],"picked":"PokerPlayerMod:Sharpen","floor":24},{"not_picked":["PokerPlayerMod:Diamond1","PokerPlayerMod:CardBurn+1","PokerPlayerMod:MagicTrick"],"picked":"SKIP","floor":25},{"not_picked":["PokerPlayerMod:Diamond3","PokerPlayerMod:Diamond2"],"picked":"PokerPlayerMod:Heart3","floor":27},{"not_picked":["PokerPlayerMod:DartThrow+1","PokerPlayerMod:Raise"],"picked":"PokerPlayerMod:CloakAndDiamond","floor":28},{"not_picked":["PokerPlayerMod:Fold","PokerPlayerMod:Diamond5"],"picked":"PokerPlayerMod:ClubsClub+1","floor":29},{"not_picked":["PokerPlayerMod:Diamond2","PokerPlayerMod:Spade2"],"picked":"PokerPlayerMod:DiamondStrike","floor":30},{"not_picked":["PokerPlayerMod:Configure","PokerPlayerMod:Spade2"],"picked":"PokerPlayerMod:ClubsClub","floor":31},{"not_picked":["PokerPlayerMod:Spade9","PokerPlayerMod:Club7"],"picked":"PokerPlayerMod:VarietyAttack","floor":33},{"not_picked":["PokerPlayerMod:CloakAndDiamond","PokerPlayerMod:Heart1"],"picked":"PokerPlayerMod:FlyingCard+1","floor":35},{"not_picked":["PokerPlayerMod:CardBurn+1","PokerPlayerMod:Spade2"],"picked":"PokerPlayerMod:DiamondStrike","floor":36},{"not_picked":["PokerPlayerMod:Spade3","PokerPlayerMod:MagicTrick"],"picked":"PokerPlayerMod:Trickery","floor":41},{"not_picked":["PokerPlayerMod:CloakAndDiamond","PokerPlayerMod:Diamond3"],"picked":"PokerPlayerMod:Club3","floor":46},{"not_picked":["PokerPlayerMod:Sharpen+1","PokerPlayerMod:Heart2","PokerPlayerMod:ClubShade"],"picked":"SKIP","floor":48}],"player_experience":173099,"relics_obtained":[{"floor":6,"key":"Potion Belt"},{"floor":9,"key":"Turnip"},{"floor":11,"key":"PokerPlayerMod:ClubPass"},{"floor":26,"key":"Du-Vu Doll"},{"floor":29,"key":"Replay:Rubber Ducky"},{"floor":34,"key":"Regal Pillow"},{"floor":34,"key":"Replay:Ringing Soul"},{"floor":34,"key":"Replay:Multitool"},{"floor":37,"key":"Ring of Fury"},{"floor":41,"key":"Chameleon Ring"},{"floor":43,"key":"Replay:Mystery Machine"},{"floor":45,"key":"Mirror"}],"event_choices":[{"damage_healed":0,"gold_gain":0,"player_choice":"Forge","damage_taken":0,"max_hp_gain":0,"max_hp_loss":0,"event_name":"Accursed Blacksmith","floor":4,"gold_loss":0,"cards_upgraded":["PokerPlayerMod:Diamond3"]},{"damage_healed":0,"gold_gain":75,"player_choice":"Gather Gold","damage_taken":11,"max_hp_gain":0,"max_hp_loss":0,"event_name":"World of Goop","floor":8,"gold_loss":0},{"cards_removed":["PokerPlayerMod:Spade1"],"damage_healed":0,"gold_gain":0,"player_choice":"Gave Gold","damage_taken":0,"max_hp_gain":0,"max_hp_loss":0,"event_name":"Beggar","floor":22,"gold_loss":75},{"damage_healed":0,"gold_gain":0,"player_choice":"Ignored","damage_taken":0,"max_hp_gain":0,"max_hp_loss":0,"event_name":"Mysterious Sphere","floor":38,"gold_loss":0},{"damage_healed":0,"gold_gain":0,"player_choice":"Ignored","damage_taken":0,"max_hp_gain":0,"max_hp_loss":0,"event_name":"Tomb of Lord Red Mask","floor":39,"gold_loss":0}],"is_beta":false,"boss_relics":[{"not_picked":["ChewingGum","Painkiller Herb","Replay:Wanted Poster"]},{"not_picked":["Runic Dome","Kintsugi"],"picked":"Calling Bell"}],"items_purged_floors":[13,42,47],"is_endless":false,"potions_floor_spawned":[3,6,7,12,21,24,25,28,31,33,35,36,41],"ascension_level":0}}