{"host":"38p8qnzhmsyj15s2","time":1613862447,"event":{"mods":["AchievementEnabler","Act Like it!","Aspiration","Bard","BaseMod","BetterRewards","Challenge The Spire","Colored Powertips","Conspire","DeckTracker","Defuse TimeMaze Blight","Downfall","Energized Spire","GifTheSpireLib","Googly Eyes","Halation","Hermit","Hubris","Infinite Spire","Jorbs\u0027s Wanderer Trilogy","Minty Spire (QoL Compilation)","Quick Restart","Random Character Button","Rare Cards Sparkle","Relic Sorter","Replay The Spire","StSLib","The Cursed","The Hayseed","The Hierophant","The Jungle","The Servant 0.9.4","TheFirefly","Wandering Minibosses","everything is the same but u backflip on backflip"],"gold_per_floor":[119,138,138,163,20,20,63,63,63,81,81,81,124,124,124,244,244,262,64,82,82,82],"floor_reached":21,"language":"ENG","playtime":2463,"items_purged":[],"score":187,"play_id":"86adf0aa-8e83-4980-8014-18d4f47ee855","local_time":"20210220230727","is_ascension_mode":false,"campfire_choices":[{"data":"Zap","floor":6,"key":"SMITH"},{"data":"Multi-Cast","floor":8,"key":"SMITH"},{"data":"ReplayRNGCard","floor":12,"key":"SMITH"},{"data":"Redo","floor":15,"key":"SMITH"}],"circlet_count":0,"master_deck":["Strike_B","Strike_B","Strike_B","Strike_B","Defend_B","Defend_B","Defend_B","Defend_B","Zap+1","Dualcast","Doom and Gloom","Leap","Rebound","Panic Button","Multi-Cast+1","Lockon","ReplayRNGCard+1","Redo+1","Fission","Panic Button","Crystallizer","Crystallizer","Seek","Chill"],"relics":["Cracked Core","Golden Idol","infinitespire:Freezer","Anchor","hubris:SoftwareUpdate","hubris:OldNail","Replay:Wax Seal","halation:Prosthetics"],"acts_visited":["Exordium","TheCity"],"potions_floor_usage":[13,20],"damage_taken":[{"damage":0,"enemies":"conspire:RoseBush","floor":1,"turns":2},{"damage":2,"enemies":"Small Slimes","floor":2,"turns":3},{"damage":8,"enemies":"2 Louse","floor":4,"turns":3},{"damage":11,"enemies":"Lagavulin","floor":7,"turns":6},{"damage":1,"enemies":"Lots of Slimes","floor":10,"turns":3},{"damage":3,"enemies":"Gremlin Nob","floor":13,"turns":4},{"damage":48,"enemies":"Fading Forest","floor":16,"turns":11},{"damage":23,"enemies":"3 Byrds","floor":18,"turns":5},{"damage":10,"enemies":"Spheric Guardian","floor":20,"turns":4}],"seed_played":"1830210565593535177","potions_obtained":[{"floor":2,"key":"PotionOfCapacity"},{"floor":10,"key":"Strength Potion"},{"floor":13,"key":"SmokeBomb"},{"floor":18,"key":"Fire Potion"}],"is_trial":false,"path_per_floor":["M","M","?","M","$","R","E","R","T","M","?","R","E","T","R","B",null,"M","$","M","?"],"character_chosen":"DEFECT","items_purchased":["infinitespire:Freezer","Crystallizer","Seek"],"campfire_rested":0,"item_purchase_floors":[5,19,19],"current_hp_per_floor":[75,73,69,61,61,61,50,50,50,49,49,49,46,46,46,8,34,11,11,1,0,0],"gold":82,"neow_bonus":"THREE_CARDS","is_daily":false,"chose_seed":false,"campfire_upgraded":4,"win_rate":0.0,"timestamp":1613862447,"path_taken":["M","M","?","M","$","R","E","R","T","M","?","R","E","?","R","BOSS","M","$","?","?"],"items_purchased_type":["Relic","Card","Card"],"build_version":"2020-12-22","purchased_purges":0,"victory":false,"max_hp_per_floor":[75,75,69,69,69,69,69,69,69,69,69,69,69,69,69,69,34,34,34,34,34,34],"card_choices":[{"not_picked":["Cold Snap","FTL"],"picked":"Doom and Gloom","floor":0},{"not_picked":["Go for the Eyes","ReplaySolidLightProjector"],"picked":"Leap","floor":1},{"not_picked":["ReplaySort","Static Discharge"],"picked":"Rebound","floor":2},{"not_picked":["Fusion","Ball Lightning"],"picked":"Panic Button","floor":4},{"not_picked":["ReplaySort","Aggregate"],"picked":"Multi-Cast","floor":7},{"not_picked":["Streamline","Steam"],"picked":"Lockon","floor":10},{"not_picked":["Leap","Stack"],"picked":"Redo","floor":13},{"not_picked":["Mirror Shield","Machine Learning"],"picked":"Fission","floor":16},{"not_picked":["Fusion","Coolheaded"],"picked":"Panic Button","floor":18},{"not_picked":["Beam Cell+1","BasicCrystalCard"],"picked":"Chill","floor":20}],"player_experience":28738,"relics_obtained":[{"floor":7,"key":"Anchor"},{"floor":9,"key":"hubris:SoftwareUpdate"},{"floor":13,"key":"hubris:OldNail"},{"floor":14,"key":"Replay:Wax Seal"}],"event_choices":[{"damage_healed":0,"gold_gain":0,"player_choice":"Lose Max HP","damage_taken":0,"relics_obtained":["Golden Idol"],"max_hp_gain":0,"max_hp_loss":6,"event_name":"Golden Idol","floor":3,"gold_loss":0}],"is_beta":false,"boss_relics":[{"not_picked":["hubris:GrandSneckoEye","conspire:SpecialSausage"],"picked":"halation:Prosthetics"}],"items_purged_floors":[],"is_endless":false,"potions_floor_spawned":[2,10,13,18],"ascension_level":0}}