{"host":"i2s4iw62z1dejrqn","time":1613809140,"event":{"mods":["AchievementEnabler","BaseMod","Minty Spire (QoL Compilation)","Random Character Button","SuperFastMode"],"gold_per_floor":[115,130,130,130,141,167,167,187,187,203,203,228,178,24,24,24,24],"floor_reached":16,"language":"KOR","playtime":1283,"items_purged":["Defend_P"],"score":196,"play_id":"503d6a2b-5a83-4f8b-8f80-840d2ea88306","local_time":"20210220171900","is_ascension_mode":true,"campfire_choices":[{"data":"Eruption","floor":7,"key":"SMITH"},{"data":"Vigilance","floor":15,"key":"SMITH"}],"circlet_count":0,"master_deck":["Strike_P","Strike_P","Strike_P","Defend_P","Defend_P","Eruption+1","Vigilance+1","Brilliance","CutThroughFate","Adaptation","FollowUp","CrushJoints","InnerPeace","Establishment","Adaptation"],"relics":["PureWater","Prayer Wheel","Ginger"],"acts_visited":["Exordium"],"potions_floor_usage":[6,16],"damage_taken":[{"damage":0,"enemies":"Cultist","floor":1,"turns":2},{"damage":2,"enemies":"Jaw Worm","floor":2,"turns":3},{"damage":0,"enemies":"Small Slimes","floor":5,"turns":2},{"damage":17,"enemies":"3 Sentries","floor":6,"turns":7},{"damage":3,"enemies":"Blue Slaver","floor":8,"turns":3},{"damage":5,"enemies":"Red Slaver","floor":10,"turns":3},{"damage":0,"enemies":"Gremlin Nob","floor":12,"turns":2},{"damage":39,"enemies":"The Guardian","floor":16,"turns":9}],"seed_played":"-8110821771111738066","potions_obtained":[{"floor":2,"key":"DistilledChaos"},{"floor":12,"key":"Weak Potion"}],"is_trial":false,"path_per_floor":["M","M","?","?","M","E","R","M","T","M","?","E","?","$","R","B"],"character_chosen":"WATCHER","items_purchased":["Adaptation"],"campfire_rested":0,"item_purchase_floors":[14],"current_hp_per_floor":[65,63,56,61,61,44,44,41,41,36,36,36,36,36,36,0,0],"gold":24,"neow_bonus":"ONE_RANDOM_RARE_CARD","is_daily":false,"chose_seed":false,"campfire_upgraded":2,"win_rate":0.0,"timestamp":1613809140,"path_taken":["M","?","?","?","M","E","R","?","T","M","?","E","?","?","R","BOSS"],"items_purchased_type":["Card"],"build_version":"2020-12-22","purchased_purges":1,"victory":false,"max_hp_per_floor":[72,72,72,77,77,77,77,77,77,77,77,77,77,77,77,77,77],"card_choices":[{"not_picked":["EmptyBody","CrushJoints"],"picked":"CutThroughFate","floor":1},{"not_picked":["Prostrate","FearNoEvil"],"picked":"Adaptation","floor":2},{"not_picked":["Consecrate","Protect"],"picked":"FollowUp","floor":5},{"not_picked":["CarveReality","JustLucky"],"picked":"CrushJoints","floor":6},{"not_picked":["Protect","BattleHymn"],"picked":"InnerPeace","floor":8},{"not_picked":["ForeignInfluence","FlyingSleeves","WreathOfFlame"],"picked":"SKIP","floor":8},{"not_picked":["Crescendo","DeceiveReality"],"picked":"Establishment","floor":10},{"not_picked":["CutThroughFate","BattleHymn","EmptyFist"],"picked":"SKIP","floor":10},{"not_picked":["CutThroughFate","Study","FollowUp"],"picked":"SKIP","floor":12}],"player_experience":488204,"relics_obtained":[{"floor":6,"key":"Prayer Wheel"},{"floor":12,"key":"Ginger"}],"event_choices":[{"cards_removed":["Strike_P"],"damage_healed":0,"gold_gain":0,"player_choice":"Card Removal","damage_taken":7,"max_hp_gain":0,"max_hp_loss":0,"event_name":"Golden Wing","floor":3,"gold_loss":0},{"damage_healed":0,"gold_gain":0,"player_choice":"Donut","damage_taken":0,"max_hp_gain":5,"max_hp_loss":0,"event_name":"Big Fish","floor":4,"gold_loss":0},{"damage_healed":0,"gold_gain":0,"player_choice":"Ignored","damage_taken":0,"max_hp_gain":0,"max_hp_loss":0,"event_name":"Liars Game","floor":11,"gold_loss":0},{"cards_removed":["Defend_P"],"damage_healed":0,"gold_gain":0,"player_choice":"Card Removal","damage_taken":0,"max_hp_gain":0,"max_hp_loss":0,"event_name":"The Cleric","floor":13,"gold_loss":50}],"is_beta":false,"boss_relics":[],"items_purged_floors":[14],"is_endless":false,"potions_floor_spawned":[2,12],"killed_by":"The Guardian","ascension_level":9}}