{"host":"g1qzxxy7a24sg3a3","time":1613829881,"event":{"mods":["ATMod(阿瑾Mod)","Act Like it!","Arknights","BaseMod","Conspire","Custom Start","Gensokyo","GungeonMod","Hallownest","Lobotomy","LobotomyExtend","Minty Spire (QoL Compilation)","MostiFishMod","Pale of the Ancients","Reliquary","Replay The Spire","SOS（斯巴达之子）","Shop Mod","Spicy Shops","StSLib","TestMod","The Administrix","The Bug Knight","Waifu the Spire","WarShipGirlsR/战舰少女R mod","Yakumo Yukari mod","[IsaacMod]以撒尖塔","【遗物卡牌】REMEMod","残留之物"],"gold_per_floor":[109,124,124,135,135,160,170,170,170,170,170,186,186,212,212,313,313,333,351,351,351,371,371,389,389,414,339,359,391,405,56,56,159,159,177,52,72,72,109,144,164,164,164,175,195,195,195,230,230,230,230],"floor_reached":50,"language":"ZHS","playtime":2342,"items_purged":["Defend_R","LittlePrince","conspire:HitWhereItHurts+1"],"score":865,"play_id":"e70762af-4a88-4173-8f2a-aef3f7b93649","local_time":"20210220220441","is_ascension_mode":true,"campfire_choices":[{"data":"Eruption","floor":13.0,"key":"SMITH"},{"data":"Havoc","floor":15.0,"key":"SMITH"},{"floor":23.0,"key":"RECALL"},{"data":"AT_ChampionStep","floor":25.0,"key":"SMITH"},{"data":"ReplayTheSpireMod:Strike From Hell","floor":32.0,"key":"SMITH"},{"floor":46,"key":"REST"},{"floor":49,"key":"REST"}],"circlet_count":0,"master_deck":["Apo_SoulSlash","Apo_Charge","Apo_Charge","Apo_Charge","Apo_Charge","Apo_Beam","Apo_Beam","Apo_Beam","Apo_Execute","Apo_Slash","Apo_Slash","Apo_SoulSlash","HereticApostle","NothingThere"],"relics":["Burning Blood","AT_ATBox","DaveBox","testmod-TestBox","REME_ComplimentaryCards","HushsDoor","Jackal-EndForJourney","testmod-HarvestTotem","HowToJump","CogitoBucket","SynthV:TestCard","InkBottle","reliquary:WeakTea","reliquary:ExpiredCoupon","LuminousBracelet","DemoMod:MemoryAlloy","reliquary:ThirdArm","Theresia","testmod-AssaultLearning","AT_ArchangelStaff","AT_DeathDance","Astrolabe","AtMidnight","SkinProphecy","Replay:Rubber Ducky","ApostleMask","Shuriken","Orichalcum"],"acts_visited":["Exordium","TheCity","TheBeyond"],"potions_floor_usage":[50],"damage_taken":[{"damage":14.0,"enemies":"Jaw Worm","floor":1.0,"turns":2.0},{"damage":20.0,"enemies":"Small Slimes","floor":2.0,"turns":3.0},{"damage":17.0,"enemies":"Cultist","floor":4.0,"turns":4.0},{"damage":38.0,"enemies":"HollowMod:MossKnight","floor":6.0,"turns":7.0},{"damage":0.0,"enemies":"Looter","floor":7.0,"turns":2.0},{"damage":63.0,"enemies":"Gremlin Nob","floor":11.0,"turns":4.0},{"damage":38.0,"enemies":"2 Fungi Beasts","floor":12.0,"turns":3.0},{"damage":37.0,"enemies":"HollowMod:MossKnight","floor":14.0,"turns":3.0},{"damage":82.0,"enemies":"Slime Boss","floor":16.0,"turns":8.0},{"damage":64.0,"enemies":"conspire:FuzzyDice","floor":18.0,"turns":5.0},{"damage":0.0,"enemies":"Spheric Guardian","floor":19.0,"turns":2.0},{"damage":44.0,"enemies":"conspire:HollyBat","floor":22.0,"turns":3.0},{"damage":4.0,"enemies":"Chosen and Byrds","floor":24.0,"turns":2.0},{"damage":42.0,"enemies":"Sentry and Sphere","floor":28.0,"turns":2.0},{"damage":38.0,"enemies":"Book of Stabbing","floor":29.0,"turns":3.0},{"damage":40.0,"enemies":"Cultist and Chosen","floor":30.0,"turns":3.0},{"damage":113.0,"enemies":"Automaton","floor":33.0,"turns":3.0},{"damage":28.0,"enemies":"Orb Walker","floor":35.0,"turns":3.0},{"damage":23.0,"enemies":"3 Darklings","floor":37.0,"turns":1.0},{"damage":0.0,"enemies":"Giant Head","floor":40.0,"turns":1.0},{"damage":5.0,"enemies":"Writhing Mass","floor":41.0,"turns":1.0},{"damage":45,"enemies":"Maw","floor":44,"turns":6},{"damage":27,"enemies":"Transient","floor":45,"turns":5},{"damage":53,"enemies":"Reptomancer","floor":48,"turns":4},{"damage":126,"enemies":"Replay:Hell Engine","floor":50,"turns":8}],"seed_played":"4517049810068183336","potions_obtained":[{"floor":6.0,"key":"FairyPotion"},{"floor":7.0,"key":"BloodPotion"},{"floor":18.0,"key":"Energy Potion"},{"floor":33.0,"key":"Fire Potion"}],"is_trial":false,"path_per_floor":["M","M","T","M","?","E","M","?","T","?","E","M","R","E","R","B",null,"M","M","?","?","M","R","M","R","T","$","M","E","M","$","R","B",null,"M","$","M","?","?","E","M","M","T","M","M","R","?","E","R","B"],"character_chosen":"IRONCLAD","items_purchased":["AT_DeathDance"],"campfire_rested":2,"item_purchase_floors":[31],"current_hp_per_floor":[158,150,150,145,145,160,160,160,160,160,109,143,143,118,118,190,190,190,190,190,190,190,190,190,190,190,190,164,190,190,190,190,129,190,190,190,187,187,138,182,196,198,198,200,169,169,169,112,112,0,0],"gold":230,"neow_bonus":"","is_daily":false,"chose_seed":false,"campfire_upgraded":4,"win_rate":0.0,"timestamp":1613829881,"path_taken":["M","M","?","M","?","E","M","?","T","?","E","M","R","E","R","BOSS","M","M","?","?","?","R","M","R","T","$","M","E","M","$","R","BOSS","M","$","M","?","?","E","M","M","T","M","M","R","?","E","R","BOSS"],"items_purchased_type":["Relic"],"build_version":"2020-12-22","purchased_purges":3,"victory":false,"max_hp_per_floor":[160,160,160,160,160,160,160,160,160,160,160,190,190,190,190,190,190,190,190,190,190,190,190,190,190,190,190,190,190,190,190,190,190,190,190,190,192,192,192,194,196,198,198,200,202,202,202,204,204,206,206],"card_choices":[{"not_picked":["WallGazer","UniverseFragment"],"picked":"HeroicMonk","floor":1.0},{"not_picked":["Uppercut","Twin Strike","ReplayReversal"],"picked":"SKIP","floor":1.0},{"not_picked":["Uppercut","Twin Strike","ReplayReversal"],"picked":"SKIP","floor":1.0},{"not_picked":["MHz","SpiderBud","Scorched"],"picked":"Singing Bowl","floor":2.0},{"not_picked":["Freischutz","MeatLantern"],"picked":"MHz","floor":2.0},{"not_picked":["Shrug It Off","Reckless Charge","Hemokinesis","conspire:Charge","Clothesline"],"picked":"SKIP","floor":2.0},{"not_picked":["ReplayTheSpireMod:Corrosion Curse","ReplayReversal","Shrug It Off","Rage"],"picked":"ReplayTheSpireMod:Strike From Hell","floor":4.0},{"not_picked":["OldLady","UniverseFragment"],"picked":"CherryBlossoms","floor":4.0},{"not_picked":["OSAHOGD","WallGazer"],"picked":"SpiderBud","floor":6.0},{"not_picked":["Carnage","ReplayTheSpireMod:Muscle Training","Dual Wield","Anger","Battle Trance"],"picked":"SKIP","floor":6.0},{"not_picked":["CrumblingArmor","Murderer","LittleHelper"],"picked":"Singing Bowl","floor":7.0},{"not_picked":["OldLady","WhitesApple"],"picked":"CherryBlossoms","floor":7.0},{"not_picked":["Armaments","Pommel Strike","Combust","Clothesline","Wild Strike"],"picked":"SKIP","floor":7.0},{"not_picked":["Scorched","Wellcheers","OldLady"],"picked":"Singing Bowl","floor":11.0},{"not_picked":["Dropkick","Combust","Twin Strike","Perfected Strike","Defy Death"],"picked":"SKIP","floor":11.0},{"not_picked":["OldLady","Scorched","Bloodbath"],"picked":"Singing Bowl","floor":12.0},{"not_picked":["Dual Wield","Clothesline","ReplayReversal","Exhume"],"picked":"Havoc","floor":12.0},{"not_picked":["MeatLantern","OSAHOGD","UniverseFragment"],"picked":"Singing Bowl","floor":14.0},{"not_picked":["Bomb","Flex","conspire:Charge","Armaments","ReplayTheSpireMod:Limb From Limb"],"picked":"SKIP","floor":14.0},{"not_picked":["SingingMachine","Freischutz","RedShoes"],"picked":"Singing Bowl","floor":16.0},{"not_picked":["AT_DrawKnifeCut+1","ReplayTheSpireMod:LeadingStrike+1","Sword Boomerang","REME_Scribble"],"picked":"Pummel","floor":18.0},{"not_picked":["OSAHOGD","ShyLook"],"picked":"Scarecrow","floor":18.0},{"not_picked":["CENSORED","MeatLantern"],"picked":"BodiesMountain","floor":19.0},{"not_picked":["AT_BodySlamDance","Run Through","MostiFishMod:KnuckleDown","True Grit","Thunderclap"],"picked":"SKIP","floor":19.0},{"not_picked":["Funeral","Rudolta"],"picked":"CrumblingArmor","floor":22.0},{"not_picked":["Ghostly Armor","Corruption","Anger+1","MostiFishMod:#F4004","Headbutt+1"],"picked":"SKIP","floor":22.0},{"not_picked":["Replay:Undeath\u0027s Touch","DemoMod:BlackBlade","Headbutt+1","Clothesline"],"picked":"REME_FearOfPain+1","floor":24.0},{"not_picked":["Bloodbath","WhitesApple"],"picked":"FieryBird","floor":24.0},{"not_picked":["HappyTeddy","WhitesApple","DespairKnight"],"picked":"Singing Bowl","floor":28.0},{"not_picked":["PunishingBird","SnowQueen"],"picked":"LittlePrince","floor":28.0},{"not_picked":["Heavy Blade","AT_BodySlamDance","Life Link+1","Anger"],"picked":"ReplayTheSpireMod:Strike From Hell","floor":28.0},{"not_picked":["Funeral","Alriune","CherryBlossoms"],"picked":"Singing Bowl","floor":29.0},{"not_picked":["Sword Boomerang","MostiFishMod:#F4004","ReplayTheSpireMod:Limb From Limb","Corruption","AT_BodySlamDance+1"],"picked":"SKIP","floor":29.0},{"not_picked":["ReplayReversal","AT_BodySlamDance","Bloodletting+1","Dual Wield","Replay:Undeath\u0027s Touch"],"picked":"SKIP","floor":30.0},{"not_picked":["Woodsman","LaLuna"],"picked":"BlueStar","floor":33.0},{"not_picked":["MostiFishMod:404NotFound","MostiFishMod:Chiaki","Berserk","Limit Break"],"picked":"conspire:Purge","floor":33.0},{"not_picked":["OSAHOGD","ShyLook","Wellcheers"],"picked":"Singing Bowl","floor":35.0},{"not_picked":["ShyLook","PunishingBird"],"picked":"Mercenary","floor":35.0},{"not_picked":["Armaments+1","AT_CaressingTears+1","REME_FearOfPain","Spot Weakness","Headbutt"],"picked":"SKIP","floor":35.0},{"not_picked":["BigBird","Freischutz","RedShoes"],"picked":"Singing Bowl","floor":37.0},{"not_picked":["AT_IchimonjiDouble+1","Pommel Strike","Juggernaut","True Grit","ReplayTheSpireMod:Limb From Limb"],"picked":"SKIP","floor":37.0},{"not_picked":["Heavy Blade","Warcry+1","Thunderclap","ReplayReversal"],"picked":"AT_GerminateFire+1","floor":40.0},{"not_picked":["OSAHOGD","WhitesApple"],"picked":"PlagueDoctor","floor":40.0},{"not_picked":["Heavy Blade+1","Ghostly Armor","Replay:Undeath\u0027s Touch+1","Warcry","Entrench+1"],"picked":"SKIP","floor":41.0},{"not_picked":["BlackSwan","BodiesMountain"],"picked":"WhiteNight","floor":44},{"not_picked":["Body Slam+1","ReplayTheSpireMod:Strike From Hell","Dark Embrace","ReplayTheSpireMod:Muscle Training+1","AT_BodySlamDance"],"picked":"SKIP","floor":44},{"not_picked":["DreamingCurrent","Scorched","RedShoes"],"picked":"Singing Bowl","floor":45},{"not_picked":["Clash","Iron Wave+1","Fire Breathing","Body Slam","Warcry+1"],"picked":"SKIP","floor":45},{"not_picked":["BigBadWolf","Porccubus"],"picked":"NothingThere","floor":48},{"not_picked":["Shockwave+1","Perfected Strike","True Grit+1","ReplayTheSpireMod:Strike From Hell+1","Havoc+1"],"picked":"SKIP","floor":48}],"player_experience":98564,"relics_obtained":[{"floor":1.0,"key":"SynthV:TestCard"},{"floor":3.0,"key":"InkBottle"},{"floor":6.0,"key":"reliquary:WeakTea"},{"floor":11.0,"key":"reliquary:ExpiredCoupon"},{"floor":14.0,"key":"DemoMod:MemoryAlloy"},{"floor":26.0,"key":"testmod-AssaultLearning"},{"floor":29.0,"key":"AT_ArchangelStaff"},{"floor":35.0,"key":"AtMidnight"},{"floor":40.0,"key":"Replay:Rubber Ducky"},{"floor":43,"key":"Shuriken"},{"floor":48,"key":"Orichalcum"}],"event_choices":[{"damage_healed":0.0,"max_hp_gain":0.0,"max_hp_loss":0.0,"gold_gain":0.0,"event_name":"Liars Game","player_choice":"Ignored","floor":8.0,"gold_loss":0.0,"damage_taken":0.0},{"damage_healed":0.0,"max_hp_gain":0.0,"max_hp_loss":0.0,"gold_gain":0.0,"event_name":"The Mausoleum","player_choice":"Ignored","floor":20.0,"gold_loss":0.0,"damage_taken":0.0},{"damage_healed":0.0,"max_hp_gain":0.0,"max_hp_loss":0.0,"gold_gain":0.0,"event_name":"Upgrade Shrine","player_choice":"Upgraded","floor":21.0,"gold_loss":0.0,"damage_taken":0.0,"cards_upgraded":["Pummel"]},{"damage_healed":0.0,"max_hp_gain":0.0,"max_hp_loss":0.0,"gold_gain":0.0,"event_name":"给自己的盒子","player_choice":"Ignored","floor":38.0,"gold_loss":0.0,"damage_taken":0.0},{"damage_healed":0,"gold_gain":0,"player_choice":"Ignored","damage_taken":0,"max_hp_gain":0,"max_hp_loss":0,"event_name":"Tomb of Lord Red Mask","floor":47,"gold_loss":0}],"is_beta":false,"boss_relics":[{"not_picked":["EE1DDrone","PlaceholderMod:LiveLive"],"picked":"reliquary:ThirdArm"},{"not_picked":[]},{"not_picked":["RhineCircuit","Runic Pyramid"],"picked":"Astrolabe"},{"not_picked":[]}],"items_purged_floors":[27,31,36],"is_endless":false,"potions_floor_spawned":[6,7,18,19,24,33,37,44,48],"killed_by":"Replay:Hell Engine","ascension_level":5}}