{"host":"egwexuw5uvnxf11j","time":1613795910,"event":{"mods":["2.2 Compatiblity","Aspiration","BaseMod","Better Note","Better Sensory Stone","Better Third Choice","Displayed Cursed Tome","Downfall","Hermit","Key Reminder","Koishi","Marisa????????","Minty Spire (QoL Compilation)","Quick Restart","Shade Mod","Spicy Shops","StSLib","The Construct","The Cursed","The Runesmith","The Senshi","The Servant 0.9.4","Transform Curses"],"gold_per_floor":[112,124,174,31,48,80,80,80,80,104,138,151,151,170,170,291,291,309,94,135,135,90,90],"floor_reached":22,"language":"ENG","playtime":1408,"items_purged":[],"score":204,"play_id":"f944c719-b3a1-49e8-b031-50527e251599","local_time":"20210219233830","is_ascension_mode":true,"campfire_choices":[{"floor":7,"key":"REST"},{"floor":13,"key":"REST"},{"floor":15,"key":"REST"}],"circlet_count":0,"master_deck":["hermit:Strike_Hermit","hermit:Strike_Hermit","hermit:Strike_Hermit","hermit:Strike_Hermit","hermit:Defend_Hermit","hermit:Defend_Hermit","hermit:Defend_Hermit","hermit:Defend_Hermit","hermit:Snapshot","hermit:Covet","hermit:EternalForm","hermit:Glare","hermit:PistolWhip","hermit:Brawl","hermit:Ricochet","hermit:Desperado","hermit:TrackingShot","Injury","hermit:Glare","hermit:Malice","hermit:Brawl","hermit:Vantage","hermit:FatalDesire","hermit:Misfire","hermit:BigShot","hermit:Enervate","hermit:Manifest+1"],"relics":["hermit:Momento","Art of War","Bloody Idol","Runesmith:Nanobots","Bag of Preparation","keyreminder:keyreminder","aspiration:MobileForge","Sling","Red Mask"],"acts_visited":["Exordium","TheCity"],"potions_floor_usage":[6,20,22],"damage_taken":[{"damage":4,"enemies":"Jaw Worm","floor":1,"turns":4},{"damage":0,"enemies":"Small Slimes","floor":2,"turns":4},{"damage":1,"enemies":"Cultist","floor":5,"turns":3},{"damage":19,"enemies":"3 Sentries","floor":6,"turns":6},{"damage":12,"enemies":"3 Louse","floor":10,"turns":3},{"damage":26,"enemies":"Lagavulin","floor":11,"turns":5},{"damage":5,"enemies":"Blue Slaver","floor":12,"turns":2},{"damage":7,"enemies":"Looter","floor":14,"turns":2},{"damage":16,"enemies":"Slime Boss","floor":16,"turns":6},{"damage":27,"enemies":"Spheric Guardian","floor":18,"turns":4},{"damage":30,"enemies":"Masked Bandits","floor":20,"turns":5},{"damage":18,"enemies":"2 Thieves","floor":22,"turns":2}],"seed_played":"-8261593685584437925","potions_obtained":[{"floor":1,"key":"SteroidPotion"},{"floor":2,"key":"FearPotion"},{"floor":5,"key":"Regen Potion"},{"floor":12,"key":"FearPotion"},{"floor":18,"key":"EssenceOfSteel"}],"is_trial":false,"path_per_floor":["M","M","?","$","M","E","R","?","T","M","E","M","R","M","R","B",null,"M","$","?","?","M"],"character_chosen":"HERMIT","items_purchased":["hermit:Brawl","hermit:Ricochet","hermit:BigShot","Sling","hermit:Enervate"],"campfire_rested":3,"item_purchase_floors":[4,4,19,19,19],"current_hp_per_floor":[64,64,64,64,63,44,64,64,64,52,26,21,41,34,54,38,68,41,41,16,16,0,0],"gold":90,"neow_bonus":"THREE_RARE_CARDS","is_daily":false,"chose_seed":false,"campfire_upgraded":0,"win_rate":0.0,"timestamp":1613795910,"path_taken":["M","M","?","$","M","E","R","?","T","M","E","M","R","M","R","BOSS","M","$","?","?","?"],"items_purchased_type":["Card","Card","Card","Relic","Card"],"build_version":"2020-12-22","purchased_purges":0,"victory":false,"max_hp_per_floor":[68,68,68,68,68,68,68,68,68,68,68,68,68,68,68,68,68,68,68,68,68,68,68],"card_choices":[{"not_picked":["hermit:HeroicBravado","hermit:Gambit"],"picked":"hermit:EternalForm","floor":0},{"not_picked":["hermit:Malice","hermit:Dive"],"picked":"hermit:Glare","floor":1},{"not_picked":["hermit:CursedWeapon","hermit:Virtue"],"picked":"hermit:PistolWhip","floor":2},{"not_picked":["hermit:Manifest","hermit:Maintenance"],"picked":"hermit:Desperado","floor":5},{"not_picked":["hermit:Feint","hermit:Scavenge"],"picked":"hermit:TrackingShot","floor":6},{"not_picked":["hermit:TrackingShot","hermit:Coalescence"],"picked":"hermit:Glare","floor":10},{"not_picked":["hermit:Scavenge","hermit:NoHoldsBarred"],"picked":"hermit:Malice","floor":11},{"not_picked":["hermit:Coalescence","hermit:Malice"],"picked":"hermit:Brawl","floor":12},{"not_picked":["hermit:EyeOfTheStorm","hermit:Manifest"],"picked":"hermit:Vantage","floor":14},{"not_picked":["hermit:OverwhelmingPower","hermit:HeroicBravado"],"picked":"hermit:FatalDesire","floor":16},{"not_picked":["hermit:Gestalt","hermit:Snipe"],"picked":"hermit:Misfire","floor":18},{"not_picked":["hermit:LowProfile+1","hermit:Ricochet+1"],"picked":"hermit:Manifest+1","floor":20}],"player_experience":2108478,"relics_obtained":[{"floor":6,"key":"Art of War"},{"floor":9,"key":"Runesmith:Nanobots"},{"floor":11,"key":"Bag of Preparation"},{"floor":20,"key":"Red Mask"}],"event_choices":[{"damage_healed":0,"gold_gain":50,"player_choice":"Gained Gold","damage_taken":0,"max_hp_gain":0,"max_hp_loss":0,"event_name":"Golden Wing","floor":3,"gold_loss":0},{"damage_healed":0,"gold_gain":0,"player_choice":"Take Wound","damage_taken":0,"relics_obtained":["Golden Idol"],"max_hp_gain":0,"max_hp_loss":0,"event_name":"Golden Idol","floor":8,"gold_loss":0,"cards_obtained":["Injury"]},{"damage_healed":0,"gold_gain":0,"player_choice":"Fought Bandits","damage_taken":0,"max_hp_gain":0,"max_hp_loss":0,"event_name":"Masked Bandits","floor":20,"gold_loss":0},{"damage_healed":0,"gold_gain":0,"player_choice":"Gave Idol","damage_taken":0,"relics_obtained":["Bloody Idol"],"max_hp_gain":0,"max_hp_loss":0,"event_name":"Forgotten Altar","floor":21,"relics_lost":["Golden Idol"],"gold_loss":0}],"is_beta":false,"boss_relics":[{"not_picked":["aspiration:PoetsPen_weak","construct:WeddingRing"],"picked":"aspiration:MobileForge"}],"items_purged_floors":[],"is_endless":false,"potions_floor_spawned":[1,2,5,12,18],"killed_by":"2 Thieves","ascension_level":1}}