{"host":"9n6i2vl93jt4o42q","time":1613860106,"event":{"mods":["BaseMod","Minty Spire (QoL Compilation)","Relic Stats"],"gold_per_floor":[115,40,54,54,69,69,101,101,152,166,146,163,181,209,209,287,287,300,37,54,54,64,64,64,64,64,64,96,116,16,34,34,106,106,119,129,207,207,218,250,250,250,250],"floor_reached":42,"language":"ENG","playtime":2940,"items_purged":["Strike_R","Strike_R"],"score":916,"play_id":"15ee582b-73f3-4c50-9c7a-bd65933a5028","local_time":"20210220232826","is_ascension_mode":true,"campfire_choices":[{"data":"Whirlwind","floor":6.0,"key":"SMITH"},{"data":"Iron Wave","floor":8.0,"key":"SMITH"},{"data":"Bash","floor":15.0,"key":"SMITH"},{"data":"Barricade","floor":24.0,"key":"SMITH"},{"data":"Double Tap","floor":27.0,"key":"SMITH"},{"data":"True Grit","floor":32.0,"key":"SMITH"},{"data":"Feel No Pain","floor":41.0,"key":"SMITH"}],"circlet_count":0,"master_deck":["AscendersBane","Strike_R","Strike_R","Defend_R","Defend_R","Defend_R","Defend_R","Bash+1","Whirlwind+1","Battle Trance","Iron Wave+1","Anger","Pommel Strike","Twin Strike","Double Tap+1","Juggernaut","Ghostly Armor","Shrug It Off","True Grit+1","Feel No Pain+1","Iron Wave","Dark Shackles","Barricade+1","Clothesline+1","Seeing Red","Metallicize","Headbutt+1"],"relics":["Burning Blood","Strawberry","Tiny Chest","Happy Flower","Coffee Dripper","Bag of Preparation","Peace Pipe","Runic Pyramid","Question Card","Pantograph"],"acts_visited":["Exordium","TheCity","TheBeyond"],"potions_floor_usage":[],"damage_taken":[{"damage":7.0,"enemies":"Cultist","floor":1.0,"turns":4.0},{"damage":7.0,"enemies":"Small Slimes","floor":3.0,"turns":4.0},{"damage":1.0,"enemies":"2 Louse","floor":5.0,"turns":2.0},{"damage":10.0,"enemies":"3 Sentries","floor":7.0,"turns":3.0},{"damage":8.0,"enemies":"Lots of Slimes","floor":10.0,"turns":2.0},{"damage":7.0,"enemies":"Looter","floor":12.0,"turns":3.0},{"damage":13.0,"enemies":"Exordium Thugs","floor":13.0,"turns":4.0},{"damage":25.0,"enemies":"Gremlin Nob","floor":14.0,"turns":4.0},{"damage":47.0,"enemies":"The Guardian","floor":16.0,"turns":13.0},{"damage":20.0,"enemies":"Spheric Guardian","floor":18.0,"turns":4.0},{"damage":23.0,"enemies":"Chosen","floor":20.0,"turns":4.0},{"damage":33.0,"enemies":"Snecko","floor":22.0,"turns":5.0},{"damage":35.0,"enemies":"Book of Stabbing","floor":28.0,"turns":5.0},{"damage":5.0,"enemies":"Centurion and Healer","floor":29.0,"turns":7.0},{"damage":0.0,"enemies":"Cultist and Chosen","floor":31.0,"turns":7.0},{"damage":45.0,"enemies":"Automaton","floor":33.0,"turns":12.0},{"damage":2.0,"enemies":"3 Shapes","floor":35.0,"turns":6.0},{"damage":13.0,"enemies":"3 Darklings","floor":36.0,"turns":5.0},{"damage":10.0,"enemies":"Spire Growth","floor":39.0,"turns":5.0},{"damage":4.0,"enemies":"Nemesis","floor":40.0,"turns":9.0},{"damage":90,"enemies":"Reptomancer","floor":42,"turns":7}],"seed_played":"4520228006002777666","potions_obtained":[{"floor":1.0,"key":"SteroidPotion"},{"floor":7.0,"key":"ColorlessPotion"},{"floor":11.0,"key":"Regen Potion"},{"floor":13.0,"key":"Dexterity Potion"},{"floor":22.0,"key":"ElixirPotion"},{"floor":28.0,"key":"LiquidMemories"},{"floor":40.0,"key":"EssenceOfSteel"}],"is_trial":false,"path_per_floor":["M","?","M","?","M","R","E","R","T","M","?","M","M","E","R","B",null,"M","$","M","?","M","T","R","?","T","R","E","M","$","M","R","B",null,"M","M","T","?","M","E","R","E"],"character_chosen":"IRONCLAD","items_purchased":["Shrug It Off","True Grit","Feel No Pain"],"campfire_rested":0,"item_purchase_floors":[19,19,19],"current_hp_per_floor":[67,67,66,71,76,76,79,79,79,77,77,76,69,50,50,9,68,54,54,37,25,12,12,12,87,87,87,58,59,59,65,65,26,72,76,69,69,69,65,67,67,0,0],"gold":250,"neow_bonus":"THREE_CARDS","is_daily":false,"chose_seed":false,"campfire_upgraded":7,"win_rate":0.0,"timestamp":1613860106,"path_taken":["M","?","M","?","M","R","E","R","T","M","?","M","M","E","R","BOSS","M","$","?","?","M","?","R","?","T","R","E","?","?","M","R","BOSS","M","M","?","?","M","E","R","E"],"items_purchased_type":["Card","Card","Card"],"build_version":"2020-12-22","purchased_purges":2,"victory":false,"max_hp_per_floor":[75,75,75,80,80,80,87,87,87,87,87,87,87,87,87,87,87,87,87,87,87,87,87,87,87,87,87,87,87,87,87,87,87,87,87,87,87,87,87,87,87,87,87],"relic_stats":{"Peace Pipe":0,"Happy Flower":[29],"counters":[21,115],"Pantograph":0,"Tiny Chest":2,"Bag of Preparation":[18],"Question Card":2,"obtain_stats":[{"Peace Pipe":28,"Happy Flower":14,"Strawberry":7,"Pantograph":40,"Tiny Chest":9,"Coffee Dripper":17,"Bag of Preparation":23,"Question Card":37,"Burning Blood":0,"Runic Pyramid":34},{"Peace Pipe":13,"Happy Flower":8,"Strawberry":4,"Pantograph":20,"Tiny Chest":4,"Coffee Dripper":9,"Bag of Preparation":12,"Question Card":18,"Burning Blood":0,"Runic Pyramid":16},{"Peace Pipe":57,"Happy Flower":26,"Strawberry":13,"Pantograph":108,"Tiny Chest":13,"Coffee Dripper":39,"Bag of Preparation":52,"Question Card":94,"Burning Blood":0,"Runic Pyramid":83}],"Burning Blood":120},"card_choices":[{"not_picked":["Evolve","Anger"],"picked":"Whirlwind","floor":0.0},{"not_picked":["Clothesline","Heavy Blade"],"picked":"Battle Trance","floor":1.0},{"not_picked":["Sentinel","Warcry"],"picked":"Iron Wave","floor":3.0},{"not_picked":["True Grit","Uppercut"],"picked":"Anger","floor":5.0},{"not_picked":["Sword Boomerang","Battle Trance"],"picked":"Pommel Strike","floor":7.0},{"not_picked":["Fire Breathing","Anger","Second Wind"],"picked":"SKIP","floor":10.0},{"not_picked":["Clash","Perfected Strike","Reckless Charge"],"picked":"SKIP","floor":12.0},{"not_picked":["Burning Pact","Sentinel"],"picked":"Twin Strike","floor":13.0},{"not_picked":["Twin Strike","Body Slam"],"picked":"Double Tap","floor":14.0},{"not_picked":["Demon Form","Exhume"],"picked":"Juggernaut","floor":16.0},{"not_picked":["Armaments","Clash"],"picked":"Ghostly Armor","floor":18.0},{"not_picked":["Sword Boomerang","True Grit"],"picked":"Iron Wave","floor":20.0},{"not_picked":["Anger","Dual Wield"],"picked":"Barricade","floor":22.0},{"not_picked":["Pommel Strike+1","Sword Boomerang"],"picked":"Clothesline+1","floor":28.0},{"not_picked":["Pommel Strike","Clothesline","Flex"],"picked":"SKIP","floor":29.0},{"not_picked":["Hemokinesis","Carnage"],"picked":"Seeing Red","floor":31.0},{"not_picked":["Dropkick","Sword Boomerang+1"],"picked":"Metallicize","floor":35.0},{"not_picked":["Dropkick+1","Clash","Perfected Strike"],"picked":"SKIP","floor":36.0},{"not_picked":["Iron Wave","Demon Form","Power Through"],"picked":"Headbutt+1","floor":39.0},{"not_picked":["Havoc","Clothesline","Iron Wave","Combust"],"picked":"SKIP","floor":40.0}],"player_experience":2587570,"relics_obtained":[{"floor":7.0,"key":"Strawberry"},{"floor":9.0,"key":"Tiny Chest"},{"floor":14.0,"key":"Happy Flower"},{"floor":23.0,"key":"Bag of Preparation"},{"floor":28.0,"key":"Peace Pipe"},{"floor":37.0,"key":"Question Card"},{"floor":40.0,"key":"Pantograph"}],"event_choices":[{"cards_removed":["Strike_R"],"damage_healed":0.0,"max_hp_gain":0.0,"max_hp_loss":0.0,"gold_gain":0.0,"event_name":"The Cleric","player_choice":"Card Removal","floor":2.0,"gold_loss":75.0,"damage_taken":0.0},{"damage_healed":0.0,"max_hp_gain":5.0,"max_hp_loss":0.0,"gold_gain":0.0,"event_name":"Big Fish","player_choice":"Donut","floor":4.0,"gold_loss":0.0,"damage_taken":0.0},{"damage_healed":0.0,"max_hp_gain":0.0,"max_hp_loss":0.0,"gold_gain":0.0,"event_name":"The Woman in Blue","player_choice":"Bought 1 Potion","floor":11.0,"gold_loss":0.0,"damage_taken":0.0},{"damage_healed":0.0,"max_hp_gain":0.0,"max_hp_loss":0.0,"gold_gain":0.0,"event_name":"Knowing Skull","player_choice":"CARD ","floor":21.0,"potions_obtained":[],"gold_loss":0.0,"damage_taken":12.0,"cards_obtained":["Dark Shackles"]},{"damage_healed":75.0,"max_hp_gain":0.0,"max_hp_loss":0.0,"gold_gain":0.0,"event_name":"Wheel of Change","player_choice":"Full Heal","floor":25.0,"gold_loss":0.0,"damage_taken":0.0},{"damage_healed":0.0,"max_hp_gain":0.0,"max_hp_loss":0.0,"gold_gain":0.0,"event_name":"Tomb of Lord Red Mask","player_choice":"Ignored","floor":38.0,"gold_loss":0.0,"damage_taken":0.0}],"is_beta":false,"boss_relics":[{"not_picked":["Cursed Key","Snecko Eye"],"picked":"Coffee Dripper"},{"not_picked":["Runic Cube","Pandora\u0027s Box"],"picked":"Runic Pyramid"}],"items_purged_floors":[19,30],"is_endless":false,"potions_floor_spawned":[1,7,13,16,20,22,28,33,40],"killed_by":"Reptomancer","ascension_level":20}}