{"host":"0pyv9je0pz1gg9m7","time":1613815293,"event":{"mods":["AchievementEnabler","BaseMod","Colored Map","DeckTracker","Minty Spire (QoL Compilation)","Permanent Neow","StSLib","SuperFastMode","everything is the same but u backflip on backflip"],"gold_per_floor":[116,128,278,31,45,45,71,71,71,81,93,127,127,156,156,156,156],"floor_reached":16,"language":"KOR","playtime":1065,"items_purged":["Doubt"],"score":220,"play_id":"00528523-1cf3-49dd-8757-cf64d84ca246","local_time":"20210220190133","is_ascension_mode":true,"campfire_choices":[{"data":"Neutralize","floor":6.0,"key":"SMITH"},{"data":"Adrenaline","floor":8,"key":"SMITH"},{"floor":15,"key":"REST"}],"circlet_count":0,"master_deck":["AscendersBane","Strike_G","Strike_G","Strike_G","Strike_G","Strike_G","Defend_G","Defend_G","Defend_G","Defend_G","Defend_G","Survivor","Neutralize+1","Adrenaline+1","Dagger Throw","Backstab","Heel Hook","Dagger Throw","PiercingWail","Crippling Poison","Well Laid Plans+1","Footwork+1"],"relics":["Ring of the Snake","Oddly Smooth Stone","Lantern","Frozen Egg 2","TungstenRod","Odd Mushroom"],"acts_visited":["Exordium"],"potions_floor_usage":[16],"damage_taken":[{"damage":2.0,"enemies":"2 Louse","floor":1.0,"turns":4.0},{"damage":2.0,"enemies":"Jaw Worm","floor":2.0,"turns":4.0},{"damage":2.0,"enemies":"Small Slimes","floor":5.0,"turns":3.0},{"damage":22,"enemies":"Lagavulin","floor":7,"turns":7},{"damage":0,"enemies":"2 Fungi Beasts","floor":10,"turns":2},{"damage":0,"enemies":"3 Louse","floor":11,"turns":2},{"damage":13,"enemies":"3 Sentries","floor":12,"turns":9},{"damage":1,"enemies":"The Mushroom Lair","floor":14,"turns":3},{"damage":41,"enemies":"Slime Boss","floor":16,"turns":8}],"seed_played":"989035629757842490","potions_obtained":[{"floor":2.0,"key":"AttackPotion"},{"floor":10,"key":"Block Potion"}],"is_trial":false,"path_per_floor":["M","M","?","$","M","R","E","R","T","M","M","E","?","?","R","B"],"character_chosen":"THE_SILENT","items_purchased":["Oddly Smooth Stone"],"campfire_rested":1,"item_purchase_floors":[4],"current_hp_per_floor":[57,55,55,55,53,53,31,31,31,31,31,18,18,17,35,0,0],"gold":156,"neow_bonus":"THREE_RARE_CARDS","is_daily":false,"chose_seed":false,"campfire_upgraded":2,"win_rate":0.0,"timestamp":1613815293,"path_taken":["M","M","?","$","M","R","E","R","T","M","M","E","?","?","R","BOSS"],"items_purchased_type":["Relic"],"build_version":"2020-12-22","purchased_purges":1,"victory":false,"max_hp_per_floor":[60,60,60,60,60,60,60,60,60,60,60,60,60,60,60,60,60],"card_choices":[{"not_picked":["Die Die Die","Tools of the Trade"],"picked":"Adrenaline","floor":0.0},{"not_picked":["Deadly Poison","Prepared"],"picked":"Dagger Throw","floor":1.0},{"not_picked":["Flying Knee","Outmaneuver"],"picked":"Backstab","floor":2.0},{"not_picked":["Blade Dance","Dodge and Roll"],"picked":"Heel Hook","floor":5.0},{"not_picked":["Blur","Prepared"],"picked":"Dagger Throw","floor":7},{"not_picked":["Blade Dance","Acrobatics"],"picked":"PiercingWail","floor":10},{"not_picked":["Quick Slash","Phantasmal Killer"],"picked":"Crippling Poison","floor":11},{"not_picked":["Escape Plan","Dagger Spray"],"picked":"Well Laid Plans+1","floor":12},{"not_picked":["Bouncing Flask","Deadly Poison"],"picked":"Footwork+1","floor":14}],"player_experience":459036,"relics_obtained":[{"floor":7,"key":"Lantern"},{"floor":9,"key":"Frozen Egg 2"},{"floor":12,"key":"TungstenRod"},{"floor":14,"key":"Odd Mushroom"}],"event_choices":[{"damage_healed":0.0,"max_hp_gain":0.0,"max_hp_loss":0.0,"gold_gain":150.0,"event_name":"Liars Game","player_choice":"AGREE","floor":3.0,"gold_loss":0.0,"damage_taken":0.0,"cards_obtained":["Doubt"]},{"damage_healed":0,"gold_gain":0,"player_choice":"Ignored","damage_taken":0,"max_hp_gain":0,"max_hp_loss":0,"event_name":"Shining Light","floor":13,"gold_loss":0},{"damage_healed":0,"gold_gain":0,"player_choice":"Fought Mushrooms","damage_taken":0,"max_hp_gain":0,"max_hp_loss":0,"event_name":"Mushrooms","floor":14,"gold_loss":0}],"is_beta":false,"boss_relics":[],"items_purged_floors":[4],"is_endless":false,"potions_floor_spawned":[2,10,11],"killed_by":"Slime Boss","ascension_level":20}}