{"host":"2qiq675bnob0y8b8","time":1613806146,"event":{"mods":["Aspiration","Astrologer","BaseMod","Better Altar","Better Third Choice","BetterRewards","Card Forge","Conspire","Downfall","Hermit","Hubris","Infinite Spire","Jorbs\u0027s Wanderer Trilogy","Marisa????????","Minty Spire (QoL Compilation)","Relic Stats","Replay The Spire","Shop Mod","Spicy Shops","StSLib","The Cursed","The Hierophant","The Jungle","The Necromancer","The Runesmith","The Servant 0.9.4"],"gold_per_floor":[119,129,0,0,12,42,42,42,90,104,104,104,133,147,147,250,250,260,278,29,29,219,230,249,249,249,284,31,48,48,48,48,145,145,165,165,165,213,226,42,58,85,138,138,173,473,503,516,516,611,611,619,627,627,627,627,649,649,671,671,846,846,854,854,859,859,880,880,888,888,888,895,695,706,706,706,759,789,802,802,802,802,802,783,783],"floor_reached":84,"language":"ENG","playtime":6238,"items_purged":["downfall:Bewildered","Enlightenment"],"score":1884,"play_id":"19ab7930-9831-4031-99a1-f38638f08b76","local_time":"20210220022906","is_ascension_mode":true,"campfire_choices":[{"floor":8,"key":"REST"},{"floor":11,"key":"RECALL"},{"floor":15,"key":"REST"},{"floor":30,"key":"REST"},{"floor":32,"key":"DIG"},{"data":"Catalyst","floor":49,"key":"SMITH"},{"data":"infinitespire:Neurotoxin","floor":62,"key":"SMITH"},{"floor":83,"key":"DIG"}],"circlet_count":0,"master_deck":["Survivor","Neutralize","Deadly Poison","Fluid Movement","Neutralize","infinitespire:Neurotoxin+1","Quick Slash","Poisoned Stab","Hidden Blade","Cloak And Dagger","After Image","ReplayTheSpireMod:Tripwire+1","Leg Sweep+1","Skewer+1","Bane","Cloak And Dagger","Infinite Blades","Catalyst+1","Deadly Poison","Backflip","Corpse Explosion","Fluid Movement","Cloak And Dagger","Prepared","Adrenaline","Escape Plan+1","hubris:NaturalOne","ReplayTheSpireMod:Speed Training+1","All Out Attack","Noxious Fumes","Cloak And Dagger+1","Accuracy+1","Dash+1","Noxious Fumes","Cloak And Dagger","Dodge and Roll+1","After Image","Dagger Throw","Choke","Deadly Poison","Night Terror","Dagger Throw","ReplayTheSpireMod:Necrosis","Terror","conspire:DoublingDagger","Blade Dance","Phantasmal Killer","Underhanded Strike","Terror","ReplayTheSpireMod:Speed Training","Catalyst","ReplayTheSpireMod:Tripwire","Bouncing Flask","Toxin Wave","Bane","Deadly Poison+1","conspire:SpireCoStock","conspire:SpireCoStock","conspire:SpireCoStock","conspire:SpireCoStock","Hidden Blade","conspire:PoisonWeapons+1","ReplayTheSpireMod:Tripwire+1","All Out Attack","Ghostly","Ghostly","Ghostly","Ghostly","Ghostly"],"relics":["Hammer of Thor","Seething Fire","Anvil of the Gods","Ring of Chaos","Snake Skull","infinitespire:EmpoweringShard","Astrolabe","aspiration:HatOfInfinitePower","sneckomod:BabySnecko","Quantum Egg","WingedGreaves","hubris:BottledHeart","Eternal Feather","hubris:Stopwatch","hubris:Icosahedron","Replay:Multitool","Omamori","Replay:Baseball","TwistedFunnel","Bronze Scales","InkBottle","SlaversCollar","Vajra","ReplayTheSpireMod:Lightbulb","Blood Vial","infinitespire:Cubic Diamond","Pandora\u0027s Box","BargainBundle","ReplayTheSpireMod:TigerMarble","Calipers","hubris:Towel","aspiration:TomeofQuesting","Pen Nib","hubris:Reverence","Bottled Lightning"],"acts_visited":["Exordium","TheCity","TheBeyond","Exordium","TheCity"],"potions_floor_usage":[33,45,45,50],"damage_taken":[{"damage":3,"enemies":"2 Louse","floor":1,"turns":4},{"damage":1,"enemies":"conspire:RoseBush","floor":2,"turns":3},{"damage":10,"enemies":"infinitespire:Voidling","floor":5,"turns":5},{"damage":35,"enemies":"Lagavulin","floor":6,"turns":10},{"damage":1,"enemies":"Blue Slaver","floor":10,"turns":4},{"damage":24,"enemies":"Gremlin Nob","floor":13,"turns":4},{"damage":2,"enemies":"Exordium Wildlife","floor":14,"turns":3},{"damage":64,"enemies":"Fading Forest","floor":16,"turns":11},{"damage":17,"enemies":"3 Byrds","floor":18,"turns":6},{"damage":0,"enemies":"Spheric Guardian","floor":19,"turns":3},{"damage":9,"enemies":"Snake Plant","floor":23,"turns":4},{"damage":9,"enemies":"Cultist and Chosen","floor":24,"turns":7},{"damage":3,"enemies":"conspire:SneckoGhost","floor":27,"turns":5},{"damage":0,"enemies":"Shelled Parasite and Fungi","floor":29,"turns":5},{"damage":0,"enemies":"hubris:MusketHawk","floor":33,"turns":7},{"damage":0,"enemies":"3 Darklings","floor":35,"turns":3},{"damage":0,"enemies":"2 Orb Walkers","floor":38,"turns":4},{"damage":0,"enemies":"3 Shapes","floor":39,"turns":5},{"damage":0,"enemies":"3 Darklings","floor":41,"turns":3},{"damage":0,"enemies":"Nightmare","floor":42,"turns":8},{"damage":0,"enemies":"Giant Head","floor":45,"turns":6},{"damage":0,"enemies":"Reptomancer","floor":47,"turns":6},{"damage":0,"enemies":"Sphere and 2 Shapes","floor":48,"turns":3},{"damage":0,"enemies":"infinitespire:MassOfShapes","floor":50,"turns":8},{"damage":0,"enemies":"2 Louse","floor":52,"turns":1},{"damage":0,"enemies":"Cultist","floor":53,"turns":1},{"damage":0,"enemies":"Jaw Worm","floor":55,"turns":2},{"damage":0,"enemies":"Replay:BlueRogue","floor":57,"turns":2},{"damage":0,"enemies":"Gremlin Nob","floor":59,"turns":3},{"damage":0,"enemies":"Looter","floor":63,"turns":1},{"damage":0,"enemies":"2 Fungi Beasts","floor":65,"turns":1},{"damage":0,"enemies":"Fading Forest","floor":67,"turns":11},{"damage":0,"enemies":"Shell Parasite","floor":69,"turns":2},{"damage":0,"enemies":"Chosen","floor":72,"turns":1},{"damage":0,"enemies":"Gremlin Leader","floor":74,"turns":4},{"damage":0,"enemies":"Snake Plant","floor":78,"turns":4},{"damage":0,"enemies":"Book of Stabbing","floor":79,"turns":3},{"damage":0,"enemies":"Snecko","floor":80,"turns":3},{"damage":6,"enemies":"conspire:MysteriousRune","floor":84,"turns":4}],"seed_played":"-3967775290478043788","potions_obtained":[{"floor":6,"key":"DuplicationPotion"},{"floor":13,"key":"Elixir"},{"floor":16,"key":"SneckoOil"},{"floor":23,"key":"Languid Potion"},{"floor":33,"key":"Death Potion"},{"floor":35,"key":"Energy Potion"},{"floor":38,"key":"Fire Potion"},{"floor":41,"key":"PowerPotion"},{"floor":47,"key":"Doom Potion"},{"floor":50,"key":"FearPotion"},{"floor":55,"key":"conspire:TimeTravelPotion"},{"floor":79,"key":"Strength Potion"},{"floor":80,"key":"Flashbang"}],"is_trial":false,"path_per_floor":["M","M","?","?","M","E","?","R","T","M","R","$","E","M","R","B",null,"M","M","$","?","?","M","M","?","T","E","$","M","R","?","R","B",null,"M","?","?","?","M","$","M","NM","T","AVR","E","R","E","M","R","B",null,"M","M","?","M","?","E","R","E","T","?","R","M","?","M","R","B",null,"M","AVR","?","M","?","E","R","?","T","M","E","M","R","?","R","B"],"character_chosen":"THE_SILENT","items_purchased":["Cloak And Dagger","Infinite Blades","aspiration:HatOfInfinitePower","Corpse Explosion","Fluid Movement","Cloak And Dagger","Noxious Fumes","Cloak And Dagger+1"],"campfire_rested":3,"item_purchase_floors":[20,20,20,28,28,28,40,40],"current_hp_per_floor":[67,66,72,72,69,34,39,63,63,62,62,62,38,36,60,10,81,64,64,64,64,32,23,14,14,14,11,11,11,35,1,1,1,1,1,1,1,1,1,1,1,1,1,1,1,1,1,1,1,1,1,1,1,1,1,1,1,1,1,1,1,1,1,1,1,1,1,1,1,1,1,1,1,1,1,1,1,1,1,1,1,1,1,0,0],"gold":783,"neow_bonus":"BOSS_RELIC","is_daily":false,"chose_seed":false,"campfire_upgraded":2,"win_rate":0.0,"timestamp":1613806146,"path_taken":["M","M","?","?","?","E","?","R","T","M","R","?","E","?","R","BOSS","M","M","$","?","?","M","M","?","T","E","?","?","R","?","R","BOSS","M","?","?","?","?","$","M","NM","T","AVR","E","R","E","M","R","BOSS","M","M","?","?","?","E","R","E","T","?","R","M","?","M","R","BOSS","M","AVR","?","M","?","E","R","?","T","M","E","?","R","?","R","BOSS"],"items_purchased_type":["Card","Card","Relic","Card","Card","Card","Card","Card"],"build_version":"2020-12-22","purchased_purges":2,"victory":false,"max_hp_per_floor":[70,70,76,76,76,76,81,81,81,81,81,81,81,81,81,81,81,81,81,81,81,81,81,81,81,81,81,81,81,81,1,1,1,1,1,1,1,1,1,1,1,1,1,1,1,1,1,1,1,1,1,1,1,1,1,1,1,1,1,1,1,1,1,1,1,1,1,1,1,1,1,1,1,1,1,1,1,1,1,1,1,1,1,1,1],"relic_stats":{"Blood Vial":0,"counters":[39,170],"Astrolabe":["ReplayTheSpireMod:Tripwire","Leg Sweep","Skewer"],"Bronze Scales":[126],"Eternal Feather":0,"Pandora\u0027s Box":["Underhanded Strike","Terror","ReplayTheSpireMod:Speed Training","Catalyst","ReplayTheSpireMod:Tripwire","Bouncing Flask","Toxin Wave"],"Snake Skull":[189],"Pen Nib":[2],"obtain_stats":[{"TwistedFunnel":44,"Calipers":74,"Vajra":57,"aspiration:TomeofQuesting":76,"Hammer of Thor":0,"Snake Skull":6,"infinitespire:Cubic Diamond":66,"Replay:Multitool":38,"Blood Vial":60,"hubris:Icosahedron":37,"hubris:Stopwatch":34,"WingedGreaves":27,"InkBottle":47,"Ring of the Snake":0,"BargainBundle":70,"Astrolabe":17,"Quantum Egg":26,"Eternal Feather":32,"Ring of Chaos":0,"Pen Nib":77,"Omamori":42,"Seething Fire":0,"hubris:Towel":75,"sneckomod:BabySnecko":21,"SlaversCollar":51,"Replay:Baseball":43,"Anvil of the Gods":0,"hubris:BottledHeart":31,"Bronze Scales":45,"Pandora\u0027s Box":68,"infinitespire:EmpoweringShard":13,"ReplayTheSpireMod:TigerMarble":71,"Bottled Lightning":83,"aspiration:HatOfInfinitePower":20,"ReplayTheSpireMod:Lightbulb":59,"hubris:Reverence":79},{"TwistedFunnel":20,"Calipers":35,"Vajra":28,"aspiration:TomeofQuesting":35,"Hammer of Thor":0,"Snake Skull":4,"infinitespire:Cubic Diamond":31,"Replay:Multitool":17,"Blood Vial":29,"hubris:Icosahedron":16,"hubris:Stopwatch":15,"WingedGreaves":13,"InkBottle":22,"Ring of the Snake":0,"BargainBundle":33,"Astrolabe":8,"Quantum Egg":12,"Eternal Feather":14,"Ring of Chaos":0,"Pen Nib":35,"Omamori":20,"Seething Fire":0,"hubris:Towel":35,"sneckomod:BabySnecko":10,"SlaversCollar":24,"Replay:Baseball":20,"Anvil of the Gods":0,"hubris:BottledHeart":14,"Bronze Scales":21,"Pandora\u0027s Box":32,"infinitespire:EmpoweringShard":6,"ReplayTheSpireMod:TigerMarble":33,"Bottled Lightning":38,"aspiration:HatOfInfinitePower":10,"ReplayTheSpireMod:Lightbulb":29,"hubris:Reverence":37},{"TwistedFunnel":104,"Calipers":156,"Vajra":133,"aspiration:TomeofQuesting":156,"Hammer of Thor":0,"Snake Skull":22,"infinitespire:Cubic Diamond":138,"Replay:Multitool":88,"Blood Vial":136,"hubris:Icosahedron":84,"hubris:Stopwatch":81,"WingedGreaves":69,"InkBottle":116,"Ring of the Snake":0,"BargainBundle":151,"Astrolabe":44,"Quantum Egg":64,"Eternal Feather":74,"Ring of Chaos":0,"Pen Nib":156,"Omamori":104,"Seething Fire":0,"hubris:Towel":156,"sneckomod:BabySnecko":53,"SlaversCollar":127,"Replay:Baseball":104,"Anvil of the Gods":0,"hubris:BottledHeart":74,"Bronze Scales":110,"Pandora\u0027s Box":149,"infinitespire:EmpoweringShard":30,"ReplayTheSpireMod:TigerMarble":151,"Bottled Lightning":166,"aspiration:HatOfInfinitePower":53,"ReplayTheSpireMod:Lightbulb":136,"hubris:Reverence":163}],"InkBottle":[28]},"card_choices":[{"not_picked":["Backflip","Poisoned Stab"],"picked":"Deadly Poison","floor":1},{"not_picked":["Underhanded Strike","Deadly Poison"],"picked":"Fluid Movement","floor":2},{"not_picked":["Bouncing Flask","Terror"],"picked":"infinitespire:Neurotoxin","floor":5},{"not_picked":["Bane","Fluid Movement"],"picked":"Quick Slash","floor":6},{"not_picked":["Dodge and Roll","Tactician"],"picked":"Poisoned Stab","floor":10},{"not_picked":["Heel Hook","Underhanded Strike"],"picked":"Hidden Blade","floor":13},{"not_picked":["Atom Bomb","Slice"],"picked":"Cloak And Dagger","floor":14},{"not_picked":["ReplayTheSpireMod:From All Sides","Corpse Explosion"],"picked":"After Image","floor":16},{"not_picked":["ReplayTheSpireMod:Scrap Shanks","Draining Mist"],"picked":"Bane","floor":18},{"not_picked":["Skewer","Prepared+1"],"picked":"Toxin Wave","floor":19},{"not_picked":["Underhanded Strike+1","Crippling Poison"],"picked":"Catalyst","floor":22},{"not_picked":["Endless Agony","hubris:SlightOfHand"],"picked":"Slice","floor":23},{"not_picked":["Blur","Blade Dance"],"picked":"Deadly Poison","floor":24},{"not_picked":["ReplayTheSpireMod:Tripwire+1","Deflect"],"picked":"Backflip","floor":27},{"not_picked":["Masterful Stab","Acrobatics"],"picked":"Prepared","floor":29},{"not_picked":["Storm of Steel","Venomology"],"picked":"Adrenaline","floor":33},{"not_picked":["hubris:SlightOfHand","Acrobatics"],"picked":"Escape Plan+1","floor":35},{"not_picked":["Leg Sweep","Flying Knee"],"picked":"ReplayTheSpireMod:Speed Training","floor":38},{"not_picked":["Flying Knee","Slice"],"picked":"All Out Attack","floor":39},{"not_picked":["ReplayTheSpireMod:Scrap Shanks","Deadly Poison+1"],"picked":"Accuracy+1","floor":41},{"not_picked":["conspire:PoisonWeapons+1","Phantasmal Killer"],"picked":"Dash+1","floor":42},{"not_picked":["Well Laid Plans","Footwork+1"],"picked":"Noxious Fumes","floor":45},{"not_picked":["Unload","Bane"],"picked":"Cloak And Dagger","floor":47},{"not_picked":["Deadly Poison","Setup+1"],"picked":"Dodge and Roll+1","floor":48},{"not_picked":["aspiration:Lunge","Wraith Form v2"],"picked":"After Image","floor":50},{"not_picked":["Flying Knee","Quick Slash"],"picked":"Dagger Throw","floor":52},{"not_picked":["Slice","Riddle With Holes"],"picked":"Choke","floor":53},{"not_picked":["Quick Slash","All Out Attack"],"picked":"Dagger Throw","floor":55},{"not_picked":["Dagger Spray","Prepared"],"picked":"ReplayTheSpireMod:Necrosis","floor":57},{"not_picked":["Sucker Punch","Acrobatics"],"picked":"Terror","floor":59},{"not_picked":["Expertise","Backflip"],"picked":"conspire:DoublingDagger","floor":63},{"not_picked":["Cloak And Dagger","Hidden Blade"],"picked":"Blade Dance","floor":65},{"not_picked":["Corpse Explosion","Doppelganger"],"picked":"Phantasmal Killer","floor":67},{"not_picked":["Acrobatics","Dodge and Roll"],"picked":"Bane","floor":69},{"not_picked":["Hidden Blade","Dodge and Roll+1"],"picked":"Deadly Poison+1","floor":72},{"not_picked":["Flying Knee","hubris:SlightOfHand"],"picked":"Hidden Blade","floor":74},{"not_picked":["Caltrops","Atom Bomb","All Out Attack"],"picked":"SKIP","floor":78},{"not_picked":["hubris:Sniper","Dagger Spray"],"picked":"conspire:PoisonWeapons+1","floor":79},{"not_picked":["Dagger Throw","Riddle With Holes"],"picked":"ReplayTheSpireMod:Tripwire+1","floor":80}],"player_experience":170662,"relics_obtained":[{"floor":6,"key":"Snake Skull"},{"floor":13,"key":"infinitespire:EmpoweringShard"},{"floor":26,"key":"Quantum Egg"},{"floor":27,"key":"WingedGreaves"},{"floor":32,"key":"Eternal Feather"},{"floor":38,"key":"Replay:Multitool"},{"floor":42,"key":"Omamori"},{"floor":43,"key":"Replay:Baseball"},{"floor":45,"key":"Bronze Scales"},{"floor":47,"key":"InkBottle"},{"floor":57,"key":"Vajra"},{"floor":59,"key":"ReplayTheSpireMod:Lightbulb"},{"floor":60,"key":"Blood Vial"},{"floor":74,"key":"Calipers"},{"floor":77,"key":"Pen Nib"},{"floor":79,"key":"hubris:Reverence"},{"floor":83,"key":"Bottled Lightning"}],"event_choices":[{"damage_healed":0,"gold_gain":0,"player_choice":"RENOUNCE","damage_taken":129,"max_hp_gain":0,"max_hp_loss":0,"event_name":"betterThird:BetterSerpent","floor":3,"gold_loss":129,"cards_obtained":["Enlightenment"]},{"damage_healed":0,"gold_gain":0,"player_choice":"1 cards matched","damage_taken":0,"max_hp_gain":0,"max_hp_loss":0,"event_name":"Match and Keep!","floor":4,"gold_loss":0,"cards_obtained":["Neutralize"]},{"damage_healed":0,"gold_gain":0,"player_choice":"Donut","damage_taken":0,"max_hp_gain":5,"max_hp_loss":0,"event_name":"Big Fish","floor":7,"gold_loss":0},{"cards_removed":["Slice"],"damage_healed":0,"gold_gain":0,"player_choice":"Removed Attack","damage_taken":0,"max_hp_gain":0,"max_hp_loss":0,"event_name":"Falling","floor":36,"gold_loss":0},{"damage_healed":0,"gold_gain":0,"player_choice":"Fight","damage_taken":0,"max_hp_gain":0,"max_hp_loss":0,"event_name":"Mysterious Sphere","floor":38,"gold_loss":0},{"damage_healed":0,"gold_gain":300,"player_choice":"Gold","damage_taken":0,"max_hp_gain":0,"max_hp_loss":0,"event_name":"Wheel of Change","floor":46,"gold_loss":0},{"damage_healed":0,"gold_gain":0,"player_choice":"2 cards matched","damage_taken":0,"max_hp_gain":0,"max_hp_loss":0,"event_name":"Match and Keep!","floor":54,"gold_loss":0,"cards_obtained":["Deadly Poison","Night Terror"]},{"damage_healed":0,"gold_gain":0,"player_choice":"Donut","damage_taken":0,"max_hp_gain":5,"max_hp_loss":0,"event_name":"Big Fish","floor":56,"gold_loss":0},{"damage_healed":0,"gold_gain":175,"player_choice":"AGREE","damage_taken":671,"max_hp_gain":0,"max_hp_loss":0,"event_name":"betterThird:BetterSerpent","floor":61,"gold_loss":0},{"damage_healed":0,"gold_gain":0,"player_choice":"Invest 4","damage_taken":0,"max_hp_gain":0,"max_hp_loss":0,"event_name":"conspire:Investor","floor":73,"gold_loss":0},{"damage_healed":0,"gold_gain":0,"player_choice":"Gave Potion","damage_taken":0,"relics_obtained":["aspiration:TomeofQuesting"],"max_hp_gain":0,"max_hp_loss":0,"event_name":"WeMeetAgain","floor":76,"gold_loss":0},{"damage_healed":0,"gold_gain":0,"player_choice":"Became a Ghost","damage_taken":0,"max_hp_gain":0,"max_hp_loss":0,"event_name":"Ghosts","floor":82,"gold_loss":0,"cards_obtained":["Ghostly","Ghostly","Ghostly","Ghostly","Ghostly"]}],"is_beta":false,"boss_relics":[{"not_picked":["Velvet Choker","hubris:ScarierMask"],"picked":"Astrolabe"},{"not_picked":["Snecko Scales","Busted Crown"],"picked":"hubris:Stopwatch"},{"not_picked":["Empty Cage","Runesmith:UraniumAnvil"],"picked":"SlaversCollar"},{"not_picked":["Runesmith:UraniumAnvil","conspire:SeveredTorchhead"],"picked":"Pandora\u0027s Box"}],"items_purged_floors":[40,70],"is_endless":true,"potions_floor_spawned":[6,13,16,23,27,29,33,35,38,41,47,50,55,57,67,79,80],"killed_by":"conspire:MysteriousRune","ascension_level":1}}