{"host":"w1l5t0a1l2lkq6my","time":1613802561,"event":{"mods":["100% Spire Juice","Bartender","BaseMod","Better Match","KinomotoSakuraMod(ñÿîVñ{?)","Lobotomy","LobotomyExtend","Magitek Elite","MarisaÅiñ∂âJÅ@ñÇóùçπÅj","Minty Spire (QoL Compilation)","Shapeshifter Mod","StSLib","The Animator","The Gatherer","The Senshi","Yuyuko"],"gold_per_floor":[113,188,188,45,63,81,81,128,176,186,205,230,230,248,248,352,352,352,352],"floor_reached":18,"language":"ENG","playtime":1769,"items_purged":[],"score":164,"play_id":"6f65ff30-433b-462e-b261-f18d9cd0a82b","local_time":"20210219232921","is_ascension_mode":false,"campfire_choices":[{"data":"animator:Strike_Konosuba","floor":7,"key":"SMITH"},{"data":"animator:Vesta","floor":13,"key":"SMITH"},{"data":"animator:YunYun","floor":15,"key":"SMITH"}],"circlet_count":0,"master_deck":["animator:Strike_Konosuba+1","animator:Defend_Konosuba","animator:Strike","animator:Strike","animator:Strike","animator:Defend","animator:Defend","animator:Defend","animator:Kazuma+1","animator:Aqua","VoidDream","animator:Sonic","SpiderBud","animator:Vesta+1","animator:YaoHaDucy","QueenBee","animator:Darkness","animator:Eris","OldLady","animator:PinaCoLada","GreedKing","animator:Mitsurugi","animator:YunYun+1","animator:Eris"],"relics":["animator:LivingPicture","animator:TheMissingPiece","animator:PurgingStone","CogitoBucket","LetterFromLob","Anchor","animator:OldCoffin","Toy Ornithopter","BehaviorAdjustment","Gem_Box","MagicBullet_r","ShedSkin_r","Heaven_r"],"acts_visited":["Exordium","TheCity"],"potions_floor_usage":[16],"damage_taken":[{"damage":3,"enemies":"Small Slimes","floor":1,"turns":5},{"damage":0,"enemies":"2 Louse","floor":5,"turns":4},{"damage":1,"enemies":"Jaw Worm","floor":6,"turns":10},{"damage":11,"enemies":"3 Sentries","floor":8,"turns":14},{"damage":0,"enemies":"Red Slaver","floor":10,"turns":3},{"damage":5,"enemies":"Exordium Wildlife","floor":11,"turns":4},{"damage":0,"enemies":"3 Louse","floor":12,"turns":4},{"damage":24,"enemies":"Gremlin Gang","floor":14,"turns":4},{"damage":41,"enemies":"Slime Boss","floor":16,"turns":10},{"damage":11,"enemies":"2 Thieves","floor":18,"turns":2}],"seed_played":"7025775859859495176","potions_obtained":[{"floor":1,"key":"PowerPotion"},{"floor":5,"key":"SpeedPotion"},{"floor":14,"key":"SteroidPotion"},{"floor":16,"key":"LiquidMemories"}],"is_trial":false,"path_per_floor":["M","?","?","$","M","M","R","E","T","M","M","M","R","M","R","B",null,"M"],"character_chosen":"THE_ANIMATOR","items_purchased":["Anchor"],"campfire_rested":0,"item_purchase_floors":[4],"current_hp_per_floor":[63,52,60,60,62,63,63,54,54,55,52,59,59,41,41,10,68,0,0],"gold":352,"neow_bonus":"","is_daily":false,"chose_seed":false,"campfire_upgraded":3,"win_rate":0.0,"timestamp":1613802561,"path_taken":["M","?","?","$","M","M","R","E","T","M","M","M","R","M","R","BOSS","M"],"items_purchased_type":["Relic"],"build_version":"2020-12-22","purchased_purges":0,"victory":false,"max_hp_per_floor":[66,66,66,66,66,66,66,66,66,67,67,67,67,68,68,68,68,68,68],"card_choices":[{"not_picked":["UniverseFragment","CherryBlossoms"],"picked":"VoidDream","floor":1},{"not_picked":["animator:SilverFang","animator:NagisaMomoe"],"picked":"animator:Sonic","floor":1},{"not_picked":["ShyLook","Wellcheers"],"picked":"SpiderBud","floor":5},{"not_picked":["animator:MaesHughes","animator:Hakurou"],"picked":"animator:Vesta","floor":5},{"not_picked":["animator:Scar","animator:Geryuganshoop"],"picked":"animator:YaoHaDucy","floor":6},{"not_picked":["CherryBlossoms","Murderer"],"picked":"QueenBee","floor":8},{"not_picked":["animator:YunYun","animator:Mitsurugi"],"picked":"animator:Darkness","floor":8},{"not_picked":["animator:Geryuganshoop","animator:NagisaMomoe"],"picked":"animator:Eris","floor":10},{"not_picked":["Funeral","MeatLantern"],"picked":"OldLady","floor":11},{"not_picked":["animator:Geryuganshoop","animator:Berserker"],"picked":"animator:PinaCoLada","floor":11},{"not_picked":["MeatLantern","Bloodbath"],"picked":"GreedKing","floor":12},{"not_picked":["animator:Benimaru","animator:Tatsumaki"],"picked":"animator:Mitsurugi","floor":12},{"not_picked":["animator:Aqua","animator:Vanir"],"picked":"animator:YunYun","floor":14},{"not_picked":["animator:Elesis","animator:Envy"],"picked":"animator:Eris","floor":16}],"player_experience":139242,"relics_obtained":[{"floor":1,"key":"LetterFromLob"},{"floor":8,"key":"animator:OldCoffin"},{"floor":9,"key":"Toy Ornithopter"}],"event_choices":[{"damage_healed":0,"gold_gain":75,"player_choice":"Gather Gold","damage_taken":11,"max_hp_gain":0,"max_hp_loss":0,"event_name":"World of Goop","floor":2,"gold_loss":0}],"is_beta":false,"boss_relics":[{"not_picked":["Runic Dome","Velvet Choker"],"picked":"Gem_Box"}],"items_purged_floors":[],"is_endless":false,"potions_floor_spawned":[1,5,14,16,18],"killed_by":"2 Thieves","ascension_level":0}}