{"host":"dxw0slwvk2p0izr3","time":1613783593,"event":{"mods":["BaseMod","Downfall","Minty Spire (QoL Compilation)","Replay The Spire","Shop Mod","StSLib"],"gold_per_floor":[99,116,131,41,141,167,167,193,193,208,208,208,208,225,235,235,235,235],"floor_reached":16,"language":"ZHS","playtime":1170,"items_purged":["hexamod:Defend"],"score":110,"play_id":"8d38109e-5b4c-47ad-8238-2dfa1b5b5327","local_time":"20210220091313","is_ascension_mode":false,"campfire_choices":[{"data":"hexamod:Float","floor":1.0,"key":"SMITH"},{"data":"hexamod:ForkedFlame","floor":9.0,"key":"SMITH"},{"data":"hexamod:SpectersWail","floor":11.0,"key":"SMITH"},{"data":"hexamod:SkipABeat","floor":13.0,"key":"SMITH"}],"circlet_count":0,"master_deck":["hexamod:Strike","hexamod:Strike","hexamod:Strike","hexamod:Strike","hexamod:Defend","hexamod:Defend","hexamod:Defend","hexamod:Sear","hexamod:Float+1","hexamod:SpectersWail+1","hexamod:Again","hexamod:SkipABeat+1","hexamod:FourthSeal","hexamod:ForkedFlame+1","hexamod:HauntingEcho","Delirium","hexamod:SpectersWail","hexamod:SpectersWail"],"relics":["hexamod:SpiritBrand","Gambling Chip","Potion Belt","Happy Flower","ReplayTheSpireMod:Ring of Collecting","Ring of Misfortune"],"acts_visited":["Exordium"],"potions_floor_usage":[14],"damage_taken":[{"damage":1.0,"enemies":"Cultist","floor":2.0,"turns":3.0},{"damage":0.0,"enemies":"Small Slimes","floor":3.0,"turns":3.0},{"damage":0.0,"enemies":"downfall:FleeingMerchant","floor":4.0,"turns":4.0},{"damage":36.0,"enemies":"Lagavulin","floor":6.0,"turns":6.0},{"damage":25.0,"enemies":"Gremlin Nob","floor":8.0,"turns":4.0},{"damage":0.0,"enemies":"Jaw Worm","floor":10.0,"turns":1.0},{"damage":1,"enemies":"2 Fungi Beasts","floor":14,"turns":2},{"damage":0,"enemies":"Lots of Slimes","floor":15,"turns":2},{"damage":20,"enemies":"IC_STATUS_ARCHETYPE","floor":16,"turns":4}],"seed_played":"-459469530985702282","potions_obtained":[{"floor":2.0,"key":"Explosive Potion"},{"floor":3.0,"key":"DistilledChaos"},{"floor":6.0,"key":"Explosive Potion"},{"floor":8.0,"key":"SneckoOil"}],"is_trial":false,"path_per_floor":["R","M","M","$","?","E","T","E","R","M","R","?","R","M","M","B"],"character_chosen":"THE_SPIRIT","items_purchased":[],"campfire_rested":0,"item_purchase_floors":[],"current_hp_per_floor":[77,76,76,76,76,40,40,15,15,15,15,15,15,14,14,0,0,0],"gold":235,"neow_bonus":"TEN_PERCENT_HP_BONUS","is_daily":false,"chose_seed":false,"campfire_upgraded":4,"win_rate":0.0,"timestamp":1613783593,"path_taken":["R","M","M","$","?","E","T","E","R","M","R","?","R","M","M","BOSS"],"items_purchased_type":[],"build_version":"2020-12-22","purchased_purges":1,"victory":false,"max_hp_per_floor":[77,77,77,77,77,77,77,77,77,77,77,77,77,77,77,77,77,77],"card_choices":[{"not_picked":["hexamod:Firestarter","hexamod:NightmareGuise"],"picked":"hexamod:SpectersWail","floor":2.0},{"not_picked":["hexamod:BacktrackSmack","hexamod:NightmareGuise"],"picked":"hexamod:Again","floor":3.0},{"not_picked":["hexamod:HeatMetal","hexamod:HauntingEcho"],"picked":"hexamod:SkipABeat","floor":4.0},{"not_picked":["hexamod:GhostOfSpireFuture","hexamod:NecessarySacrifice"],"picked":"hexamod:FourthSeal","floor":6.0},{"not_picked":["hexamod:PhantomCloak","hexamod:SpectersWail"],"picked":"hexamod:ForkedFlame","floor":8.0},{"not_picked":["hexamod:ChargedBarrage","hexamod:Haunt"],"picked":"hexamod:HauntingEcho","floor":10.0},{"not_picked":["hexamod:CatchUp","hexamod:GhostShield"],"picked":"hexamod:SpectersWail","floor":14},{"not_picked":["hexamod:GhostOfSpirePast","hexamod:HeatMetal"],"picked":"hexamod:SpectersWail","floor":15}],"player_experience":92144,"relics_obtained":[{"floor":6.0,"key":"Gambling Chip"},{"floor":7.0,"key":"Potion Belt"},{"floor":8.0,"key":"Happy Flower"},{"floor":12.0,"key":"ReplayTheSpireMod:Ring of Collecting"},{"floor":12.0,"key":"Ring of Misfortune"}],"event_choices":[],"is_beta":false,"boss_relics":[],"items_purged_floors":[4],"is_endless":false,"potions_floor_spawned":[2,3,6],"killed_by":"IC_STATUS_ARCHETYPE","ascension_level":0}}