{"host":"oehe2dxjvdgux73m","time":1613827700,"event":{"mods":["AchievementEnabler","BaseMod","Colored Map","Colored Powertips","DeckTracker","Keyboard Shortcuts","Minty Spire (QoL Compilation)","Permanent Neow","Quick Restart","StSLib","SuperFastMode"],"gold_per_floor":[14,14,14,28,40,40,66,66,66,66,79,95,113,132,132,132,132],"floor_reached":16,"language":"KOR","playtime":360,"items_purged":[],"score":208,"play_id":"2cf1b9c4-acf8-4430-834e-025716d7361c","local_time":"20210220222820","is_ascension_mode":true,"campfire_choices":[{"data":"Skewer","floor":6.0,"key":"SMITH"},{"data":"Quick Slash","floor":8.0,"key":"SMITH"},{"data":"Neutralize","floor":10.0,"key":"SMITH"},{"data":"Tactician","floor":15.0,"key":"SMITH"}],"circlet_count":0,"master_deck":["AscendersBane","Strike_G","Strike_G","Strike_G","Strike_G","Defend_G","Defend_G","Defend_G","Defend_G","Survivor","Neutralize+1","Quick Slash+1","Footwork","Skewer+1","Corpse Explosion","Tactician+1","Reflex","Blur","Dagger Throw"],"relics":["Ring of the Snake","InkBottle","Question Card"],"acts_visited":["Exordium"],"potions_floor_usage":[16],"damage_taken":[{"damage":8.0,"enemies":"Cultist","floor":1.0,"turns":5.0},{"damage":1.0,"enemies":"Small Slimes","floor":4.0,"turns":3.0},{"damage":4.0,"enemies":"Jaw Worm","floor":5.0,"turns":5.0},{"damage":24.0,"enemies":"Gremlin Nob","floor":7.0,"turns":4.0},{"damage":0.0,"enemies":"3 Louse","floor":11.0,"turns":2.0},{"damage":0.0,"enemies":"Large Slime","floor":12.0,"turns":5.0},{"damage":1.0,"enemies":"Looter","floor":13.0,"turns":3.0},{"damage":1.0,"enemies":"3 Louse","floor":14.0,"turns":2.0},{"damage":36,"enemies":"The Guardian","floor":16,"turns":12}],"seed_played":"-864206456767821309","potions_obtained":[{"floor":4.0,"key":"Regen Potion"},{"floor":11.0,"key":"Strength Potion"}],"is_trial":false,"path_per_floor":["M","$","$","M","M","R","E","R","T","R","M","M","M","M","R","B"],"character_chosen":"THE_SILENT","items_purchased":[],"campfire_rested":0,"item_purchase_floors":[],"current_hp_per_floor":[51,51,51,50,46,46,34,34,34,34,34,34,33,32,32,0,0],"gold":132,"neow_bonus":"REMOVE_TWO","is_daily":false,"chose_seed":false,"campfire_upgraded":4,"win_rate":0.0,"timestamp":1613827700,"path_taken":["M","?","$","M","M","R","E","R","T","R","M","M","M","M","R","BOSS"],"items_purchased_type":[],"build_version":"2020-12-22","purchased_purges":0,"victory":false,"max_hp_per_floor":[66,66,66,66,66,66,66,66,66,66,66,66,66,66,66,66,66],"card_choices":[{"not_picked":["Sucker Punch","Backflip"],"picked":"Quick Slash","floor":1.0},{"not_picked":["Acrobatics","Quick Slash"],"picked":"Footwork","floor":4.0},{"not_picked":["Acrobatics","Leg Sweep"],"picked":"Skewer","floor":5.0},{"not_picked":["All Out Attack","Burst"],"picked":"Corpse Explosion","floor":7.0},{"not_picked":["Underhanded Strike","Poisoned Stab","Bane"],"picked":"Tactician","floor":11.0},{"not_picked":["Quick Slash","Dagger Spray","Malaise"],"picked":"Reflex","floor":12.0},{"not_picked":["Prepared","Underhanded Strike","Escape Plan"],"picked":"Blur","floor":13.0},{"not_picked":["Caltrops","Distraction","Backstab"],"picked":"Dagger Throw","floor":14.0}],"player_experience":482526,"relics_obtained":[{"floor":7.0,"key":"InkBottle"},{"floor":9.0,"key":"Question Card"}],"event_choices":[],"is_beta":false,"boss_relics":[],"items_purged_floors":[],"is_endless":false,"potions_floor_spawned":[4,11],"killed_by":"The Guardian","ascension_level":20}}