{"host":"i0m6ffz3lpe3z1ky","time":1613859084,"event":{"mods":["Aspiration","BaseMod","Bestiary","BetterRewards","Colored Map","Conspire","Energized Spire","Highlight Path","Hubris","Ironclad Rager","Minty Spire (QoL Compilation)","Quick Restart","Reliquary","Shop Mod","Spicy Shops","StSLib","Thieving Mod"],"gold_per_floor":[116,116,136,153,165,193,213,243,292,323,54,70,90,90,90,187,187,198,297,327,125,137,137,147,157,239,254,281,84,102,130,130,234,234,250,150,166,166,177,211,211,238,310,345,195,215,215,229,229,229,229,229,102,131,131],"floor_reached":56,"language":"KOR","playtime":1389,"items_purged":["Strike_R","Strike_R","Strike_R"],"score":2597,"play_id":"b73aae2e-fe43-4018-ae9d-736d689f7644","local_time":"20210221071124","is_ascension_mode":true,"campfire_choices":[{"data":"Perfected Strike","floor":15.0,"key":"SMITH"},{"data":"Pommel Strike","floor":23.0,"key":"SMITH"},{"data":"Perfected Strike","floor":32.0,"key":"SMITH"},{"data":"Perfected Strike","floor":41.0,"key":"SMITH"},{"floor":49.0,"key":"RECALL"},{"data":"Pommel Strike","floor":52.0,"key":"SMITH"}],"circlet_count":0,"master_deck":["AscendersBane","Strike_R","Perfected Strike+1","Perfected Strike+1","Perfected Strike+1","Pommel Strike+1","Perfected Strike+1","Twin Strike","Perfected Strike+1","Pommel Strike+1","Perfected Strike+1","Twin Strike"],"relics":["Burning Blood","Happy Flower","TheAbacus","Bag of Preparation","Nunchaku","conspire:TreasureMap","Boot","Red Skull","reliquary:PorcupineQuills","reliquary:Tamtam","hubris:Metronome","Membership Card","ClockworkSouvenir","reliquary:Spinner","hubris:ChampionShield","Lee\u0027s Waffle","Toy Ornithopter","OrangePellets","Regal Pillow","reliquary:Stiletto","Ancient Tea Set","reliquary:Boomerang","Potion Belt","Lantern","reliquary:BrokenClock","Frozen Eye","hubris:OldNail","Blood Vial","reliquary:Crutches","reliquary:FingerTrap","HandDrill","reliquary:ExpiredCoupon","Chemical X","reliquary:SharkskinSheath","reliquary:RosewoodLute","reliquary:SilkGlove","Oddly Smooth Stone","Centennial Puzzle","Dead Branch","Vajra","aspiration:Lifesprig","reliquary:IridiumChain","reliquary:TridentHead","reliquary:Firecrackers","hubris:Towel","energizedSpire:MagnifyingGlass","Frozen Egg 2","Omamori","Whetstone","Ornamental Fan","aspiration:Nostalgia","Cracked Core","Sling","Singing Bowl","hubris:Backtick","aspiration:HatOfInfinitePower","reliquary:Knoch","Incense Burner","reliquary:MedicineBall","hubris:SlimyHat","aspiration:AnachronicSnailShell","Medical Kit","Anchor","hubris:PeanutButter","conspire:DeflatedDodgeball","Thread and Needle","DollysMirror","hubris:ToyBattleship","Bronze Scales"],"acts_visited":["Exordium","TheCity","TheBeyond","TheEnding"],"potions_floor_usage":[53,55,55],"damage_taken":[{"damage":0.0,"enemies":"Small Slimes","floor":1.0,"turns":2.0},{"damage":0.0,"enemies":"Cultist","floor":3.0,"turns":1.0},{"damage":0.0,"enemies":"Jaw Worm","floor":4.0,"turns":1.0},{"damage":0.0,"enemies":"2 Fungi Beasts","floor":5.0,"turns":1.0},{"damage":0.0,"enemies":"Lagavulin","floor":6.0,"turns":2.0},{"damage":0.0,"enemies":"Large Slime","floor":7.0,"turns":2.0},{"damage":0.0,"enemies":"Gremlin Nob","floor":8.0,"turns":1.0},{"damage":0.0,"enemies":"Lagavulin","floor":10.0,"turns":2.0},{"damage":0.0,"enemies":"Exordium Wildlife","floor":12.0,"turns":1.0},{"damage":0.0,"enemies":"Gremlin Gang","floor":13.0,"turns":1.0},{"damage":0.0,"enemies":"The Guardian","floor":16.0,"turns":2.0},{"damage":0.0,"enemies":"Chosen","floor":18.0,"turns":1.0},{"damage":0.0,"enemies":"conspire:MimicChest","floor":20.0,"turns":2.0},{"damage":0.0,"enemies":"3 Byrds","floor":22.0,"turns":1.0},{"damage":0.0,"enemies":"Centurion and Healer","floor":24.0,"turns":1.0},{"damage":0.0,"enemies":"Shelled Parasite and Fungi","floor":25.0,"turns":1.0},{"damage":0.0,"enemies":"Snake Plant","floor":27.0,"turns":1.0},{"damage":0.0,"enemies":"Gremlin Leader","floor":28.0,"turns":2.0},{"damage":0.0,"enemies":"Chosen and Byrds","floor":30.0,"turns":1.0},{"damage":0.0,"enemies":"Book of Stabbing","floor":31.0,"turns":2.0},{"damage":12.0,"enemies":"hubris:MusketHawk","floor":33.0,"turns":3.0},{"damage":0.0,"enemies":"3 Shapes","floor":35.0,"turns":1.0},{"damage":0.0,"enemies":"Orb Walker","floor":37.0,"turns":1.0},{"damage":41.0,"enemies":"Transient","floor":39.0,"turns":4.0},{"damage":0.0,"enemies":"Giant Head","floor":40.0,"turns":2.0},{"damage":0.0,"enemies":"Reptomancer","floor":42.0,"turns":1.0},{"damage":0.0,"enemies":"Giant Head","floor":44.0,"turns":2.0},{"damage":0.0,"enemies":"Sphere and 2 Shapes","floor":46.0,"turns":1.0},{"damage":0.0,"enemies":"Maw","floor":48.0,"turns":2.0},{"damage":0.0,"enemies":"hubris:GrandSnecko","floor":50.0,"turns":2.0},{"damage":0,"enemies":"Shield and Spear","floor":54,"turns":1},{"damage":40,"enemies":"The Heart","floor":55,"turns":5}],"seed_played":"-6127804541472373461","potions_obtained":[{"floor":4.0,"key":"Energy Potion"},{"floor":6.0,"key":"Swift Potion"},{"floor":8.0,"key":"Block Potion"},{"floor":10.0,"key":"ThievingMod:ThievingPotion"},{"floor":12.0,"key":"Energy Potion"}],"is_trial":false,"path_per_floor":["M","?","M","M","M","E","M","E","T","E","$","M","M","?","R","B",null,"M","?","?","$","M","R","M","M","T","M","E","$","M","E","R","B",null,"M","NS","M","?","M","E","R","E","T","E","$","M","$","M","R","B",null,"R","$","E","B",null],"character_chosen":"IRONCLAD","items_purchased":["Perfected Strike","reliquary:TridentHead","reliquary:Firecrackers","Omamori","Whetstone","Twin Strike","aspiration:Nostalgia","Sling","aspiration:AnachronicSnailShell","ThievingMod:ThievingPotion","Twin Strike"],"campfire_rested":0,"item_purchase_floors":[11,11,11,21,21,21,29,29,45,53,53],"current_hp_per_floor":[75,75,83,87,87,87,87,87,87,87,87,87,87,87,87,87,87,87,87,87,87,87,87,87,87,87,87,87,87,87,89,89,85,90,93,93,95,95,62,70,70,80,80,90,90,100,103,105,105,105,105,105,105,107,83],"gold":131,"neow_bonus":"","is_daily":false,"chose_seed":false,"campfire_upgraded":5,"win_rate":0.0,"timestamp":1613859084,"path_taken":["M","?","?","M","M","E","?","E","T","E","$","M","M","?","R","BOSS","M","?","?","$","?","R","M","M","T","M","E","$","M","E","R","BOSS","M","NS","M","?","M","E","R","E","T","E","$","M","$","M","R","BOSS","R","$","E","BOSS"],"items_purchased_type":["Card","Relic","Relic","Relic","Relic","Card","Relic","Relic","Relic","Potion","Card"],"build_version":"2020-12-22","purchased_purges":3,"victory":true,"max_hp_per_floor":[87,87,87,87,87,87,87,87,87,87,87,87,87,87,87,87,87,87,87,87,87,87,87,87,87,87,87,87,87,87,89,89,91,91,93,93,95,95,97,97,97,99,99,101,101,103,103,105,105,105,105,105,105,107,107],"card_choices":[{"not_picked":["Twin Strike","hubris:SharpeningStone"],"picked":"Perfected Strike","floor":1.0},{"not_picked":["Anger","Demon Form","Headbutt"],"picked":"SKIP","floor":3.0},{"not_picked":["Hemokinesis","Clothesline","Shrug It Off"],"picked":"SKIP","floor":4.0},{"not_picked":["Heavy Blade","Dual Wield","Headbutt"],"picked":"SKIP","floor":5.0},{"not_picked":["Sword Boomerang","Power Through","Feel No Pain"],"picked":"SKIP","floor":6.0},{"not_picked":["Armaments","Flame Barrier"],"picked":"Perfected Strike","floor":7.0},{"not_picked":["Warcry","Headbutt","Clothesline"],"picked":"SKIP","floor":8.0},{"not_picked":["Whirlwind","Searing Blow","Pommel Strike"],"picked":"SKIP","floor":10.0},{"not_picked":["Whirlwind","Searing Blow"],"picked":"Pommel Strike","floor":10.0},{"not_picked":["Pummel","Brutality"],"picked":"Pommel Strike","floor":12.0},{"not_picked":["Pommel Strike","Heavy Blade","Warcry"],"picked":"SKIP","floor":13.0},{"not_picked":["Heavy Blade","Iron Wave","Flex"],"picked":"SKIP","floor":18.0},{"not_picked":["Flex","hubris:ReadiedAction+1"],"picked":"Perfected Strike","floor":22.0},{"not_picked":["Clash","Cleave","Sentinel"],"picked":"SKIP","floor":24.0},{"not_picked":["Dual Wield","Heavy Blade","hubris:ReadiedAction"],"picked":"SKIP","floor":25.0},{"not_picked":["Shrug It Off","Wild Strike","Battle Trance"],"picked":"SKIP","floor":27.0},{"not_picked":["Clothesline","Wild Strike","Infernal Blade"],"picked":"SKIP","floor":28.0},{"not_picked":["Armaments","Seeing Red","Shrug It Off"],"picked":"SKIP","floor":30.0},{"not_picked":["Rupture+1","Anger","Carnage"],"picked":"Singing Bowl","floor":31.0},{"not_picked":["Offering","Juggernaut+1","Double Tap"],"picked":"Singing Bowl","floor":33.0},{"not_picked":["Hemokinesis","Pommel Strike","hubris:ReadiedAction+1"],"picked":"Singing Bowl","floor":35.0},{"not_picked":["Clothesline","Dark Embrace+1","Dual Wield"],"picked":"Singing Bowl","floor":37.0},{"not_picked":["Iron Wave","Pommel Strike","Battle Trance"],"picked":"Singing Bowl","floor":39.0},{"not_picked":["Havoc","Anger"],"picked":"Pommel Strike+1","floor":40.0},{"not_picked":["Pummel","Body Slam","Heavy Blade"],"picked":"Singing Bowl","floor":42.0},{"not_picked":["Ghostly Armor","Intimidate","Warcry"],"picked":"Singing Bowl","floor":44.0},{"not_picked":["True Grit","Armaments+1","Anger+1"],"picked":"Singing Bowl","floor":46.0},{"not_picked":["Anger","Body Slam","Clothesline"],"picked":"Singing Bowl","floor":48.0},{"not_picked":["Limit Break","Rupture+1","Reckless Charge"],"picked":"Singing Bowl","floor":54}],"player_experience":425061,"relics_obtained":[{"floor":6.0,"key":"Dead Branch"},{"floor":8.0,"key":"Vajra"},{"floor":9.0,"key":"aspiration:Lifesprig"},{"floor":10.0,"key":"reliquary:IridiumChain"},{"floor":20.0,"key":"Frozen Egg 2"},{"floor":28.0,"key":"Ornamental Fan"},{"floor":31.0,"key":"Singing Bowl"},{"floor":40.0,"key":"reliquary:Knoch"},{"floor":42.0,"key":"Incense Burner"},{"floor":43.0,"key":"reliquary:MedicineBall"},{"floor":44.0,"key":"hubris:SlimyHat"},{"floor":54,"key":"Bronze Scales"}],"event_choices":[{"damage_healed":0.0,"max_hp_gain":0.0,"max_hp_loss":0.0,"gold_gain":0.0,"event_name":"Match and Keep!","player_choice":"1 cards matched","floor":2.0,"gold_loss":0.0,"damage_taken":0.0,"cards_obtained":["Perfected Strike"]},{"damage_healed":0.0,"max_hp_gain":0.0,"max_hp_loss":0.0,"gold_gain":99.0,"event_name":"Nest","player_choice":"Stole From Cult","floor":19.0,"gold_loss":0.0,"damage_taken":0.0},{"damage_healed":0.0,"max_hp_gain":0.0,"max_hp_loss":0.0,"gold_gain":0.0,"event_name":"Upgrade Shrine","player_choice":"Upgraded","floor":38.0,"gold_loss":0.0,"damage_taken":0.0,"cards_upgraded":["Perfected Strike"]}],"is_beta":false,"boss_relics":[{"not_picked":["reliquary:Ember","reliquary:Craggleroot"],"picked":"energizedSpire:MagnifyingGlass"},{"not_picked":["Black Star","energizedSpire:DeadBattery"],"picked":"hubris:Backtick"}],"items_purged_floors":[21,29,53],"is_endless":false,"potions_floor_spawned":[4,6,8,10,12,13,20,24,25,28,33,37,39,44,46],"ascension_level":12}}