{"host":"sfkslwp4t49i7lrt","time":1613819489,"event":{"mods":["100% Spire Juice","Act Like it!","BaseMod","Bestiary","Block Reminder","Downfall","Friendly Minions","Gensokyo","Highlight Path","Jorbs\u0027s Wanderer Trilogy","Lobotomy","Marisa????????","Minty Spire (QoL Compilation)","Relic Stats","Spire Arcade","StSLib","The Servant 0.9.4","Wide Potions","everything is the same but u backflip on backflip","slay the spire mod where everything is the same but ironclad has a cowboy hat"],"gold_per_floor":[111,127,146,162,181,214,214,314,339,79,79,94,94,108,108,203,203,213,230,230,230,230],"floor_reached":21,"language":"ENG","playtime":1379,"items_purged":["Clumsy"],"score":183,"play_id":"721b8cd1-a836-4335-90bd-b614656f011a","local_time":"20210220181129","is_ascension_mode":false,"campfire_choices":[{"data":"Leg Sweep","floor":15,"key":"SMITH"}],"circlet_count":0,"master_deck":["Strike_G","Strike_G","Strike_G","Defend_G","Defend_G","Defend_G","Defend_G","Survivor","Neutralize","Wellcheers","Caltrops","LittleHelper","Blade Dance","Sucker Punch","CrumblingArmor","Well Laid Plans","Leg Sweep+1","Footwork","Predator","Dodge and Roll","Bouncing Flask","Choke+1","Envenom+1","Catalyst+1","Accuracy+1","Gensokyo:AllTheWorldsEvil"],"relics":["Ring of the Snake","CogitoBucket","Bottled Lightning","Gensokyo:NagashiBinaDoll","Strawberry","Gensokyo:Justice","Theresia","Astrolabe"],"acts_visited":["Gensokyo:Gensokyo","Gensokyo:Gensokyoer"],"potions_floor_usage":[16,16,21,21],"damage_taken":[{"damage":2,"enemies":"Gensokyo:3_Fairies","floor":1,"turns":4},{"damage":0,"enemies":"Gensokyo:Python","floor":2,"turns":4},{"damage":0,"enemies":"Gensokyo:2_Kodama","floor":3,"turns":4},{"damage":10,"enemies":"Gensokyo:Kitsune","floor":4,"turns":5},{"damage":0,"enemies":"Gensokyo:VengefulSpirit","floor":5,"turns":5},{"damage":41,"enemies":"Gensokyo:Mamizou","floor":6,"turns":11},{"damage":16,"enemies":"Gensokyo:3_Kodama","floor":12,"turns":17},{"damage":5,"enemies":"Gensokyo:2_Rabbits","floor":14,"turns":4},{"damage":41,"enemies":"Gensokyo:Yukari","floor":16,"turns":12},{"damage":64,"enemies":"Gensokyo:2_Gloops","floor":18,"turns":8},{"damage":15,"enemies":"Gensokyo:AngelMirror","floor":19,"turns":10},{"damage":7,"enemies":"Gensokyo:Wraith","floor":21,"turns":2}],"seed_played":"5694249739562019281","potions_obtained":[{"floor":2,"key":"GamblersBrew"},{"floor":5,"key":"SkillPotion"},{"floor":14,"key":"SpeedPotion"},{"floor":18,"key":"LiquidMemories"}],"is_trial":false,"path_per_floor":["M","M","M","M","M","E","?","?","T","$","?","M","?","M","R","B",null,"M","M","?","M"],"character_chosen":"THE_SILENT","items_purchased":["Leg Sweep","Footwork","Predator"],"campfire_rested":0,"item_purchase_floors":[10,10,10],"current_hp_per_floor":[68,68,70,60,63,28,28,28,35,35,35,25,48,46,46,11,77,13,1,1,0,0],"gold":230,"neow_bonus":"","is_daily":false,"chose_seed":false,"campfire_upgraded":1,"win_rate":0.0,"timestamp":1613819489,"path_taken":["M","M","M","M","M","E","?","?","T","$","?","M","?","?","R","BOSS","M","M","?","?"],"items_purchased_type":["Card","Card","Card"],"build_version":"2020-12-22","purchased_purges":1,"victory":false,"max_hp_per_floor":[70,70,70,70,70,70,70,70,77,77,77,77,77,77,77,77,77,77,77,77,77,77],"relic_stats":{"counters":[14,88],"Astrolabe":["Choke","Envenom","Catalyst"],"obtain_stats":[{"CogitoBucket":0,"Strawberry":9,"Astrolabe":17,"Gensokyo:NagashiBinaDoll":7,"Bottled Lightning":6,"Gensokyo:Justice":11,"Theresia":12,"Ring of the Snake":0},{"CogitoBucket":0,"Strawberry":6,"Astrolabe":10,"Gensokyo:NagashiBinaDoll":6,"Bottled Lightning":6,"Gensokyo:Justice":6,"Theresia":8,"Ring of the Snake":0},{"CogitoBucket":0,"Strawberry":33,"Astrolabe":67,"Gensokyo:NagashiBinaDoll":33,"Bottled Lightning":33,"Gensokyo:Justice":33,"Theresia":51,"Ring of the Snake":0}],"Ring of the Snake":[28]},"card_choices":[{"not_picked":["FairyFestival","WallGazer"],"picked":"Wellcheers","floor":1},{"not_picked":["Bane","Outmaneuver"],"picked":"Caltrops","floor":1},{"not_picked":["NakedNest","CrumblingArmor"],"picked":"LittleHelper","floor":2},{"not_picked":["Skewer","Bane"],"picked":"Blade Dance","floor":2},{"not_picked":["Concentrate","Quick Slash","Expertise"],"picked":"SKIP","floor":3},{"not_picked":["Outmaneuver","Heel Hook"],"picked":"Blade Dance","floor":4},{"not_picked":["Concentrate","Leg Sweep"],"picked":"Sucker Punch","floor":5},{"not_picked":["Scarecrow","Bloodbath"],"picked":"CrumblingArmor","floor":5},{"not_picked":["Bane","Dagger Throw"],"picked":"Well Laid Plans","floor":6},{"not_picked":["All Out Attack","Masterful Stab"],"picked":"Dodge and Roll","floor":12},{"not_picked":["Crippling Poison","Adrenaline"],"picked":"Bouncing Flask","floor":14},{"not_picked":["Backflip","Outmaneuver"],"picked":"Accuracy+1","floor":18},{"not_picked":["Eviscerate+1","Poisoned Stab","Prepared"],"picked":"SKIP","floor":19}],"player_experience":480316,"relics_obtained":[{"floor":6,"key":"Bottled Lightning"},{"floor":9,"key":"Strawberry"}],"event_choices":[],"is_beta":false,"boss_relics":[{"not_picked":["Runic Pyramid","Ectoplasm"],"picked":"Astrolabe"}],"items_purged_floors":[10],"is_endless":false,"potions_floor_spawned":[2,5,12,14,18],"killed_by":"Gensokyo:Wraith","ascension_level":0}}