{"host":"sct5htsgcw1q318k","time":1613837695,"event":{"mods":["BaseMod","Colored Map","Minty Spire (QoL Compilation)","Permanent Neow"],"gold_per_floor":[363,288,71,86,96,128,128,142,192,212,237,255,255,288,288,360,360,372,386,200,231,1,1,31,45,45,56,56,75,75,109,109,183,183,194,210,210,95,107,136,136,148,148,167,42,68,85,117,117,117],"floor_reached":51,"language":"ENG","playtime":6123,"items_purged":["Strike_R","Defend_R"],"score":1380,"play_id":"d6be93e0-3b5b-417c-976f-9a92204e30e4","local_time":"20210220101455","is_ascension_mode":true,"campfire_choices":[{"data":"Pommel Strike","floor":7.0,"key":"SMITH"},{"data":"Cleave","floor":15.0,"key":"SMITH"},{"data":"Shockwave","floor":23,"key":"SMITH"},{"data":"Rupture","floor":30,"key":"SMITH"},{"data":"Whirlwind","floor":32,"key":"SMITH"},{"data":"Offering","floor":41,"key":"SMITH"},{"data":"Warcry","floor":49,"key":"SMITH"}],"circlet_count":0,"master_deck":["AscendersBane","Strike_R","Strike_R+1","Defend_R","Bash+1","Inflame","Pommel Strike+1","Reckless Charge","Intimidate","Cleave+1","Shockwave+1","Inflame","Reaper","Warcry+1","Flame Barrier+1","Apotheosis+1","Blind","Hemokinesis+1","Shrug It Off","Rupture+1","Flame Barrier+1","Shrug It Off","Whirlwind+1","Offering+1","Cleave+1","Flame Barrier+1","Rupture+1","Warcry+1","Discovery","Trip","Sword Boomerang","Limit Break","Twin Strike","Disarm","Second Wind+1"],"relics":["Burning Blood","Pen Nib","Gremlin Horn","Orichalcum","Potion Belt","Mango","Coffee Dripper","Membership Card","Red Mask","War Paint","Lantern","Tiny Chest","Astrolabe","Bag of Marbles","MealTicket","Whetstone","Chemical X","Oddly Smooth Stone","Champion Belt"],"acts_visited":["Exordium","TheCity","TheBeyond"],"potions_floor_usage":[31,33,46,50,50],"damage_taken":[{"damage":15.0,"enemies":"Small Slimes","floor":1.0,"turns":5.0},{"damage":7.0,"enemies":"Jaw Worm","floor":4.0,"turns":5.0},{"damage":0.0,"enemies":"Cultist","floor":5.0,"turns":2.0},{"damage":25.0,"enemies":"Lagavulin","floor":6.0,"turns":7.0},{"damage":1.0,"enemies":"Looter","floor":8.0,"turns":2.0},{"damage":10.0,"enemies":"3 Louse","floor":10.0,"turns":2.0},{"damage":11.0,"enemies":"3 Sentries","floor":11.0,"turns":5.0},{"damage":0.0,"enemies":"Exordium Thugs","floor":12.0,"turns":3.0},{"damage":18.0,"enemies":"Lagavulin","floor":14.0,"turns":6.0},{"damage":20.0,"enemies":"Slime Boss","floor":16.0,"turns":6.0},{"damage":25.0,"enemies":"Shell Parasite","floor":18.0,"turns":5.0},{"damage":2.0,"enemies":"Chosen","floor":19.0,"turns":4.0},{"damage":3,"enemies":"Masked Bandits","floor":21,"turns":3},{"damage":25,"enemies":"Book of Stabbing","floor":24,"turns":5},{"damage":12,"enemies":"Shelled Parasite and Fungi","floor":25,"turns":3},{"damage":16,"enemies":"Cultist and Chosen","floor":27,"turns":5},{"damage":10,"enemies":"Snecko","floor":29,"turns":4},{"damage":10,"enemies":"Slavers","floor":31,"turns":4},{"damage":53,"enemies":"Collector","floor":33,"turns":9},{"damage":22,"enemies":"3 Shapes","floor":35,"turns":4},{"damage":8,"enemies":"Orb Walker","floor":36,"turns":3},{"damage":19,"enemies":"Spire Growth","floor":39,"turns":4},{"damage":29,"enemies":"Nemesis","floor":40,"turns":5},{"damage":6,"enemies":"4 Shapes","floor":42,"turns":2},{"damage":0,"enemies":"Jaw Worm Horde","floor":44,"turns":1},{"damage":21,"enemies":"Giant Head","floor":46,"turns":7},{"damage":18,"enemies":"Sphere and 2 Shapes","floor":47,"turns":4},{"damage":16,"enemies":"Reptomancer","floor":48,"turns":4},{"damage":46,"enemies":"Donu and Deca","floor":50,"turns":6}],"seed_played":"5653015578019655371","potions_obtained":[{"floor":4.0,"key":"CultistPotion"},{"floor":6.0,"key":"EssenceOfSteel"},{"floor":11.0,"key":"DuplicationPotion"},{"floor":12.0,"key":"Ancient Potion"},{"floor":19.0,"key":"Explosive Potion"},{"floor":25,"key":"Fire Potion"},{"floor":27,"key":"Weak Potion"},{"floor":42,"key":"SpeedPotion"},{"floor":44,"key":"BlessingOfTheForge"},{"floor":47,"key":"Energy Potion"},{"floor":48,"key":"ColorlessPotion"}],"is_trial":false,"path_per_floor":["M","?","$","M","M","E","R","M","T","M","E","M","?","E","R","B",null,"M","M","$","?","$","R","E","M","T","M","?","M","R","E","R","B",null,"M","M","?","$","M","E","R","M","T","M","$","E","M","E","R","B",null],"character_chosen":"IRONCLAD","items_purchased":["Pen Nib","Inflame","Membership Card","Apotheosis","War Paint","Blind","AttackPotion","Bag of Marbles","Trip","Chemical X"],"campfire_rested":0,"item_purchase_floors":[3,3,20,22,22,22,22,38,38,45],"current_hp_per_floor":[59,59,59,58,64,45,45,50,50,46,41,47,40,42,42,28,74,67,77,77,89,89,89,83,84,84,83,83,79,79,79,79,55,81,65,63,53,53,40,23,23,23,23,29,44,41,29,38,38,46],"gold":117,"neow_bonus":"TWO_FIFTY_GOLD","is_daily":false,"chose_seed":false,"campfire_upgraded":7,"win_rate":0.0,"timestamp":1613837695,"path_taken":["M","?","$","M","M","E","R","M","T","M","E","M","?","E","R","BOSS","M","M","$","?","$","R","E","M","T","M","?","?","R","E","R","BOSS","M","M","?","$","M","E","R","M","T","M","$","E","M","E","R","BOSS"],"items_purchased_type":["Relic","Card","Relic","Card","Relic","Card","Potion","Relic","Card","Relic"],"build_version":"2020-12-22","purchased_purges":2,"victory":true,"max_hp_per_floor":[75,75,75,75,75,75,75,75,75,75,75,75,75,89,89,89,89,89,89,89,89,89,89,89,89,89,89,89,89,89,89,89,89,89,89,89,89,89,89,89,89,89,89,89,89,89,89,89,89,89],"card_choices":[{"not_picked":["True Grit","Seeing Red","Twin Strike"],"picked":"SKIP","floor":1.0},{"not_picked":["Body Slam","Perfected Strike"],"picked":"Pommel Strike","floor":4.0},{"not_picked":["Inflame","Rampage"],"picked":"Reckless Charge","floor":5.0},{"not_picked":["Seeing Red","Intimidate","Power Through"],"picked":"SKIP","floor":6.0},{"not_picked":["Seeing Red","Power Through"],"picked":"Intimidate","floor":6.0},{"not_picked":["Warcry","Heavy Blade"],"picked":"Cleave","floor":8.0},{"not_picked":["Havoc","Cleave","Dropkick"],"picked":"SKIP","floor":10.0},{"not_picked":["Iron Wave","Havoc"],"picked":"Shockwave","floor":11.0},{"not_picked":["Perfected Strike","Blood for Blood","Headbutt"],"picked":"SKIP","floor":12.0},{"not_picked":["Flex","Entrench"],"picked":"Inflame","floor":14.0},{"not_picked":["Feed","Berserk"],"picked":"Reaper","floor":16.0},{"not_picked":["Havoc","Headbutt"],"picked":"Warcry","floor":18.0},{"not_picked":["Armaments","Thunderclap"],"picked":"Flame Barrier","floor":19.0},{"not_picked":["Uppercut","Burning Pact"],"picked":"Hemokinesis+1","floor":24},{"not_picked":["Body Slam","Entrench"],"picked":"Shrug It Off","floor":25},{"not_picked":["Body Slam","Uppercut+1"],"picked":"Rupture","floor":27},{"not_picked":["Anger+1","Disarm"],"picked":"Shrug It Off","floor":29},{"not_picked":["Twin Strike","Rampage+1"],"picked":"Whirlwind","floor":31},{"not_picked":["Barricade","Limit Break"],"picked":"Offering","floor":33},{"not_picked":["Iron Wave","Seeing Red","Havoc+1"],"picked":"SKIP","floor":35},{"not_picked":["Clash+1","Anger"],"picked":"Warcry+1","floor":36},{"not_picked":["Secret Technique","Metamorphosis"],"picked":"Discovery","floor":37},{"not_picked":["Inflame","Anger"],"picked":"Sword Boomerang","floor":39},{"not_picked":["Dual Wield","Body Slam"],"picked":"Limit Break","floor":40},{"not_picked":["Perfected Strike","Armaments","Body Slam"],"picked":"SKIP","floor":42},{"not_picked":["Burning Pact","Searing Blow+1"],"picked":"Twin Strike","floor":44},{"not_picked":["Bloodletting","Clothesline"],"picked":"Disarm","floor":46},{"not_picked":["Body Slam","Dropkick+1","Power Through"],"picked":"SKIP","floor":47},{"not_picked":["Power Through+1","Flex"],"picked":"Second Wind+1","floor":48}],"player_experience":858981,"relics_obtained":[{"floor":6.0,"key":"Gremlin Horn"},{"floor":9.0,"key":"Orichalcum"},{"floor":11.0,"key":"Potion Belt"},{"floor":14.0,"key":"Mango"},{"floor":21,"key":"Red Mask"},{"floor":24,"key":"Lantern"},{"floor":31,"key":"Tiny Chest"},{"floor":40,"key":"MealTicket"},{"floor":43,"key":"Whetstone"},{"floor":46,"key":"Oddly Smooth Stone"},{"floor":48,"key":"Champion Belt"}],"event_choices":[{"cards_removed":["Writhe"],"damage_healed":0.0,"max_hp_gain":0.0,"max_hp_loss":0.0,"gold_gain":0.0,"event_name":"The Cleric","player_choice":"Card Removal","floor":2.0,"gold_loss":75.0,"damage_taken":0.0},{"cards_removed":["Strike_R"],"damage_healed":0.0,"max_hp_gain":0.0,"max_hp_loss":0.0,"gold_gain":0.0,"event_name":"Golden Wing","player_choice":"Card Removal","floor":13.0,"gold_loss":0.0,"damage_taken":7.0},{"damage_healed":0,"gold_gain":0,"player_choice":"Fought Bandits","damage_taken":0,"max_hp_gain":0,"max_hp_loss":0,"event_name":"Masked Bandits","floor":21,"gold_loss":0},{"damage_healed":0,"gold_gain":0,"player_choice":"Copied","damage_taken":0,"max_hp_gain":0,"max_hp_loss":0,"event_name":"Duplicator","floor":28,"gold_loss":0,"cards_obtained":["Flame Barrier"]},{"damage_healed":0,"gold_gain":0,"player_choice":"Memory 3","damage_taken":10,"max_hp_gain":0,"max_hp_loss":0,"event_name":"SensoryStone","floor":37,"gold_loss":0}],"is_beta":false,"boss_relics":[{"not_picked":["Empty Cage","SlaversCollar"],"picked":"Coffee Dripper"},{"not_picked":["Runic Dome","Calling Bell"],"picked":"Astrolabe"}],"items_purged_floors":[20,45],"is_endless":false,"potions_floor_spawned":[4,6,11,12,19,25,27,29,42,44,47,48],"ascension_level":15}}