{"host":"6ncdf681trjj7gs6","time":1613862295,"event":{"mods":["BaseMod","Colored Map","Downfall","Highlight Path","Minty Spire (QoL Compilation)","StSLib"],"gold_per_floor":[99,115,115,115,115,128,176,76,88,118,18,35,53,83,102,207,207,207,220,220,230,243,243,269,269,35,35,35,35],"floor_reached":27,"language":"ENG","playtime":1320,"items_purged":["bronze:Strike"],"score":314,"play_id":"0f17bee9-34c8-4be4-bd9e-9d529625aca1","local_time":"20210220180455","is_ascension_mode":true,"campfire_choices":[{"floor":1.0,"key":"RECALL"},{"data":"bronze:Goto","floor":8.0,"key":"SMITH"},{"data":"bronze:Backtrace","floor":11.0,"key":"SMITH"},{"data":"bronze:HardenedForm","floor":18.0,"key":"SMITH"},{"data":"bronze:FineTuning","floor":25.0,"key":"SMITH"}],"circlet_count":0,"master_deck":["bronze:Defend","bronze:Defend","bronze:Defend","bronze:Defend+1","bronze:Replicate","bronze:Goto+1","bronze:TinkerersToolbox","bronze:ChosenStrike","bronze:ChosenStrike","bronze:Backtrace+1","bronze:FineTuning+1","bronze:Terminator+1","bronze:HardenedForm+1","bronze:Format","bronze:DelayedGuard+1","bronze:Constructor+1"],"relics":["bronze:BronzeCore","Akabeko","downfall:HeartBlessingRed","Bottled Lightning","downfall:HeartBlessingGreen","War Paint","Sozu","Enchiridion","Anchor"],"acts_visited":["Exordium","TheCity"],"potions_floor_usage":[],"damage_taken":[{"damage":3.0,"enemies":"2 Louse","floor":2.0,"turns":3.0},{"damage":4.0,"enemies":"Small Slimes","floor":6.0,"turns":3.0},{"damage":1.0,"enemies":"Cultist","floor":9.0,"turns":3.0},{"damage":0.0,"enemies":"3 Sentries","floor":10.0,"turns":6.0},{"damage":6.0,"enemies":"Exordium Wildlife","floor":12.0,"turns":3.0},{"damage":0.0,"enemies":"3 Louse","floor":13.0,"turns":1.0},{"damage":0.0,"enemies":"Gremlin Nob","floor":14.0,"turns":2.0},{"damage":0.0,"enemies":"Large Slime","floor":15.0,"turns":2.0},{"damage":9.0,"enemies":"WA_ARCHETYPE_RETAIN","floor":16.0,"turns":3.0},{"damage":0.0,"enemies":"3 Byrds","floor":19.0,"turns":2.0},{"damage":0.0,"enemies":"Snake Plant","floor":21.0,"turns":1.0},{"damage":7.0,"enemies":"Cultist and Chosen","floor":22.0,"turns":4.0},{"damage":0.0,"enemies":"downfall:FleeingMerchant","floor":26.0,"turns":4.0},{"damage":0,"enemies":"Gremlin Leader","floor":27,"turns":1}],"seed_played":"7865369706754507897","potions_obtained":[{"floor":5.0,"key":"SneckoOil"},{"floor":5.0,"key":"SteroidPotion"},{"floor":5.0,"key":"bronze:BurnAndBuffPotion"},{"floor":6.0,"key":"PowerPotion"},{"floor":13.0,"key":"DistilledChaos"},{"floor":14.0,"key":"Fruit Juice"},{"floor":15.0,"key":"Strength Potion"}],"is_trial":false,"path_per_floor":["R","M","?","?","?","M","T","R","M","E","R","M","M","E","M","B",null,"R","M","?","M","M","?","T","R","$","E"],"character_chosen":"THE_AUTOMATON","items_purchased":["Anchor"],"campfire_rested":0,"item_purchase_floors":[26],"current_hp_per_floor":[70,67,67,67,67,63,63,63,62,62,62,56,56,56,61,52,75,75,75,59,59,52,52,52,52,52,52,52,52],"gold":35,"neow_bonus":"ONE_RANDOM_RARE_CARD","is_daily":false,"chose_seed":false,"campfire_upgraded":4,"win_rate":0.0,"timestamp":1613862295,"path_taken":["R","M","?","?","?","M","T","R","M","E","R","M","?","E","M","BOSS","R","M","?","M","M","?","T","R","$","E"],"items_purchased_type":["Relic"],"build_version":"2020-12-22","purchased_purges":1,"victory":false,"max_hp_per_floor":[70,70,70,70,70,70,70,70,70,70,70,70,70,70,75,75,75,75,75,75,75,75,75,75,75,75,75,75,75],"card_choices":[{"not_picked":["bronze:BitShift","bronze:Deprecate"],"picked":"bronze:ChosenStrike","floor":2.0},{"not_picked":["bronze:WhirlingStrike","bronze:Turbo","bronze:BitShift"],"picked":"SKIP","floor":6.0},{"not_picked":["bronze:WhirlingStrike","bronze:Turbo","bronze:BitShift"],"picked":"SKIP","floor":6.0},{"not_picked":["bronze:Turbo","bronze:WhirlingStrike","bronze:HyperBeam"],"picked":"SKIP","floor":9.0},{"not_picked":["bronze:InfiniteBeams","bronze:WhirlingStrike"],"picked":"bronze:Backtrace","floor":10.0},{"not_picked":["bronze:Shield","bronze:ForceShield"],"picked":"bronze:FineTuning","floor":12.0},{"not_picked":["bronze:GetLatest","bronze:DarkDash"],"picked":"bronze:Terminator","floor":13.0},{"not_picked":["bronze:Separator","bronze:CutThrough"],"picked":"bronze:HardenedForm","floor":14.0},{"not_picked":["bronze:BuggyMess","bronze:BronzeArmor","bronze:OilSpill"],"picked":"SKIP","floor":15.0},{"not_picked":["bronze:SpaghettiCode","bronze:Library"],"picked":"bronze:Format","floor":16.0},{"not_picked":["bronze:OilSpill+1","bronze:Optimize"],"picked":"bronze:DelayedGuard+1","floor":19.0},{"not_picked":["bronze:Iterate","bronze:Fortify"],"picked":"bronze:Constructor+1","floor":21.0},{"not_picked":["bronze:BugBarrage","bronze:Constructor+1","bronze:BitShift"],"picked":"SKIP","floor":22.0},{"not_picked":["bronze:BronzeOrb","bronze:BronzeArmor","bronze:Library"],"picked":"SKIP","floor":26.0}],"player_experience":989643,"relics_obtained":[{"floor":7.0,"key":"Akabeko"},{"floor":10.0,"key":"Bottled Lightning"},{"floor":14.0,"key":"War Paint"},{"floor":20.0,"key":"Enchiridion"}],"event_choices":[{"cards_removed":["bronze:Strike"],"damage_healed":0.0,"max_hp_gain":0.0,"max_hp_loss":0.0,"gold_gain":0.0,"event_name":"The Cleric","player_choice":"Card Removal","floor":3.0,"gold_loss":0.0,"damage_taken":0.0},{"damage_healed":0.0,"max_hp_gain":0.0,"max_hp_loss":0.0,"gold_gain":0.0,"event_name":"Lab","player_choice":"Got Potions","floor":5.0,"gold_loss":0.0,"damage_taken":0.0}],"is_beta":false,"boss_relics":[{"not_picked":["Tiny House","Runic Dome","Black Star"]}],"items_purged_floors":[26],"is_endless":false,"potions_floor_spawned":[6,13,14,15,16,19],"killed_by":"Gremlin Leader","ascension_level":3}}