{"host":"9b7hrp48q3pna783","time":1613848175,"event":{"mods":["BaseMod","Colored Map","Colored Powertips","Highlight Path","Minty Spire (QoL Compilation)","Relic Stats"],"gold_per_floor":[114,133,143,153,166,166,199,56,131,150,2,21,196,222,222,222,222],"floor_reached":16,"language":"ENG","playtime":1608,"items_purged":["Strike_R","Strike_R"],"score":125,"play_id":"33e7fd12-a3f7-46b1-b5d3-c2e2925b5f5c","local_time":"20210220140935","is_ascension_mode":true,"campfire_choices":[{"data":"Warcry","floor":6,"key":"SMITH"},{"data":"True Grit","floor":15,"key":"SMITH"}],"circlet_count":0,"master_deck":["Strike_R","Strike_R","Strike_R","Defend_R","Defend_R","Defend_R","Defend_R","Bash+1","Rampage","Power Through","Warcry+1","Pommel Strike","Reaper","True Grit+1","Doubt","Sentinel"],"relics":["Burning Blood","Lantern","Paper Frog","StoneCalendar"],"acts_visited":["Exordium"],"potions_floor_usage":[7,7,7,14,16],"damage_taken":[{"damage":1,"enemies":"Cultist","floor":1,"turns":3},{"damage":1,"enemies":"2 Louse","floor":2,"turns":4},{"damage":2,"enemies":"Jaw Worm","floor":3,"turns":5},{"damage":12,"enemies":"Lots of Slimes","floor":4,"turns":6},{"damage":11,"enemies":"Looter","floor":5,"turns":3},{"damage":35,"enemies":"3 Sentries","floor":7,"turns":9},{"damage":6,"enemies":"Exordium Thugs","floor":10,"turns":4},{"damage":9,"enemies":"2 Fungi Beasts","floor":12,"turns":3},{"damage":51,"enemies":"Gremlin Nob","floor":14,"turns":6},{"damage":30,"enemies":"Hexaghost","floor":16,"turns":9}],"seed_played":"-1468293693799793820","potions_obtained":[{"floor":1,"key":"FairyPotion"},{"floor":3,"key":"Swift Potion"},{"floor":5,"key":"EntropicBrew"},{"floor":7,"key":"LiquidBronze"}],"is_trial":false,"path_per_floor":["M","M","M","M","M","R","E","$","T","M","$","M","?","E","R","B"],"character_chosen":"IRONCLAD","items_purchased":["Reaper","True Grit"],"campfire_rested":0,"item_purchase_floors":[8,11],"current_hp_per_floor":[80,80,80,74,69,69,40,40,40,40,40,43,43,23,23,0,0],"gold":222,"neow_bonus":"UPGRADE_CARD","is_daily":false,"chose_seed":false,"campfire_upgraded":2,"win_rate":0.0,"timestamp":1613848175,"path_taken":["M","M","M","?","M","R","E","$","T","?","$","M","?","E","R","BOSS"],"items_purchased_type":["Card","Card"],"build_version":"2020-12-22","purchased_purges":2,"victory":false,"max_hp_per_floor":[80,80,80,80,80,80,80,80,80,80,80,80,80,80,80,80,80],"relic_stats":{"counters":[10,52],"StoneCalendar":[52],"obtain_stats":[{"Lantern":7,"StoneCalendar":14,"Burning Blood":0,"Paper Frog":9},{"Lantern":6,"StoneCalendar":9,"Burning Blood":0,"Paper Frog":6},{"Lantern":30,"StoneCalendar":43,"Burning Blood":0,"Paper Frog":30}],"Burning Blood":40},"card_choices":[{"not_picked":["Flame Barrier","Feel No Pain"],"picked":"Rampage","floor":1},{"not_picked":["Headbutt","Cleave"],"picked":"Power Through","floor":2},{"not_picked":["Heavy Blade","True Grit"],"picked":"Warcry","floor":3},{"not_picked":["Second Wind","True Grit"],"picked":"Pommel Strike","floor":4},{"not_picked":["Pommel Strike","Armaments","Ghostly Armor"],"picked":"SKIP","floor":5},{"not_picked":["Intimidate","Anger","Headbutt"],"picked":"SKIP","floor":7},{"not_picked":["Evolve","Clash","Thunderclap"],"picked":"SKIP","floor":10},{"not_picked":["Feed","Twin Strike","Uppercut"],"picked":"SKIP","floor":12},{"not_picked":["Feel No Pain","Iron Wave"],"picked":"Sentinel","floor":14}],"player_experience":163867,"relics_obtained":[{"floor":7,"key":"Lantern"},{"floor":9,"key":"Paper Frog"},{"floor":14,"key":"StoneCalendar"}],"event_choices":[{"damage_healed":0,"gold_gain":175,"player_choice":"AGREE","damage_taken":0,"max_hp_gain":0,"max_hp_loss":0,"event_name":"Liars Game","floor":13,"gold_loss":0,"cards_obtained":["Doubt"]}],"is_beta":false,"boss_relics":[],"items_purged_floors":[8,11],"is_endless":false,"potions_floor_spawned":[1,3,5,7,12],"killed_by":"Hexaghost","ascension_level":2}}