{"host":"i45hfqkcke4zequp","time":1613819754,"event":{"mods":["AchievementEnabler","BaseMod","BetterRewards","Minty Spire (QoL Compilation)","Permanent Neow","Shop Mod","SuperFastMode"],"gold_per_floor":[111,111,386,405,29,58,58,233,280,280,300,325,339,339,339,414,414,414,414,40,40,40,40],"floor_reached":22,"language":"KOR","playtime":1678,"items_purged":["Doubt"],"score":320,"play_id":"e037141e-c3a4-4c6a-ac61-32e73c70bf9a","local_time":"20210220201554","is_ascension_mode":true,"campfire_choices":[{"data":"Magnetism","floor":7.0,"key":"SMITH"},{"floor":10.0,"key":"REST"},{"floor":15.0,"key":"REST"}],"circlet_count":0,"master_deck":["AscendersBane","Strike_G","Strike_G","Strike_G","Strike_G","Strike_G","Defend_G","Defend_G","Defend_G","Defend_G","Defend_G","Survivor","Neutralize","Distraction","Backstab","Endless Agony","Regret","PiercingWail","Masterful Stab","Magnetism+1","Auto Shields","White Noise","Tempest","Panacea","Bullet Time","Steam Power","Magnetism+1","WheelKick","FollowUp"],"relics":["Ring of the Snake","CaptainsWheel","Mango","PrismaticShard","Bronze Scales","Blood Vial","Gremlin Horn","Girya","Ectoplasm","ClockworkSouvenir","Vajra"],"acts_visited":["Exordium","TheCity"],"potions_floor_usage":[],"damage_taken":[{"damage":0.0,"enemies":"2 Louse","floor":1.0,"turns":2.0},{"damage":4.0,"enemies":"Jaw Worm","floor":4.0,"turns":3.0},{"damage":21.0,"enemies":"Lagavulin","floor":6.0,"turns":7.0},{"damage":0.0,"enemies":"Cultist","floor":11.0,"turns":3.0},{"damage":18.0,"enemies":"Gremlin Nob","floor":12.0,"turns":3.0},{"damage":2.0,"enemies":"2 Fungi Beasts","floor":13.0,"turns":3.0},{"damage":63.0,"enemies":"Slime Boss","floor":16.0,"turns":15.0},{"damage":3,"enemies":"Chosen","floor":18,"turns":4},{"damage":17,"enemies":"Shell Parasite","floor":21,"turns":6},{"damage":7,"enemies":"Snecko","floor":22,"turns":6}],"seed_played":"212601984572920964","potions_obtained":[{"floor":4.0,"key":"EssenceOfSteel"},{"floor":6.0,"key":"FearPotion"},{"floor":12.0,"key":"FairyPotion"},{"floor":21,"key":"BlessingOfTheForge"}],"is_trial":false,"path_per_floor":["M","?","?","M","$","E","R","?","T","R","M","E","M","T","R","B",null,"M","?","$","M","M"],"character_chosen":"THE_SILENT","items_purchased":["Distraction","Backstab","PrismaticShard","Masterful Stab","Magnetism","ClockworkSouvenir","Vajra"],"campfire_rested":2,"item_purchase_floors":[0,0,5,5,5,20,20],"current_hp_per_floor":[56,56,56,52,52,31,31,31,31,56,58,42,42,42,67,6,65,64,64,64,49,44,44],"gold":40,"neow_bonus":"","is_daily":false,"chose_seed":false,"campfire_upgraded":1,"win_rate":0.0,"timestamp":1613819754,"path_taken":["M","?","?","?","$","E","R","?","T","R","M","E","M","?","R","BOSS","M","?","$","M","M"],"items_purchased_type":["Card","Card","Relic","Card","Card","Relic","Relic"],"build_version":"2020-12-22","purchased_purges":1,"victory":false,"max_hp_per_floor":[84,84,84,84,84,84,84,84,84,84,84,84,84,84,84,84,84,84,84,84,84,84,84],"card_choices":[{"not_picked":["Blur","Caltrops"],"picked":"Endless Agony","floor":1.0},{"not_picked":["Blur","Outmaneuver"],"picked":"PiercingWail","floor":4.0},{"not_picked":["Wild Strike","Blood for Blood"],"picked":"Auto Shields","floor":6.0},{"not_picked":["Leap","Wild Strike"],"picked":"White Noise","floor":11.0},{"not_picked":["Deadly Poison","Brutality"],"picked":"Tempest","floor":12.0},{"not_picked":["Slice","Go for the Eyes"],"picked":"Panacea","floor":13.0},{"not_picked":["Devotion","Impervious"],"picked":"Bullet Time","floor":16.0},{"not_picked":["Deflect","Consume"],"picked":"Steam Power","floor":18},{"not_picked":["Dark Shackles","Footwork"],"picked":"WheelKick","floor":21},{"not_picked":["Flex","Steam"],"picked":"FollowUp","floor":22}],"player_experience":570903,"relics_obtained":[{"floor":6.0,"key":"Bronze Scales"},{"floor":9.0,"key":"Blood Vial"},{"floor":12.0,"key":"Gremlin Horn"},{"floor":14.0,"key":"Girya"}],"event_choices":[{"damage_healed":0.0,"max_hp_gain":0.0,"max_hp_loss":0.0,"gold_gain":0.0,"event_name":"Shining Light","player_choice":"Ignored","floor":2.0,"gold_loss":0.0,"damage_taken":0.0},{"damage_healed":0.0,"max_hp_gain":0.0,"max_hp_loss":0.0,"gold_gain":275.0,"event_name":"Golden Shrine","player_choice":"Desecrate","floor":3.0,"gold_loss":0.0,"damage_taken":0.0,"cards_obtained":["Regret"]},{"damage_healed":0.0,"max_hp_gain":0.0,"max_hp_loss":0.0,"gold_gain":175.0,"event_name":"Liars Game","player_choice":"AGREE","floor":8.0,"gold_loss":0.0,"damage_taken":0.0,"cards_obtained":["Doubt"]},{"damage_healed":0,"gold_gain":0,"player_choice":"Copied","damage_taken":0,"max_hp_gain":0,"max_hp_loss":0,"event_name":"Duplicator","floor":19,"gold_loss":0,"cards_obtained":["Magnetism"]}],"is_beta":false,"boss_relics":[{"not_picked":["Runic Dome","Astrolabe"],"picked":"Ectoplasm"}],"items_purged_floors":[20],"is_endless":false,"potions_floor_spawned":[4,6,12,21],"killed_by":"Snecko","ascension_level":13}}