{"host":"p1xsuo25udtrkbq2","time":1613839926,"event":{"mods":["BaseMod","Colored Map","Googly Eyes","Highlight Path","Minty Spire (QoL Compilation)","Quick Restart","Rare Cards Sparkle","Relic Stats","Slay the Relics Exporter","StSLib","everything is the same but u backflip on backflip"],"gold_per_floor":[119,119,84,84,32,61,71,105,105,57,82,97,110,110,110,212,212,230,243,243,257,0,0,0,0,0,31,43,61,61,78,78,175,175,194,119,129,129,179,179,179,226,298,298,298],"floor_reached":44,"language":"ENG","playtime":4413,"items_purged":["Strike_P"],"score":469,"play_id":"64d59e65-c13c-4715-93a4-a81869b803c3","local_time":"20210220115206","is_ascension_mode":false,"campfire_choices":[{"floor":15.0,"key":"REST"},{"floor":23.0,"key":"REST"},{"floor":25.0,"key":"DIG"},{"floor":32.0,"key":"REST"},{"floor":40.0,"key":"RECALL"}],"circlet_count":0,"master_deck":["Strike_P","Defend_P","Defend_P","Defend_P","Eruption+1","Vigilance","PathToVictory","EmptyFist","ReachHeaven","EmptyMind","Consecrate","Indignation","LessonLearned","Vault+1","Ragnarok+1","Meditate+1","PathToVictory","Necronomicurse","FollowUp+1"],"relics":["PureWater","NeowsBlessing","Mummified Hand","Meat on the Bone","Bag of Marbles","Shovel","Astrolabe","Necronomicon","Eternal Feather","Pen Nib","Bottled Lightning","Regal Pillow","Bottled Flame","Fusion Hammer","Du-Vu Doll","Lizard Tail","Blue Candle"],"acts_visited":[],"potions_floor_usage":[],"damage_taken":[{"damage":0.0,"enemies":"2 Louse","floor":1.0,"turns":1.0},{"damage":0.0,"enemies":"3 Sentries","floor":6.0,"turns":1.0},{"damage":0.0,"enemies":"Jaw Worm","floor":7.0,"turns":1.0},{"damage":16.0,"enemies":"Lagavulin","floor":8.0,"turns":5.0},{"damage":11.0,"enemies":"Gremlin Nob","floor":11.0,"turns":3.0},{"damage":0.0,"enemies":"Small Slimes","floor":12.0,"turns":3.0},{"damage":4.0,"enemies":"2 Fungi Beasts","floor":13.0,"turns":3.0},{"damage":55.0,"enemies":"The Guardian","floor":16.0,"turns":11.0},{"damage":10.0,"enemies":"Chosen","floor":18.0,"turns":3.0},{"damage":35.0,"enemies":"Spheric Guardian","floor":19.0,"turns":4.0},{"damage":0.0,"enemies":"Snecko","floor":21.0,"turns":2.0},{"damage":27.0,"enemies":"Gremlin Leader","floor":27.0,"turns":4.0},{"damage":0.0,"enemies":"Chosen and Byrds","floor":28.0,"turns":3.0},{"damage":0.0,"enemies":"Snake Plant","floor":29.0,"turns":1.0},{"damage":7.0,"enemies":"Centurion and Healer","floor":31.0,"turns":2.0},{"damage":51.0,"enemies":"Champ","floor":33.0,"turns":9.0},{"damage":0.0,"enemies":"3 Darklings","floor":35.0,"turns":1.0},{"damage":0.0,"enemies":"Orb Walker","floor":37.0,"turns":1.0},{"damage":0.0,"enemies":"Mind Bloom Boss Battle","floor":39.0,"turns":3.0},{"damage":0.0,"enemies":"2 Orb Walkers","floor":42.0,"turns":1.0},{"damage":0,"enemies":"Nemesis","floor":44,"turns":1}],"seed_played":"3718407697949434006","potions_obtained":[{"floor":1.0,"key":"BottledMiracle"},{"floor":6.0,"key":"Explosive Potion"},{"floor":8.0,"key":"Explosive Potion"},{"floor":21.0,"key":"DuplicationPotion"},{"floor":27.0,"key":"DuplicationPotion"},{"floor":30.0,"key":"FairyPotion"},{"floor":33.0,"key":"Block Potion"},{"floor":42.0,"key":"AttackPotion"}],"is_trial":false,"path_per_floor":["M","?","?","?","$","E","M","E","T","$","E","M","M","?","R","B",null,"M","M","?","M","$","R","T","R","T","E","M","M","?","M","R","B",null,"M","$","M","?","?","R","$","?","T","E"],"character_chosen":"WATCHER","items_purchased":["EmptyFist","Consecrate","Eternal Feather"],"campfire_rested":3,"item_purchase_floors":[5,10,22],"current_hp_per_floor":[72,72,72,72,72,72,72,56,56,56,45,45,41,41,62,19,72,62,39,23,35,35,65,65,72,72,45,45,45,45,38,72,33,72,72,72,72,68,68,68,68,68,68,68,68],"gold":298,"neow_bonus":"THREE_ENEMY_KILL","is_daily":false,"chose_seed":false,"campfire_upgraded":0,"win_rate":0.0,"timestamp":1613839926,"path_taken":["M","?","?","?","$","E","M","E","T","?","E","M","M","?","R","BOSS","M","M","?","M","$","R","?","R","T","E","M","M","?","?","R","BOSS","M","$","M","?","?","R","$","?","T","E"],"items_purchased_type":["Card","Card","Relic"],"build_version":"2020-12-22","purchased_purges":1,"victory":false,"max_hp_per_floor":[72,72,72,72,72,72,72,72,72,72,72,72,72,72,72,72,72,72,72,72,72,72,72,72,72,72,72,72,72,72,72,72,72,72,72,72,72,68,68,68,68,68,68,68,68],"relic_stats":{"Regal Pillow":0,"Lizard Tail":0,"Shovel":0,"counters":[1,1],"Mummified Hand":[0],"Astrolabe":[],"Blue Candle":[0],"Eternal Feather":0,"Pen Nib":[0],"Necronomicon":[0],"obtain_stats":[{"Regal Pillow":0,"NeowsBlessing":0,"Astrolabe":0,"Blue Candle":0,"Eternal Feather":0,"Pen Nib":0,"Du-Vu Doll":0,"Bottled Flame":0,"Lizard Tail":0,"Shovel":0,"Mummified Hand":0,"Fusion Hammer":0,"Bag of Marbles":0,"Necronomicon":0,"Bottled Lightning":0,"PureWater":0,"Meat on the Bone":0},{"Regal Pillow":0,"NeowsBlessing":0,"Astrolabe":0,"Blue Candle":0,"Eternal Feather":0,"Pen Nib":0,"Du-Vu Doll":0,"Bottled Flame":0,"Lizard Tail":0,"Shovel":0,"Mummified Hand":0,"Fusion Hammer":0,"Bag of Marbles":0,"Necronomicon":0,"Bottled Lightning":0,"PureWater":0,"Meat on the Bone":0},{"Regal Pillow":0,"NeowsBlessing":0,"Astrolabe":0,"Blue Candle":0,"Eternal Feather":0,"Pen Nib":0,"Du-Vu Doll":0,"Bottled Flame":0,"Lizard Tail":0,"Shovel":0,"Mummified Hand":0,"Fusion Hammer":0,"Bag of Marbles":0,"Necronomicon":0,"Bottled Lightning":0,"PureWater":0,"Meat on the Bone":0}],"Meat on the Bone":0},"card_choices":[{"not_picked":["FlurryOfBlows","Protect"],"picked":"PathToVictory","floor":1.0},{"not_picked":["LikeWater","SandsOfTime"],"picked":"ReachHeaven","floor":6.0},{"not_picked":["Vengeance","ThirdEye"],"picked":"EmptyMind","floor":7.0},{"not_picked":["EmptyFist","SashWhip","CutThroughFate"],"picked":"SKIP","floor":8.0},{"not_picked":["Evaluate","Fasting2"],"picked":"Indignation","floor":11.0},{"not_picked":["WreathOfFlame","CutThroughFate","JustLucky"],"picked":"SKIP","floor":12.0},{"not_picked":["WaveOfTheHand","CrushJoints","ThirdEye"],"picked":"SKIP","floor":13.0},{"not_picked":["DeusExMachina","ConjureBlade"],"picked":"LessonLearned","floor":16.0},{"not_picked":["FollowUp+1","DeceiveReality"],"picked":"PathToVictory","floor":18.0},{"not_picked":["Crescendo","Meditate","EmptyFist"],"picked":"SKIP","floor":19.0},{"not_picked":["FollowUp","FlurryOfBlows","Meditate"],"picked":"SKIP","floor":21.0},{"not_picked":["EmptyFist","SashWhip","FlyingSleeves"],"picked":"SKIP","floor":27.0},{"not_picked":["Worship","Evaluate+1","DeusExMachina"],"picked":"SKIP","floor":28.0},{"not_picked":["Collect","FlurryOfBlows","JustLucky"],"picked":"SKIP","floor":29.0},{"not_picked":["PathToVictory","Crescendo"],"picked":"FollowUp+1","floor":31.0},{"not_picked":["BowlingBash+1","EmptyFist+1","Halt+1"],"picked":"SKIP","floor":35.0},{"not_picked":["BowlingBash","DeusExMachina","FlurryOfBlows+1"],"picked":"SKIP","floor":37.0}],"player_experience":1107446,"relics_obtained":[{"floor":6.0,"key":"Mummified Hand"},{"floor":8.0,"key":"Meat on the Bone"},{"floor":9.0,"key":"Bag of Marbles"},{"floor":11.0,"key":"Shovel"},{"floor":20.0,"key":"Necronomicon"},{"floor":24.0,"key":"Pen Nib"},{"floor":25.0,"key":"Bottled Lightning"},{"floor":26.0,"key":"Regal Pillow"},{"floor":27.0,"key":"Bottled Flame"},{"floor":39.0,"key":"Du-Vu Doll"},{"floor":42.0,"key":"Lizard Tail"},{"floor":43.0,"key":"Blue Candle"}],"event_choices":[{"damage_healed":0.0,"max_hp_gain":0.0,"max_hp_loss":0.0,"gold_gain":0.0,"event_name":"Living Wall","player_choice":"Grow","floor":2.0,"gold_loss":0.0,"damage_taken":0.0,"cards_upgraded":["Eruption"]},{"damage_healed":0.0,"max_hp_gain":0.0,"max_hp_loss":0.0,"gold_gain":0.0,"event_name":"World of Goop","player_choice":"Left Gold","floor":3.0,"gold_loss":35.0,"damage_taken":0.0},{"damage_healed":0.0,"max_hp_gain":0.0,"max_hp_loss":0.0,"gold_gain":0.0,"event_name":"Golden Wing","player_choice":"Ignored","floor":4.0,"gold_loss":0.0,"damage_taken":0.0},{"damage_healed":0.0,"max_hp_gain":0.0,"max_hp_loss":0.0,"gold_gain":0.0,"event_name":"Shining Light","player_choice":"Ignored","floor":14.0,"gold_loss":0.0,"damage_taken":0.0},{"damage_healed":0.0,"max_hp_gain":0.0,"max_hp_loss":0.0,"gold_gain":0.0,"event_name":"Cursed Tome","player_choice":"Obtained Book","floor":20.0,"gold_loss":0.0,"damage_taken":16.0},{"damage_healed":0.0,"max_hp_gain":0.0,"max_hp_loss":0.0,"gold_gain":0.0,"event_name":"Lab","player_choice":"Got Potions","floor":30.0,"gold_loss":0.0,"damage_taken":0.0},{"damage_healed":0.0,"max_hp_gain":0.0,"max_hp_loss":4.0,"gold_gain":0.0,"event_name":"Winding Halls","player_choice":"Max HP","floor":38.0,"gold_loss":0.0,"damage_taken":0.0},{"damage_healed":0.0,"max_hp_gain":0.0,"max_hp_loss":0.0,"gold_gain":0.0,"event_name":"MindBloom","player_choice":"Fight","floor":39.0,"gold_loss":0.0,"damage_taken":0.0},{"damage_healed":0.0,"max_hp_gain":0.0,"max_hp_loss":0.0,"gold_gain":0.0,"event_name":"Mysterious Sphere","player_choice":"Fight","floor":42.0,"gold_loss":0.0,"damage_taken":0.0}],"is_beta":false,"boss_relics":[{"not_picked":["SacredBark","Pandora\u0027s Box"],"picked":"Astrolabe"},{"not_picked":["Cursed Key","Sozu"],"picked":"Fusion Hammer"}],"items_purged_floors":[36],"is_endless":false,"potions_floor_spawned":[1,6,8,21,27,33,39,42],"killed_by":"Nemesis","ascension_level":0}}