{"host":"zsf7u5n6ehqeseos","time":1613859302,"event":{"mods":["AchievementEnabler","BaseMod","Colored Map","Colored Powertips","Googly Eyes","Minty Spire (QoL Compilation)"],"gold_per_floor":[14,14,32,55,55,95,95,95,95,95,95,109,134,158,158,277,277,292,292,313,313,56,56,56,56,56,56,89,100,100,22,22,126,126,136,61,79,79,95,126,126,176,203,203,228,228,0,11,11,11],"floor_reached":51,"language":"ENG","playtime":2729,"items_purged":["Shame"],"score":1023,"play_id":"9eb0de9c-2f07-4bac-a443-977847de1a18","local_time":"20210220231502","is_ascension_mode":true,"campfire_choices":[{"floor":8.0,"key":"REST"},{"data":"Noxious Fumes","floor":10.0,"key":"SMITH"},{"floor":15.0,"key":"REST"},{"floor":23.0,"key":"REST"},{"data":"Distraction","floor":27.0,"key":"SMITH"},{"floor":32.0,"key":"REST"},{"data":"Catalyst","floor":41.0,"key":"SMITH"},{"data":"1","floor":46.0,"key":"LIFT"},{"data":"2","floor":49.0,"key":"LIFT"}],"circlet_count":0,"master_deck":["Strike_G","Strike_G","Defend_G","Defend_G","Defend_G","Defend_G","Defend_G","Survivor+1","Neutralize+1","Venomology+1","Noxious Fumes+1","Blur","Distraction+1","Burst","Bouncing Flask","Calculated Gamble","Grand Finale","Backstab","Catalyst+1","A Thousand Cuts","Backstab+1","Sadistic Nature","Crippling Poison","Poisoned Stab+1","Pain"],"relics":["Ring of the Serpent","Bloody Idol","Mummified Hand","Bag of Preparation","WingedGreaves","Shuriken","Letter Opener","Enchiridion","StoneCalendar","FossilizedHelix","Cursed Key","Eternal Feather","Girya","Anchor","Paper Crane","Red Mask"],"acts_visited":["Exordium","TheCity","TheBeyond"],"potions_floor_usage":[50,50,50],"damage_taken":[{"damage":6.0,"enemies":"2 Louse","floor":1.0,"turns":4.0},{"damage":1.0,"enemies":"Jaw Worm","floor":3.0,"turns":5.0},{"damage":7.0,"enemies":"Small Slimes","floor":4.0,"turns":4.0},{"damage":10.0,"enemies":"3 Sentries","floor":6.0,"turns":8.0},{"damage":15.0,"enemies":"2 Fungi Beasts","floor":12.0,"turns":7.0},{"damage":0.0,"enemies":"Blue Slaver","floor":13.0,"turns":5.0},{"damage":7.0,"enemies":"3 Louse","floor":14.0,"turns":4.0},{"damage":14.0,"enemies":"Hexaghost","floor":16.0,"turns":5.0},{"damage":13.0,"enemies":"3 Byrds","floor":18.0,"turns":3.0},{"damage":9.0,"enemies":"Chosen","floor":20.0,"turns":4.0},{"damage":26.0,"enemies":"Gremlin Leader","floor":28.0,"turns":6.0},{"damage":9.0,"enemies":"Snecko","floor":29.0,"turns":5.0},{"damage":19.0,"enemies":"Automaton","floor":33.0,"turns":7.0},{"damage":0.0,"enemies":"3 Darklings","floor":35.0,"turns":3.0},{"damage":0.0,"enemies":"3 Shapes","floor":37.0,"turns":1.0},{"damage":0.0,"enemies":"Sphere and 2 Shapes","floor":39.0,"turns":3.0},{"damage":0.0,"enemies":"Nemesis","floor":40.0,"turns":5.0},{"damage":2.0,"enemies":"2 Orb Walkers","floor":42.0,"turns":4.0},{"damage":28.0,"enemies":"Giant Head","floor":45.0,"turns":7.0},{"damage":9.0,"enemies":"Jaw Worm Horde","floor":48.0,"turns":3.0},{"damage":48,"enemies":"Time Eater","floor":50,"turns":6}],"seed_played":"-5199664407114257223","potions_obtained":[{"floor":1.0,"key":"Fire Potion"},{"floor":4.0,"key":"Poison Potion"},{"floor":14.0,"key":"EntropicBrew"},{"floor":18.0,"key":"GhostInAJar"},{"floor":33.0,"key":"Weak Potion"},{"floor":39.0,"key":"Block Potion"},{"floor":40.0,"key":"GhostInAJar"},{"floor":42.0,"key":"FairyPotion"},{"floor":48.0,"key":"ColorlessPotion"}],"is_trial":false,"path_per_floor":["M","?","M","M","?","E","?","R","T","R","T","M","M","M","R","B",null,"M","?","M","?","$","R","?","?","T","R","E","M","?","$","R","B",null,"M","$","M","?","M","E","R","?","T","?","E","R","?","M","R","B",null],"character_chosen":"THE_SILENT","items_purchased":["Letter Opener","Catalyst"],"campfire_rested":4,"item_purchase_floors":[22,31],"current_hp_per_floor":[57,57,56,49,49,39,26,45,45,45,45,30,30,23,42,28,56,43,43,34,34,34,53,53,37,37,37,16,12,12,12,31,17,53,58,58,63,58,63,65,65,65,65,65,42,57,57,53,65,17],"gold":11,"neow_bonus":"THREE_RARE_CARDS","is_daily":false,"chose_seed":false,"campfire_upgraded":3,"win_rate":0.0,"timestamp":1613859302,"path_taken":["M","?","M","M","?","E","?","R","T","R","?","M","M","M","R","BOSS","M","?","M","?","$","R","?","?","T","R","E","?","?","$","R","BOSS","M","?","?","?","M","E","R","?","T","?","E","R","?","?","R","BOSS"],"items_purchased_type":["Relic","Card"],"build_version":"2020-12-22","purchased_purges":1,"victory":true,"max_hp_per_floor":[70,65,65,65,65,65,65,65,65,65,65,65,65,65,65,65,65,65,65,65,65,65,65,65,65,65,65,65,65,65,65,65,65,65,65,65,65,65,65,65,65,65,65,65,65,65,65,65,65,65],"card_choices":[{"not_picked":["Tools of the Trade","Die Die Die"],"picked":"Venomology","floor":0.0},{"not_picked":["Deflect","Dash"],"picked":"Noxious Fumes","floor":1.0},{"not_picked":["Flying Knee","Dagger Spray"],"picked":"Blur","floor":3.0},{"not_picked":["Dagger Throw","Eviscerate"],"picked":"Distraction","floor":4.0},{"not_picked":["Poisoned Stab","Tactician"],"picked":"Burst","floor":6.0},{"not_picked":["Dagger Throw","Concentrate","Dash"],"picked":"SKIP","floor":12.0},{"not_picked":["Quick Slash","Acrobatics","Heel Hook"],"picked":"SKIP","floor":13.0},{"not_picked":["Bane","Eviscerate"],"picked":"Bouncing Flask","floor":14.0},{"not_picked":["Unload","Grand Finale"],"picked":"Corpse Explosion","floor":16.0},{"not_picked":["Outmaneuver","Dagger Throw","Blade Dance"],"picked":"SKIP","floor":18.0},{"not_picked":["Sucker Punch+1","Predator","Backstab"],"picked":"SKIP","floor":20.0},{"not_picked":["Acrobatics","Masterful Stab","Sucker Punch"],"picked":"SKIP","floor":28.0},{"not_picked":["Sucker Punch","Reflex","Caltrops+1"],"picked":"SKIP","floor":29.0},{"not_picked":["Corpse Explosion","Die Die Die"],"picked":"A Thousand Cuts","floor":33.0},{"not_picked":["Deflect","Riddle With Holes"],"picked":"Backstab+1","floor":35.0},{"not_picked":["Quick Slash+1","All Out Attack+1","Tactician+1"],"picked":"SKIP","floor":37.0},{"not_picked":["Dramatic Entrance","Swift Strike"],"picked":"Sadistic Nature","floor":38.0},{"not_picked":["Sucker Punch+1","Well Laid Plans"],"picked":"Crippling Poison","floor":39.0},{"not_picked":["Slice","Quick Slash","Concentrate"],"picked":"SKIP","floor":40.0},{"not_picked":["Riddle With Holes+1","Prepared"],"picked":"Poisoned Stab+1","floor":42.0},{"not_picked":["Sucker Punch+1","Heel Hook","Prepared+1"],"picked":"SKIP","floor":45.0},{"not_picked":["Setup+1","Skewer+1","PiercingWail"],"picked":"SKIP","floor":48.0}],"player_experience":248056,"relics_obtained":[{"floor":6.0,"key":"Mummified Hand"},{"floor":9.0,"key":"Bag of Preparation"},{"floor":11.0,"key":"WingedGreaves"},{"floor":25.0,"key":"Enchiridion"},{"floor":26.0,"key":"StoneCalendar"},{"floor":28.0,"key":"FossilizedHelix"},{"floor":40.0,"key":"Eternal Feather"},{"floor":42.0,"key":"Girya"},{"floor":43.0,"key":"Anchor"},{"floor":45.0,"key":"Paper Crane"}],"event_choices":[{"damage_healed":0.0,"max_hp_gain":0.0,"max_hp_loss":5.0,"gold_gain":0.0,"event_name":"Golden Idol","player_choice":"Lose Max HP","floor":2.0,"gold_loss":0.0,"damage_taken":0.0,"relics_obtained":["Golden Idol"]},{"damage_healed":0.0,"max_hp_gain":0.0,"max_hp_loss":0.0,"gold_gain":0.0,"event_name":"Living Wall","player_choice":"Grow","floor":5.0,"gold_loss":0.0,"damage_taken":0.0,"cards_upgraded":["Venomology"]},{"damage_healed":0.0,"max_hp_gain":0.0,"max_hp_loss":0.0,"gold_gain":0.0,"event_name":"Shining Light","player_choice":"Entered Light","floor":7.0,"gold_loss":0.0,"damage_taken":13.0,"cards_upgraded":["Survivor","Neutralize"]},{"damage_healed":0.0,"max_hp_gain":0.0,"max_hp_loss":0.0,"gold_gain":0.0,"cards_transformed":["Strike_G","Strike_G"],"event_name":"Drug Dealer","player_choice":"Became Test Subject","floor":19.0,"gold_loss":0.0,"damage_taken":0.0,"cards_obtained":["Calculated Gamble","Grand Finale"]},{"damage_healed":0.0,"max_hp_gain":0.0,"max_hp_loss":0.0,"gold_gain":0.0,"event_name":"Addict","player_choice":"Stole Relic","floor":21.0,"gold_loss":0.0,"damage_taken":0.0,"relics_obtained":["Shuriken"],"cards_obtained":["Shame"]},{"damage_healed":0.0,"max_hp_gain":0.0,"max_hp_loss":0.0,"gold_gain":0.0,"event_name":"Forgotten Altar","player_choice":"Gave Idol","floor":24.0,"relics_lost":["Golden Idol"],"gold_loss":0.0,"damage_taken":0.0,"relics_obtained":["Bloody Idol"]},{"damage_healed":0.0,"max_hp_gain":0.0,"max_hp_loss":0.0,"gold_gain":0.0,"event_name":"Cursed Tome","player_choice":"Obtained Book","floor":25.0,"gold_loss":0.0,"damage_taken":16.0},{"damage_healed":0.0,"max_hp_gain":0.0,"max_hp_loss":0.0,"gold_gain":0.0,"cards_transformed":["Strike_G"],"event_name":"Transmorgrifier","player_choice":"Transformed","floor":30.0,"gold_loss":0.0,"damage_taken":0.0,"cards_obtained":["Backstab"]},{"damage_healed":0.0,"max_hp_gain":0.0,"max_hp_loss":0.0,"gold_gain":0.0,"event_name":"SensoryStone","player_choice":"Memory 2","floor":38.0,"gold_loss":0.0,"damage_taken":5.0},{"damage_healed":0.0,"max_hp_gain":0.0,"max_hp_loss":0.0,"gold_gain":0.0,"event_name":"Mysterious Sphere","player_choice":"Fight","floor":42.0,"gold_loss":0.0,"damage_taken":0.0},{"cards_removed":["Corpse Explosion"],"damage_healed":0.0,"max_hp_gain":0.0,"max_hp_loss":0.0,"gold_gain":0.0,"event_name":"Falling","player_choice":"Removed Skill","floor":44.0,"gold_loss":0.0,"damage_taken":0.0},{"damage_healed":0.0,"max_hp_gain":0.0,"max_hp_loss":0.0,"gold_gain":0.0,"event_name":"Tomb of Lord Red Mask","player_choice":"Paid","floor":47.0,"gold_loss":228.0,"damage_taken":0.0,"relics_obtained":["Red Mask"]}],"is_beta":false,"boss_relics":[{"not_picked":["Runic Pyramid","SlaversCollar"],"picked":"Ring of the Serpent"},{"not_picked":["Calling Bell","Tiny House"],"picked":"Cursed Key"}],"items_purged_floors":[36],"is_endless":false,"potions_floor_spawned":[1,4,14,18,33,39,40,42,48],"ascension_level":7}}