{"host":"5tzvto3beate6p8b","time":1613851045,"event":{"mods":["BaseMod","Colored Map","Minty Spire (QoL Compilation)","StSLib","SuperFastMode"],"gold_per_floor":[111,111,111,33,33,72,72,105,105,105,105,118,134,150,150,245,245,210,210,210,234,234,234,234,234],"floor_reached":24,"language":"JPN","playtime":780,"items_purged":[],"score":491,"play_id":"65729380-b3d2-4106-9591-7dc3592cad1c","local_time":"20210221045725","is_ascension_mode":true,"campfire_choices":[{"data":"Zap","floor":7,"key":"SMITH"},{"data":"Hologram","floor":10,"key":"SMITH"},{"data":"Glacier","floor":15,"key":"SMITH"},{"data":"Self Repair","floor":23,"key":"SMITH"}],"circlet_count":0,"master_deck":["AscendersBane","Strike_B+1","Strike_B+1","Strike_B+1","Strike_B+1","Defend_B+1","Defend_B+1","Defend_B+1","Defend_B+1","Zap+1","Dualcast","Chill","Self Repair+1","Gash","Hologram+1","Glacier","Glacier+1","Gash","Creative AI","Hologram","Reinforced Body"],"relics":["Cracked Core","NeowsBlessing","Golden Idol","Sundial","Juzu Bracelet","Mummified Hand","Runic Pyramid","Vajra"],"acts_visited":["Exordium","TheCity"],"potions_floor_usage":[16,24],"damage_taken":[{"damage":0.0,"enemies":"2 Louse","floor":1.0,"turns":1.0},{"damage":0,"enemies":"3 Sentries","floor":6,"turns":1},{"damage":0,"enemies":"Lagavulin","floor":8,"turns":1},{"damage":3,"enemies":"Small Slimes","floor":12,"turns":3},{"damage":4,"enemies":"Jaw Worm","floor":13,"turns":4},{"damage":3,"enemies":"Exordium Wildlife","floor":14,"turns":4},{"damage":38,"enemies":"The Guardian","floor":16,"turns":12},{"damage":27,"enemies":"2 Thieves","floor":18,"turns":5},{"damage":3,"enemies":"Chosen","floor":21,"turns":6},{"damage":46,"enemies":"Slavers","floor":24,"turns":3}],"seed_played":"2133503303958370470","potions_obtained":[{"floor":6,"key":"Strength Potion"},{"floor":8,"key":"EssenceOfDarkness"},{"floor":16,"key":"SteroidPotion"}],"is_trial":false,"path_per_floor":["M","?","?","$","?","E","R","E","T","R","?","M","M","M","R","B",null,"M","?","T","M","?","R","E"],"character_chosen":"DEFECT","items_purchased":["Self Repair"],"campfire_rested":0,"item_purchase_floors":[4],"current_hp_per_floor":[64,64,64,64,64,64,64,64,64,64,45,49,52,56,56,25,54,34,34,34,38,38,38,0,0],"gold":234,"neow_bonus":"THREE_ENEMY_KILL","is_daily":false,"chose_seed":false,"campfire_upgraded":4,"win_rate":0.0,"timestamp":1613851045,"path_taken":["M","?","?","$","?","E","R","E","T","R","?","M","M","M","R","BOSS","M","?","?","M","?","R","E"],"items_purchased_type":["Card"],"build_version":"2020-12-22","purchased_purges":0,"victory":false,"max_hp_per_floor":[71,71,64,64,64,64,64,64,64,64,64,64,64,64,64,64,64,64,64,64,64,64,64,64,64],"card_choices":[{"not_picked":["Barrage","Rebound"],"picked":"Chill","floor":1.0},{"not_picked":["Hello World","FTL"],"picked":"Gash","floor":6},{"not_picked":["Rainbow","Beam Cell"],"picked":"Hologram","floor":8},{"not_picked":["Skim","Stack"],"picked":"Glacier","floor":12},{"not_picked":["Genetic Algorithm","Redo"],"picked":"Glacier","floor":13},{"not_picked":["Coolheaded","Hologram"],"picked":"Gash","floor":14},{"not_picked":["Reboot","Buffer"],"picked":"Creative AI","floor":16},{"not_picked":["Skim+1","BootSequence"],"picked":"Hologram","floor":18},{"not_picked":["Auto Shields","Barrage"],"picked":"Reinforced Body","floor":21}],"player_experience":822345,"relics_obtained":[{"floor":6,"key":"Sundial"},{"floor":8,"key":"Juzu Bracelet"},{"floor":9,"key":"Mummified Hand"},{"floor":20,"key":"Vajra"}],"event_choices":[{"damage_healed":0,"gold_gain":0,"player_choice":"Fled","damage_taken":0,"max_hp_gain":0,"max_hp_loss":0,"event_name":"Scrap Ooze","floor":2,"gold_loss":0},{"damage_healed":0,"gold_gain":0,"player_choice":"Lose Max HP","damage_taken":0,"relics_obtained":["Golden Idol"],"max_hp_gain":0,"max_hp_loss":7,"event_name":"Golden Idol","floor":3,"gold_loss":0},{"damage_healed":0,"gold_gain":0,"player_choice":"Ignored","damage_taken":0,"max_hp_gain":0,"max_hp_loss":0,"event_name":"Liars Game","floor":5,"gold_loss":0},{"damage_healed":0,"gold_gain":0,"player_choice":"Entered Light","damage_taken":19,"max_hp_gain":0,"max_hp_loss":0,"event_name":"Shining Light","floor":11,"gold_loss":0,"cards_upgraded":["Defend_B","Defend_B"]},{"damage_healed":0,"gold_gain":0,"player_choice":"Simplicity","damage_taken":0,"max_hp_gain":0,"max_hp_loss":0,"event_name":"Back to Basics","floor":19,"gold_loss":0,"cards_upgraded":["Strike_B","Strike_B","Strike_B","Strike_B","Defend_B","Defend_B"]},{"damage_healed":0,"gold_gain":0,"player_choice":"Ignored","damage_taken":0,"max_hp_gain":0,"max_hp_loss":0,"event_name":"Vampires","floor":22,"gold_loss":0}],"is_beta":false,"boss_relics":[{"not_picked":["Velvet Choker","Busted Crown"],"picked":"Runic Pyramid"}],"items_purged_floors":[],"is_endless":false,"potions_floor_spawned":[6,8,12,16,18],"killed_by":"Slavers","ascension_level":19}}