{"host":"lv7etzzgwahaenh9","time":1613790417,"event":{"mods":["AchievementEnabler","BaseMod","Colored Map","Colored Powertips","Highlight Path","Minty Spire (QoL Compilation)","Permanent Neow","Quick Restart","Random Character Button","StSLib"],"gold_per_floor":[110,123,123,123,140,151,151,186,186,186,217,237,271,281,281,377,377,397,81,96,106,121,121,151,151,151,185,195,210,245,245,245,350,350,367,1366,1385,29,0,0,29,40,40,60,86,99,109,137,137,137],"floor_reached":51,"language":"ENG","playtime":2700,"items_purged":["Normality"],"score":1648,"play_id":"0c1911ab-b349-4af6-99bf-980484257f03","local_time":"20210219190657","is_ascension_mode":true,"campfire_choices":[{"data":"Zap","floor":7.0,"key":"SMITH"},{"data":"Reinforced Body","floor":10.0,"key":"SMITH"},{"data":"Rainbow","floor":15.0,"key":"SMITH"},{"data":"Biased Cognition","floor":23.0,"key":"SMITH"},{"data":"Coolheaded","floor":25.0,"key":"SMITH"},{"data":"Hologram","floor":32,"key":"SMITH"},{"data":"Electrodynamics","floor":49,"key":"SMITH"}],"circlet_count":0,"master_deck":["AscendersBane","Strike_B+1","Strike_B+1","Strike_B+1","Strike_B+1","Defend_B+1","Defend_B+1","Defend_B+1","Zap+1","Ball Lightning","Ball Lightning","Reinforced Body+1","Echo Form","Steam","Coolheaded+1","Rainbow+1","Steam","Electrodynamics+1","Hologram+1","Cold Snap","Steam+1","Self Repair","Glacier","Glacier","Biased Cognition+1","White Noise+1","Seek+1","Hyperbeam+1","Lockon+1","Consume+1","Coolheaded+1","Parasite","Recycle+1","Undo+1","Capacitor+1"],"relics":["Cracked Core","Dead Branch","Blue Candle","StrikeDummy","The Courier","FossilizedHelix","Coffee Dripper","Bottled Tornado","Orrery","Toxic Egg 2","Singing Bowl","Lantern","Bottled Flame","Astrolabe","Pantograph","Ice Cream","White Beast Statue","OrangePellets","InkBottle","Gremlin Horn","Anchor","Red Mask","Spirit Poop","Centennial Puzzle","Bottled Lightning","Eternal Feather","Oddly Smooth Stone"],"acts_visited":["Exordium","TheCity","TheBeyond"],"potions_floor_usage":[33,44,50,50],"damage_taken":[{"damage":2.0,"enemies":"2 Louse","floor":1.0,"turns":3.0},{"damage":3.0,"enemies":"Small Slimes","floor":2.0,"turns":3.0},{"damage":2.0,"enemies":"Jaw Worm","floor":5.0,"turns":2.0},{"damage":7.0,"enemies":"3 Louse","floor":6.0,"turns":3.0},{"damage":2.0,"enemies":"Gremlin Nob","floor":8.0,"turns":3.0},{"damage":10.0,"enemies":"Lagavulin","floor":11.0,"turns":5.0},{"damage":0.0,"enemies":"Red Slaver","floor":12.0,"turns":3.0},{"damage":11.0,"enemies":"Gremlin Nob","floor":13.0,"turns":4.0},{"damage":0.0,"enemies":"2 Fungi Beasts","floor":14.0,"turns":2.0},{"damage":0.0,"enemies":"The Guardian","floor":16.0,"turns":11.0},{"damage":0.0,"enemies":"Chosen","floor":18.0,"turns":4.0},{"damage":11.0,"enemies":"2 Thieves","floor":20.0,"turns":5.0},{"damage":0.0,"enemies":"Centurion and Healer","floor":21.0,"turns":4.0},{"damage":0.0,"enemies":"Sentry and Sphere","floor":22.0,"turns":6.0},{"damage":0.0,"enemies":"Book of Stabbing","floor":24.0,"turns":5.0},{"damage":19.0,"enemies":"Gremlin Leader","floor":27.0,"turns":6.0},{"damage":0.0,"enemies":"3 Cultists","floor":28.0,"turns":5.0},{"damage":0,"enemies":"Snecko","floor":29,"turns":4},{"damage":11,"enemies":"Book of Stabbing","floor":30,"turns":5},{"damage":17,"enemies":"Champ","floor":33,"turns":16},{"damage":0,"enemies":"3 Shapes","floor":35,"turns":3},{"damage":0,"enemies":"Orb Walker","floor":37,"turns":3},{"damage":0,"enemies":"Nemesis","floor":41,"turns":7},{"damage":0,"enemies":"Sphere and 2 Shapes","floor":42,"turns":5},{"damage":1,"enemies":"Writhing Mass","floor":44,"turns":5},{"damage":0,"enemies":"Reptomancer","floor":45,"turns":4},{"damage":0,"enemies":"4 Shapes","floor":46,"turns":3},{"damage":0,"enemies":"3 Darklings","floor":47,"turns":2},{"damage":0,"enemies":"Nemesis","floor":48,"turns":7},{"damage":6,"enemies":"Donu and Deca","floor":50,"turns":5}],"seed_played":"250298598310879325","potions_obtained":[{"floor":5.0,"key":"CultistPotion"},{"floor":8.0,"key":"Weak Potion"},{"floor":13.0,"key":"Fire Potion"},{"floor":20.0,"key":"Block Potion"},{"floor":27.0,"key":"Strength Potion"},{"floor":37,"key":"AttackPotion"},{"floor":41,"key":"CultistPotion"},{"floor":42,"key":"SkillPotion"},{"floor":44,"key":"Ancient Potion"},{"floor":45,"key":"FocusPotion"}],"is_trial":false,"path_per_floor":["M","M","?","?","M","M","R","E","T","R","E","M","E","M","R","B",null,"M","$","M","M","M","R","E","R","T","E","M","M","E","?","R","B",null,"M","?","M","$","?","?","E","M","T","M","E","M","M","E","R","B",null],"character_chosen":"DEFECT","items_purchased":["Bottled Tornado","Orrery","Pantograph","Ice Cream","White Beast Statue","OrangePellets","InkBottle","Gremlin Horn","Anchor"],"campfire_rested":0,"item_purchase_floors":[19,19,38,38,38,38,38,38,38],"current_hp_per_floor":[48,45,70,55,53,46,46,44,44,44,34,34,23,23,23,23,62,62,62,65,65,75,75,75,75,75,72,77,79,77,77,77,67,78,80,80,85,85,85,85,87,87,87,87,87,89,91,91,91,85],"gold":137,"neow_bonus":"ONE_RARE_RELIC","is_daily":false,"chose_seed":false,"campfire_upgraded":7,"win_rate":0.0,"timestamp":1613790417,"path_taken":["M","M","?","?","M","M","R","E","T","R","E","M","E","M","R","BOSS","M","$","M","M","M","R","E","R","T","E","M","M","E","?","R","BOSS","M","?","M","$","?","?","E","M","T","M","E","M","M","E","R","BOSS"],"items_purchased_type":["Relic","Relic","Relic","Relic","Relic","Relic","Relic","Relic","Relic"],"build_version":"2020-12-22","purchased_purges":1,"victory":true,"max_hp_per_floor":[75,75,75,75,75,75,75,75,75,75,75,75,75,75,75,75,75,75,75,75,75,75,75,75,75,75,77,77,79,81,81,81,81,81,83,83,85,85,85,85,87,87,87,87,87,89,91,91,91,91],"card_choices":[{"not_picked":["Rebound","Stack"],"picked":"Ball Lightning","floor":1.0},{"not_picked":["Go for the Eyes","Gash"],"picked":"Ball Lightning","floor":2.0},{"not_picked":["Ball Lightning","Redo"],"picked":"Reinforced Body","floor":5.0},{"not_picked":["Turbo","Storm"],"picked":"Go for the Eyes","floor":6.0},{"not_picked":["Conserve Battery","Compile Driver"],"picked":"Echo Form","floor":8.0},{"not_picked":["Gash","Streamline"],"picked":"Steam","floor":11.0},{"not_picked":["Leap","Reinforced Body"],"picked":"Coolheaded","floor":12.0},{"not_picked":["Barrage","Reinforced Body"],"picked":"Rainbow","floor":13.0},{"not_picked":["Chaos","Conserve Battery"],"picked":"Steam","floor":14.0},{"not_picked":["Reboot","Creative AI"],"picked":"Electrodynamics","floor":16.0},{"not_picked":["Tempest","Barrage"],"picked":"Hologram","floor":18.0},{"not_picked":["Thunder Strike","Rebound+1"],"picked":"Cold Snap","floor":19.0},{"not_picked":["Go for the Eyes","Gash"],"picked":"Steam+1","floor":19.0},{"not_picked":["Consume","Beam Cell"],"picked":"Self Repair","floor":19.0},{"not_picked":["Reinforced Body+1","Storm"],"picked":"Glacier","floor":19.0},{"not_picked":["Coolheaded","Chill"],"picked":"Glacier","floor":19.0},{"not_picked":["Leap+1","Sweeping Beam","Scrape"],"picked":"SKIP","floor":20.0},{"not_picked":["Chill","Redo"],"picked":"Biased Cognition","floor":21.0},{"not_picked":["Streamline+1","Go for the Eyes","Beam Cell"],"picked":"SKIP","floor":22.0},{"not_picked":["Rip and Tear","Loop","Reprogram+1"],"picked":"SKIP","floor":24.0},{"not_picked":["Gash","Melter","Rebound"],"picked":"Singing Bowl","floor":27.0},{"not_picked":["Steam Power+1","Rebound"],"picked":"White Noise+1","floor":28.0},{"not_picked":["Barrage","Compile Driver+1","Go for the Eyes"],"picked":"Singing Bowl","floor":29},{"not_picked":["Conserve Battery+1","Cold Snap","Loop"],"picked":"Singing Bowl","floor":30},{"not_picked":["All For One","Meteor Strike"],"picked":"Seek+1","floor":33},{"not_picked":["Barrage","Go for the Eyes","Stack+1"],"picked":"Singing Bowl","floor":35},{"not_picked":["Streamline","Loop","Gash+1"],"picked":"Singing Bowl","floor":37},{"not_picked":["Scrape","Sweeping Beam","Consume+1"],"picked":"Singing Bowl","floor":41},{"not_picked":["Fission+1","BootSequence+1"],"picked":"Coolheaded+1","floor":42},{"not_picked":["Chill+1","Conserve Battery+1"],"picked":"Recycle+1","floor":44},{"not_picked":["Compile Driver+1","Multi-Cast+1"],"picked":"Undo+1","floor":45},{"not_picked":["Conserve Battery+1","Steam+1","Ball Lightning"],"picked":"Singing Bowl","floor":46},{"not_picked":["Streamline","Hologram+1","Darkness+1"],"picked":"Singing Bowl","floor":47},{"not_picked":["Static Discharge","Turbo+1"],"picked":"Capacitor+1","floor":48}],"player_experience":463571,"relics_obtained":[{"floor":8.0,"key":"Blue Candle"},{"floor":9.0,"key":"StrikeDummy"},{"floor":11.0,"key":"The Courier"},{"floor":13.0,"key":"FossilizedHelix"},{"floor":24.0,"key":"Toxic Egg 2"},{"floor":26.0,"key":"Singing Bowl"},{"floor":27.0,"key":"Lantern"},{"floor":30,"key":"Bottled Flame"},{"floor":41,"key":"Centennial Puzzle"},{"floor":43,"key":"Bottled Lightning"},{"floor":45,"key":"Eternal Feather"},{"floor":48,"key":"Oddly Smooth Stone"}],"event_choices":[{"damage_healed":25.0,"max_hp_gain":0.0,"max_hp_loss":0.0,"gold_gain":0.0,"event_name":"Big Fish","player_choice":"Banana","floor":3.0,"gold_loss":0.0,"damage_taken":0.0},{"damage_healed":0.0,"max_hp_gain":0.0,"max_hp_loss":0.0,"gold_gain":0.0,"event_name":"Shining Light","player_choice":"Entered Light","floor":4.0,"gold_loss":0.0,"damage_taken":15.0,"cards_upgraded":["Dualcast","Strike_B"]},{"damage_healed":0,"gold_gain":0,"player_choice":"Simplicity","damage_taken":0,"max_hp_gain":0,"max_hp_loss":0,"event_name":"Back to Basics","floor":31,"gold_loss":0,"cards_upgraded":["Strike_B","Strike_B","Strike_B","Defend_B","Defend_B","Defend_B","Defend_B"]},{"damage_healed":0,"gold_gain":999,"player_choice":"Gold","damage_taken":0,"max_hp_gain":0,"max_hp_loss":0,"event_name":"MindBloom","floor":36,"gold_loss":0,"cards_obtained":["Normality","Normality"]},{"damage_healed":0,"gold_gain":0,"player_choice":"Paid","damage_taken":0,"relics_obtained":["Red Mask"],"max_hp_gain":0,"max_hp_loss":0,"event_name":"Tomb of Lord Red Mask","floor":39,"gold_loss":29},{"cards_removed":["Normality"],"damage_healed":0,"gold_gain":0,"player_choice":"Offered Curse","damage_taken":0,"relics_obtained":["Spirit Poop"],"max_hp_gain":0,"max_hp_loss":0,"event_name":"Bonfire Elementals","floor":40,"gold_loss":0}],"is_beta":false,"boss_relics":[{"not_picked":["Fusion Hammer","Tiny House"],"picked":"Coffee Dripper"},{"not_picked":["Nuclear Battery","Empty Cage"],"picked":"Astrolabe"}],"items_purged_floors":[38],"is_endless":false,"potions_floor_spawned":[5,8,13,20,27,30,37,41,42,44,45,46,47,48],"ascension_level":12}}