{"host":"tmk46lqetm74e6y6","time":1613845342,"event":{"mods":["100% Spire Juice","2.2 Compatiblity","Abigail Mod","AchievementEnabler","Act Like it!","Arknights","BaseMod","Beaked The Cultist","Better Match","BetterRewards","CapriCore","ChefMod","Chen","Decade(â§è¨ñæ)","Friendly Minions","GifTheSpireLib","HololiveMod","KinomotoSakuraMod(ñÿîVñ{?)","KiyohimeÅiê¥?Åj","Koishi","KomeijiMod","Magitek Elite","MarisaÅiñ∂âJÅ@ñÇóùçπÅj","Minty Spire (QoL Compilation)","Onozuka Komachi Mod","Permanent Neow","Prisma Mod","Railgun Mod","Random Character Button","Reliquary","Remilia_Scarlet MoedÅiÂQïƒ‰ª?ÅEéz?óãì¡Åj3.3.5","SOSÅiézîb?îVéqÅj","Small Relic Pack","StSLib","SuperFastMode","The Administrix","The Alterego","The Animator","The Bladedancer","The Immortal","The Servant 0.9.4","The Wild Card","TheSwordswoman","Trackpad","Wide Potions","Yakumo Yukari mod","YoumuÅiç∞ÈÆódöÎÅj","Yuri Mod"],"gold_per_floor":[118,132,64,78,91,91,121,139,210,225,225,300,323,341,341,443,443,463,463,473,473,125,125,125,142,142,142,160,179,179,197,197,302,302,321,321,321,340,358,690,690,693,693,693,249,259,259,259,259,259],"floor_reached":51,"language":"ENG","playtime":2270,"items_purged":[],"score":752,"play_id":"2bb164da-abbd-47a4-8ac5-a2cf1c10c2f1","local_time":"20210221022222","is_ascension_mode":true,"campfire_choices":[{"data":"Noxious Fumes","floor":6,"key":"SMITH"},{"data":"Deadly Poison","floor":11,"key":"SMITH"},{"floor":15,"key":"REST"},{"data":"Deadly Poison","floor":23,"key":"SMITH"},{"data":"Noxious Fumes","floor":27,"key":"SMITH"},{"floor":30,"key":"REST"},{"floor":32,"key":"REST"},{"floor":41,"key":"REST"},{"floor":44,"key":"REST"},{"floor":47,"key":"REST"},{"floor":49,"key":"REST"}],"circlet_count":0,"master_deck":["Strike_G","Strike_G","Strike_G","Strike_G","Defend_G","Defend_G","Defend_G","Defend_G","Defend_G","Survivor","Neutralize","Terror","Deadly Poison+1","Endless Agony","Noxious Fumes+1","Underhanded Strike","Sucker Punch","Flying Knee","Poisoned Stab","Poisoned Stab","Bullet Time","Deadly Poison+1","Dagger Throw","Flying Knee","Noxious Fumes+1","Backflip","Flechettes","Slice+1","Dodge and Roll","Venomology","Deadly Poison+1","Madness","Bouncing Flask+1","Crippling Poison","Calculated Gamble","PiercingWail","Bane+1","PiercingWail","Poisoned Stab","Quick Slash","Enlightenment","Escape Plan+1"],"relics":["Ring of the Serpent","trackpad:AdjectivePendant","InkBottle","Odd Mushroom","Hololive_Finger","Boot","reliquary:PrincelyHelmet","trackpad:WeightlessShivs","Old Coin","trackpad:ByrdBGone","TwistedFunnel"],"acts_visited":["Exordium","TheCity","TheBeyond"],"potions_floor_usage":[13,13,16,25,25,28,35,40,40,42,42,46,50],"damage_taken":[{"damage":0,"enemies":"Cultist","floor":1,"turns":3},{"damage":2,"enemies":"Small Slimes","floor":2,"turns":4},{"damage":1,"enemies":"ats:Genji","floor":4,"turns":4},{"damage":10,"enemies":"Looter","floor":5,"turns":3},{"damage":2,"enemies":"3 Louse","floor":8,"turns":4},{"damage":5,"enemies":"Blue Slaver","floor":10,"turns":4},{"damage":11,"enemies":"The Mushroom Lair","floor":13,"turns":3},{"damage":0,"enemies":"Large Slime","floor":14,"turns":4},{"damage":43,"enemies":"The Guardian","floor":16,"turns":8},{"damage":17,"enemies":"Shell Parasite","floor":18,"turns":4},{"damage":15,"enemies":"2 Thieves","floor":20,"turns":4},{"damage":6,"enemies":"Cultist and Chosen","floor":25,"turns":4},{"damage":5,"enemies":"Shelled Parasite and Fungi","floor":28,"turns":4},{"damage":12,"enemies":"3 Cultists","floor":29,"turns":5},{"damage":8,"enemies":"Sentry and Sphere","floor":31,"turns":4},{"damage":57,"enemies":"Champ","floor":33,"turns":10},{"damage":0,"enemies":"3 Shapes","floor":35,"turns":3},{"damage":7,"enemies":"Orb Walker","floor":38,"turns":3},{"damage":35,"enemies":"Spire Growth","floor":39,"turns":5},{"damage":22,"enemies":"Nemesis","floor":40,"turns":7},{"damage":11,"enemies":"Maw","floor":42,"turns":7},{"damage":4,"enemies":"4 Shapes","floor":46,"turns":3},{"damage":61,"enemies":"Time Eater","floor":50,"turns":10}],"seed_played":"6412965855495385611","potions_obtained":[{"floor":2,"key":"Energy Potion"},{"floor":8,"key":"LiquidBronze"},{"floor":13,"key":"Explosive Potion"},{"floor":18,"key":"ColorlessPotion"},{"floor":20,"key":"Explosive Potion"},{"floor":33,"key":"FearPotion"},{"floor":35,"key":"LiquidBronze"},{"floor":40,"key":"FearPotion"},{"floor":42,"key":"Strength Potion"},{"floor":46,"key":"GamblersBrew"}],"is_trial":false,"path_per_floor":["M","M","$","M","M","R","?","M","T","M","R","?","?","M","R","B",null,"M","?","M","?","$","R","?","M","T","R","M","M","R","M","R","B",null,"M","?","?","M","M","E","R","M","T","R","$","M","R","?","R","B",null],"character_chosen":"THE_SILENT","items_purchased":["Endless Agony","Flying Knee","Noxious Fumes","Backflip","Fire Potion","Boot","PiercingWail","TwistedFunnel","Poisoned Stab","Quick Slash","EssenceOfSteel","Enlightenment"],"campfire_rested":7,"item_purchase_floors":[3,22,22,22,22,22,45,45,45,45,45,45],"current_hp_per_floor":[70,68,68,67,57,57,57,55,55,50,50,39,28,28,49,6,70,53,53,38,48,48,48,48,42,42,42,37,25,46,38,59,2,70,70,70,70,63,28,6,27,16,16,37,37,33,54,54,70,9],"gold":259,"neow_bonus":"RANDOM_COMMON_RELIC","is_daily":false,"chose_seed":false,"campfire_upgraded":4,"win_rate":0.0,"timestamp":1613845342,"path_taken":["M","M","$","?","M","R","?","M","T","M","R","?","?","M","R","BOSS","M","?","M","?","$","R","?","M","T","R","?","M","R","M","R","BOSS","M","?","?","M","M","E","R","M","T","R","$","M","R","?","R","BOSS"],"items_purchased_type":["Card","Card","Card","Card","Potion","Relic","Card","Relic","Card","Card","Potion","Card"],"build_version":"2020-12-22","purchased_purges":0,"victory":true,"max_hp_per_floor":[70,70,70,70,70,70,70,70,70,70,70,70,70,70,70,70,70,70,70,70,70,70,70,70,70,70,70,70,70,70,70,70,70,70,70,70,70,70,70,70,70,70,70,70,70,70,70,70,70,70],"card_choices":[{"not_picked":["Blade Dance","Bane"],"picked":"Terror","floor":1},{"not_picked":["Underhanded Strike","Sucker Punch"],"picked":"Deadly Poison","floor":2},{"not_picked":["Predator","Dash"],"picked":"Noxious Fumes","floor":4},{"not_picked":["Caltrops","Acrobatics"],"picked":"Underhanded Strike","floor":5},{"not_picked":["Infinite Blades","Tools of the Trade"],"picked":"Sucker Punch","floor":8},{"not_picked":["Slice","Sucker Punch"],"picked":"Flying Knee","floor":10},{"not_picked":["Bane","Dagger Spray"],"picked":"Poisoned Stab","floor":13},{"not_picked":["Tactician","Riddle With Holes"],"picked":"Poisoned Stab","floor":14},{"not_picked":["Die Die Die","Wraith Form v2"],"picked":"Bullet Time","floor":16},{"not_picked":["Quick Slash","Accuracy"],"picked":"Deadly Poison","floor":18},{"not_picked":["Blade Dance","Masterful Stab"],"picked":"Dagger Throw","floor":20},{"not_picked":["Blade Dance","Well Laid Plans"],"picked":"Flechettes","floor":25},{"not_picked":["Outmaneuver","Terror"],"picked":"Slice+1","floor":28},{"not_picked":["Flying Knee","Dodge and Roll"],"picked":"Quick Slash+1","floor":29},{"not_picked":["Storm of Steel","Quick Slash"],"picked":"Dodge and Roll","floor":31},{"not_picked":["Wraith Form v2","A Thousand Cuts"],"picked":"Venomology","floor":33},{"not_picked":["Cloak And Dagger","Tactician"],"picked":"Deadly Poison+1","floor":35},{"not_picked":["Trip","Transmutation"],"picked":"Madness","floor":36},{"not_picked":["Accuracy+1","Cloak And Dagger+1"],"picked":"Bouncing Flask+1","floor":37},{"not_picked":["Predator+1","Backstab"],"picked":"Crippling Poison","floor":38},{"not_picked":["Accuracy","Sucker Punch"],"picked":"Calculated Gamble","floor":39},{"not_picked":["Dagger Throw","Blade Dance+1"],"picked":"PiercingWail","floor":40},{"not_picked":["Acrobatics","Doppelganger"],"picked":"Bane+1","floor":42},{"not_picked":["Dagger Spray+1","Skewer"],"picked":"Escape Plan+1","floor":46}],"player_experience":94502,"relics_obtained":[{"floor":9,"key":"InkBottle"},{"floor":13,"key":"Odd Mushroom"},{"floor":26,"key":"reliquary:PrincelyHelmet"},{"floor":37,"key":"trackpad:WeightlessShivs"},{"floor":40,"key":"Old Coin"},{"floor":43,"key":"trackpad:ByrdBGone"}],"event_choices":[{"damage_healed":0,"gold_gain":30,"player_choice":"Searched \u00272\u0027 times","damage_taken":0,"max_hp_gain":0,"max_hp_loss":0,"event_name":"Dead Adventurer","floor":7,"gold_loss":0},{"damage_healed":0,"gold_gain":75,"player_choice":"Gather Gold","damage_taken":11,"max_hp_gain":0,"max_hp_loss":0,"event_name":"World of Goop","floor":12,"gold_loss":0},{"damage_healed":0,"gold_gain":0,"player_choice":"Fought Mushrooms","damage_taken":0,"max_hp_gain":0,"max_hp_loss":0,"event_name":"Mushrooms","floor":13,"gold_loss":0},{"damage_healed":0,"gold_gain":0,"player_choice":"Ignored","damage_taken":0,"max_hp_gain":0,"max_hp_loss":0,"event_name":"Cursed Tome","floor":19,"gold_loss":0},{"cards_removed":["Strike_G"],"damage_healed":0,"gold_gain":0,"player_choice":"Purged","damage_taken":0,"max_hp_gain":0,"max_hp_loss":0,"event_name":"Purifier","floor":24,"gold_loss":0},{"damage_healed":0,"gold_gain":0,"player_choice":"Memory 1","damage_taken":0,"max_hp_gain":0,"max_hp_loss":0,"event_name":"SensoryStone","floor":36,"gold_loss":0},{"damage_healed":0,"gold_gain":0,"player_choice":"Ignored","damage_taken":0,"max_hp_gain":0,"max_hp_loss":0,"event_name":"SecretPortal","floor":48,"gold_loss":0}],"is_beta":false,"boss_relics":[{"not_picked":["Black Star","Runic Dome"],"picked":"Hololive_Finger"},{"not_picked":["Hololive_TopUpMoneyS","Cursed Key"],"picked":"Ring of the Serpent"}],"items_purged_floors":[],"is_endless":false,"potions_floor_spawned":[2,8,10,13,18,20,33,35,40,42,46],"ascension_level":1}}