{"host":"ymw71f7rc9ndansy","time":1613825378,"event":{"mods":["100% Spire Juice","ATMod(阿瑾Mod)","Act Like it!","Aspiration","BaseMod","DeckTracker","Energized Spire","Gensokyo","Hubris","Koishi","Library of Ruina","Library of Ruina Extra","Minty Spire (QoL Compilation)","MostiFishMod","Relic Filter Mod","Reliquary","Remove Card Discount Mod","Replay The Spire","RumiaBox-露米娅的神秘盒子","StSLib","TestMod","The Blackbeard","【功能Mod】精心准备","【遗物卡牌】REMEMod"],"gold_per_floor":[109,20,40,58,72,99,118,118,166,166,198,211,211,240,240,336,336,353,363,213,222,232,261,261,275,320,334,350,4,21,337,337,637,637,653,653,664,604,454,48,60,60,105,105,105,129,332,546,546,546,546,546,546,546,570,570],"floor_reached":57,"language":"ZHS","playtime":3344,"items_purged":["Koishi:BasicStrike","Koishi:BasicStrike","Koishi:Provoke","Koishi:BasicDefend","Koishi:BasicStrike","Koishi:BasicStrike","Koishi:HauntingSlash"],"score":1703,"play_id":"28d0f75c-6624-4e4d-87fb-05ae287bca0a","local_time":"20210220204938","is_ascension_mode":false,"campfire_choices":[{"data":"Apotheosis","floor":8.0,"key":"SMITH"},{"data":"Koishi:MassHysteria","floor":13.0,"key":"SMITH"},{"data":"AT_MachinaRedman","floor":15.0,"key":"SMITH"},{"floor":32.0,"key":"RECALL"},{"data":"Koishi:ReleaseOfTheId","floor":49,"key":"SMITH"},{"data":"Koishi:ConfinedInnocent","floor":53,"key":"SMITH"}],"circlet_count":0,"master_deck":["Koishi:BasicDefend","Koishi:BasicDefend","AT_MachinaRedman+1","Apotheosis+1","Koishi:GeneticsOfTheUnconscious","Koishi:FleetingPhantom","Koishi:ReleaseOfTheId+1","Koishi:MassHysteria+1","Koishi:IdleWhim","Koishi:SuperEgo+1","Koishi:UnconsciousUprising+1","Koishi:IdleWhim+1","Koishi:Heartbroken+1","Gensokyo:CustomPotion","Koishi:ConfinedInnocent+1","MostiFishMod:KingOfFree"],"relics":["Koishi:ImaginaryFriend","testmod-TestBox","REME_ComplimentaryCards","AT_ATBox","Transparent","testmod-ChristmasGift","AT_ChloranthyRing","SynthV:TestCard","MostiFishMod:Haymaker","testmod-EqualTreatment","aspiration:HatOfInfinitePower","hubris:Backtick","PageOfQueenBee","testmod-Charity","testmod-Acrobat","Replay:Wax Seal","BirthdayGift-Icosahedron","reliquary:Knoch","EasyGame_NEW","AT_GoldPhoenixTree","reliquary:CitrusReamer","DiscerningMonocle","MetatronsCube","MoreBug","Juzu Bracelet","Guide Book","REME_PuzzleBoxRelic","DaveBox","RhineCircuit","Replay:Bandana","CaptainsWheel","Iron Hammer","reliquary:SharkskinSheath","Mercury Hourglass"],"acts_visited":["Exordium","Gensokyo:Gensokyo","Gensokyo:Gensokyoer","TheEnding"],"potions_floor_usage":[50],"damage_taken":[{"damage":24.0,"enemies":"Gensokyo:Python","floor":1.0,"turns":2.0},{"damage":12.0,"enemies":"Gensokyo:2_Kodama","floor":3.0,"turns":1.0},{"damage":12.0,"enemies":"Gensokyo:Gryphon","floor":4.0,"turns":1.0},{"damage":12.0,"enemies":"Gensokyo:LivingMonolith","floor":5.0,"turns":1.0},{"damage":48.0,"enemies":"Gensokyo:Cirno","floor":6.0,"turns":4.0},{"damage":30.0,"enemies":"Gensokyo:3_Kodama","floor":7.0,"turns":2.0},{"damage":48.0,"enemies":"Gensokyo:Mamizou","floor":11.0,"turns":4.0},{"damage":27.0,"enemies":"Gensokyo:Python_and_Kodama","floor":12.0,"turns":2.0},{"damage":38.0,"enemies":"Gensokyo:Aya","floor":14.0,"turns":3.0},{"damage":48.0,"enemies":"Gensokyo:Reimu","floor":16.0,"turns":4.0},{"damage":25.0,"enemies":"Gensokyo:3_Dogs","floor":18.0,"turns":2.0},{"damage":24.0,"enemies":"Gensokyo:2_Gloops","floor":19.0,"turns":2.0},{"damage":24.0,"enemies":"Gensokyo:Slime_Group","floor":21.0,"turns":2.0},{"damage":38.0,"enemies":"Gensokyo:Wraith","floor":22.0,"turns":2.0},{"damage":13.0,"enemies":"Gensokyo:Tenshi","floor":23.0,"turns":2.0},{"damage":12.0,"enemies":"Gensokyo:Swordslinger","floor":25.0,"turns":1.0},{"damage":31.0,"enemies":"Gensokyo:Monolith_and_Dog","floor":27.0,"turns":2.0},{"damage":34.0,"enemies":"Gensokyo:3_Gloops","floor":28.0,"turns":2.0},{"damage":58.0,"enemies":"Gensokyo:Wraith","floor":30.0,"turns":4.0},{"damage":0.0,"enemies":"Gensokyo:Chomper_and_Gloop","floor":31.0,"turns":1.0},{"damage":74.0,"enemies":"Gensokyo:Eternal_Rivals","floor":33.0,"turns":5.0},{"damage":0.0,"enemies":"Gensokyo:3_Bats","floor":35.0,"turns":1.0},{"damage":0.0,"enemies":"Gensokyo:AncientGuardian","floor":37.0,"turns":1.0},{"damage":0.0,"enemies":"Gensokyo:3_Boulders","floor":41.0,"turns":1.0},{"damage":0,"enemies":"Gensokyo:Doremy","floor":46,"turns":1},{"damage":0,"enemies":"Gensokyo:4_Bats","floor":48,"turns":1},{"damage":6,"enemies":"Gensokyo:Yuyuko","floor":50,"turns":2},{"damage":65,"enemies":"Shield and Spear","floor":55,"turns":2},{"damage":104,"enemies":"The Heart","floor":56,"turns":3}],"seed_played":"8180220168055223056","potions_obtained":[{"floor":5.0,"key":"Swift Potion"},{"floor":21.0,"key":"CultistPotion"},{"floor":33.0,"key":"testmod-TestPotion"}],"is_trial":false,"path_per_floor":["M","$","M","M","M","E","M","R","T","?","E","M","R","E","R","B",null,"M","M","$","M","M","E","?","M","T","M","M","COS","M","M","R","B",null,"M","?","M","?","$","COS","M","$","T","?","?","E","?","M","R","B",null,null,"R","$","E","B",null],"character_chosen":"KOISHI","items_purchased":["Koishi:GeneticsOfTheUnconscious","testmod-Charity","reliquary:CitrusReamer","MoreBug","Juzu Bracelet","Guide Book","Iron Hammer","reliquary:SharkskinSheath","MostiFishMod:KingOfFree","DuplicationPotion"],"campfire_rested":0,"item_purchase_floors":[2,20,39,42,42,42,54,54,54,54],"current_hp_per_floor":[60,60,60,60,60,60,60,60,60,60,60,60,60,60,60,60,60,60,60,60,61,62,63,63,73,74,85,90,90,99,113,113,133,133,138,138,150,150,150,150,161,161,162,162,162,174,130,185,185,272,272,272,272,272,318,443],"gold":570,"neow_bonus":"RANDOM_COMMON_RELIC","is_daily":false,"chose_seed":false,"campfire_upgraded":5,"win_rate":0.0,"timestamp":1613825378,"path_taken":["M","$","M","M","M","E","M","R","T","?","E","M","R","E","R","BOSS","M","?","$","M","M","E","?","M","T","M","M","COS","M","M","R","BOSS","M","?","?","?","?","COS","M","?","T","?","?","E","?","M","R","BOSS","R","$","E","BOSS"],"items_purchased_type":["Card","Relic","Relic","Relic","Relic","Relic","Relic","Relic","Card","Potion"],"build_version":"2020-12-22","purchased_purges":7,"victory":true,"max_hp_per_floor":[60,60,60,60,60,60,60,60,60,60,60,60,60,60,60,60,60,60,60,60,61,62,63,63,73,74,85,90,90,99,114,114,133,133,138,138,150,150,150,150,161,161,162,162,162,174,175,185,185,272,272,272,272,272,318,443],"card_choices":[{"not_picked":["Koishi:LastRemote","Koishi:PhantomBarrier","Koishi:DNAsFlaw"],"picked":"SKIP","floor":1.0},{"not_picked":["Koishi:StrangeCloudFist","Koishi:UnansweredLove","Koishi:UnconsciousUprising","Koishi:PredatoryInstincts","Koishi:SubconsciousSweep"],"picked":"SKIP","floor":3.0},{"not_picked":["Koishi:LastRemote","Koishi:PhantomStrike","Koishi:JumpScare","Koishi:DreadfulBlow"],"picked":"Koishi:FleetingPhantom","floor":4.0},{"not_picked":["Koishi:ParalyzingFear","Koishi:ReflexRadar","Koishi:VengefulSpirit","Koishi:Whimsy","Koishi:DreadfulBlow"],"picked":"SKIP","floor":5.0},{"not_picked":["Koishi:CatchAndRose","Koishi:RorschachInDanmaku","Koishi:ConfinedInnocent","Koishi:ParalyzingFear"],"picked":"Koishi:ReleaseOfTheId","floor":6.0},{"not_picked":["Koishi:PhantomBarrier","Koishi:FidgetySnatcher","Koishi:StingingMind","Koishi:DanmakuParanoia","Koishi:CatchAndRose"],"picked":"SKIP","floor":7.0},{"not_picked":["Koishi:JumpScare","Koishi:HeartAttack","Koishi:UnansweredLove","Koishi:Prune"],"picked":"Koishi:MassHysteria","floor":11.0},{"not_picked":["Koishi:Whimsy","Koishi:FourthEye","Koishi:SprinkleStarAndHeart","Koishi:TremblingHands"],"picked":"Koishi:IdleWhim","floor":12.0},{"not_picked":["Koishi:StrangeCloudFist","Koishi:FidgetySnatcher","Koishi:DreadfulBlow","Koishi:CatchAndRose","Koishi:MentalBreakdown"],"picked":"SKIP","floor":14.0},{"not_picked":["Koishi:RoseHell","Koishi:Ego","Koishi:MentalBreakdown","Koishi:ImGoingToCallYouNow"],"picked":"Koishi:SuperEgo","floor":16.0},{"not_picked":["Koishi:CatchAndRose","Koishi:DreadfulBlow","Koishi:Prune","Koishi:ReflexRadar"],"picked":"Koishi:UnconsciousUprising+1","floor":18.0},{"not_picked":["Koishi:Bloodlust","Koishi:SubterraneanRose","Koishi:VengefulSpirit","Koishi:ApparitionsStalkTheNight+1","Koishi:PredatoryInstincts"],"picked":"SKIP","floor":19.0},{"not_picked":["Koishi:DNAsFlaw","Koishi:TraumaticStroke+1","Koishi:JumpScare","Koishi:PhantomBarrier+1","Koishi:DreadfulBlow"],"picked":"SKIP","floor":21.0},{"not_picked":["Koishi:JumpScare","Koishi:ConfinedInnocent","Koishi:PhantomStrike","Koishi:UnconsciousUrges"],"picked":"Koishi:IdleWhim+1","floor":22.0},{"not_picked":["Koishi:HeartfeltFancy","Koishi:ReflexRadar+1","Koishi:DNAsFlaw","Koishi:ParalyzingFear","Koishi:SpiritedAway"],"picked":"SKIP","floor":23.0},{"not_picked":["Koishi:Whimsy+1","Koishi:JumpScare","Koishi:StingingMind","Koishi:PhilosophyOfTheDespised","Koishi:BloodcurdlingScream"],"picked":"SKIP","floor":25.0},{"not_picked":["Koishi:ReflexRadar","Koishi:SpiritedAway+1","Koishi:Bloodlust+1","Koishi:FleetingPhantom","Koishi:Vanish"],"picked":"SKIP","floor":27.0},{"not_picked":["Koishi:UnconsciousUprising+1","Koishi:DNAsFlaw","Koishi:SubconsciousSweep","Koishi:Prune","Koishi:Jaunt+1"],"picked":"SKIP","floor":28.0},{"not_picked":["Koishi:Jaunt+1","Koishi:RoseHell","Koishi:Possession","Koishi:FidgetySnatcher","Koishi:PredatoryInstincts"],"picked":"SKIP","floor":30.0},{"not_picked":["Koishi:HeartfeltFancy","Koishi:UnansweredLove","Koishi:RorschachInDanmaku","Koishi:FleetingPhantom","Koishi:SubconsciousSweep"],"picked":"SKIP","floor":31.0},{"not_picked":["Koishi:HeartStoppingHorror","Koishi:ImGoingToCallYouNow","Koishi:Ego","Koishi:RollingInRichesHeart"],"picked":"Koishi:Heartbroken","floor":33.0},{"not_picked":["Koishi:Jaunt+1","Koishi:SpiritedAway+1","Koishi:ReflexRadar","Koishi:UnansweredLove+1","Koishi:FourthEye"],"picked":"SKIP","floor":35.0},{"not_picked":["Koishi:SubconsciousSweep+1","Koishi:SubterraneanRose","Koishi:CatchAndRose","Koishi:UnconsciousUprising+1","Koishi:Possession+1"],"picked":"SKIP","floor":37.0},{"not_picked":["Koishi:SpiritedAway","Koishi:BloodcurdlingScream+1","Koishi:ApparitionsStalkTheNight+1","Koishi:UnansweredLove","Koishi:CatchAndRose"],"picked":"SKIP","floor":41.0},{"not_picked":["Koishi:HeartfeltFancy","Koishi:HeartStoppingHorror","Koishi:RorschachInDanmaku","Koishi:UnconsciousUprising","Koishi:FleetingPhantom"],"picked":"SKIP","floor":46},{"not_picked":["Koishi:TraumaticStroke+1","Koishi:EmbryosDream+1","Koishi:HeartfeltFancy","Koishi:JumpScare","Koishi:DanmakuParanoia"],"picked":"SKIP","floor":48},{"not_picked":["Koishi:HeartfeltFancy","Koishi:FourthEye+1","Koishi:TerrifyingSpectre","Koishi:ReleaseOfTheId+1","Koishi:IdleWhim"],"picked":"SKIP","floor":55}],"player_experience":1095980,"relics_obtained":[{"floor":1.0,"key":"SynthV:TestCard"},{"floor":6.0,"key":"MostiFishMod:Haymaker"},{"floor":11.0,"key":"testmod-EqualTreatment"},{"floor":14.0,"key":"aspiration:HatOfInfinitePower"},{"floor":23.0,"key":"testmod-Acrobat"},{"floor":26.0,"key":"Replay:Wax Seal"},{"floor":43.0,"key":"REME_PuzzleBoxRelic"},{"floor":46,"key":"Replay:Bandana"},{"floor":55,"key":"Mercury Hourglass"}],"event_choices":[{"damage_healed":0.0,"max_hp_gain":0.0,"max_hp_loss":0.0,"gold_gain":0.0,"event_name":"给自己的盒子","player_choice":"Swap Relic","floor":44.0,"relics_lost":["DaveBox"],"gold_loss":0.0,"damage_taken":0.0,"relics_obtained":["DaveBox"]}],"is_beta":false,"boss_relics":[{"not_picked":["energizedSpire:CursedPentagram","testmod-StringDisintegrator"],"picked":"hubris:Backtick"},{"not_picked":["hubris:GrandSneckoEye","energizedSpire:OgreHead"],"picked":"EasyGame_NEW"}],"items_purged_floors":[2,2,2,2,20,20,20],"is_endless":false,"potions_floor_spawned":[3,5,6,7,21,22,23,27,33,41,46],"ascension_level":0}}