{"host":"dmtlrev5pkc1867p","time":1613823119,"event":{"mods":["AchievementEnabler","BaseMod","Colored Map","Colored Powertips","Downfall","Hermit","Highlight Path","Hubris","Infinite Spire","Marisa¡]Ãú«B¡@Å]²z¨F¡^","Minty Spire (QoL Compilation)","Permanent Neow","Quick Restart","Rare Cards Sparkle","Relic Sorter","Relic Stats","Replay The Spire","Shop Mod","StSLib","SuperFastMode","The Construct","The Cursed","The Mystic","The Necromancer","The Poker Player","The Runesmith","The Servant 0.9.4"],"gold_per_floor":[116,130,130,130,18,50,50,76,129,129,143,29,29,40,40,139,139,158,2,25,25,42,42,5,5,5,15,15,15],"floor_reached":28,"language":"ZHS","playtime":770,"items_purged":[],"score":347,"play_id":"8943d96e-b99b-42cf-a037-b6bd21c67f67","local_time":"20210220201159","is_ascension_mode":true,"campfire_choices":[{"floor":7.0,"key":"REST"},{"floor":10.0,"key":"REST"},{"floor":13,"key":"RECALL"},{"data":"TheCursedMod:LuckyCharm","floor":15,"key":"SMITH"},{"floor":23,"key":"REST"},{"floor":25,"key":"REST"}],"circlet_count":0,"master_deck":["AscendersBane","TheCursedMod:Strike_TheCursed","TheCursedMod:Strike_TheCursed","TheCursedMod:Defend_TheCursed","TheCursedMod:Defend_TheCursed","TheCursedMod:Defend_TheCursed","TheCursedMod:Defend_TheCursed","TheCursedMod:CursedWand","TheCursedMod:CleanUpWorkshop","TheCursedMod:Dregs","Injury","ReplayTheSpireMod:Brewmster","TheCursedMod:CursedShiv","TheCursedMod:TacticalStrike","TheCursedMod:DemonicPact","TheCursedMod:LuckyCharm+1","TheCursedMod:ReleasedStrength","TheCursedMod:Neurasthenia","TheCursedMod:AbyssShockwave","TheCursedMod:RapidMovement","TheCursedMod:BloodBarrier","TheCursedMod:Hemoplague","TheCursedMod:CursedAmulet+1","TheCursedMod:CircleOfFlame","TheCursedMod:VoidForm","TheCursedMod:CursedShiv","TheCursedMod:ManaCirculation","TheCursedMod:DemonicPact","TheCursedMod:Obscuration","TheCursedMod:RapidMovement","TheCursedMod:HellfireBreathing","TheCursedMod:CursedBlade","TheCursedMod:CursedArmor"],"relics":["TheCursedMod:BlackMagic101","Simple Rune","Dream Catcher","Pen Nib","SlaversCollar","Runesmith:Locket"],"acts_visited":["Exordium","TheCity"],"potions_floor_usage":[14,18,22,27],"damage_taken":[{"damage":4.0,"enemies":"2 Louse","floor":1.0,"turns":4.0},{"damage":6.0,"enemies":"Jaw Worm","floor":2.0,"turns":4.0},{"damage":9.0,"enemies":"Lagavulin","floor":6.0,"turns":6.0},{"damage":5.0,"enemies":"Replay:BlueRogue","floor":8.0,"turns":6.0},{"damage":0.0,"enemies":"Cultist","floor":11.0,"turns":2.0},{"damage":1,"enemies":"3 Louse","floor":14,"turns":4},{"damage":25,"enemies":"Slime Boss","floor":16,"turns":11},{"damage":16,"enemies":"Shell Parasite","floor":18,"turns":4},{"damage":11,"enemies":"Spheric Guardian","floor":22,"turns":4},{"damage":63,"enemies":"Centurion and Healer","floor":27,"turns":9},{"damage":13,"enemies":"Shelled Parasite and Fungi","floor":28,"turns":1}],"seed_played":"-3916829655441907175","potions_obtained":[{"floor":1.0,"key":"Swift Potion"},{"floor":8.0,"key":"Fire Potion"},{"floor":11,"key":"SkillPotion"},{"floor":18,"key":"champ:CounterPotion"},{"floor":22,"key":"SkillPotion"}],"is_trial":false,"path_per_floor":["M","M","?","?","$","E","R","E","T","R","M","$","R","M","R","B",null,"M","$","T","?","M","R","$","R","T","M","M"],"character_chosen":"THE_CURSED","items_purchased":["TheCursedMod:LuckyCharm","TheCursedMod:ReleasedStrength","TheCursedMod:Hemoplague","TheCursedMod:CursedAmulet+1","TheCursedMod:ManaCirculation","TheCursedMod:HellfireBreathing"],"campfire_rested":4,"item_purchase_floors":[5,5,12,12,19,24],"current_hp_per_floor":[64,58,58,58,58,49,71,66,66,75,75,75,75,74,74,49,69,53,53,53,53,42,64,64,75,75,12,0,0],"gold":15,"neow_bonus":"RANDOM_COLORLESS_2","is_daily":false,"chose_seed":false,"campfire_upgraded":1,"win_rate":0.0,"timestamp":1613823119,"path_taken":["M","M","?","?","?","E","R","E","T","R","M","$","R","?","R","BOSS","M","$","?","?","M","R","$","R","T","M","M"],"items_purchased_type":["Card","Card","Card","Card","Card","Card"],"build_version":"2020-12-22","purchased_purges":0,"victory":false,"max_hp_per_floor":[75,75,75,75,75,75,75,75,75,75,75,75,75,75,75,75,75,75,75,75,75,75,75,75,75,75,75,75,75],"relic_stats":{"Dream Catcher":3,"counters":[11,55],"Pen Nib":[4],"obtain_stats":[{"TheCursedMod:BlackMagic101":0,"SlaversCollar":17,"Dream Catcher":8,"Runesmith:Locket":26,"Simple Rune":6,"Pen Nib":9},{"TheCursedMod:BlackMagic101":0,"SlaversCollar":7,"Dream Catcher":4,"Runesmith:Locket":9,"Simple Rune":3,"Pen Nib":4},{"TheCursedMod:BlackMagic101":0,"SlaversCollar":37,"Dream Catcher":20,"Runesmith:Locket":45,"Simple Rune":14,"Pen Nib":20}]},"card_choices":[{"not_picked":["Poisoned Strike","Midas Touch"],"picked":"ReplayTheSpireMod:Brewmster","floor":0.0},{"not_picked":["TheCursedMod:StingEye","TheCursedMod:Obscuration"],"picked":"TheCursedMod:CursedShiv","floor":1.0},{"not_picked":["TheCursedMod:Wield","TheCursedMod:PrepareRite"],"picked":"TheCursedMod:TacticalStrike","floor":2.0},{"not_picked":["TheCursedMod:CircleOfFlame","TheCursedMod:Torture"],"picked":"TheCursedMod:Neurasthenia","floor":6.0},{"not_picked":["TheCursedMod:VitalStrike","TheCursedMod:CursedBlade"],"picked":"TheCursedMod:AbyssShockwave","floor":8.0},{"not_picked":["TheCursedMod:Grudge","TheCursedMod:Torture"],"picked":"TheCursedMod:RapidMovement","floor":10.0},{"not_picked":["TheCursedMod:CursedBlade","TheCursedMod:CursedAmulet"],"picked":"TheCursedMod:BloodBarrier","floor":11},{"not_picked":["TheCursedMod:Wield","TheCursedMod:Evocation"],"picked":"TheCursedMod:CircleOfFlame","floor":14},{"not_picked":["TheCursedMod:ForbiddenAlchemy","TheCursedMod:StunningStrike"],"picked":"TheCursedMod:VoidForm","floor":16},{"not_picked":["TheCursedMod:CursedBlade","TheCursedMod:FleshFromBone"],"picked":"TheCursedMod:CursedShiv","floor":18},{"not_picked":["TheCursedMod:SmokeScreen","TheCursedMod:DoubleShield"],"picked":"TheCursedMod:Obscuration","floor":22},{"not_picked":["TheCursedMod:SmokeScreen","TheCursedMod:CursedAmulet"],"picked":"TheCursedMod:RapidMovement","floor":23},{"not_picked":["TheCursedMod:Wield","TheCursedMod:DemonicPact"],"picked":"TheCursedMod:CursedBlade","floor":25},{"not_picked":["TheCursedMod:VitalStrike","TheCursedMod:ReleasedKnowledge"],"picked":"TheCursedMod:CursedArmor","floor":27}],"player_experience":747232,"relics_obtained":[{"floor":6.0,"key":"Simple Rune"},{"floor":8.0,"key":"Dream Catcher"},{"floor":9.0,"key":"Pen Nib"},{"floor":26,"key":"Runesmith:Locket"}],"event_choices":[{"damage_healed":0.0,"max_hp_gain":0.0,"max_hp_loss":0.0,"gold_gain":0.0,"cards_transformed":["TheCursedMod:Strike_TheCursed"],"event_name":"Living Wall","player_choice":"Change","floor":4.0,"gold_loss":0.0,"damage_taken":0.0,"cards_obtained":["TheCursedMod:DemonicPact"]},{"damage_healed":0,"gold_gain":0,"cards_transformed":["TheCursedMod:Strike_TheCursed"],"player_choice":"Transformed","damage_taken":0,"max_hp_gain":0,"max_hp_loss":0,"event_name":"Transmorgrifier","floor":21,"gold_loss":0,"cards_obtained":["TheCursedMod:DemonicPact"]}],"is_beta":false,"boss_relics":[{"not_picked":["Runic Dome","SacredBark"],"picked":"SlaversCollar"}],"items_purged_floors":[],"is_endless":false,"potions_floor_spawned":[1,6,8,11,18,22],"killed_by":"Shelled Parasite and Fungi","ascension_level":11}}