{"host":"wshey5htrz8rni6u","time":1613837875,"event":{"mods":["2.2 Compatiblity","BaseMod","Block Reminder","Colored Map","Colored Powertips","Current Relic Mod","Curses Come First","Dark Map","Key Reminder","Keyboard Shortcuts","Minty Spire (QoL Compilation)","Potion Indicator Mod","Quick Restart","Random Character Button","Relic Sorter","Relic Stats","StSLib","SuperFastMode","Unceasing Turn Reminder","UnlockEverythingMod","Weighted Paths"],"gold_per_floor":[118,193,41,41,66,100,100,127,127,142,159,194,213,232,232,330,330,342,354,367,367,18,51,66,66,66,66,66,66,93,124,124,227,227,243,8,63,63,81,81,112,112,192,192,208,208,75,75,75,75,75,75,0,27,27],"floor_reached":56,"language":"ENG","playtime":4723,"items_purged":["Strike_G","Strike_G"],"score":1756,"play_id":"335b47c7-62ae-402c-b7a3-5d3491f2446e","local_time":"20210220081755","is_ascension_mode":true,"campfire_choices":[{"floor":15,"key":"REST"},{"data":"Neutralize","floor":25,"key":"SMITH"},{"data":"Corpse Explosion","floor":27,"key":"SMITH"},{"data":"Well Laid Plans","floor":32,"key":"SMITH"},{"floor":40,"key":"REST"},{"floor":42,"key":"RECALL"},{"data":"Footwork","floor":44,"key":"SMITH"},{"data":"Dash","floor":46,"key":"SMITH"},{"data":"1","floor":49,"key":"LIFT"},{"data":"Caltrops","floor":52,"key":"SMITH"}],"circlet_count":0,"master_deck":["AscendersBane","Strike_G","Defend_G","Defend_G","Defend_G","Defend_G","Defend_G","Survivor","Neutralize+1","Quick Slash","Poisoned Stab","Blade Dance","Caltrops+1","Corpse Explosion+1","Infinite Blades","Catalyst+1","Leg Sweep+1","Outmaneuver+1","Distraction+1","Bane","Venomology+1","CurseOfTheBell","Bouncing Flask+1","Dash+1","Accuracy","Bane","Well Laid Plans+1","Backflip+1","Footwork+1","Malaise+1","Outmaneuver+1","Footwork+1","Prepared+1","Good Instincts+1","Distraction+1","Night Terror+1","Panacea+1","PiercingWail+1","Accuracy"],"relics":["Ring of the Snake","Oddly Smooth Stone","Bottled Flame","Toxic Egg 2","Letter Opener","Blue Candle","Calling Bell","Regal Pillow","Mercury Hourglass","Girya","Enchiridion","Lee\u0027s Waffle","Pear","Vajra","MealTicket","Strawberry","Busted Crown","Strange Spoon","FossilizedHelix","Ornamental Fan","Mummified Hand","Dead Branch"],"acts_visited":["Exordium","TheCity","TheBeyond","TheEnding"],"potions_floor_usage":[8,12,12,20,20,23,23,23,31,33,37,39,41,41,50,50,50,54,54,55,55,55,55],"damage_taken":[{"damage":3,"enemies":"Cultist","floor":1,"turns":5},{"damage":29,"enemies":"3 Sentries","floor":6,"turns":13},{"damage":14,"enemies":"Lagavulin","floor":8,"turns":8},{"damage":0,"enemies":"2 Louse","floor":10,"turns":2},{"damage":1,"enemies":"Jaw Worm","floor":11,"turns":3},{"damage":11,"enemies":"3 Sentries","floor":12,"turns":3},{"damage":4,"enemies":"Looter","floor":13,"turns":4},{"damage":4,"enemies":"Exordium Wildlife","floor":14,"turns":6},{"damage":25,"enemies":"The Guardian","floor":16,"turns":10},{"damage":0,"enemies":"3 Byrds","floor":18,"turns":4},{"damage":17,"enemies":"2 Thieves","floor":19,"turns":4},{"damage":4,"enemies":"Snake Plant","floor":20,"turns":4},{"damage":0,"enemies":"Gremlin Leader","floor":23,"turns":6},{"damage":7,"enemies":"Centurion and Healer","floor":24,"turns":5},{"damage":7,"enemies":"Slavers","floor":31,"turns":2},{"damage":17,"enemies":"Collector","floor":33,"turns":7},{"damage":9,"enemies":"3 Shapes","floor":35,"turns":2},{"damage":38,"enemies":"2 Orb Walkers","floor":37,"turns":5},{"damage":0,"enemies":"3 Darklings","floor":39,"turns":2},{"damage":4,"enemies":"Nemesis","floor":41,"turns":7},{"damage":0,"enemies":"Sphere and 2 Shapes","floor":45,"turns":6},{"damage":43,"enemies":"Time Eater","floor":50,"turns":13},{"damage":24,"enemies":"Shield and Spear","floor":54,"turns":8},{"damage":80,"enemies":"The Heart","floor":55,"turns":9}],"seed_played":"-8970462564169982905","potions_obtained":[{"floor":6,"key":"Block Potion"},{"floor":10,"key":"CunningPotion"},{"floor":11,"key":"Regen Potion"},{"floor":14,"key":"Explosive Potion"},{"floor":16,"key":"Fire Potion"},{"floor":19,"key":"Ancient Potion"},{"floor":24,"key":"FearPotion"},{"floor":37,"key":"GamblersBrew"},{"floor":39,"key":"GamblersBrew"}],"is_trial":false,"path_per_floor":["M","?","$","?","T","E","?","E","T","M","M","E","M","M","R","B",null,"M","M","M","?","$","E","M","R","T","R","?","?","T","E","R","B",null,"M","$","?","?","M","R","E","R","T","R","M","R","$","?","R","B",null,"R","$","E","B",null],"character_chosen":"THE_SILENT","items_purchased":["Poisoned Stab","Blade Dance","Lee\u0027s Waffle","Bane","Well Laid Plans","Strange Spoon","Footwork","Panacea+1","PiercingWail+1","Accuracy"],"campfire_rested":2,"item_purchase_floors":[3,3,22,22,22,36,36,47,47,53],"current_hp_per_floor":[60,49,49,70,70,41,41,27,27,27,26,24,20,16,37,12,56,56,39,35,19,77,87,80,80,80,80,80,80,80,80,80,63,86,77,92,54,54,54,94,90,90,90,90,90,90,94,94,94,51,83,83,94,85,5],"gold":27,"neow_bonus":"REMOVE_CARD","is_daily":false,"chose_seed":false,"campfire_upgraded":6,"win_rate":0.0,"timestamp":1613837875,"path_taken":["M","?","$","?","?","E","?","E","T","M","?","E","M","M","R","BOSS","M","?","M","?","?","E","?","R","T","R","?","?","?","E","R","BOSS","M","$","?","?","M","R","E","R","T","R","M","R","?","?","R","BOSS","R","$","E","BOSS"],"items_purchased_type":["Card","Card","Relic","Card","Card","Relic","Card","Card","Card","Card"],"build_version":"2020-12-13","purchased_purges":2,"victory":true,"max_hp_per_floor":[70,70,70,70,70,70,70,70,70,70,70,70,70,70,70,70,70,70,70,70,70,77,87,87,87,87,87,87,87,87,94,94,94,94,94,94,94,94,94,94,94,94,94,94,94,94,94,94,94,94,94,94,94,94,94],"relic_stats":{"Regal Pillow":12,"Lee\u0027s Waffle":58,"counters":[24,137],"Blue Candle":[5],"Dead Branch":[17],"Letter Opener":[288],"Mercury Hourglass":[346],"Strange Spoon":[56],"Busted Crown":14,"Ornamental Fan":[44],"Mummified Hand":[40],"MealTicket":30,"obtain_stats":[{"Girya":17,"Regal Pillow":17,"Lee\u0027s Waffle":22,"Pear":23,"Blue Candle":12,"Dead Branch":54,"Oddly Smooth Stone":5,"Enchiridion":21,"Vajra":28,"Letter Opener":9,"Mercury Hourglass":17,"Calling Bell":17,"keyreminder:keyreminder":26,"Strange Spoon":36,"Bottled Flame":6,"Busted Crown":34,"Ornamental Fan":41,"Mummified Hand":43,"Strawberry":31,"MealTicket":30,"Toxic Egg 2":8,"FossilizedHelix":37,"Ring of the Snake":0},{"Girya":9,"Regal Pillow":9,"Lee\u0027s Waffle":12,"Pear":13,"Blue Candle":6,"Dead Branch":23,"Oddly Smooth Stone":1,"Enchiridion":12,"Vajra":14,"Letter Opener":3,"Mercury Hourglass":9,"Calling Bell":9,"keyreminder:keyreminder":14,"Strange Spoon":17,"Bottled Flame":2,"Busted Crown":16,"Ornamental Fan":20,"Mummified Hand":20,"Strawberry":15,"MealTicket":14,"Toxic Egg 2":3,"FossilizedHelix":18,"Ring of the Snake":0},{"Girya":54,"Regal Pillow":54,"Lee\u0027s Waffle":66,"Pear":72,"Blue Candle":34,"Dead Branch":128,"Oddly Smooth Stone":5,"Enchiridion":66,"Vajra":77,"Letter Opener":26,"Mercury Hourglass":54,"Calling Bell":54,"keyreminder:keyreminder":77,"Strange Spoon":88,"Bottled Flame":18,"Busted Crown":86,"Ornamental Fan":102,"Mummified Hand":102,"Strawberry":79,"MealTicket":77,"Toxic Egg 2":26,"FossilizedHelix":93,"Ring of the Snake":0}],"Ring of the Snake":[48]},"card_choices":[{"not_picked":["Bane","Catalyst"],"picked":"Quick Slash","floor":1},{"not_picked":["Blur","Flying Knee"],"picked":"Caltrops","floor":6},{"not_picked":["Prepared+1","Masterful Stab"],"picked":"Infinite Blades","floor":8},{"not_picked":["Masterful Stab","Concentrate+1"],"picked":"Catalyst+1","floor":10},{"not_picked":["Quick Slash","Catalyst+1"],"picked":"Leg Sweep+1","floor":11},{"not_picked":["Flying Knee","Deflect+1"],"picked":"Outmaneuver+1","floor":12},{"not_picked":["Slice","All Out Attack"],"picked":"Distraction+1","floor":13},{"not_picked":["Sucker Punch","Calculated Gamble+1"],"picked":"Bane","floor":14},{"not_picked":["A Thousand Cuts","Unload"],"picked":"Venomology+1","floor":16},{"not_picked":["Calculated Gamble+1","Dash"],"picked":"Bouncing Flask+1","floor":18},{"not_picked":["Blade Dance+1","Slice"],"picked":"Dash","floor":19},{"not_picked":["Distraction+1","Noxious Fumes"],"picked":"Accuracy","floor":20},{"not_picked":["Dodge and Roll+1","Dash"],"picked":"Backflip+1","floor":23},{"not_picked":["Distraction+1","Caltrops"],"picked":"Backstab","floor":24},{"not_picked":["Acrobatics+1","Choke"],"picked":"Footwork+1","floor":31},{"not_picked":["Phantasmal Killer+1","Glass Knife"],"picked":"Malaise+1","floor":33},{"not_picked":[],"picked":"Outmaneuver+1","floor":35},{"not_picked":[],"picked":"Prepared+1","floor":37},{"not_picked":[],"picked":"Good Instincts+1","floor":38},{"not_picked":[],"picked":"Distraction+1","floor":39},{"not_picked":[],"picked":"Night Terror+1","floor":41},{"not_picked":["Deadly Poison+1"],"picked":"SKIP","floor":45},{"not_picked":["Heel Hook+1"],"picked":"SKIP","floor":54}],"player_experience":164476,"relics_obtained":[{"floor":5,"key":"Oddly Smooth Stone"},{"floor":6,"key":"Bottled Flame"},{"floor":8,"key":"Toxic Egg 2"},{"floor":9,"key":"Letter Opener"},{"floor":12,"key":"Blue Candle"},{"floor":17,"key":"Regal Pillow"},{"floor":17,"key":"Mercury Hourglass"},{"floor":17,"key":"Girya"},{"floor":21,"key":"Enchiridion"},{"floor":23,"key":"Pear"},{"floor":30,"key":"MealTicket"},{"floor":31,"key":"Strawberry"},{"floor":37,"key":"FossilizedHelix"},{"floor":41,"key":"Ornamental Fan"},{"floor":43,"key":"Mummified Hand"},{"floor":54,"key":"Dead Branch"}],"event_choices":[{"damage_healed":0,"gold_gain":75,"player_choice":"Gather Gold","damage_taken":11,"max_hp_gain":0,"max_hp_loss":0,"event_name":"World of Goop","floor":2,"gold_loss":0},{"damage_healed":23,"gold_gain":0,"player_choice":"Banana","damage_taken":0,"max_hp_gain":0,"max_hp_loss":0,"event_name":"Big Fish","floor":4,"gold_loss":0},{"damage_healed":0,"gold_gain":0,"cards_transformed":["Strike_G"],"player_choice":"Change","damage_taken":0,"max_hp_gain":0,"max_hp_loss":0,"event_name":"Living Wall","floor":7,"gold_loss":0,"cards_obtained":["Corpse Explosion"]},{"damage_healed":0,"gold_gain":0,"player_choice":"Obtained Book","damage_taken":16,"max_hp_gain":0,"max_hp_loss":0,"event_name":"Cursed Tome","floor":21,"gold_loss":0},{"damage_healed":0,"gold_gain":0,"player_choice":"Opened","damage_taken":0,"relics_obtained":["Vajra"],"max_hp_gain":0,"max_hp_loss":0,"event_name":"The Mausoleum","floor":28,"gold_loss":0},{"damage_healed":0,"gold_gain":0,"player_choice":"Ignored","damage_taken":0,"max_hp_gain":0,"max_hp_loss":0,"event_name":"Vampires","floor":29,"gold_loss":0},{"damage_healed":0,"gold_gain":0,"player_choice":"Fight","damage_taken":0,"max_hp_gain":0,"max_hp_loss":0,"event_name":"Mysterious Sphere","floor":37,"gold_loss":0},{"damage_healed":0,"gold_gain":0,"player_choice":"Memory 1","damage_taken":0,"max_hp_gain":0,"max_hp_loss":0,"event_name":"SensoryStone","floor":38,"gold_loss":0},{"cards_removed":["Backstab"],"damage_healed":0,"gold_gain":0,"player_choice":"Removed Attack","damage_taken":0,"max_hp_gain":0,"max_hp_loss":0,"event_name":"Falling","floor":48,"gold_loss":0}],"is_beta":false,"boss_relics":[{"not_picked":["Runic Pyramid","Runic Dome"],"picked":"Calling Bell"},{"not_picked":["SlaversCollar","Pandora\u0027s Box"],"picked":"Busted Crown"}],"items_purged_floors":[3,22],"is_endless":false,"potions_floor_spawned":[6,10,11,14,16,19,24,37,39,45],"ascension_level":10}}