{"host":"uexz8m6e0pxi7xat","time":1613797438,"event":{"mods":["BaseMod","Bestiary","Minty Spire (QoL Compilation)","Relic Stats","ojb\u0027s Info Mod"],"gold_per_floor":[118,118,137,147,147,147,167,201,201,9,22,41,41,75,75,75,75],"floor_reached":16,"language":"ENG","playtime":952,"items_purged":[],"score":224,"play_id":"4e3220b3-412a-436e-9e89-c1e470ffe570","local_time":"20210220180358","is_ascension_mode":true,"campfire_choices":[{"data":"Static Discharge","floor":6.0,"key":"SMITH"},{"floor":13,"key":"REST"},{"data":"Consume","floor":15,"key":"SMITH"}],"circlet_count":0,"master_deck":["AscendersBane","Strike_B","Strike_B","Strike_B","Strike_B","Defend_B","Defend_B","Defend_B","Defend_B","Zap","Dualcast","Sweeping Beam","Reinforced Body","Genetic Algorithm","Static Discharge+1","Hyperbeam","Consume+1","Loop","Beam Cell","Core Surge","Sweeping Beam","Cold Snap"],"relics":["Cracked Core","Prayer Wheel","Strawberry","Membership Card","Cables"],"acts_visited":["Exordium"],"potions_floor_usage":[14,16,16],"damage_taken":[{"damage":4.0,"enemies":"Small Slimes","floor":1.0,"turns":3.0},{"damage":0.0,"enemies":"Jaw Worm","floor":3.0,"turns":5.0},{"damage":0.0,"enemies":"Cultist","floor":4.0,"turns":4.0},{"damage":16.0,"enemies":"Exordium Wildlife","floor":7.0,"turns":3.0},{"damage":11.0,"enemies":"Lagavulin","floor":8.0,"turns":7.0},{"damage":4.0,"enemies":"3 Louse","floor":11.0,"turns":2.0},{"damage":16,"enemies":"Exordium Thugs","floor":12,"turns":4},{"damage":16,"enemies":"3 Sentries","floor":14,"turns":3},{"damage":22,"enemies":"Hexaghost","floor":16,"turns":5}],"seed_played":"-2902655368527260624","potions_obtained":[{"floor":3.0,"key":"FearPotion"},{"floor":8.0,"key":"Regen Potion"},{"floor":12,"key":"Strength Potion"},{"floor":14,"key":"Explosive Potion"}],"is_trial":false,"path_per_floor":["M","?","M","M","?","R","M","E","T","$","M","M","R","E","R","B"],"character_chosen":"DEFECT","items_purchased":["Membership Card","Block Potion"],"campfire_rested":1,"item_purchase_floors":[10,10],"current_hp_per_floor":[42,42,42,42,42,42,26,22,22,22,18,2,25,18,18,0,0],"gold":75,"neow_bonus":"ONE_RARE_RELIC","is_daily":false,"chose_seed":false,"campfire_upgraded":2,"win_rate":0.0,"timestamp":1613797438,"path_taken":["M","?","M","M","?","R","M","E","T","?","M","M","R","E","R","BOSS"],"items_purchased_type":["Relic","Potion"],"build_version":"2020-12-22","purchased_purges":0,"victory":false,"max_hp_per_floor":[71,71,71,71,71,71,71,78,78,78,78,78,78,78,78,78,78],"relic_stats":{"counters":[9,36],"Prayer Wheel":6,"obtain_stats":[{"Strawberry":8,"Prayer Wheel":0,"Membership Card":10,"Cracked Core":0,"Cables":14},{"Strawberry":5,"Prayer Wheel":0,"Membership Card":5,"Cracked Core":0,"Cables":8},{"Strawberry":22,"Prayer Wheel":0,"Membership Card":22,"Cracked Core":0,"Cables":31}],"Cables":[5,5,0,0,0]},"card_choices":[{"not_picked":["Compile Driver","Darkness"],"picked":"Sweeping Beam","floor":1.0},{"not_picked":["Gash","Streamline"],"picked":"Reinforced Body","floor":1.0},{"not_picked":["White Noise","Conserve Battery"],"picked":"Genetic Algorithm","floor":3.0},{"not_picked":["Sweeping Beam","Leap"],"picked":"Static Discharge","floor":3.0},{"not_picked":["Redo","Static Discharge","Fusion"],"picked":"SKIP","floor":4.0},{"not_picked":["Redo","Coolheaded","Blizzard"],"picked":"SKIP","floor":4.0},{"not_picked":["Redo","Static Discharge","Fusion"],"picked":"SKIP","floor":4.0},{"not_picked":["Redo","Coolheaded","Blizzard"],"picked":"SKIP","floor":4.0},{"not_picked":["Gash","Streamline"],"picked":"Hyperbeam","floor":7.0},{"not_picked":["Barrage","Stack"],"picked":"Consume","floor":7.0},{"not_picked":["Reinforced Body","Double Energy"],"picked":"Loop","floor":8.0},{"not_picked":["Turbo","Compile Driver"],"picked":"Beam Cell","floor":11.0},{"not_picked":["Melter","Skim","Barrage"],"picked":"SKIP","floor":11.0},{"not_picked":["Beam Cell","Blizzard"],"picked":"Core Surge","floor":12},{"not_picked":["Steam","Scrape"],"picked":"Sweeping Beam","floor":12},{"not_picked":["Streamline","Steam Power"],"picked":"Cold Snap","floor":14}],"player_experience":1075394,"relics_obtained":[{"floor":8.0,"key":"Strawberry"},{"floor":14,"key":"Cables"}],"event_choices":[{"damage_healed":0.0,"max_hp_gain":0.0,"max_hp_loss":0.0,"gold_gain":0.0,"event_name":"Liars Game","player_choice":"Ignored","floor":2.0,"gold_loss":0.0,"damage_taken":0.0},{"damage_healed":0.0,"max_hp_gain":0.0,"max_hp_loss":0.0,"gold_gain":0.0,"event_name":"Shining Light","player_choice":"Ignored","floor":5.0,"gold_loss":0.0,"damage_taken":0.0}],"is_beta":false,"boss_relics":[],"items_purged_floors":[],"is_endless":false,"potions_floor_spawned":[3,8,12,14],"killed_by":"Hexaghost","ascension_level":20}}