{"host":"n6wy3zv6av0qxahu","time":1613821618,"event":{"mods":["BaseMod","BetterRewards","Infinite Spire","Minty Spire (QoL Compilation)","Relic Filter","Shop Mod","StSLib","The Hierophant","noobMod"],"gold_per_floor":[110,126,142,154,164,164,199,211,211,43,77,89,118,130,142,154,154],"floor_reached":16,"language":"ZHS","playtime":781,"items_purged":["Strike_R"],"score":164,"play_id":"f33fa15d-8e1c-40c2-84af-ab638bb03c13","local_time":"20210220194658","is_ascension_mode":false,"campfire_choices":[{"data":"Infernal Blade","floor":12,"key":"SMITH"},{"data":"Entrench","floor":15,"key":"SMITH"}],"circlet_count":0,"master_deck":["Strike_R","Strike_R","Strike_R","Strike_R","Defend_R","Defend_R+1","Defend_R","Defend_R","Bash+1","Entrench+1","Dual Wield","Body Slam","Flex","Seeing Red","Infernal Blade+1","Rage"],"relics":["Burning Blood","ice","Membership Card","Unceasing Top","HornCleat","infinitespire:PuzzleCube","Gremlin Horn","Mango","Frozen Egg 2","infinitespire:Satchel","MerchantsRug","MawBank"],"acts_visited":["Exordium"],"potions_floor_usage":[7,16],"damage_taken":[{"damage":3,"enemies":"Jaw Worm","floor":1,"turns":5},{"damage":5,"enemies":"2 Louse","floor":2,"turns":2},{"damage":1,"enemies":"infinitespire:Voidling","floor":3,"turns":4},{"damage":19,"enemies":"2 Fungi Beasts","floor":4,"turns":4},{"damage":5,"enemies":"Looter","floor":5,"turns":3},{"damage":18,"enemies":"Gremlin Nob","floor":7,"turns":5},{"damage":0,"enemies":"Large Slime","floor":8,"turns":6},{"damage":19,"enemies":"3 Sentries","floor":11,"turns":6},{"damage":2,"enemies":"3 Louse","floor":13,"turns":2},{"damage":36,"enemies":"The Guardian","floor":16,"turns":7}],"seed_played":"4123372188461007795","potions_obtained":[{"floor":3,"key":"Block Potion"},{"floor":8,"key":"Swift Potion"},{"floor":11,"key":"FearPotion"},{"floor":13,"key":"BlessingOfTheForge"}],"is_trial":false,"path_per_floor":["M","M","M","M","M","?","E","M","T","$","E","R","M","?","R","B"],"character_chosen":"IRONCLAD","items_purchased":["Membership Card","Unceasing Top","HornCleat","infinitespire:PuzzleCube","Gremlin Horn","Entrench","Infernal Blade","infinitespire:Satchel","MerchantsRug"],"campfire_rested":0,"item_purchase_floors":[0,0,0,0,0,0,10,10,10],"current_hp_per_floor":[46,47,52,39,40,24,26,32,32,32,19,19,23,51,51,15,15],"gold":154,"neow_bonus":"","is_daily":false,"chose_seed":false,"campfire_upgraded":2,"win_rate":0.0,"timestamp":1613821618,"path_taken":["M","M","M","M","M","?","E","M","T","$","E","R","M","?","R","BOSS"],"items_purchased_type":["Relic","Relic","Relic","Relic","Relic","Card","Card","Relic","Relic"],"build_version":"2020-12-22","purchased_purges":1,"victory":false,"max_hp_per_floor":[80,80,80,80,80,80,94,94,94,94,94,94,94,94,94,94,94],"card_choices":[{"not_picked":["Clothesline","Armaments","Headbutt"],"picked":"SKIP","floor":1},{"not_picked":["Perfected Strike","Second Wind","Evolve"],"picked":"SKIP","floor":2},{"not_picked":["Heavy Blade","Iron Wave"],"picked":"Dual Wield","floor":3},{"not_picked":["Sword Boomerang","Rupture"],"picked":"Body Slam","floor":4},{"not_picked":["Reckless Charge","Infernal Blade"],"picked":"Flex","floor":5},{"not_picked":["Power Through","Pommel Strike","True Grit"],"picked":"SKIP","floor":7},{"not_picked":["Thunderclap","Inflame"],"picked":"Seeing Red","floor":8},{"not_picked":["Pommel Strike","Havoc","Combust+1"],"picked":"SKIP","floor":11},{"not_picked":["Power Through","Hemokinesis"],"picked":"Rage","floor":13}],"player_experience":126385,"relics_obtained":[{"floor":7,"key":"Mango"},{"floor":9,"key":"Frozen Egg 2"},{"floor":11,"key":"MawBank"}],"event_choices":[{"damage_healed":0,"gold_gain":0,"player_choice":"Entered Light","damage_taken":16,"max_hp_gain":0,"max_hp_loss":0,"event_name":"Shining Light","floor":6,"gold_loss":0,"cards_upgraded":["Bash","Defend_R"]}],"is_beta":false,"boss_relics":[],"items_purged_floors":[0],"is_endless":false,"potions_floor_spawned":[3,8,11,13],"killed_by":"The Guardian","ascension_level":0}}