{"host":"ovivighfa421z0zp","time":1613827543,"event":{"mods":["BaseMod","Colored Map","DeckTracker","Keyboard Shortcuts","Minty Spire (QoL Compilation)","Permanent Neow","Quick Restart","Replay The Spire","StSLib","SuperFastMode","The Cursed"],"gold_per_floor":[114,131,142,159,109,109,134,134,134,134,146,163,7,24,24,119,119,135,135,153,165,22,22,22,22,46,46,63,77,77,77,77,178,178,196,16,67,129,144,144,154,166,189,199,226,238,238,267,267,267],"floor_reached":51,"language":"KOR","playtime":2603,"items_purged":["TheCursedMod:Defend_TheCursed","TheCursedMod:CursedMace+1"],"score":870,"play_id":"fe9f28ca-8ac0-478f-9940-0191bc234108","local_time":"20210220222543","is_ascension_mode":true,"campfire_choices":[{"data":"TheCursedMod:CursedMace","floor":6.0,"key":"SMITH"},{"data":"TheCursedMod:FleshFromBone","floor":15.0,"key":"SMITH"},{"data":"TheCursedMod:Grudge","floor":23.0,"key":"SMITH"},{"floor":27.0,"key":"REST"},{"data":"TheCursedMod:SpitefulPray","floor":30.0,"key":"SMITH"},{"data":"TheCursedMod:CleanUpWorkshop","floor":32.0,"key":"SMITH"},{"data":"TheCursedMod:SpitefulPlan","floor":40.0,"key":"SMITH"},{"floor":47.0,"key":"REST"},{"floor":49.0,"key":"REST"}],"circlet_count":0,"master_deck":["TheCursedMod:CursedWand","TheCursedMod:CleanUpWorkshop+1","TheCursedMod:SpitefulPray+1","TheCursedMod:CursedAmulet","TheCursedMod:CircleOfBlood","TheCursedMod:CursedBlade+1","TheCursedMod:CursedMace+1","TheCursedMod:BlessingInDisguise","TheCursedMod:FleshFromBone+1","TheCursedMod:CursedSpellbook","TheCursedMod:VoidForm","TheCursedMod:SpitefulPray","TheCursedMod:RapidMovement","TheCursedMod:Grudge+1","TheCursedMod:ShockAndAwe+1","TheCursedMod:CursedSpellbook","TheCursedMod:TroublousMinions","TheCursedMod:SpitefulPlan+1","TheCursedMod:CollectTribute","Clumsy","TheCursedMod:Dregs","TheCursedMod:WearCloak+1","TheCursedMod:ReleasedStrength","TheCursedMod:ReleasedStrength","TheCursedMod:SpitefulPlan+1","ReplayTheSpireMod:Splinters","TheCursedMod:Wield+1","Parasite","TheCursedMod:AshesToAshes","TheCursedMod:CursedBoomerang+1","TheCursedMod:CursedBoomerang+1"],"relics":["TheCursedMod:BlackMagicAdvanced","CaptainsWheel","Molten Egg 2","Replay:Bottled Snecko","InkBottle","Lee\u0027s Waffle","Juzu Bracelet","Smiling Mask","TheCursedMod:Tack","Kintsugi","Singing Bowl","ReplayTheSpireMod:CursedCoin","Bag of Marbles","Omamori","Art of War"],"acts_visited":["Exordium","TheCity","TheBeyond"],"potions_floor_usage":[50],"damage_taken":[{"damage":4.0,"enemies":"2 Louse","floor":1.0,"turns":3.0},{"damage":0.0,"enemies":"Small Slimes","floor":2.0,"turns":4.0},{"damage":2.0,"enemies":"Jaw Worm","floor":3.0,"turns":3.0},{"damage":5.0,"enemies":"3 Louse","floor":4.0,"turns":4.0},{"damage":36.0,"enemies":"Gremlin Nob","floor":7.0,"turns":5.0},{"damage":1.0,"enemies":"Large Slime","floor":11.0,"turns":5.0},{"damage":0.0,"enemies":"Exordium Wildlife","floor":12.0,"turns":1.0},{"damage":2.0,"enemies":"Exordium Thugs","floor":14.0,"turns":6.0},{"damage":30.0,"enemies":"The Guardian","floor":16.0,"turns":16.0},{"damage":9.0,"enemies":"Chosen","floor":18.0,"turns":3.0},{"damage":21.0,"enemies":"3 Byrds","floor":20.0,"turns":3.0},{"damage":6.0,"enemies":"Centurion and Healer","floor":21.0,"turns":9.0},{"damage":18.0,"enemies":"Cultist and Chosen","floor":28.0,"turns":7.0},{"damage":2.0,"enemies":"Snecko","floor":29.0,"turns":4.0},{"damage":8.0,"enemies":"Champ","floor":33.0,"turns":8.0},{"damage":10.0,"enemies":"3 Darklings","floor":35.0,"turns":5.0},{"damage":18.0,"enemies":"3 Shapes","floor":39.0,"turns":5.0},{"damage":13.0,"enemies":"Maw","floor":41.0,"turns":6.0},{"damage":21.0,"enemies":"Spire Growth","floor":42.0,"turns":5.0},{"damage":4.0,"enemies":"Jaw Worm Horde","floor":44.0,"turns":3.0},{"damage":4.0,"enemies":"Sphere and 2 Shapes","floor":46.0,"turns":3.0},{"damage":0.0,"enemies":"R_Hoarder","floor":48.0,"turns":5.0},{"damage":33,"enemies":"Donu and Deca","floor":50,"turns":6}],"seed_played":"6650403528365482969","potions_obtained":[{"floor":2.0,"key":"Dexterity Potion"},{"floor":11.0,"key":"SkillPotion"},{"floor":12.0,"key":"Weak Potion"},{"floor":14.0,"key":"ColorlessPotion"},{"floor":16.0,"key":"Explosive Potion"},{"floor":18.0,"key":"LiquidBronze"},{"floor":20.0,"key":"GamblersBrew"},{"floor":21.0,"key":"CultistPotion"},{"floor":29.0,"key":"EntropicBrew"},{"floor":39.0,"key":"Energy Potion"},{"floor":41.0,"key":"LiquidBronze"}],"is_trial":false,"path_per_floor":["M","M","M","M","?","R","E","?","T","?","M","M","$","M","R","B",null,"M","?","M","M","$","R","?","$","T","R","M","M","R","?","R","B",null,"M","$","?","$","M","R","M","M","T","M","T","M","R","E","R","B",null],"character_chosen":"THE_CURSED","items_purchased":["Lee\u0027s Waffle","TheCursedMod:ShockAndAwe+1","TheCursedMod:CursedSpellbook","TheCursedMod:ReleasedStrength","TheCursedMod:SpitefulPlan","ReplayTheSpireMod:CursedCoin","TheCursedMod:AshesToAshes"],"campfire_rested":3,"item_purchase_floors":[13,22,22,36,36,38,38],"current_hp_per_floor":[64,64,62,57,57,57,23,23,23,23,26,26,75,73,73,43,67,60,60,41,35,35,35,35,35,35,57,43,43,43,43,43,39,66,58,58,60,60,44,44,35,16,16,18,18,18,42,50,75,42],"gold":267,"neow_bonus":"ONE_RARE_RELIC","is_daily":false,"chose_seed":false,"campfire_upgraded":6,"win_rate":0.0,"timestamp":1613827543,"path_taken":["M","M","M","M","?","R","E","?","T","?","M","M","$","M","R","BOSS","M","?","M","M","$","R","?","?","T","R","M","M","R","?","R","BOSS","M","$","?","?","M","R","M","M","T","M","?","M","R","E","R","BOSS"],"items_purchased_type":["Relic","Card","Card","Card","Card","Relic","Card"],"build_version":"2020-12-22","purchased_purges":2,"victory":true,"max_hp_per_floor":[68,68,68,68,68,68,68,68,68,68,68,68,75,75,75,75,75,75,75,75,75,75,75,75,75,75,75,75,75,75,75,75,75,75,75,75,77,77,79,79,81,81,81,83,83,83,83,85,85,85],"card_choices":[{"not_picked":["TheCursedMod:CircleOfFlame","TheCursedMod:LuckyCharm"],"picked":"TheCursedMod:CursedMace","floor":1.0},{"not_picked":["TheCursedMod:FleshFromBone","TheCursedMod:HellsGateOpen"],"picked":"TheCursedMod:SpitefulPray","floor":2.0},{"not_picked":["TheCursedMod:Stigma","TheCursedMod:CursedArmor"],"picked":"TheCursedMod:CursedAmulet","floor":3.0},{"not_picked":["TheCursedMod:CursedMace","TheCursedMod:CursedAmulet"],"picked":"TheCursedMod:CircleOfBlood","floor":4.0},{"not_picked":["TheCursedMod:SpreadPlague","TheCursedMod:SmokeScreen"],"picked":"TheCursedMod:CursedBlade+1","floor":7.0},{"not_picked":["TheCursedMod:DarkBarrier","TheCursedMod:Wield+1"],"picked":"TheCursedMod:BlessingInDisguise","floor":11.0},{"not_picked":["TheCursedMod:Obscuration","TheCursedMod:Wield+1"],"picked":"TheCursedMod:FleshFromBone","floor":12.0},{"not_picked":["TheCursedMod:SurpriseAttack+1","TheCursedMod:FleshFromBone"],"picked":"TheCursedMod:CursedSpellbook","floor":14.0},{"not_picked":["TheCursedMod:AntiAging","TheCursedMod:ForbiddenAlchemy"],"picked":"TheCursedMod:VoidForm","floor":16.0},{"not_picked":["TheCursedMod:RavingStaff+1","TheCursedMod:CursedMace+1"],"picked":"TheCursedMod:SpitefulPray","floor":18.0},{"not_picked":["TheCursedMod:CircleOfBlood","TheCursedMod:ReleasedStrength+1"],"picked":"TheCursedMod:RapidMovement","floor":20.0},{"not_picked":["TheCursedMod:SaltUponWound","TheCursedMod:CircleOfBlood"],"picked":"TheCursedMod:Grudge","floor":21.0},{"not_picked":["TheCursedMod:Wield+1","TheCursedMod:Torture"],"picked":"TheCursedMod:TroublousMinions","floor":28.0},{"not_picked":["TheCursedMod:CircleOfFlame+1","TheCursedMod:FleshFromBone+1"],"picked":"TheCursedMod:SpitefulPlan+1","floor":29.0},{"not_picked":["TheCursedMod:ParallelWorld","TheCursedMod:OutForBlood"],"picked":"TheCursedMod:CollectTribute","floor":33.0},{"not_picked":["TheCursedMod:FleshFromBone","TheCursedMod:CircleOfCorruption+1"],"picked":"TheCursedMod:WearCloak+1","floor":35.0},{"not_picked":["TheCursedMod:Torture","TheCursedMod:CircleOfCorruption","TheCursedMod:CursedShiv+1"],"picked":"Singing Bowl","floor":37.0},{"not_picked":["TheCursedMod:Torture+1","TheCursedMod:Stretching+1"],"picked":"TheCursedMod:Wield+1","floor":37.0},{"not_picked":["TheCursedMod:Torture+1","TheCursedMod:PrepareRite+1","TheCursedMod:SpreadPlague"],"picked":"Singing Bowl","floor":39.0},{"not_picked":["TheCursedMod:BloodBarrier","TheCursedMod:Wield+1","TheCursedMod:CircleOfCorruption"],"picked":"Singing Bowl","floor":41.0},{"not_picked":["TheCursedMod:RavingStaff+1","TheCursedMod:Torture"],"picked":"TheCursedMod:CursedBoomerang+1","floor":42.0},{"not_picked":["TheCursedMod:SurpriseAttack+1","TheCursedMod:ReleasedKnowledge+1","TheCursedMod:CursedBlade+1"],"picked":"Singing Bowl","floor":44.0},{"not_picked":["TheCursedMod:HellsGateOpen","TheCursedMod:Wield+1"],"picked":"TheCursedMod:CursedBoomerang+1","floor":46.0},{"not_picked":["TheCursedMod:CircleOfBlood","TheCursedMod:VoidForm","TheCursedMod:CursedShiv+1"],"picked":"Singing Bowl","floor":48.0}],"player_experience":757861,"relics_obtained":[{"floor":7.0,"key":"Molten Egg 2"},{"floor":9.0,"key":"Replay:Bottled Snecko"},{"floor":26.0,"key":"TheCursedMod:Tack"},{"floor":37.0,"key":"Singing Bowl"},{"floor":43.0,"key":"Bag of Marbles"},{"floor":45.0,"key":"Omamori"},{"floor":48.0,"key":"Art of War"}],"event_choices":[{"cards_removed":["TheCursedMod:Strike_TheCursed"],"damage_healed":0.0,"max_hp_gain":0.0,"max_hp_loss":0.0,"gold_gain":0.0,"event_name":"The Cleric","player_choice":"Card Removal","floor":5.0,"gold_loss":50.0,"damage_taken":0.0},{"damage_healed":0.0,"max_hp_gain":0.0,"max_hp_loss":0.0,"gold_gain":0.0,"cards_transformed":["TheCursedMod:Strike_TheCursed"],"event_name":"Living Wall","player_choice":"Change","floor":8.0,"gold_loss":0.0,"damage_taken":0.0,"cards_obtained":["TheCursedMod:CursedMace"]},{"damage_healed":0.0,"max_hp_gain":0.0,"max_hp_loss":0.0,"gold_gain":0.0,"event_name":"Dead Adventurer","player_choice":"Searched \u00272\u0027 times","floor":10.0,"gold_loss":0.0,"damage_taken":0.0,"relics_obtained":["InkBottle"]},{"damage_healed":0.0,"max_hp_gain":0.0,"max_hp_loss":0.0,"gold_gain":0.0,"event_name":"Addict","player_choice":"Stole Relic","floor":19.0,"gold_loss":0.0,"damage_taken":0.0,"relics_obtained":["Juzu Bracelet"],"cards_obtained":["Shame"]},{"damage_healed":0.0,"max_hp_gain":0.0,"max_hp_loss":0.0,"gold_gain":0.0,"event_name":"The Mausoleum","player_choice":"Opened","floor":24.0,"gold_loss":0.0,"damage_taken":0.0,"relics_obtained":["Smiling Mask"]},{"cards_removed":["Shame","TheCursedMod:Dregs"],"damage_healed":0.0,"max_hp_gain":0.0,"max_hp_loss":0.0,"gold_gain":0.0,"event_name":"Fountain of Cleansing","player_choice":"Removed Curses","floor":31.0,"gold_loss":0.0,"damage_taken":0.0}],"is_beta":false,"boss_relics":[{"not_picked":["Sozu","Fusion Hammer"],"picked":"TheCursedMod:BlackMagicAdvanced"},{"not_picked":["Abe\u0027s Treasure","Honey Jar"],"picked":"Kintsugi"}],"items_purged_floors":[36,38],"is_endless":false,"potions_floor_spawned":[2,11,12,14,16,18,20,21,29,39,41],"ascension_level":5}}