{"host":"qc1sjgtdjonvdsd8","time":1613787804,"event":{"mods":["BaseMod","Colored Map","Colored Powertips","Curses Come First","Minty Spire (QoL Compilation)","Replay The Spire","StSLib"],"gold_per_floor":[109,109,121,141,157,157,157,176,201,233,195,235,262,32,32,128,128,147,162,162,173,189,189,218,218,218,234,263,277,277,303,303,404,404,417,428,475,34,0,35,35,64,64,97,115,148,148,168,168,168,168,168,24,53,53],"floor_reached":56,"language":"ENG","playtime":6099,"items_purged":["Consume"],"score":1644,"play_id":"43d04986-23f0-4b5f-a534-dfdb4b4a8a15","local_time":"20210219182324","is_ascension_mode":true,"campfire_choices":[{"data":"Hologram","floor":6,"key":"SMITH"},{"floor":15,"key":"REST"},{"data":"Buffer","floor":23,"key":"SMITH"},{"data":"Self Repair","floor":25,"key":"SMITH"},{"floor":32,"key":"DIG"},{"floor":49,"key":"RECALL"},{"data":"Reprogram","floor":52,"key":"SMITH"}],"circlet_count":0,"master_deck":["Strike_B+1","Strike_B+1","Defend_B+2","Defend_B+1","Defend_B+1","Defend_B+2","Zap","Dualcast","Hyperbeam+1","Gash","Hologram+1","All For One","Flash of Steel","Steam","Self Repair","Self Repair+1","Buffer+1","Go for the Eyes","Leap+1","Turbo","Go for the Eyes","Echo Form","Reprogram+1","Machine Learning","Redo+1","Gash","Echo Form","Flash of Steel","Swift Strike","BootSequence","Go for the Eyes+1","FTL","All For One"],"relics":["Cracked Core","Replay:Wax Seal","MawBank","Dream Catcher","ReplayTheSpireMod:Ninjato","Coffee Dripper","Simple Rune","Iron Hammer","Regal Pillow","InkBottle","Gremlin Horn","Nuclear Battery","Durian","ClockworkSouvenir","Red Mask","Nunchaku","Toy Ornithopter","Strawberry","PreservedInsect","Shuriken","DollysMirror","Pet Ghost"],"acts_visited":["Exordium","TheCity","TheBeyond","TheEnding"],"potions_floor_usage":[10,12,16,18,19,24,28,31,33,37,50,50,55],"damage_taken":[{"damage":0,"enemies":"2 Louse","floor":1,"turns":1},{"damage":0,"enemies":"Cultist","floor":3,"turns":3},{"damage":0,"enemies":"Jaw Worm","floor":4,"turns":1},{"damage":0,"enemies":"2 Fungi Beasts","floor":5,"turns":1},{"damage":0,"enemies":"Exordium Thugs","floor":8,"turns":2},{"damage":40,"enemies":"Lagavulin","floor":10,"turns":4},{"damage":6,"enemies":"Gremlin Nob","floor":12,"turns":3},{"damage":0,"enemies":"Blue Slaver","floor":13,"turns":2},{"damage":30,"enemies":"Slime Boss","floor":16,"turns":8},{"damage":11,"enemies":"Spheric Guardian","floor":18,"turns":4},{"damage":29,"enemies":"Shell Parasite","floor":19,"turns":4},{"damage":9,"enemies":"Centurion and Healer","floor":21,"turns":5},{"damage":5,"enemies":"Snake Plant","floor":22,"turns":4},{"damage":14,"enemies":"Replay:Snechameleon","floor":24,"turns":5},{"damage":0,"enemies":"Sentry and Sphere","floor":27,"turns":3},{"damage":0,"enemies":"Book of Stabbing","floor":28,"turns":4},{"damage":0,"enemies":"3 Cultists","floor":29,"turns":3},{"damage":10,"enemies":"Gremlin Leader","floor":31,"turns":7},{"damage":18,"enemies":"Champ","floor":33,"turns":11},{"damage":0,"enemies":"Orb Walker","floor":35,"turns":4},{"damage":0,"enemies":"3 Shapes","floor":36,"turns":2},{"damage":5,"enemies":"2 Orb Walkers","floor":37,"turns":6},{"damage":0,"enemies":"Reptomancer","floor":40,"turns":5},{"damage":6,"enemies":"Nemesis","floor":42,"turns":4},{"damage":0,"enemies":"Giant Head","floor":44,"turns":6},{"damage":0,"enemies":"Spire Growth","floor":45,"turns":4},{"damage":5,"enemies":"R_Hoarder","floor":46,"turns":9},{"damage":0,"enemies":"Maw","floor":48,"turns":4},{"damage":0,"enemies":"Awakened One","floor":50,"turns":5},{"damage":6,"enemies":"Shield and Spear","floor":54,"turns":2},{"damage":18,"enemies":"The Heart","floor":55,"turns":7}],"seed_played":"-7896475557150410589","potions_obtained":[{"floor":1,"key":"Regen Potion"},{"floor":5,"key":"BlessingOfTheForge"},{"floor":10,"key":"AttackPotion"},{"floor":12,"key":"Energy Potion"},{"floor":16,"key":"Block Potion"},{"floor":18,"key":"LiquidBronze"},{"floor":24,"key":"PowerPotion"},{"floor":28,"key":"Weak Potion"},{"floor":29,"key":"SkillPotion"},{"floor":30,"key":"Flashbang"},{"floor":30,"key":"Explosive Potion"},{"floor":31,"key":"Milkshake"},{"floor":40,"key":"DuplicationPotion"},{"floor":42,"key":"PowerPotion"},{"floor":46,"key":"SpeedPotion"},{"floor":54,"key":"SkillPotion"}],"is_trial":false,"path_per_floor":["M","?","M","M","M","R","?","M","T","E","?","E","M","$","R","B",null,"M","M","?","M","M","R","E","R","T","M","E","M","?","E","R_BF","B",null,"M","M","?","$","?","E","?","E","T","E","M","E","T","M","R","B",null,"R","$","E","B",null],"character_chosen":"DEFECT","items_purchased":["ReplayTheSpireMod:Ninjato","Gash","Echo Form","ClockworkSouvenir","DollysMirror"],"campfire_rested":1,"item_purchase_floors":[14,38,38,38,53],"current_hp_per_floor":[75,60,60,60,60,60,60,60,60,29,29,23,23,23,45,32,75,75,60,60,65,60,60,60,60,60,75,75,75,75,75,75,75,75,75,75,80,80,80,80,75,76,76,87,87,87,87,87,87,87,87,87,87,87,83],"gold":53,"neow_bonus":"TRANSFORM_CARD","is_daily":false,"chose_seed":false,"campfire_upgraded":4,"win_rate":0.0,"timestamp":1613787804,"path_taken":["M","?","M","M","M","R","?","?","T","E","?","E","M","$","R","BOSS","M","M","?","M","M","R","E","R","T","M","E","M","?","E","R_BF","BOSS","M","M","?","$","?","E","?","E","T","E","M","E","?","M","R","BOSS","R","$","E","BOSS"],"items_purchased_type":["Relic","Card","Card","Relic","Relic"],"build_version":"2020-12-22","purchased_purges":1,"victory":true,"max_hp_per_floor":[75,75,75,75,75,75,75,75,75,75,75,75,75,75,75,75,75,75,75,75,75,75,75,75,75,75,75,75,75,75,75,75,75,75,75,75,80,80,80,80,80,80,80,87,87,87,87,87,87,87,87,87,87,87,87],"card_choices":[{"not_picked":["Static Discharge","Ball Lightning"],"picked":"Gash","floor":1},{"not_picked":["Rebound","Static Discharge"],"picked":"Consume","floor":3},{"not_picked":["Rebound","Recycle","Panic Button"],"picked":"SKIP","floor":4},{"not_picked":["Darkness","Rebound"],"picked":"Hologram","floor":5},{"not_picked":["Redo","Stack","BasicCrystalCard"],"picked":"SKIP","floor":8},{"not_picked":["Rip and Tear","Stack"],"picked":"Steam","floor":10},{"not_picked":["Chaos","Biased Cognition"],"picked":"Self Repair","floor":12},{"not_picked":["Static Discharge","Glacier"],"picked":"Self Repair","floor":13},{"not_picked":["Mirror Shield","ReplayTheSpireMod:Omega Cannon"],"picked":"Buffer","floor":16},{"not_picked":["Chaos","Hologram","Cold Snap"],"picked":"SKIP","floor":18},{"not_picked":["ReplayGash","Barrage+1"],"picked":"Go for the Eyes","floor":19},{"not_picked":["BasicCrystalCard","Panic Button"],"picked":"Leap+1","floor":21},{"not_picked":["Leap","Redo","Lockon"],"picked":"SKIP","floor":22},{"not_picked":["Rebound","Glacier"],"picked":"Turbo","floor":24},{"not_picked":["Glacier","Stack","Defragment+1"],"picked":"SKIP","floor":27},{"not_picked":["Rainbow","Compile Driver"],"picked":"Go for the Eyes","floor":28},{"not_picked":["Rip and Tear","BasicCrystalCard","Compile Driver"],"picked":"SKIP","floor":29},{"not_picked":["Redo","Turbo","Stack"],"picked":"SKIP","floor":31},{"not_picked":["Buffer","Reboot"],"picked":"Echo Form","floor":33},{"not_picked":["Barrage+1","Steam"],"picked":"Reprogram","floor":35},{"not_picked":["Streamline","ReplayTheSpireMod:Repulse+1"],"picked":"Machine Learning","floor":36},{"not_picked":["Steam","Reprogram"],"picked":"Redo+1","floor":37},{"not_picked":["Turbo+1","Static Discharge","Hologram+1"],"picked":"SKIP","floor":40},{"not_picked":["ReplayUltimateDefense","ReplayTheSpireMod:Brewmster"],"picked":"Flash of Steel","floor":41},{"not_picked":["ReplayTheSpireMod:Private Reserves","Panacea"],"picked":"Swift Strike","floor":41},{"not_picked":["Cold Snap","Glacier"],"picked":"BootSequence","floor":42},{"not_picked":["BasicCrystalCard","Rip and Tear+1","Leap"],"picked":"SKIP","floor":44},{"not_picked":["Sunder+1","Steam+1"],"picked":"Go for the Eyes+1","floor":45},{"not_picked":["Barrage","Gash+1"],"picked":"FTL","floor":46},{"not_picked":["Tempest","Hologram+1","Rebound+1"],"picked":"SKIP","floor":48},{"not_picked":["Rainbow","Rebound","Barrage"],"picked":"SKIP","floor":54}],"player_experience":300837,"relics_obtained":[{"floor":9,"key":"Replay:Wax Seal"},{"floor":10,"key":"MawBank"},{"floor":12,"key":"Dream Catcher"},{"floor":24,"key":"Simple Rune"},{"floor":26,"key":"Iron Hammer"},{"floor":28,"key":"Regal Pillow"},{"floor":31,"key":"InkBottle"},{"floor":32,"key":"Gremlin Horn"},{"floor":37,"key":"Durian"},{"floor":40,"key":"Nunchaku"},{"floor":42,"key":"Toy Ornithopter"},{"floor":44,"key":"Strawberry"},{"floor":46,"key":"PreservedInsect"},{"floor":47,"key":"Shuriken"},{"floor":54,"key":"Pet Ghost"}],"event_choices":[{"damage_healed":0,"gold_gain":0,"player_choice":"Entered Light","damage_taken":15,"max_hp_gain":0,"max_hp_loss":0,"event_name":"Shining Light","floor":2,"gold_loss":0,"cards_upgraded":["Hyperbeam","Strike_B"]},{"damage_healed":0,"gold_gain":0,"player_choice":"2 cards matched","damage_taken":0,"max_hp_gain":0,"max_hp_loss":0,"event_name":"Match and Keep!","floor":7,"gold_loss":0,"cards_obtained":["All For One","Flash of Steel"]},{"cards_removed":["Strike_B"],"damage_healed":0,"gold_gain":0,"player_choice":"Card Removal","damage_taken":0,"max_hp_gain":0,"max_hp_loss":0,"event_name":"The Cleric","floor":11,"gold_loss":50},{"damage_healed":0,"gold_gain":0,"player_choice":"Simplicity","damage_taken":0,"max_hp_gain":0,"max_hp_loss":0,"event_name":"Back to Basics","floor":20,"gold_loss":0,"cards_upgraded":["Strike_B","Defend_B","Defend_B","Defend_B","Defend_B"]},{"damage_healed":0,"gold_gain":0,"player_choice":"Got Potions","damage_taken":0,"max_hp_gain":0,"max_hp_loss":0,"event_name":"Lab","floor":30,"gold_loss":0},{"damage_healed":0,"gold_gain":0,"player_choice":"Fight","damage_taken":0,"max_hp_gain":0,"max_hp_loss":0,"event_name":"Mysterious Sphere","floor":37,"gold_loss":0},{"damage_healed":0,"gold_gain":0,"player_choice":"Paid","damage_taken":0,"relics_obtained":["Red Mask"],"max_hp_gain":0,"max_hp_loss":0,"event_name":"Tomb of Lord Red Mask","floor":39,"gold_loss":34},{"damage_healed":0,"gold_gain":0,"player_choice":"Memory 2","damage_taken":5,"max_hp_gain":0,"max_hp_loss":0,"event_name":"SensoryStone","floor":41,"gold_loss":0}],"is_beta":false,"boss_relics":[{"not_picked":["Velvet Choker","Replay:Wanted Poster"],"picked":"Coffee Dripper"},{"not_picked":["ChewingGum","SlaversCollar"],"picked":"Nuclear Battery"}],"items_purged_floors":[38],"is_endless":false,"potions_floor_spawned":[1,5,10,12,16,18,24,28,29,31,40,42,46,48,54],"ascension_level":4}}