{"host":"72n3jwtrlpjobydj","time":1613800938,"event":{"mods":["AchievementEnabler","BaseMod","CapriCore","DeckTracker","Hermit","Koishi","KomeijiMod","Lobotomy","Marisa£¨Ùöéë¡¡Øª×âÞÞ£©","Minty Spire (QoL Compilation)","Permanent Neow","StSLib","SuperFastMode","The Cursed","The Hierophant","The Immortal"],"gold_per_floor":[111,111,126,140,155,183,183,183,183,196,196,6,6,21,21,21,21],"floor_reached":16,"language":"KOR","playtime":406,"items_purged":["Strike_P"],"score":107,"play_id":"aae6f64c-612b-466f-98ce-ad2902aa42e9","local_time":"20210220150218","is_ascension_mode":true,"campfire_choices":[{"floor":11,"key":"REST"},{"floor":15,"key":"REST"}],"circlet_count":0,"master_deck":["Strike_P","Strike_P","Defend_P+1","Defend_P+1","Defend_P","Defend_P","Eruption","Vigilance+1","TalkToTheHand"],"relics":["PureWater","Strawberry","Pantograph","Membership Card"],"acts_visited":["Exordium"],"potions_floor_usage":[6,6,10],"damage_taken":[{"damage":0,"enemies":"Cultist","floor":1,"turns":4},{"damage":0,"enemies":"Small Slimes","floor":3,"turns":3},{"damage":0,"enemies":"Jaw Worm","floor":4,"turns":3},{"damage":10,"enemies":"3 Louse","floor":5,"turns":2},{"damage":38,"enemies":"Lagavulin","floor":6,"turns":10},{"damage":2,"enemies":"Gremlin Gang","floor":10,"turns":8},{"damage":0,"enemies":"Large Slime","floor":14,"turns":7},{"damage":79,"enemies":"Hexaghost","floor":16,"turns":9}],"seed_played":"-8541723889025401539","potions_obtained":[{"floor":3,"key":"SteroidPotion"},{"floor":4,"key":"Block Potion"},{"floor":5,"key":"StancePotion"}],"is_trial":false,"path_per_floor":["M","?","M","M","M","E","?","T","T","M","R","$","?","M","R","B"],"character_chosen":"WATCHER","items_purchased":["Membership Card"],"campfire_rested":2,"item_purchase_floors":[12],"current_hp_per_floor":[72,72,72,72,62,31,15,15,15,13,36,36,36,36,59,0,0],"gold":21,"neow_bonus":"UPGRADE_CARD","is_daily":false,"chose_seed":false,"campfire_upgraded":0,"win_rate":0.0,"timestamp":1613800938,"path_taken":["M","?","M","?","M","E","?","?","T","M","R","$","?","M","R","BOSS"],"items_purchased_type":["Relic"],"build_version":"2020-12-22","purchased_purges":1,"victory":false,"max_hp_per_floor":[72,72,72,72,72,79,79,79,79,79,79,79,79,79,79,79,79],"card_choices":[{"not_picked":["Consecrate","Collect","ThirdEye"],"picked":"SKIP","floor":1},{"not_picked":["Evaluate","BowlingBash"],"picked":"TalkToTheHand","floor":3},{"not_picked":["CrushJoints","FlurryOfBlows","EmptyMind"],"picked":"SKIP","floor":4},{"not_picked":["SandsOfTime","PathToVictory","FlyingSleeves"],"picked":"SKIP","floor":5},{"not_picked":["Protect","BowlingBash","DevaForm"],"picked":"SKIP","floor":6},{"not_picked":["Prostrate","Collect","ThirdEye"],"picked":"SKIP","floor":10},{"not_picked":["FollowUp","PathToVictory","Protect"],"picked":"SKIP","floor":14}],"player_experience":100896,"relics_obtained":[{"floor":6,"key":"Strawberry"},{"floor":9,"key":"Pantograph"}],"event_choices":[{"damage_healed":0,"gold_gain":0,"player_choice":"0 cards matched","damage_taken":0,"max_hp_gain":0,"max_hp_loss":0,"event_name":"Match and Keep!","floor":2,"gold_loss":0,"cards_obtained":[]},{"damage_healed":0,"gold_gain":0,"player_choice":"Entered Light","damage_taken":16,"max_hp_gain":0,"max_hp_loss":0,"event_name":"Shining Light","floor":7,"gold_loss":0,"cards_upgraded":["Defend_P","Defend_P"]},{"cards_removed":["Strike_P"],"damage_healed":0,"gold_gain":0,"player_choice":"Purged","damage_taken":0,"max_hp_gain":0,"max_hp_loss":0,"event_name":"Purifier","floor":13,"gold_loss":0}],"is_beta":false,"boss_relics":[],"items_purged_floors":[12],"is_endless":false,"potions_floor_spawned":[3,4,5],"killed_by":"Hexaghost","ascension_level":1}}