{"host":"s924z949m5wc23z2","time":1613821231,"event":{"mods":["100% Spire Juice","ATMod(∞¢Ë™Mod)","Act Like it!","Arknights","Ascension Reborn","BaseMod","Colored Map","Colored Powertips","Conspire","Downfall","Good Game Mod","Lobotomy","LobotomyExtend","Luminous","Marisa£®ÏF”Í°°ƒß¿Ì…≥£©","Minty Spire (QoL Compilation)","MostiFishMod","Reimu£®≤©¿ˆ¡È√Œ£©","Relic Stats","Reliquary","Replay The Spire","Spicy Shops","StSLib","WarShipGirlsR/’ΩΩ¢…Ÿ≈ÆR mod","Yakumo Yukari mod","Youmu£®ªÍ∆«—˝√Œ£©","Yuyuko","noobMod"],"gold_per_floor":[111,128,141,55,71,71,82,114,137,57,57,71,71,18,18,92,92,108,8,8,23,40,73,73,157,208,24,66,93,171,171,171,399,399,433,433,492,522,671,852,802,847,873,1025,1025,1025,1177,1202,1202,1202,1202,1316,1550,1550,1550,1550,46,289,489],"floor_reached":60,"language":"ZHS","playtime":4561,"items_purged":["Writhe"],"score":2976,"play_id":"e961aa2d-1b2e-4632-bec5-af30a653a1f9","local_time":"20210220204031","is_ascension_mode":true,"campfire_choices":[{"data":"MostiFishMod:SephirahHod","floor":11,"key":"SMITH"},{"floor":15,"key":"RECALL"},{"data":"MostiFishMod:KamiSmash","floor":24,"key":"SMITH"},{"data":"MostiFishMod:KamiSmash","floor":32,"key":"SMITH"},{"data":"Omniscience","floor":51,"key":"SMITH"},{"data":"Omniscience","floor":56,"key":"SMITH"}],"circlet_count":0,"master_deck":["AscendersBane","Strike_P","Strike_P","Strike_P","Strike_P","Defend_P","Defend_P","Defend_P","Eruption","Vigilance","AT_FamilyPortrait","Moonworks:HolyNight","MostiFishMod:SephirahHod+1","SpiderBud","MostiFishMod:DustFall","Study","Worship+1","DeusExMachina","Vengeance","FollowUp","Replay:DivineShield","MostiFishMod:KamiSmash+1","CutThroughFate","PunishingBird","MostiFishMod:KamiSmash+1","Worship+1","conspire:SpireCoStock","conspire:SpireCoStock","AT_MachinaRedman","MHz","Prostrate","MostiFishMod:StarHerder","MostiFishMod:Nomercy","Crescendo","JustLucky","Worship","Prostrate+1","Omniscience+1","Omniscience+1","Replay:Battleflow+1","AT_ChampionStep","OSAHOGD","HeroicMonk","InnerPeace","AT_MachinaRedman","NothingThere","Crescendo","ClearTheMind","AT_IrregularMenstruation","Scarecrow","AT_ChampionStep","AT_TearsDenial","Enlightenment","Crescendo","QueenOfHatred","Crescendo"],"relics":["PureWater","AT_ATBox","ice","REME:ComplimentaryCards","DaveBox","MostiFishMod:Hod","CogitoBucket","RabbitCall","SynthV:TestCard","LetterFromLob","Toy Ornithopter","Potion Belt","Simple Rune","SkinProphecy","PatriotShield","Lantern","Replay:Bandana","Replay:Purple Gloves","White Beast Statue","Dream Catcher","AT_TheCollector","ExusiaiGun","BackwardClock","FossilizedHelix","Shuriken","reliquary:Spinner","Vajra","Blue Candle","AT_ForceNature","AT_Kusabimaru","OrangePellets","reliquary:JackalopeAntler","reliquary:HotPoker","Quantum Egg"],"acts_visited":["Exordium","TheCity","TheBeyond","TheEnding"],"potions_floor_usage":[22,23,23,23,33],"damage_taken":[{"damage":0,"enemies":"Cultist","floor":1,"turns":2},{"damage":0,"enemies":"ats:Genji","floor":2,"turns":2},{"damage":0,"enemies":"Small Slimes","floor":3,"turns":1},{"damage":19,"enemies":"Exordium Thugs","floor":5,"turns":2},{"damage":0,"enemies":"Large Slime","floor":7,"turns":6},{"damage":69,"enemies":"3 Sentries","floor":8,"turns":5},{"damage":20,"enemies":"conspire:2 RoseBushes","floor":12,"turns":2},{"damage":0,"enemies":"Slime Boss","floor":16,"turns":1},{"damage":100,"enemies":"Shell Parasite","floor":18,"turns":1},{"damage":3,"enemies":"3 Byrds","floor":21,"turns":2},{"damage":6,"enemies":"Shelled Parasite and Fungi","floor":22,"turns":1},{"damage":101,"enemies":"Slavers","floor":23,"turns":2},{"damage":103,"enemies":"conspire:SneckoGhost","floor":25,"turns":5},{"damage":135,"enemies":"Gremlin Leader","floor":30,"turns":8},{"damage":0,"enemies":"Champ","floor":33,"turns":2},{"damage":8,"enemies":"3 Shapes","floor":35,"turns":2},{"damage":12,"enemies":"Orb Walker","floor":37,"turns":1},{"damage":0,"enemies":"Jaw Worm Horde","floor":38,"turns":1},{"damage":0,"enemies":"Mind Bloom Boss Battle","floor":39,"turns":1},{"damage":0,"enemies":"R_Hoarder","floor":40,"turns":1},{"damage":0,"enemies":"Writhing Mass","floor":42,"turns":1},{"damage":0,"enemies":"Reptomancer","floor":44,"turns":1},{"damage":0,"enemies":"R_Hoarder","floor":47,"turns":1},{"damage":0,"enemies":"Spire Growth","floor":48,"turns":1},{"damage":63,"enemies":"Time Eater","floor":52,"turns":2},{"damage":30,"enemies":"Replay:Hell Engine","floor":53,"turns":1},{"damage":0,"enemies":"Shield and Spear","floor":58,"turns":1},{"damage":159,"enemies":"The Heart","floor":59,"turns":4}],"seed_played":"-6790455259201412367","potions_obtained":[{"floor":2,"key":"Fire Potion"},{"floor":3,"key":"PowerPotion"},{"floor":8,"key":"Explosive Potion"},{"floor":16,"key":"ColorlessPotion"},{"floor":25,"key":"ColorlessPotion"},{"floor":30,"key":"Venom Potion"},{"floor":33,"key":"Languid Potion"},{"floor":35,"key":"Fire Potion"},{"floor":37,"key":"DuplicationPotion"},{"floor":38,"key":"Energy Potion"},{"floor":47,"key":"BottledMiracle"}],"is_trial":false,"path_per_floor":["M","M","M","$","M","E","M","E","T","$","R","M","?","$","R_BF","B",null,"M","?","?","M","M","E","R","E","T","$","?","T","E","?","R","B",null,"M","?","M","M","?","E","?","M","T","E","?","?","E","M","R_BF","PTL","R","B","B",null,null,"R","$","E","B",null],"character_chosen":"WATCHER","items_purchased":["Toy Ornithopter","Replay:DivineShield","CutThroughFate","Crescendo","JustLucky","AT_ForceNature","AT_Kusabimaru","OrangePellets","reliquary:JackalopeAntler","reliquary:HotPoker","AT_TearsDenial","Enlightenment","Crescendo"],"campfire_rested":0,"item_purchase_floors":[4,10,14,27,27,57,57,57,57,57,57,57,57],"current_hp_per_floor":[61,61,61,61,42,203,203,134,134,134,134,114,114,114,114,110,207,103,103,103,96,91,1,1,148,148,148,48,48,174,174,174,175,241,225,225,209,205,201,197,197,189,189,197,192,192,250,284,284,284,284,294,276,276,291,291,291,298,331],"gold":489,"neow_bonus":"","is_daily":false,"chose_seed":false,"campfire_upgraded":5,"win_rate":0.0,"timestamp":1613821231,"path_taken":["M","?","M","$","M","E","M","E","T","$","R","M","?","?","R_BF","BOSS","M","?","?","M","?","E","R","E","T","?","?","?","E","?","R","BOSS","M","?","?","M","?","E","?","M","T","E","?","?","E","M","R_BF","PTL","R","BOSS","BOSS","R","$","E","BOSS"],"items_purchased_type":["Relic","Card","Card","Card","Card","Relic","Relic","Relic","Relic","Relic","Card","Card","Card"],"build_version":"2020-12-22","purchased_purges":1,"victory":true,"max_hp_per_floor":[68,68,68,68,68,237,237,237,237,237,237,237,237,237,237,239,239,241,241,241,243,245,247,247,250,250,250,250,250,260,260,260,263,263,273,273,275,277,279,281,281,285,285,287,287,287,289,291,291,291,291,294,296,296,296,296,296,298,347],"relic_stats":{"OrangePellets":[6],"Dream Catcher":0,"counters":[31,63],"Shuriken":[12],"Blue Candle":[0],"obtain_stats":[{"RabbitCall":0,"PatriotShield":17,"Lantern":20,"AT_ATBox":0,"DaveBox":0,"Replay:Purple Gloves":25,"Vajra":44,"ice":0,"ExusiaiGun":34,"SkinProphecy":12,"CogitoBucket":0,"Replay:Bandana":23,"Dream Catcher":29,"reliquary:HotPoker":57,"AT_Kusabimaru":57,"Potion Belt":8,"AT_ForceNature":57,"MostiFishMod:Hod":0,"BackwardClock":35,"Blue Candle":45,"Quantum Egg":58,"reliquary:Spinner":43,"White Beast Statue":28,"reliquary:JackalopeAntler":57,"OrangePellets":57,"REME:ComplimentaryCards":0,"SynthV:TestCard":1,"AT_TheCollector":30,"Shuriken":40,"Simple Rune":9,"LetterFromLob":1,"PureWater":0,"Toy Ornithopter":4,"FossilizedHelix":39},{"RabbitCall":0,"PatriotShield":9,"Lantern":10,"AT_ATBox":0,"DaveBox":0,"Replay:Purple Gloves":14,"Vajra":25,"ice":0,"ExusiaiGun":16,"SkinProphecy":8,"CogitoBucket":0,"Replay:Bandana":13,"Dream Catcher":14,"reliquary:HotPoker":29,"AT_Kusabimaru":29,"Potion Belt":6,"AT_ForceNature":29,"MostiFishMod:Hod":0,"BackwardClock":18,"Blue Candle":25,"Quantum Egg":30,"reliquary:Spinner":24,"White Beast Statue":14,"reliquary:JackalopeAntler":29,"OrangePellets":29,"REME:ComplimentaryCards":0,"SynthV:TestCard":1,"AT_TheCollector":15,"Shuriken":22,"Simple Rune":6,"LetterFromLob":1,"PureWater":0,"Toy Ornithopter":3,"FossilizedHelix":21},{"RabbitCall":0,"PatriotShield":22,"Lantern":23,"AT_ATBox":0,"DaveBox":0,"Replay:Purple Gloves":33,"Vajra":53,"ice":0,"ExusiaiGun":43,"SkinProphecy":21,"CogitoBucket":0,"Replay:Bandana":28,"Dream Catcher":33,"reliquary:HotPoker":58,"AT_Kusabimaru":58,"Potion Belt":18,"AT_ForceNature":58,"MostiFishMod:Hod":0,"BackwardClock":46,"Blue Candle":53,"Quantum Egg":59,"reliquary:Spinner":52,"White Beast Statue":33,"reliquary:JackalopeAntler":58,"OrangePellets":58,"REME:ComplimentaryCards":0,"SynthV:TestCard":2,"AT_TheCollector":41,"Shuriken":50,"Simple Rune":18,"LetterFromLob":2,"PureWater":0,"Toy Ornithopter":5,"FossilizedHelix":49}],"Toy Ornithopter":25},"card_choices":[{"not_picked":["CherryBlossoms","Scorched","PunishingBird"],"picked":"Singing Bowl","floor":1},{"not_picked":["VoidDream","Woodsman"],"picked":"SpiderBud","floor":1},{"not_picked":["EmptyBody","Replay:AtTheReady"],"picked":"MostiFishMod:DustFall","floor":1},{"not_picked":["OldLady","MeatLantern","FieryBird"],"picked":"Singing Bowl","floor":2},{"not_picked":["Replay:AtTheReady","SignatureMove","EmptyBody","FearNoEvil"],"picked":"Study","floor":2},{"not_picked":["Wellcheers","MeatLantern","MHz"],"picked":"Singing Bowl","floor":3},{"not_picked":["ThirdEye","SashWhip","Nirvana","FollowUp"],"picked":"Worship","floor":3},{"not_picked":["CherryBlossoms","OSAHOGD","FairyFestival"],"picked":"Singing Bowl","floor":5},{"not_picked":["CutThroughFate","JustLucky","ClearTheMind","Crescendo"],"picked":"DeusExMachina","floor":5},{"not_picked":["HappyTeddy","MeatLantern","Murderer"],"picked":"Singing Bowl","floor":7},{"not_picked":["PathToVictory","EmptyBody","DeceiveReality","SandsOfTime"],"picked":"Vengeance","floor":7},{"not_picked":["BeautyBeast","ShyLook","CherryBlossoms"],"picked":"Singing Bowl","floor":8},{"not_picked":["DeceiveReality","Replay:BluntJabs","JustLucky","ThirdEye"],"picked":"FollowUp","floor":8},{"not_picked":["SnowQueen","MeatLantern","Murderer"],"picked":"Singing Bowl","floor":12},{"not_picked":["FollowUp","MostiFishMod:Speedup","JustLucky","Halt"],"picked":"MostiFishMod:KamiSmash","floor":12},{"not_picked":["Murderer","CrumblingArmor","Freischutz"],"picked":"Singing Bowl","floor":16},{"not_picked":["DespairKnight","CherryBlossoms"],"picked":"PunishingBird","floor":16},{"not_picked":["MostiFishMod:Dust","Replay:LoomingThreat","MostiFishMod:DisColor","SpiritShield"],"picked":"MostiFishMod:KamiSmash","floor":16},{"not_picked":["ShyLook","BeautyBeast","FieryBird"],"picked":"Singing Bowl","floor":18},{"not_picked":["ThirdEye+1","BattleHymn","SashWhip","LikeWater"],"picked":"Worship","floor":18},{"not_picked":["Porccubus","BigBadWolf","Bloodbath"],"picked":"Singing Bowl","floor":21},{"not_picked":["Replay:ManipulateFuture","MentalFortress","FlyingSleeves","EmptyBody+1"],"picked":"AT_MachinaRedman","floor":21},{"not_picked":["BigBadWolf","FieryBird","Alriune"],"picked":"Singing Bowl","floor":22},{"not_picked":["CherryBlossoms","SilentOrchestra"],"picked":"MHz","floor":22},{"not_picked":["MostiFishMod:FlowState+1","EmptyBody","AT_ChampionKick","ThirdEye"],"picked":"Prostrate","floor":22},{"not_picked":["SnowQueen","DreamingCurrent","UniverseFragment"],"picked":"Singing Bowl","floor":23},{"not_picked":["Consecrate+1","SashWhip+1","LessonLearned","PathToVictory"],"picked":"MostiFishMod:StarHerder","floor":23},{"not_picked":["RedShoes","Alriune","LittleHelper"],"picked":"Singing Bowl","floor":25},{"not_picked":["InnerPeace","Replay:Vibes+1","BattleHymn","Evaluate"],"picked":"MostiFishMod:Nomercy","floor":25},{"not_picked":["Crescendo","Tantrum+1","Weave","FlurryOfBlows"],"picked":"Worship","floor":28},{"not_picked":["Adaptation","ThirdEye","Replay:BluntJabs","JustLucky"],"picked":"Prostrate+1","floor":28},{"not_picked":["CrumblingArmor","SnowQueen","Porccubus"],"picked":"Singing Bowl","floor":30},{"not_picked":["BowlingBash","AT_ChampionStep","Meditate","SignatureMove"],"picked":"Omniscience","floor":30},{"not_picked":["QueenOfHatred","Variant","LittlePrince"],"picked":"Singing Bowl","floor":33},{"not_picked":["ConjureBlade","Establishment","MostiFishMod:Disappear","AT_RealColorLess"],"picked":"Omniscience","floor":33},{"not_picked":["Porccubus","CherryBlossoms","BigBird"],"picked":"Singing Bowl","floor":35},{"not_picked":["PathToVictory","CrushJoints","FollowUp","Consecrate"],"picked":"Replay:Battleflow+1","floor":35},{"not_picked":["CherryBlossoms","OldLady","DespairKnight"],"picked":"Singing Bowl","floor":37},{"not_picked":["Replay:AtTheReady","Collect","EmptyBody","Halt"],"picked":"AT_ChampionStep","floor":37},{"not_picked":["SilentOrchestra","Alriune","QueenOfHatred"],"picked":"Singing Bowl","floor":38},{"not_picked":["Variant","CENSORED"],"picked":"OSAHOGD","floor":38},{"not_picked":["Swivel+1","LikeWater","FollowUp","Replay:ManipulateFuture","CrushJoints+1"],"picked":"SKIP","floor":38},{"not_picked":["Woodsman","BeautyBeast","WallGazer"],"picked":"Singing Bowl","floor":39},{"not_picked":["Porccubus","BeautyBeast"],"picked":"HeroicMonk","floor":39},{"not_picked":["Collect","ReachHeaven","Perseverance+1","BowlingBash"],"picked":"InnerPeace","floor":39},{"not_picked":["Funeral","FieryBird","BigBird"],"picked":"Singing Bowl","floor":40},{"not_picked":["Replay:AtTheReady","Protect","Consecrate+1","Judgement"],"picked":"AT_MachinaRedman","floor":40},{"not_picked":["BodiesMountain","QueenOfHatred"],"picked":"NothingThere","floor":42},{"not_picked":["PathToVictory+1","Replay:AtTheReady","Sanctity","Consecrate"],"picked":"Crescendo","floor":42},{"not_picked":["BigBird","LongBird","Porccubus"],"picked":"Singing Bowl","floor":44},{"not_picked":["ThirdEye","FlyingSleeves","AT_OneInchPunch+1","Weave"],"picked":"ClearTheMind","floor":44},{"not_picked":["SingingMachine","RedShoes","GreedKing"],"picked":"Singing Bowl","floor":47},{"not_picked":["Adaptation","PathToVictory","Halt","MostiFishMod:Nomercy"],"picked":"AT_IrregularMenstruation","floor":47},{"not_picked":["QueenOfHatred","GalaxyChild","CENSORED"],"picked":"Singing Bowl","floor":48},{"not_picked":["BlackArmy","GreedKing"],"picked":"Scarecrow","floor":48},{"not_picked":["FlurryOfBlows","Evaluate","MasterReality","Collect"],"picked":"AT_ChampionStep","floor":48},{"not_picked":["Alriune","LaLuna","MeltingLove"],"picked":"Singing Bowl","floor":58},{"not_picked":["SilentOrchestra","HappyTeddy"],"picked":"QueenOfHatred","floor":58},{"not_picked":["WaveOfTheHand","DeceiveReality","EmptyFist","ThirdEye"],"picked":"Crescendo","floor":58}],"player_experience":361299,"relics_obtained":[{"floor":1,"key":"SynthV:TestCard"},{"floor":1,"key":"LetterFromLob"},{"floor":8,"key":"Potion Belt"},{"floor":9,"key":"Simple Rune"},{"floor":23,"key":"Replay:Bandana"},{"floor":25,"key":"Replay:Purple Gloves"},{"floor":28,"key":"White Beast Statue"},{"floor":29,"key":"Dream Catcher"},{"floor":30,"key":"AT_TheCollector"},{"floor":39,"key":"FossilizedHelix"},{"floor":40,"key":"Shuriken"},{"floor":43,"key":"reliquary:Spinner"},{"floor":44,"key":"Vajra"},{"floor":58,"key":"Quantum Egg"}],"event_choices":[{"damage_healed":0,"gold_gain":0,"player_choice":"Leave","damage_taken":0,"max_hp_gain":0,"max_hp_loss":0,"event_name":"The Cleric","floor":13,"gold_loss":0},{"damage_healed":0,"gold_gain":0,"player_choice":"Invest 2","damage_taken":0,"max_hp_gain":0,"max_hp_loss":0,"event_name":"conspire:Investor","floor":19,"gold_loss":0},{"damage_healed":0,"gold_gain":0,"player_choice":"Opened","damage_taken":0,"relics_obtained":["Lantern"],"max_hp_gain":0,"max_hp_loss":0,"event_name":"The Mausoleum","floor":20,"gold_loss":0,"cards_obtained":["Writhe"]},{"cards_removed":["Defend_P"],"damage_healed":0,"gold_gain":0,"player_choice":"Purged","damage_taken":0,"max_hp_gain":0,"max_hp_loss":0,"event_name":"Purifier","floor":36,"gold_loss":0},{"damage_healed":0,"gold_gain":0,"player_choice":"Fight","damage_taken":0,"max_hp_gain":0,"max_hp_loss":0,"event_name":"MindBloom","floor":39,"gold_loss":0},{"damage_healed":0,"gold_gain":0,"player_choice":"Upgraded Two","damage_taken":0,"max_hp_gain":0,"max_hp_loss":0,"event_name":"Designer","floor":41,"gold_loss":50,"cards_upgraded":["Worship","Worship"]}],"is_beta":false,"boss_relics":[{"not_picked":["conspire:SlowCooker","Jackal-EndForJourney"],"picked":"PatriotShield"},{"not_picked":["HolyWater","TimeKeys"],"picked":"ExusiaiGun"}],"items_purged_floors":[27],"is_endless":false,"potions_floor_spawned":[2,3,5,8,16,21,25,30,33,35,37,38,39,40,42,44,47,48,58],"ascension_level":20}}