{"host":"ssqg06p4hogpulti","time":1613858596,"event":{"mods":["BaseMod","Dio Mod","Minty Spire (QoL Compilation)","Robot Space Explorer","Shedinja","Somnambulant","StSLib","The Alterego","The Dragon Tamer"],"gold_per_floor":[118,135,146,161,175,175,175],"floor_reached":6,"language":"SPA","playtime":394,"items_purged":[],"score":40,"play_id":"91e12aa2-ef04-403b-afd6-2cdbb77aa3ad","local_time":"20210220230316","is_ascension_mode":false,"campfire_choices":[],"circlet_count":0,"master_deck":["Shedinja:Scratch","Shedinja:Scratch","Shedinja:Scratch","Shedinja:Scratch","Shedinja:Scratch","Shedinja:Endure","Shedinja:Endure","Shedinja:Endure","Shedinja:Endure","Shedinja:Endure","Shedinja:FocusSash","Shedinja:FocusSash","Shedinja:MindReader","Shedinja:MindReader","Shedinja:Mimic","Shedinja:ShadowClaw","Shedinja:Mimic"],"relics":["Shedinja:WonderGuard","NeowsBlessing"],"acts_visited":["Exordium"],"potions_floor_usage":[6,6,6,6,6],"damage_taken":[{"damage":0.0,"enemies":"Jaw Worm","floor":1.0,"turns":1.0},{"damage":0.0,"enemies":"Small Slimes","floor":2.0,"turns":1.0},{"damage":0.0,"enemies":"2 Louse","floor":3.0,"turns":2.0},{"damage":0.0,"enemies":"Blue Slaver","floor":4.0,"turns":7.0},{"damage":0.0,"enemies":"Lots of Slimes","floor":5.0,"turns":7.0},{"damage":22,"enemies":"Gremlin Nob","floor":6,"turns":5}],"seed_played":"2705300942044296603","potions_obtained":[{"floor":1.0,"key":"GamblersBrew"},{"floor":3.0,"key":"Regen Potion"},{"floor":5.0,"key":"EntropicBrew"}],"is_trial":false,"path_per_floor":["M","M","M","M","M","E"],"character_chosen":"THE_DEFAULT","items_purchased":[],"campfire_rested":0,"item_purchase_floors":[],"current_hp_per_floor":[1,1,1,1,1,1,1],"gold":175,"neow_bonus":"THREE_ENEMY_KILL","is_daily":false,"chose_seed":false,"campfire_upgraded":0,"win_rate":0.0,"timestamp":1613858596,"path_taken":["M","M","M","M","M","E"],"items_purchased_type":[],"build_version":"2020-12-22","purchased_purges":0,"victory":false,"max_hp_per_floor":[1,1,1,1,1,1,1],"card_choices":[{"not_picked":["Shedinja:HoneClaws","Shedinja:WillOWisp"],"picked":"Shedinja:MindReader","floor":1.0},{"not_picked":["Shedinja:Agility","Shedinja:WillOWisp"],"picked":"Shedinja:MindReader","floor":2.0},{"not_picked":["Shedinja:Absorb","Shedinja:GigaDrain"],"picked":"Shedinja:Mimic","floor":3.0},{"not_picked":["Shedinja:MindReader","Shedinja:ConfuseRay"],"picked":"Shedinja:ShadowClaw","floor":4.0},{"not_picked":["Shedinja:StringShot","Shedinja:NightSlash"],"picked":"Shedinja:Mimic","floor":5.0}],"player_experience":288369,"relics_obtained":[],"event_choices":[],"is_beta":false,"boss_relics":[],"items_purged_floors":[],"is_endless":false,"potions_floor_spawned":[1,3,5],"killed_by":"Gremlin Nob","ascension_level":0}}