{"host":"rm0ctv8qd8mnbkg1","time":1613857764,"event":{"mods":["BaseMod","Beaked The Cultist","BetterRewards","Colored Map","DNKmod","Dark Map","Defuse TimeMaze Blight","Downfall","Friendly Minions","Hubris","Marisa????????","Minty Spire (QoL Compilation)","MostiFishMod","Permanent Neow","Rare Cards Sparkle","Relic Sorter","Reliquary","Replay The Spire","RumiaBox-????????","Shade Mod","Shop Mod","Spicy Shops","Spire Arcade","StSLib","The Construct","The Servant 0.9.4","TheVacant","Wandering Minibosses","??????REMEMod"],"gold_per_floor":[10000,10014,10030,10048,10148,10148,10148,10158,9233,9267,8556,8581,8481,8499,8517,8621,8621,8621,8663,8785,8410,8462,8517,8517,8605,8013,8070,8179,8188,8257,8364,8413,8622,8722,8731,8474,8483,8537,8537,8537,8587,8140,8140,8212,8268,8268,8354,8354,7891,7938,7996,8051],"floor_reached":53,"language":"ENG","playtime":1791,"items_purged":["Doubt"],"score":1682,"play_id":"653057d9-b9f4-4c2c-810d-62225a8d1131","local_time":"20210220214924","is_ascension_mode":true,"campfire_choices":[{"data":"sneckomod:Unknown","floor":1,"key":"SMITH"}],"circlet_count":0,"master_deck":["sneckomod:Strike","sneckomod:Strike","sneckomod:Strike","sneckomod:Defend","sneckomod:Defend","sneckomod:Defend","sneckomod:TailWhip","sneckomod:SnekBite","MostiFishMod:PerfectForm+1","sneckomod:WideSting","construct:ModeShift","sneckomod:UnknownBoss","sneckomod:UnknownBlock","REME_Flogging","sneckomod:SnekBeam","sneckomod:UnknownVulnerable","sneckomod:UnknownX","sneckomod:Unknown0Cost","Storm","sneckomod:SnekBeam","sneckomod:UnknownDexterity","hubris:DuctTapeCard","Injury","Injury","Clumsy","LightFlow","sneckomod:UnknownRareSkill","sneckomod:UnknownWeak","sneckomod:Unknown3Cost","sneckomod:UnknownDexterity","sneckomod:SnakeSap","Zap+1","sneckomod:WideSting","sneckomod:UnknownWeak","sneckomod:UnknownRareAttack","MostiFishMod:ReadyAimFire+1","sneckomod:RainOfDice","sneckomod:RainOfDice+1","sneckomod:RainOfDice","sneckomod:UnknownVulnerable+1","sneckomod:IronFang","Replay:SS_hec_1","sneckomod:UnknownClassSILVER+1","sneckomod:Unknown0Cost","sneckomod:UnknownUncommonPower","sneckomod:UnknownDexterity+1"],"relics":["sneckomod:SneckoSoul","REME_ComplimentaryCards","DaveBox","RhineSuit","Toy Ornithopter","ChaoDraw","bronze:DonusWashers","REME_LimitBreaker","hexamod:CandleOfCauterizing","Replay:Multitool","HandDrill","Gremlin Food","ZombieArmy","hubris:HerbalPaste","Smiling Mask","downfall:HeartBlessingGreen","Replay:Ancient Bell","Replay:Bandana","hubris:DuctTape","hubris:GlazedTorus","wanderingMiniBosses:CarrionFlame","Replay:Arrowhead","MagicDraw1","Girya","CeramicFish","Guardian:GemstoneGun","reliquary:PurpleTingedLeaf","Centennial Puzzle","Replay:Wanted Poster","sneckomod:LoadedDie","Orrery","Chemical X","reliquary:FingerTrap","SynthV:C4","ReplayTheSpireMod:Ninjato","GodSword5","Ornamental Fan","Replay:Wax Seal","Blood Vial"],"acts_visited":["Exordium","TheCity","TheBeyond"],"potions_floor_usage":[9,49,49],"damage_taken":[{"damage":0,"enemies":"2 Louse","floor":2,"turns":2},{"damage":0,"enemies":"Cultist","floor":3,"turns":3},{"damage":0,"enemies":"Small Slimes","floor":4,"turns":2},{"damage":2,"enemies":"downfall:LadyInBlue","floor":5,"turns":4},{"damage":0,"enemies":"downfall:LooterAlt","floor":8,"turns":2},{"damage":0,"enemies":"downfall:FleeingMerchant","floor":9,"turns":4},{"damage":2,"enemies":"3 Sentries","floor":10,"turns":3},{"damage":0,"enemies":"downfall:FleeingMerchant","floor":11,"turns":3},{"damage":0,"enemies":"Replay:BlueRogue","floor":12,"turns":3},{"damage":0,"enemies":"Blue Slaver","floor":14,"turns":2},{"damage":0,"enemies":"Gremlin Gang","floor":15,"turns":2},{"damage":4,"enemies":"SI_SHIV_ARCHETYPE","floor":16,"turns":3},{"damage":0,"enemies":"Spheric Guardian","floor":19,"turns":3},{"damage":10,"enemies":"downfall:LooterAlt2","floor":20,"turns":3},{"damage":0,"enemies":"Sentry and Sphere","floor":22,"turns":3},{"damage":10,"enemies":"Shelled Parasite and Fungi","floor":23,"turns":3},{"damage":0,"enemies":"REME_1_Revenger","floor":25,"turns":2},{"damage":0,"enemies":"Centurion and Healer","floor":27,"turns":3},{"damage":0,"enemies":"Gremlin Leader","floor":28,"turns":2},{"damage":0,"enemies":"3 Cultists","floor":30,"turns":3},{"damage":0,"enemies":"REME_1_Revenger","floor":31,"turns":3},{"damage":0,"enemies":"Snecko","floor":32,"turns":3},{"damage":0,"enemies":"IC_MUSHROOM_ARCHETYPE","floor":33,"turns":3},{"damage":6,"enemies":"3 Shapes","floor":38,"turns":1},{"damage":0,"enemies":"Orb Walker","floor":41,"turns":2},{"damage":0,"enemies":"3 Darklings","floor":44,"turns":1},{"damage":1,"enemies":"Writhing Mass","floor":45,"turns":2},{"damage":0,"enemies":"Reptomancer","floor":47,"turns":2},{"damage":0,"enemies":"Sphere and 2 Shapes","floor":50,"turns":1},{"damage":0,"enemies":"Jaw Worm Horde","floor":51,"turns":1},{"damage":0,"enemies":"WA_ARCHETYPE_DIVINITY","floor":52,"turns":4}],"seed_played":"-1854864753680607743","potions_obtained":[{"floor":4,"key":"CultistPotion"},{"floor":5,"key":"LiquidBronze"},{"floor":5,"key":"BlessingOfTheForge"},{"floor":10,"key":"sneckomod:MuddlingPotion"},{"floor":14,"key":"BlessingOfTheForge"},{"floor":28,"key":"FairyPotion"},{"floor":33,"key":"Fire Potion"},{"floor":50,"key":"DuplicationPotion"}],"is_trial":false,"path_per_floor":["R","M","M","M","?","R","T","M","$","E","$","E","R","M","M","B",null,"R","M","M","$","M","M","T","E","$","M","E","R","M","E","M","B",null,"R","$","?","M","PTL","PTL","M","$","T","M","M","?","E","T","$","M","M","B",null],"character_chosen":"THE_SNECKO","items_purchased":["REME_Flogging","bronze:DonusWashers","REME_LimitBreaker","sneckomod:SnekBeam","Replay:Multitool","HandDrill","Gremlin Food","ZombieArmy","sneckomod:UnknownX","sneckomod:RainOfDice","hubris:HerbalPaste","Replay:Arrowhead","sneckomod:UnknownWeak","CeramicFish","sneckomod:UnknownDexterity","sneckomod:SnakeSap","Guardian:GemstoneGun","sneckomod:LoadedDie","Orrery","Chemical X","reliquary:FingerTrap","SynthV:C4","Replay:Wax Seal","Blood Vial","sneckomod:UnknownUncommonPower","Fruit Juice"],"campfire_rested":0,"item_purchase_floors":[9,9,9,9,11,11,11,11,11,11,11,21,21,26,26,26,26,36,36,42,42,42,49,49,49,49],"current_hp_per_floor":[1000,1000,1000,1000,998,998,998,998,1000,998,998,1000,1000,1000,1000,996,1000,1000,1000,992,992,997,992,992,995,995,1000,1000,1000,1000,1000,1000,1000,1000,1000,1000,1000,994,994,994,997,997,997,998,999,999,1000,1000,1010,1010,1010,1010],"gold":8051,"neow_bonus":"UPGRADE_CARD","is_daily":false,"chose_seed":false,"campfire_upgraded":1,"win_rate":0.0,"timestamp":1613857764,"path_taken":["R","M","M","M","?","R","T","M","$","E","$","E","R","M","M","BOSS","R","M","M","$","M","?","T","E","$","M","E","R","M","E","M","BOSS","R","$","?","M","PTL","PTL","M","$","T","M","M","?","E","?","$","M","M","BOSS"],"items_purchased_type":["Card","Relic","Relic","Card","Relic","Relic","Relic","Relic","Card","Card","Relic","Relic","Card","Relic","Card","Card","Relic","Relic","Relic","Relic","Relic","Relic","Relic","Relic","Card","Potion"],"build_version":"2020-12-22","purchased_purges":1,"victory":true,"max_hp_per_floor":[1000,1000,1000,1000,1000,1000,1000,1000,1000,1000,1000,1000,1000,1000,1000,1000,1000,1000,1000,1000,1000,1000,1000,1000,1000,1000,1000,1000,1000,1000,1000,1000,1000,1000,1000,1000,1000,1000,1000,1000,1000,1000,1000,1000,1000,1000,1000,1000,1010,1010,1010,1010],"card_choices":[{"not_picked":["sneckomod:SoulRoll","sneckomod:MasterEye"],"picked":"sneckomod:UnknownCommonSkill","floor":2},{"not_picked":["sneckomod:SoulDraw","sneckomod:UnknownCommonAttack"],"picked":"sneckomod:UnknownUncommonPower","floor":3},{"not_picked":["sneckomod:UnknownBlock","sneckomod:UnknownCommonSkill"],"picked":"sneckomod:WideSting","floor":4},{"not_picked":["sneckomod:DiceBlock","sneckomod:UnknownBlock"],"picked":"sneckomod:RainOfDice","floor":5},{"not_picked":["sneckomod:PureSnecko","sneckomod:DiceCrush"],"picked":"sneckomod:UnknownBoss","floor":8},{"not_picked":["sneckomod:DiceCrush","sneckomod:Nope"],"picked":"sneckomod:UnknownBlock","floor":9},{"not_picked":["sneckomod:SoulExchange","sneckomod:QuickMove","sneckomod:UnknownBlock"],"picked":"SKIP","floor":10},{"not_picked":["sneckomod:QuickMove","sneckomod:MasterEye"],"picked":"sneckomod:UnknownVulnerable","floor":11},{"not_picked":["sneckomod:QuickMove","sneckomod:WideSting"],"picked":"sneckomod:Unknown0Cost","floor":12},{"not_picked":["sneckomod:Unknown2Cost","sneckomod:Rotation"],"picked":"sneckomod:SnekBeam","floor":14},{"not_picked":["sneckomod:ImprovisedGuard","sneckomod:SoulRoll"],"picked":"sneckomod:UnknownDexterity","floor":15},{"not_picked":["hubris:Sloth","ReplayTheSpireMod:Splinters"],"picked":"Injury","floor":17},{"not_picked":["downfall:Bewildered","Regret"],"picked":"Injury","floor":17},{"not_picked":["hubris:Sloth","Normality"],"picked":"Clumsy","floor":17},{"not_picked":["sneckomod:WideSting","sneckomod:IronFang","sneckomod:UnknownDraw+1"],"picked":"SKIP","floor":19},{"not_picked":["sneckomod:ImprovisedAttack","sneckomod:DefensiveFlair"],"picked":"sneckomod:UnknownRareSkill","floor":20},{"not_picked":["sneckomod:UnknownClassCONSTRUCTMOD+1","sneckomod:SoulRoll"],"picked":"sneckomod:UnknownX+1","floor":22},{"not_picked":["sneckomod:SoulCleanse","sneckomod:UnknownColorless+1","sneckomod:DiceCrush"],"picked":"SKIP","floor":23},{"not_picked":["sneckomod:Nope+1","sneckomod:UnknownDraw"],"picked":"sneckomod:Unknown3Cost","floor":25},{"not_picked":["sneckomod:IronFang","sneckomod:DiceBoulder+1","sneckomod:UnknownCommonSkill"],"picked":"SKIP","floor":27},{"not_picked":["sneckomod:SoulDraw","sneckomod:ImprovisedAttack","sneckomod:Unknown2Cost"],"picked":"SKIP","floor":28},{"not_picked":["sneckomod:Unknown1Cost","sneckomod:TrashToTreasure"],"picked":"sneckomod:WideSting","floor":30},{"not_picked":["sneckomod:MorePower","sneckomod:UnknownCommonSkill"],"picked":"sneckomod:UnknownWeak","floor":31},{"not_picked":["sneckomod:TrashToTreasure","sneckomod:SerpentIdol+1","sneckomod:SoulDraw"],"picked":"SKIP","floor":32},{"not_picked":["sneckomod:SoulExchange","sneckomod:Transmogrify"],"picked":"sneckomod:UnknownRareAttack","floor":33},{"not_picked":["sneckomod:UnknownClassSILVER+1","sneckomod:DiceBlock+1"],"picked":"sneckomod:RainOfDice","floor":36},{"not_picked":["sneckomod:Unknown1Cost","sneckomod:UnknownClassSILVER+1"],"picked":"sneckomod:RainOfDice+1","floor":36},{"not_picked":["sneckomod:UnknownBlock","sneckomod:UnknownClassCONSTRUCTMOD+1"],"picked":"sneckomod:RainOfDice","floor":36},{"not_picked":["sneckomod:UnknownBlock+1","sneckomod:UnknownCommonSkill+1"],"picked":"sneckomod:UnknownVulnerable+1","floor":36},{"not_picked":["sneckomod:Nope","sneckomod:QuickMove"],"picked":"sneckomod:IronFang","floor":36},{"not_picked":["expansioncontent:PrepareCrush","expansioncontent:YouAreMine"],"picked":"Replay:SS_hec_1","floor":37},{"not_picked":["sneckomod:UnknownVulnerable","sneckomod:UnknownBlock+1"],"picked":"sneckomod:UnknownClassSILVER+1","floor":38},{"not_picked":["sneckomod:IronFang+1","sneckomod:QuickBite","sneckomod:Nope"],"picked":"SKIP","floor":41},{"not_picked":["sneckomod:SoulDraw+1","sneckomod:TrashToTreasure","sneckomod:DiceBlock+1"],"picked":"SKIP","floor":44},{"not_picked":["sneckomod:WideSting+1","sneckomod:RainOfDice"],"picked":"sneckomod:Unknown0Cost","floor":45},{"not_picked":["sneckomod:UnknownColorless+1","sneckomod:SerpentMind","sneckomod:UnknownDraw"],"picked":"SKIP","floor":47},{"not_picked":["sneckomod:UnendingSupply","sneckomod:UnknownClassSILVER+1","sneckomod:SlitherStrike+1"],"picked":"SKIP","floor":50},{"not_picked":["sneckomod:Unknown2Cost+1","sneckomod:SoulDraw"],"picked":"sneckomod:UnknownDexterity+1","floor":51}],"player_experience":387485,"relics_obtained":[{"floor":5,"key":"Toy Ornithopter"},{"floor":7,"key":"ChaoDraw"},{"floor":10,"key":"hexamod:CandleOfCauterizing"},{"floor":12,"key":"Smiling Mask"},{"floor":20,"key":"wanderingMiniBosses:CarrionFlame"},{"floor":24,"key":"MagicDraw1"},{"floor":25,"key":"Girya"},{"floor":28,"key":"reliquary:PurpleTingedLeaf"},{"floor":31,"key":"Centennial Puzzle"},{"floor":43,"key":"ReplayTheSpireMod:Ninjato"},{"floor":47,"key":"GodSword5"},{"floor":48,"key":"Ornamental Fan"}],"event_choices":[],"is_beta":false,"boss_relics":[{"not_picked":["hubris:GrandSneckoEye","Busted Crown"],"picked":"Replay:Ancient Bell"},{"not_picked":["Guardian:PocketSentry","reliquary:SharkskinSheath"],"picked":"Replay:Bandana"},{"not_picked":["MagicDraw4","hubris:SphereOfDissonance"],"picked":"hubris:DuctTape"},{"not_picked":["PlanX","REME_IWantAll"],"picked":"hubris:GlazedTorus"},{"not_picked":["RhineCircuit","Abe\u0027s Treasure"],"picked":"Replay:Wanted Poster"}],"items_purged_floors":[9],"is_endless":false,"potions_floor_spawned":[4,10,12,14,15,16,19,23,28,30,31,33,44,45,50],"ascension_level":1}}