{"host":"cc6r8m2qe4jvlwua","time":1613859945,"event":{"mods":["BaseMod","Hubris","Marisa????????","Minty Spire (QoL Compilation)","Morshu Shopkeeper","Replay The Spire","Spicy Shops","StSLib","The Cursed","The Marked","The Necromancer"],"gold_per_floor":[110,130,130,305,305,338,338,358,384,28,28,53,64,82,82,82,82],"floor_reached":16,"language":"ENG","playtime":564,"items_purged":["Doubt","Strike_P","Strike_P"],"score":149,"play_id":"f1b80f45-c18e-40ff-a9e8-d1c292e34894","local_time":"20210220162545","is_ascension_mode":true,"campfire_choices":[{"data":"Wireheading","floor":11,"key":"SMITH"},{"floor":15,"key":"REST"}],"circlet_count":0,"master_deck":["Strike_P+1","Strike_P","Defend_P","Defend_P","Defend_P","Defend_P","Eruption","Vigilance","PathToVictory+1","Wireheading+1","TalkToTheHand"],"relics":["PureWater","NeowsBlessing","Potion Belt","Mango","MealTicket","Smiling Mask","GoldenEye","Boot"],"acts_visited":["Exordium"],"potions_floor_usage":[12,16],"damage_taken":[{"damage":0,"enemies":"Jaw Worm","floor":1,"turns":1},{"damage":0,"enemies":"Small Slimes","floor":2,"turns":1},{"damage":0,"enemies":"3 Sentries","floor":6,"turns":2},{"damage":2,"enemies":"Cultist","floor":8,"turns":3},{"damage":14,"enemies":"Gremlin Nob","floor":12,"turns":3},{"damage":16,"enemies":"Looter","floor":13,"turns":3},{"damage":6,"enemies":"Exordium Wildlife","floor":14,"turns":4},{"damage":47,"enemies":"The Guardian","floor":16,"turns":8}],"seed_played":"1428281598232189079","potions_obtained":[{"floor":2,"key":"Death Potion"},{"floor":13,"key":"Strength Potion"}],"is_trial":false,"path_per_floor":["M","M","?","?","$","E","?","M","T","$","R","E","M","M","R","B"],"character_chosen":"WATCHER","items_purchased":["Mango","GoldenEye"],"campfire_rested":1,"item_purchase_floors":[5,10],"current_hp_per_floor":[72,72,69,69,50,50,33,31,31,46,46,32,16,10,35,0,0],"gold":82,"neow_bonus":"THREE_ENEMY_KILL","is_daily":false,"chose_seed":false,"campfire_upgraded":1,"win_rate":0.0,"timestamp":1613859945,"path_taken":["M","M","?","?","?","E","?","M","T","$","R","E","M","M","R","BOSS"],"items_purchased_type":["Relic","Relic"],"build_version":"2020-12-22","purchased_purges":3,"victory":false,"max_hp_per_floor":[72,72,72,72,86,86,86,86,86,86,86,86,86,86,86,86,86],"card_choices":[{"not_picked":["EmptyFist","Indignation"],"picked":"PathToVictory","floor":1},{"not_picked":["Protect","BowlingBash"],"picked":"Wireheading","floor":2},{"not_picked":["FlurryOfBlows","SpiritShield","Evaluate"],"picked":"SKIP","floor":6},{"not_picked":["CutThroughFate","Protect","BowlingBash"],"picked":"SKIP","floor":8},{"not_picked":["Replay:AtTheReady","FlurryOfBlows","CrushJoints"],"picked":"SKIP","floor":12},{"not_picked":["Fasting2","Swivel"],"picked":"TalkToTheHand","floor":13},{"not_picked":["EmptyMind","FlyingSleeves","Replay:AtTheReady"],"picked":"SKIP","floor":14}],"player_experience":269786,"relics_obtained":[{"floor":6,"key":"MealTicket"},{"floor":9,"key":"Smiling Mask"},{"floor":12,"key":"Boot"}],"event_choices":[{"damage_healed":0,"gold_gain":0,"player_choice":"Success","damage_taken":3,"relics_obtained":["Potion Belt"],"max_hp_gain":0,"max_hp_loss":0,"event_name":"Scrap Ooze","floor":3,"gold_loss":0},{"damage_healed":0,"gold_gain":175,"player_choice":"AGREE","damage_taken":0,"max_hp_gain":0,"max_hp_loss":0,"event_name":"Liars Game","floor":4,"gold_loss":0,"cards_obtained":["Doubt"]},{"damage_healed":0,"gold_gain":0,"player_choice":"Entered Light","damage_taken":17,"max_hp_gain":0,"max_hp_loss":0,"event_name":"Shining Light","floor":7,"gold_loss":0,"cards_upgraded":["PathToVictory","Strike_P"]}],"is_beta":false,"boss_relics":[],"items_purged_floors":[5,5,10],"is_endless":false,"potions_floor_spawned":[2,13],"killed_by":"The Guardian","ascension_level":2}}