{"host":"mithrandi","time":1613839134,"event":{"mods":["BaseMod","Colored Map","Highlight Path","Minty Spire (QoL Compilation)","SuperFastMode"],"gold_per_floor":[11,30,49,59,78,78,96,122,146,175,175,175,175,140,140,140,140],"floor_reached":16,"language":"ENG","playtime":765,"items_purged":[],"score":224,"play_id":"2ad0a838-8b50-437d-b7b5-162f5c49ef17","local_time":"20210220183854","is_ascension_mode":true,"campfire_choices":[{"data":"Spot Weakness","floor":6,"key":"SMITH"},{"data":"Armaments","floor":11,"key":"SMITH"},{"data":"Offering","floor":15,"key":"SMITH"}],"circlet_count":0,"master_deck":["AscendersBane","Strike_R","Strike_R","Strike_R","Strike_R","Defend_R","Defend_R","Defend_R","Defend_R","Bash","Spot Weakness+1","Rampage","True Grit","Cleave","Offering+1","Armaments+1","Headbutt"],"relics":["Burning Blood","Pen Nib","Bag of Marbles","Meat on the Bone"],"acts_visited":["Exordium"],"potions_floor_usage":[4,5,10,10],"damage_taken":[{"damage":9,"enemies":"Small Slimes","floor":1,"turns":4},{"damage":4,"enemies":"Jaw Worm","floor":2,"turns":5},{"damage":3,"enemies":"2 Louse","floor":3,"turns":3},{"damage":15,"enemies":"Red Slaver","floor":4,"turns":6},{"damage":13,"enemies":"Large Slime","floor":5,"turns":4},{"damage":22,"enemies":"Gremlin Gang","floor":7,"turns":3},{"damage":24,"enemies":"Lagavulin","floor":8,"turns":7},{"damage":19,"enemies":"3 Sentries","floor":10,"turns":7},{"damage":25,"enemies":"Hexaghost","floor":16,"turns":3}],"seed_played":"-5511192974028857408","potions_obtained":[{"floor":2,"key":"FearPotion"},{"floor":3,"key":"Weak Potion"},{"floor":4,"key":"Energy Potion"},{"floor":7,"key":"FearPotion"}],"is_trial":false,"path_per_floor":["M","M","M","M","M","R","M","E","T","E","R","?","?","?","R","B"],"character_chosen":"IRONCLAD","items_purchased":[],"campfire_rested":0,"item_purchase_floors":[],"current_hp_per_floor":[79,81,84,75,68,68,52,34,34,21,21,3,3,25,25,0,0],"gold":140,"neow_bonus":"TWENTY_PERCENT_HP_BONUS","is_daily":false,"chose_seed":false,"campfire_upgraded":3,"win_rate":0.0,"timestamp":1613839134,"path_taken":["M","M","M","M","M","R","M","E","T","E","R","?","?","?","R","BOSS"],"items_purchased_type":[],"build_version":"2020-12-18","purchased_purges":0,"victory":false,"max_hp_per_floor":[89,89,89,89,89,89,89,89,89,89,89,89,89,89,89,89,89],"card_choices":[{"not_picked":["Pommel Strike","Reckless Charge"],"picked":"Spot Weakness","floor":1},{"not_picked":["Entrench","Bloodletting"],"picked":"Rampage","floor":2},{"not_picked":["Clothesline","Battle Trance"],"picked":"True Grit","floor":3},{"not_picked":["Perfected Strike","Infernal Blade"],"picked":"Cleave","floor":4},{"not_picked":["Reckless Charge","Flex","Twin Strike"],"picked":"SKIP","floor":5},{"not_picked":["True Grit","Pommel Strike"],"picked":"Offering","floor":7},{"not_picked":["Juggernaut","Anger"],"picked":"Armaments","floor":8},{"not_picked":["Clash","Fiend Fire"],"picked":"Headbutt","floor":10}],"player_experience":3027865,"relics_obtained":[{"floor":8,"key":"Pen Nib"},{"floor":9,"key":"Bag of Marbles"},{"floor":10,"key":"Meat on the Bone"}],"event_choices":[{"damage_healed":0,"gold_gain":0,"player_choice":"Fled","damage_taken":18,"max_hp_gain":0,"max_hp_loss":0,"event_name":"Scrap Ooze","floor":12,"gold_loss":0},{"cards_removed":["Strike_R"],"damage_healed":0,"gold_gain":0,"player_choice":"Forget","damage_taken":0,"max_hp_gain":0,"max_hp_loss":0,"event_name":"Living Wall","floor":13,"gold_loss":0},{"damage_healed":22,"gold_gain":0,"player_choice":"Healed","damage_taken":0,"max_hp_gain":0,"max_hp_loss":0,"event_name":"The Cleric","floor":14,"gold_loss":35}],"is_beta":true,"boss_relics":[],"items_purged_floors":[],"is_endless":false,"potions_floor_spawned":[2,3,4,7],"killed_by":"Hexaghost","ascension_level":20}}