{"host":"6r341r9cz00j2qc1","time":1613799372,"event":{"mods":["BaseMod","Better Third Choice","Downfall","Hermit","Lobotomy","LobotomyExtend","Minty Spire (QoL Compilation)","Replay The Spire","Shop Mod","StSLib"],"gold_per_floor":[116,135,88,101,101,101,131,141,216,227,227,227,254,182,182,280,280,300,324,338,349,349,349,378,393,393,393,419,430,64,78,78,178,178,195,213,213,213,213,242,258,258,285,312,127,127,87,0,0,0,0],"floor_reached":52,"language":"ENG","playtime":3739,"items_purged":[],"score":783,"play_id":"c27b3ce7-39b0-4536-8aa5-6d18153f4391","local_time":"20210220063612","is_ascension_mode":false,"campfire_choices":[{"data":"Eruption","floor":6,"key":"SMITH"},{"floor":11,"key":"REST"},{"floor":15,"key":"REST"},{"floor":23,"key":"REST"},{"floor":27,"key":"REST"},{"data":"Ragnarok","floor":32,"key":"SMITH"},{"floor":46,"key":"REST"},{"floor":49,"key":"REST"}],"circlet_count":0,"master_deck":["Strike_P","Strike_P","Strike_P","Strike_P","Defend_P","Defend_P","Defend_P","Eruption+1","Vigilance","Replay:Sssssssssstrike","FlurryOfBlows+1","FollowUp","EmptyFist","Evaluate","Indignation","FlurryOfBlows+1","EmptyBody","Vengeance","TalkToTheHand","Ragnarok+1","InnerPeace","JustLucky","MentalFortress+1","SandsOfTime","Wallop+1","Halt","TalkToTheHand","Replay:BluntJabs+1","SignatureMove","Replay:Hum","DevaForm","FearNoEvil+1","Swivel","Overencumbered","DevaForm","Adaptation","Halt+1","FlyingSleeves","Apotheosis","ReplayTheSpireMod:Brewmster","Indignation+1","ForeignInfluence","JustLucky+1"],"relics":["PureWater","LetterFromLob","Thread and Needle","Anchor","SlaversCollar","Replay:Purple Gloves","Divine Protection","Counterbalance","Omamori","Sundial","ReplayTheSpireMod:CursedCoin","FossilizedHelix","Bag of Marbles","Calling Bell","Oddly Smooth Stone","ReplayTheSpireMod:Shallot","Ginger","ReplayTheSpireMod:Ring of Collecting","ReplayTheSpireMod:Ring of Exchange","Dream Catcher","Ring of Hypnosis","Replay:Rubber Ducky","Replay:Bottled Eggs","Red Mask"],"acts_visited":["Exordium","TheCity","TheBeyond"],"potions_floor_usage":[7,7,10,16,24,28,40,44,44,50,50],"damage_taken":[{"damage":0,"enemies":"Cultist","floor":1,"turns":2},{"damage":3,"enemies":"Jaw Worm","floor":2,"turns":3},{"damage":0,"enemies":"2 Louse","floor":4,"turns":2},{"damage":15,"enemies":"Gremlin Nob","floor":7,"turns":3},{"damage":0,"enemies":"Red Slaver","floor":8,"turns":1},{"damage":2,"enemies":"Exordium Thugs","floor":10,"turns":3},{"damage":16,"enemies":"Lagavulin","floor":13,"turns":3},{"damage":55,"enemies":"Hexaghost","floor":16,"turns":4},{"damage":4,"enemies":"Shell Parasite","floor":18,"turns":5},{"damage":0,"enemies":"2 Thieves","floor":20,"turns":4},{"damage":0,"enemies":"Centurion and Healer","floor":21,"turns":4},{"damage":23,"enemies":"Slavers","floor":24,"turns":5},{"damage":4,"enemies":"Snecko","floor":25,"turns":3},{"damage":0,"enemies":"Gremlin Leader","floor":28,"turns":4},{"damage":0,"enemies":"Cultist and Chosen","floor":29,"turns":7},{"damage":0,"enemies":"Centurion and Healer","floor":31,"turns":5},{"damage":56,"enemies":"Automaton","floor":33,"turns":9},{"damage":55,"enemies":"3 Shapes","floor":35,"turns":4},{"damage":0,"enemies":"Orb Walker","floor":36,"turns":3},{"damage":16,"enemies":"Giant Head","floor":40,"turns":8},{"damage":19,"enemies":"Sphere and 2 Shapes","floor":41,"turns":4},{"damage":0,"enemies":"Reptomancer","floor":44,"turns":5},{"damage":19,"enemies":"Time Eater","floor":50,"turns":10}],"seed_played":"-6559863619262404813","potions_obtained":[{"floor":2,"key":"Swift Potion"},{"floor":4,"key":"LifebloodPotion"},{"floor":7,"key":"Strength Potion"},{"floor":13,"key":"Strength Potion"},{"floor":16,"key":"hexamod:SoulburnPotion"},{"floor":21,"key":"Elixir"},{"floor":24,"key":"LiquidMemories"},{"floor":25,"key":"FairyPotion"},{"floor":33,"key":"Languid Potion"},{"floor":40,"key":"Strength Potion"},{"floor":41,"key":"FearPotion"}],"is_trial":false,"path_per_floor":["M","M","$","M","?","R","E","M","T","M","R","M","E","$","R","B",null,"M","?","M","M","T","R","E","M","T","R","E","M","$","M","R","B",null,"M","M","?","?","?","E","M","?","T","E","$","R","$","?","R","B",null,null],"character_chosen":"WATCHER","items_purchased":["EmptyFist","TalkToTheHand","ReplayTheSpireMod:CursedCoin","FossilizedHelix","Bag of Marbles","SignatureMove","ReplayTheSpireMod:Brewmster","ForeignInfluence"],"campfire_rested":6,"item_purchase_floors":[3,14,30,30,30,30,45,47],"current_hp_per_floor":[72,69,69,69,62,62,47,47,47,45,66,66,50,50,71,16,72,68,50,50,50,50,71,48,44,44,65,65,65,65,65,65,9,72,17,17,17,17,17,1,21,21,21,21,21,42,42,42,63,44,44],"gold":0,"neow_bonus":"RANDOM_COLORLESS","is_daily":false,"chose_seed":false,"campfire_upgraded":2,"win_rate":0.0,"timestamp":1613799372,"path_taken":["M","M","$","?","?","R","E","M","T","M","R","M","E","$","R","BOSS","M","?","?","M","?","R","E","M","T","R","E","?","$","M","R","BOSS","M","M","?","?","?","E","?","?","T","E","$","R","$","?","R","BOSS"],"items_purchased_type":["Card","Card","Relic","Relic","Relic","Card","Card","Card"],"build_version":"2020-12-22","purchased_purges":0,"victory":true,"max_hp_per_floor":[72,72,72,72,72,72,72,72,72,72,72,72,72,72,72,72,72,72,72,72,72,72,72,72,72,72,72,72,72,72,72,72,72,72,72,72,72,72,72,72,72,72,72,72,72,72,72,72,72,72,72],"card_choices":[{"not_picked":["Purity","Bandage Up"],"picked":"Replay:Sssssssssstrike","floor":0},{"not_picked":["Study","Consecrate"],"picked":"FlurryOfBlows","floor":1},{"not_picked":["BowlingBash","Replay:ManipulateFuture"],"picked":"FollowUp","floor":2},{"not_picked":["Pray","DeceiveReality"],"picked":"Evaluate","floor":4},{"not_picked":["Replay:Vibes","Halt"],"picked":"Indignation","floor":7},{"not_picked":["Consecrate","EmptyBody"],"picked":"FlurryOfBlows","floor":8},{"not_picked":["FlyingSleeves","Replay:DivineShield"],"picked":"EmptyBody","floor":10},{"not_picked":["Replay:AtTheReady","BowlingBash"],"picked":"Vengeance","floor":13},{"not_picked":["Vault","Establishment"],"picked":"Ragnarok","floor":16},{"not_picked":["ThirdEye","ClearTheMind"],"picked":"InnerPeace","floor":18},{"not_picked":["WreathOfFlame","ThirdEye"],"picked":"JustLucky","floor":19},{"not_picked":["Vengeance","Prostrate+1"],"picked":"MentalFortress+1","floor":20},{"not_picked":["ForeignInfluence","CrushJoints+1"],"picked":"SandsOfTime","floor":21},{"not_picked":["Replay:Vibes","Wireheading"],"picked":"Wallop+1","floor":24},{"not_picked":["BowlingBash","Prostrate"],"picked":"Halt","floor":25},{"not_picked":["Replay:Vibes","Nirvana"],"picked":"TalkToTheHand","floor":28},{"not_picked":["BowlingBash+1","Protect"],"picked":"Replay:BluntJabs+1","floor":29},{"not_picked":["Sanctity","TalkToTheHand"],"picked":"Replay:Hum","floor":31},{"not_picked":["Replay:LoomingThreat","Scrawl"],"picked":"DevaForm","floor":33},{"not_picked":["FlyingSleeves+1","EmptyFist"],"picked":"FearNoEvil+1","floor":35},{"not_picked":["EmptyFist+1","TalkToTheHand+1"],"picked":"Swivel","floor":36},{"not_picked":["Replay:Cycle","FlyingSleeves+1"],"picked":"Halt+1","floor":40},{"not_picked":["Replay:Cycle","Replay:AtTheReady+1"],"picked":"FlyingSleeves","floor":41},{"not_picked":["Specialist","Sadistic Nature"],"picked":"Apotheosis","floor":42},{"not_picked":["Crescendo+1","FlyingSleeves","Protect+1"],"picked":"SKIP","floor":44},{"not_picked":["Crescendo+1","FlyingSleeves","Protect+1"],"picked":"SKIP","floor":44},{"not_picked":["Adaptation","ThirdEye"],"picked":"Indignation+1","floor":46},{"not_picked":["Protect+1","ThirdEye+1"],"picked":"JustLucky+1","floor":49}],"player_experience":537294,"relics_obtained":[{"floor":1,"key":"LetterFromLob"},{"floor":7,"key":"Thread and Needle"},{"floor":13,"key":"Anchor"},{"floor":19,"key":"Replay:Purple Gloves"},{"floor":22,"key":"Divine Protection"},{"floor":24,"key":"Counterbalance"},{"floor":26,"key":"Omamori"},{"floor":28,"key":"Sundial"},{"floor":34,"key":"Oddly Smooth Stone"},{"floor":34,"key":"ReplayTheSpireMod:Shallot"},{"floor":34,"key":"Ginger"},{"floor":37,"key":"ReplayTheSpireMod:Ring of Collecting"},{"floor":37,"key":"ReplayTheSpireMod:Ring of Exchange"},{"floor":40,"key":"Dream Catcher"},{"floor":43,"key":"Ring of Hypnosis"},{"floor":43,"key":"Replay:Rubber Ducky"},{"floor":44,"key":"Replay:Bottled Eggs"}],"event_choices":[{"cards_removed":["Defend_P"],"damage_healed":0,"gold_gain":0,"player_choice":"Card Removal","damage_taken":7,"max_hp_gain":0,"max_hp_loss":0,"event_name":"Golden Wing","floor":5,"gold_loss":0},{"damage_healed":0,"gold_gain":0,"player_choice":"Ignored","damage_taken":0,"max_hp_gain":0,"max_hp_loss":0,"event_name":"Mysterious Sphere","floor":38,"gold_loss":0},{"damage_healed":0,"gold_gain":0,"player_choice":"2 cards matched","damage_taken":0,"max_hp_gain":0,"max_hp_loss":0,"event_name":"Match and Keep!","floor":39,"gold_loss":0,"cards_obtained":["DevaForm","Adaptation"]},{"damage_healed":0,"gold_gain":0,"player_choice":"Memory 1","damage_taken":0,"max_hp_gain":0,"max_hp_loss":0,"event_name":"SensoryStone","floor":42,"gold_loss":0},{"damage_healed":0,"gold_gain":0,"player_choice":"Paid","damage_taken":0,"relics_obtained":["Red Mask"],"max_hp_gain":0,"max_hp_loss":0,"event_name":"Tomb of Lord Red Mask","floor":48,"gold_loss":87}],"is_beta":false,"boss_relics":[{"not_picked":["Ectoplasm","Painkiller Herb"],"picked":"SlaversCollar"},{"not_picked":["Abe\u0027s Treasure","Astrolabe"],"picked":"Calling Bell"}],"items_purged_floors":[],"is_endless":false,"potions_floor_spawned":[2,4,7,13,16,21,24,25,33,36,40,41],"ascension_level":0}}