{"host":"sav7uxregyirlf69","time":1613825157,"event":{"mods":["AchievementEnabler","BaseMod","Colored Map","DeckTracker","Keyboard Shortcuts","Minty Spire (QoL Compilation)","READ ME - Guardian Mod","StSLib","SuperFastMode"],"gold_per_floor":[114,134,152,152,77,77,107,107,178,197,215,46,63,63,63,142,142,156,156,431,444,10,40,56,56,128,128,128,1,1,13,13,92,92,105,155,25,75,90,82,156,206,206],"floor_reached":42,"language":"KOR","playtime":572,"items_purged":["Pain","Regret","Defend_G"],"score":853,"play_id":"da990d8e-6a49-44ea-aac5-2e0a61ea8558","local_time":"20210220214557","is_ascension_mode":true,"campfire_choices":[{"data":"Dagger Spray","floor":6.0,"key":"SMITH"},{"data":"Neutralize","floor":8.0,"key":"SMITH"},{"data":"Terror","floor":15.0,"key":"SMITH"},{"floor":25,"key":"REST"},{"floor":28,"key":"REST"},{"floor":32,"key":"RECALL"}],"circlet_count":0,"master_deck":["AscendersBane","Strike_G","Strike_G","Strike_G","Defend_G","Defend_G","Defend_G","Defend_G","Survivor","Neutralize+1","Predator","Dagger Spray+1","Escape Plan","Terror+1","Blade Dance","Corpse Explosion","Outmaneuver","Infinite Blades","Leg Sweep+1","Backflip+1","A Thousand Cuts","Malaise+1","Acrobatics+1","Accuracy","Cloak And Dagger+1","Purity+1","Blade Dance+1"],"relics":["Ring of the Snake","NeowsBlessing","WarpedTongs","Art of War","Letter Opener","Bag of Preparation","Fusion Hammer","PreservedInsect","TheAbacus","FossilizedHelix","Toxic Egg 2","SsserpentHead","SacredBark"],"acts_visited":["Exordium","TheCity","TheBeyond"],"potions_floor_usage":[16,33],"damage_taken":[{"damage":0.0,"enemies":"Cultist","floor":1.0,"turns":1.0},{"damage":0.0,"enemies":"Jaw Worm","floor":2.0,"turns":1.0},{"damage":0.0,"enemies":"Small Slimes","floor":3.0,"turns":1.0},{"damage":14.0,"enemies":"Lagavulin","floor":7.0,"turns":6.0},{"damage":4.0,"enemies":"Blue Slaver","floor":10.0,"turns":3.0},{"damage":0.0,"enemies":"Exordium Thugs","floor":11.0,"turns":4.0},{"damage":0.0,"enemies":"3 Louse","floor":13.0,"turns":2.0},{"damage":15,"enemies":"Hexaghost","floor":16,"turns":7},{"damage":0,"enemies":"3 Byrds","floor":18,"turns":2},{"damage":2,"enemies":"Chosen","floor":21,"turns":3},{"damage":15,"enemies":"Book of Stabbing","floor":23,"turns":4},{"damage":19,"enemies":"Snake Plant","floor":24,"turns":5},{"damage":0,"enemies":"Centurion and Healer","floor":31,"turns":2},{"damage":12,"enemies":"Collector","floor":33,"turns":8},{"damage":15,"enemies":"3 Darklings","floor":35,"turns":3},{"damage":0,"enemies":"Orb Walker","floor":39,"turns":3},{"damage":56,"enemies":"Spire Growth","floor":42,"turns":4}],"seed_played":"-2382186750257277943","potions_obtained":[{"floor":1.0,"key":"Strength Potion"},{"floor":2.0,"key":"SneckoOil"},{"floor":7.0,"key":"Strength Potion"},{"floor":18,"key":"Fire Potion"},{"floor":24,"key":"AttackPotion"}],"is_trial":false,"path_per_floor":["M","M","M","?","$","R","E","R","T","M","M","$","M","?","R","B",null,"M","?","?","M","$","E","M","R","T","?","R","$","$","M","R","B",null,"M","?","$","?","M","$","T","M"],"character_chosen":"THE_SILENT","items_purchased":["Bag of Preparation","PreservedInsect","TheAbacus","Backflip+1","Accuracy","Cloak And Dagger+1","Blade Dance+1"],"campfire_rested":2,"item_purchase_floors":[12,22,22,29,37,37,40],"current_hp_per_floor":[59,59,59,59,59,59,45,45,45,41,41,41,41,46,46,31,61,61,61,61,59,59,44,25,46,46,46,67,67,67,67,67,55,67,52,52,52,52,52,52,52,0,0],"gold":206,"neow_bonus":"THREE_ENEMY_KILL","is_daily":false,"chose_seed":false,"campfire_upgraded":3,"win_rate":0.0,"timestamp":1613825157,"path_taken":["M","M","?","?","$","R","E","R","T","M","?","$","M","?","R","BOSS","M","?","?","M","$","E","?","R","T","?","R","?","$","M","R","BOSS","M","?","$","?","M","?","?","?"],"items_purchased_type":["Relic","Relic","Relic","Card","Card","Card","Card"],"build_version":"2020-12-22","purchased_purges":3,"victory":false,"max_hp_per_floor":[66,66,66,66,66,66,66,66,66,66,66,66,66,71,71,71,71,71,71,71,71,71,71,71,71,71,71,71,71,71,71,71,71,71,71,67,67,67,67,67,67,67,67],"card_choices":[{"not_picked":["Backflip","Underhanded Strike"],"picked":"Predator","floor":1.0},{"not_picked":["Well Laid Plans","Poisoned Stab"],"picked":"Dagger Spray","floor":2.0},{"not_picked":["PiercingWail","Accuracy"],"picked":"Escape Plan","floor":3.0},{"not_picked":["Bullet Time","Deflect","Prepared"],"picked":"SKIP","floor":7.0},{"not_picked":["Calculated Gamble","Well Laid Plans"],"picked":"Terror","floor":10.0},{"not_picked":["Choke","Predator","Underhanded Strike"],"picked":"SKIP","floor":11.0},{"not_picked":["Predator","Quick Slash"],"picked":"Blade Dance","floor":13.0},{"not_picked":["Glass Knife","Venomology"],"picked":"Corpse Explosion","floor":16},{"not_picked":["Outmaneuver","Blade Dance+1","Acrobatics"],"picked":"SKIP","floor":18},{"not_picked":["Acrobatics","Deflect","Riddle With Holes"],"picked":"SKIP","floor":21},{"not_picked":["Bane","Flechettes","Bouncing Flask"],"picked":"SKIP","floor":23},{"not_picked":["Bouncing Flask","Expertise"],"picked":"Leg Sweep+1","floor":24},{"not_picked":["Quick Slash","Riddle With Holes"],"picked":"A Thousand Cuts","floor":31},{"not_picked":["Burst+1","Storm of Steel+1"],"picked":"Malaise+1","floor":33},{"not_picked":["Sucker Punch","Distraction+1"],"picked":"Acrobatics+1","floor":35},{"not_picked":["Dramatic Entrance","Forethought+1"],"picked":"Purity+1","floor":38},{"not_picked":["Deadly Poison+1","Deflect+1","Caltrops"],"picked":"SKIP","floor":39}],"player_experience":1632929,"relics_obtained":[{"floor":7.0,"key":"Art of War"},{"floor":9.0,"key":"Letter Opener"},{"floor":23,"key":"FossilizedHelix"},{"floor":26,"key":"Toxic Egg 2"}],"event_choices":[{"damage_healed":0.0,"max_hp_gain":0.0,"max_hp_loss":0.0,"gold_gain":0.0,"event_name":"Accursed Blacksmith","player_choice":"Rummage","floor":4.0,"gold_loss":0.0,"damage_taken":0.0,"relics_obtained":["WarpedTongs"],"cards_obtained":["Pain"]},{"damage_healed":0.0,"max_hp_gain":5.0,"max_hp_loss":0.0,"gold_gain":0.0,"event_name":"Big Fish","player_choice":"Donut","floor":14.0,"gold_loss":0.0,"damage_taken":0.0},{"damage_healed":0,"gold_gain":0,"cards_transformed":["Strike_G","Strike_G"],"player_choice":"Became Test Subject","damage_taken":0,"max_hp_gain":0,"max_hp_loss":0,"event_name":"Drug Dealer","floor":19,"gold_loss":0,"cards_obtained":["Outmaneuver","Infinite Blades"]},{"damage_healed":0,"gold_gain":275,"player_choice":"Desecrate","damage_taken":0,"max_hp_gain":0,"max_hp_loss":0,"event_name":"Golden Shrine","floor":20,"gold_loss":0,"cards_obtained":["Regret"]},{"damage_healed":0,"gold_gain":0,"player_choice":"Trade","damage_taken":0,"relics_obtained":["SsserpentHead"],"max_hp_gain":0,"max_hp_loss":0,"event_name":"FaceTrader","floor":27,"gold_loss":0},{"damage_healed":0,"gold_gain":0,"player_choice":"Max HP","damage_taken":0,"max_hp_gain":0,"max_hp_loss":4,"event_name":"Winding Halls","floor":36,"gold_loss":0},{"damage_healed":0,"gold_gain":0,"player_choice":"Memory 1","damage_taken":0,"max_hp_gain":0,"max_hp_loss":0,"event_name":"SensoryStone","floor":38,"gold_loss":0}],"is_beta":false,"boss_relics":[{"not_picked":["Astrolabe","Black Star"],"picked":"Fusion Hammer"},{"not_picked":["Snecko Eye","Velvet Choker"],"picked":"SacredBark"}],"items_purged_floors":[5,22,29],"is_endless":false,"potions_floor_spawned":[1,2,7,18,24,31],"killed_by":"Spire Growth","ascension_level":20}}