{"host":"mp329qzd0jmsdj0w","time":1613802388,"event":{"mods":["Abigail Mod","Act Like it!","Ascension Reborn","BaseMod","BetterRewards","Custom Start","GungeonMod","Minty Spire (QoL Compilation)","Permanent Neow","Prisma Mod","Quick Restart","Ruina","Shop Mod","StSLib"],"gold_per_floor":[112,134,147,147,97,134,134,166,166,206,20,40,128,148,148,267,267,280,303,99,99,133,133,133,133,133,146,181,68,91,103,103,221,221,235,259,276,542,542,562,585,620,620,620,660,302,320,337,337,337,337,337,4,36,36],"floor_reached":56,"language":"KOR","playtime":2536,"items_purged":["AbbyMod:Ab_Defend+1","AbbyMod:Ab_Strike+1","AbbyMod:AdultWords","AbbyMod:Ab_Strike+1","AbbyMod:LargeTentacle+1"],"score":1874,"play_id":"6bac1474-5212-4b37-8d29-c159701fdf2f","local_time":"20210220152628","is_ascension_mode":true,"campfire_choices":[{"data":"AbbyMod:SuperMuscular","floor":7,"key":"SMITH"},{"data":"AbbyMod:PantyShot","floor":15,"key":"SMITH"},{"data":"AbbyMod:TentacleSwarm","floor":23,"key":"SMITH"},{"data":"AbbyMod:VoidHeretic","floor":25,"key":"SMITH"},{"data":"AbbyMod:BadGirl","floor":32,"key":"SMITH"},{"data":"AbbyMod:MysteryKey","floor":44,"key":"SMITH"},{"floor":49,"key":"RECALL"},{"data":"AbbyMod:EyesOfMadness","floor":52,"key":"SMITH"}],"circlet_count":0,"master_deck":["AbbyMod:Ab_Strike+1","AbbyMod:Ab_Defend+1","AbbyMod:Ab_Defend+1","AbbyMod:FleetingSanity+1","AbbyMod:ForeheadBeam+1","AbbyMod:DemonPancake","AbbyMod:EyesOfMadness+1","AbbyMod:EyesOfMadness+1","AbbyMod:SuperMuscular+1","AbbyMod:PantyShot+1","AbbyMod:VoidHeretic+1","AbbyMod:BadGirl+1","AbbyMod:EyesOfMadness","AbbyMod:CosmicSpark","AbbyMod:TentacleSwarm+1","AbbyMod:MysteryKey+1","AbbyMod:HeroCreationA+1"],"relics":["AbbyMod:Salem_Diary","Omamori","Strawberry","ClockworkSouvenir","DemoMod:Relodestone","DemoMod:LamentConfigurum","Meat on the Bone","MealTicket","DemoMod:MeltedRock","DemoMod:GlassGuonStoneRelic","Regal Pillow","Lantern","Potion Belt","Tiny Chest","DemoMod:ChaffGrenade","DemoMod:SerJunkan","DemoMod:Junk","Coffee Dripper","Sling","Red Mask","PreservedInsect","HornCleat","Peace Pipe","DemoMod:RiddleOfLead","Gambling Chip","Ginger","AbbyMod:MetalizedInsanity","Medical Kit","Bag of Marbles","DemoMod:ClearGuonStone","DemoMod:Bottle"],"acts_visited":["Exordium","TheCity","TheBeyond","TheEnding"],"potions_floor_usage":[6,6,10,16,16,18,22,22,31,33,33,36,40,45,50,50,55,55,55,55],"damage_taken":[{"damage":0,"enemies":"2 Louse","floor":1,"turns":2},{"damage":0,"enemies":"Small Slimes","floor":2,"turns":1},{"damage":9,"enemies":"Jaw Worm","floor":3,"turns":2},{"damage":0,"enemies":"3 Sentries","floor":6,"turns":2},{"damage":0,"enemies":"Lagavulin","floor":8,"turns":3},{"damage":2,"enemies":"3 Sentries","floor":10,"turns":3},{"damage":0,"enemies":"Exordium Thugs","floor":12,"turns":3},{"damage":0,"enemies":"Lots of Slimes","floor":14,"turns":2},{"damage":18,"enemies":"The Guardian","floor":16,"turns":2},{"damage":0,"enemies":"3 Byrds","floor":18,"turns":3},{"damage":0,"enemies":"Chosen","floor":19,"turns":2},{"damage":0,"enemies":"Masked Bandits","floor":22,"turns":1},{"damage":0,"enemies":"Snecko","floor":27,"turns":2},{"damage":0,"enemies":"Slavers","floor":28,"turns":1},{"damage":0,"enemies":"Snake Plant","floor":30,"turns":2},{"damage":0,"enemies":"Cultist and Chosen","floor":31,"turns":1},{"damage":0,"enemies":"Collector","floor":33,"turns":3},{"damage":15,"enemies":"3 Shapes","floor":35,"turns":1},{"damage":0,"enemies":"Orb Walker","floor":36,"turns":2},{"damage":0,"enemies":"Maw","floor":37,"turns":3},{"damage":0,"enemies":"Sphere and 2 Shapes","floor":40,"turns":3},{"damage":0,"enemies":"4 Shapes","floor":41,"turns":2},{"damage":0,"enemies":"Giant Head","floor":42,"turns":4},{"damage":0,"enemies":"Reptomancer","floor":45,"turns":1},{"damage":0,"enemies":"Jaw Worm Horde","floor":47,"turns":1},{"damage":0,"enemies":"Spire Growth","floor":48,"turns":1},{"damage":0,"enemies":"Donu and Deca","floor":50,"turns":2},{"damage":0,"enemies":"Shield and Spear","floor":54,"turns":1},{"damage":4,"enemies":"The Heart","floor":55,"turns":3}],"seed_played":"4986686162363284109","potions_obtained":[{"floor":2,"key":"Explosive Potion"},{"floor":2,"key":"Ancient Potion"},{"floor":3,"key":"LiquidMemories"},{"floor":6,"key":"DemoMod:LeadSkinPotion"},{"floor":8,"key":"DemoMod:LeadSkinPotion"},{"floor":10,"key":"Weak Potion"},{"floor":10,"key":"Ancient Potion"},{"floor":12,"key":"DistilledChaos"},{"floor":12,"key":"FearPotion"},{"floor":16,"key":"SteroidPotion"},{"floor":18,"key":"LiquidMemories"},{"floor":19,"key":"LiquidBronze"},{"floor":22,"key":"EssenceOfSteel"},{"floor":22,"key":"BlessingOfTheForge"},{"floor":27,"key":"PowerPotion"},{"floor":30,"key":"Explosive Potion"},{"floor":31,"key":"LiquidBronze"},{"floor":33,"key":"SkillPotion"},{"floor":35,"key":"ColorlessPotion"},{"floor":36,"key":"Fruit Juice"},{"floor":36,"key":"SpeedPotion"},{"floor":37,"key":"Block Potion"},{"floor":40,"key":"DistilledChaos"},{"floor":40,"key":"Fire Potion"},{"floor":45,"key":"Fruit Juice"},{"floor":48,"key":"LiquidMemories"},{"floor":54,"key":"Block Potion"}],"is_trial":false,"path_per_floor":["M","M","M","?","?","E","R","E","T","E","$","M","T","M","R","B",null,"M","M","$","$","?","R","T","R","T","M","E","$","M","M","R","B",null,"M","M","M","?","?","M","M","E","T","R","E","$","M","M","R","B",null,"R","$","E","B",null],"character_chosen":"Ab_Foreigner","items_purchased":["Omamori","Strawberry","AbbyMod:DemonPancake","ClockworkSouvenir","AbbyMod:AdultWords","Lantern","Sling","Medical Kit","Bag of Marbles","DemoMod:ClearGuonStone","DemoMod:Bottle","Block Potion"],"campfire_rested":0,"item_purchase_floors":[0,0,0,0,0,11,20,46,46,53,53,53],"current_hp_per_floor":[47,47,38,38,38,38,38,38,38,53,74,74,74,74,74,67,83,83,83,83,83,83,83,83,83,83,83,83,83,91,91,91,99,109,94,101,101,101,101,101,101,101,101,101,108,119,119,119,119,127,127,127,127,127,134],"gold":36,"neow_bonus":"","is_daily":false,"chose_seed":false,"campfire_upgraded":7,"win_rate":0.0,"timestamp":1613802388,"path_taken":["M","M","M","?","?","E","R","E","T","E","$","M","?","?","R","BOSS","M","M","?","$","?","R","?","R","T","M","E","$","M","M","R","BOSS","M","M","M","?","?","M","M","E","T","R","E","$","M","M","R","BOSS","R","$","E","BOSS"],"items_purchased_type":["Relic","Relic","Card","Relic","Card","Relic","Relic","Relic","Relic","Relic","Relic","Potion"],"build_version":"2020-12-22","purchased_purges":5,"victory":true,"max_hp_per_floor":[75,75,75,75,75,75,75,75,75,75,75,75,75,75,75,83,83,83,83,83,83,83,83,83,83,83,83,83,83,91,91,91,99,109,109,114,114,114,114,114,114,114,114,114,119,119,119,119,119,127,127,127,127,127,135],"card_choices":[{"not_picked":["AbbyMod:Ab_DarkestPact","AbbyMod:PowerGamer","AbbyMod:Keyblade"],"picked":"SKIP","floor":1},{"not_picked":["AbbyMod:PrayerOfFaith","AbbyMod:AttoSecond"],"picked":"AbbyMod:EyesOfMadness","floor":2},{"not_picked":["AbbyMod:PowerGamer+1","AbbyMod:LifeSentence"],"picked":"AbbyMod:LargeTentacle+1","floor":3},{"not_picked":["AbbyMod:ChocoKey+1","AbbyMod:Takeuchi"],"picked":"AbbyMod:EyesOfMadness+1","floor":6},{"not_picked":["AbbyMod:FlyingMascot","AbbyMod:AceInTheHole"],"picked":"AbbyMod:SuperMuscular","floor":6},{"not_picked":["AbbyMod:LossOfSanity","AbbyMod:Takeuchi"],"picked":"AbbyMod:PantyShot","floor":8},{"not_picked":["AbbyMod:PowerGamer","AbbyMod:SanityCheck+1"],"picked":"AbbyMod:VoidHeretic","floor":8},{"not_picked":["AbbyMod:SanityCheck","AbbyMod:ConsumeFlesh"],"picked":"AbbyMod:BadGirl","floor":10},{"not_picked":["AbbyMod:Keyblade","AbbyMod:GudaGudaParticle","AbbyMod:WormHole"],"picked":"SKIP","floor":10},{"not_picked":["AbbyMod:RecklessSlam+1","AbbyMod:DemonPancake"],"picked":"AbbyMod:EyesOfMadness","floor":12},{"not_picked":["AbbyMod:SilverKey","AbbyMod:LargeTentacle","AbbyMod:Ab_SwirlOfMadness"],"picked":"SKIP","floor":14},{"not_picked":["AbbyMod:Ab_OldOneTrigger","AbbyMod:Ab_PuppyEyes"],"picked":"AbbyMod:CosmicSpark","floor":16},{"not_picked":["AbbyMod:EyesOfMadness+1","AbbyMod:AlignStars+1","AbbyMod:AceInTheHole+1"],"picked":"SKIP","floor":18},{"not_picked":["AbbyMod:WitchTrial+1","AbbyMod:LossOfSanity+1"],"picked":"AbbyMod:TentacleSwarm","floor":19},{"not_picked":["AbbyMod:ExposeNavel+1","AbbyMod:HolidayWishes","AbbyMod:LiftSkirt"],"picked":"SKIP","floor":27},{"not_picked":["AbbyMod:AceInTheHole+1","AbbyMod:FlyingMascot+1"],"picked":"AbbyMod:SweetPancakes+1","floor":28},{"not_picked":["AbbyMod:SuperMuscular","AbbyMod:Keyblade","AbbyMod:Ab_SwirlOfMadness+1"],"picked":"SKIP","floor":30},{"not_picked":["AbbyMod:Ab_SwirlOfMadness+1","AbbyMod:BadGirl","AbbyMod:ChocoKey"],"picked":"SKIP","floor":31},{"not_picked":["AbbyMod:CosmicSpark","AbbyMod:Ab_PuppyEyes"],"picked":"AbbyMod:MysteryKey","floor":33},{"not_picked":["AbbyMod:Hitomi","AbbyMod:LargeTentacle+1","AbbyMod:WitchTrial+1"],"picked":"SKIP","floor":35},{"not_picked":["AbbyMod:Takeuchi+1","AbbyMod:ConsumeFlesh+1"],"picked":"AbbyMod:HeroCreationA+1","floor":36},{"not_picked":["AbbyMod:Takeuchi+1","AbbyMod:AlignStars+1","AbbyMod:WitchTrial"],"picked":"SKIP","floor":37},{"not_picked":["AbbyMod:AdultWords+1","AbbyMod:EyesOfMadness","AbbyMod:CommandSpell+1"],"picked":"SKIP","floor":40},{"not_picked":["AbbyMod:AttoSecond+1","AbbyMod:VoidPriest","AbbyMod:TentacleSwarm+1"],"picked":"SKIP","floor":41},{"not_picked":["AbbyMod:Thflth+1","AbbyMod:AttoSecond+1","AbbyMod:WormHole"],"picked":"SKIP","floor":42},{"not_picked":["AbbyMod:CommandSpell+1","AbbyMod:BlackKey","AbbyMod:ChocoKey+1"],"picked":"SKIP","floor":45},{"not_picked":["AbbyMod:Memocide+1","AbbyMod:TeddyBear+1","AbbyMod:FlyingMascot+1"],"picked":"SKIP","floor":47},{"not_picked":["AbbyMod:AttoSecond+1","AbbyMod:RecklessSlam","AbbyMod:VoidPriest"],"picked":"SKIP","floor":48},{"not_picked":["AbbyMod:Memocide","AbbyMod:ConsumeFlesh+1","AbbyMod:DemonPancake"],"picked":"SKIP","floor":54}],"player_experience":111121,"relics_obtained":[{"floor":6,"key":"DemoMod:LamentConfigurum"},{"floor":8,"key":"Meat on the Bone"},{"floor":9,"key":"MealTicket"},{"floor":9,"key":"DemoMod:MeltedRock"},{"floor":10,"key":"Regal Pillow"},{"floor":12,"key":"Potion Belt"},{"floor":13,"key":"Tiny Chest"},{"floor":13,"key":"DemoMod:ChaffGrenade"},{"floor":16,"key":"DemoMod:Junk"},{"floor":22,"key":"Red Mask"},{"floor":24,"key":"PreservedInsect"},{"floor":26,"key":"DemoMod:Junk"},{"floor":26,"key":"HornCleat"},{"floor":28,"key":"DemoMod:Junk"},{"floor":33,"key":"Peace Pipe"},{"floor":42,"key":"Ginger"},{"floor":43,"key":"AbbyMod:MetalizedInsanity"},{"floor":43,"key":"DemoMod:Junk"},{"floor":45,"key":"DemoMod:Junk"},{"floor":54,"key":"DemoMod:Junk"}],"event_choices":[{"cards_removed":["AbbyMod:AlignStars"],"damage_healed":0,"gold_gain":0,"player_choice":"Forget","damage_taken":0,"max_hp_gain":0,"max_hp_loss":0,"event_name":"Living Wall","floor":4,"gold_loss":0},{"cards_removed":["AbbyMod:Ab_Strike"],"damage_healed":0,"gold_gain":0,"player_choice":"Card Removal","damage_taken":0,"max_hp_gain":0,"max_hp_loss":0,"event_name":"The Cleric","floor":5,"gold_loss":50},{"damage_healed":0,"gold_gain":0,"player_choice":"Fought Bandits","damage_taken":0,"max_hp_gain":0,"max_hp_loss":0,"event_name":"Masked Bandits","floor":22,"gold_loss":0},{"damage_healed":0,"gold_gain":222,"player_choice":"Wore Mask","damage_taken":0,"max_hp_gain":0,"max_hp_loss":0,"event_name":"Tomb of Lord Red Mask","floor":38,"gold_loss":0},{"damage_healed":0,"gold_gain":0,"player_choice":"Bought 0 Potions","damage_taken":0,"max_hp_gain":0,"max_hp_loss":0,"event_name":"The Woman in Blue","floor":39,"gold_loss":0}],"is_beta":false,"boss_relics":[{"not_picked":["Snecko Eye","Astrolabe"],"picked":"Coffee Dripper"},{"not_picked":["Runic Pyramid","Cursed Key"],"picked":"DemoMod:RiddleOfLead"}],"items_purged_floors":[0,11,20,29,46],"is_endless":false,"potions_floor_spawned":[2,10,12,22,27,31,36,37,40,54],"ascension_level":0}}