{"host":"eaiphzh066bwqdh7","time":1613828167,"event":{"mods":["AchievementEnabler","Aspiration","BaseMod","Better Note","Colored Powertips","Halation","Highlight Path","Hubris","Infinite Spire","Minty Spire (QoL Compilation)","Quick Restart","Reliquary","Replay The Spire","StSLib"],"gold_per_floor":[117,136,136,149,202,202,202,202,227,302,302,312,312,168,168,264,264,282,282,300,382,402,402,420,439,439,465,483,483,26,44,44,44,44],"floor_reached":33,"language":"ENG","playtime":1211,"items_purged":["Pain"],"score":284,"play_id":"7539c28d-0187-4515-989a-9ff40f8b0e9b","local_time":"20210220083607","is_ascension_mode":true,"campfire_choices":[{"floor":6,"key":"REST"},{"data":"Infinite Blades","floor":8,"key":"SMITH"},{"floor":11,"key":"REST"},{"floor":23,"key":"REST"},{"floor":29,"key":"REST"},{"floor":32,"key":"REST"}],"circlet_count":0,"master_deck":["Strike_G","Strike_G","Strike_G","Defend_G","Defend_G","Defend_G","Defend_G","Defend_G","Survivor","Neutralize","Poisoned Stab","Infinite Blades+1","Poisoned Stab","Carnage","Slice","Cloak And Dagger","Catalyst+1","Conserve Battery","Deflect+1","Blade Dance+1","Gash"],"relics":["Ring of the Snake","aspiration:Nostalgia","Replay:M_SmolderingBlood","WarpedTongs","infinitespire:Satchel","halation:PinkSoulGem","reliquary:PorcupineQuills","aspiration:DefectSkillbook","Akabeko","reliquary:Sideboard","Oddly Smooth Stone","hubris:PeanutButter","Sling"],"acts_visited":["Exordium","TheCity"],"potions_floor_usage":[16,16,22,24],"damage_taken":[{"damage":8,"enemies":"Cultist","floor":1,"turns":4},{"damage":8,"enemies":"Small Slimes","floor":2,"turns":4},{"damage":6,"enemies":"Jaw Worm","floor":4,"turns":4},{"damage":7,"enemies":"Large Slime","floor":12,"turns":5},{"damage":43,"enemies":"The Guardian","floor":16,"turns":8},{"damage":12,"enemies":"Chosen","floor":18,"turns":3},{"damage":0,"enemies":"3 Byrds","floor":20,"turns":1},{"damage":3,"enemies":"Cultist and Chosen","floor":22,"turns":4},{"damage":19,"enemies":"Shelled Parasite and Fungi","floor":24,"turns":4},{"damage":10,"enemies":"Snake Plant","floor":25,"turns":3},{"damage":4,"enemies":"Cultist and Chosen","floor":28,"turns":4},{"damage":0,"enemies":"Snecko","floor":31,"turns":4},{"damage":74,"enemies":"Champ","floor":33,"turns":10}],"seed_played":"6070550675264378421","potions_obtained":[{"floor":4,"key":"Strength Potion"},{"floor":12,"key":"SkillPotion"},{"floor":20,"key":"Regen Potion"},{"floor":22,"key":"LiquidBronze"}],"is_trial":false,"path_per_floor":["M","M","?","M","T","R","?","R","T","?","R","M","?","$","R","B",null,"M","?","M","?","M","R","M","M","T","T","M","R","$","M","R","B"],"character_chosen":"THE_SILENT","items_purchased":["Carnage","hubris:PeanutButter","Gash","Sling"],"campfire_rested":5,"item_purchase_floors":[14,30,30,30],"current_hp_per_floor":[62,54,54,48,48,69,69,69,69,58,70,63,63,63,63,20,70,58,58,58,30,39,60,41,31,31,31,27,48,48,48,69,0,0],"gold":44,"neow_bonus":"NOSTALGIA","is_daily":false,"chose_seed":false,"campfire_upgraded":1,"win_rate":0.0,"timestamp":1613828167,"path_taken":["M","?","?","?","?","R","?","R","T","?","R","M","?","$","R","BOSS","M","?","M","?","?","R","M","M","T","?","M","R","?","M","R","BOSS"],"items_purchased_type":["Card","Relic","Card","Relic"],"build_version":"2020-12-22","purchased_purges":1,"victory":false,"max_hp_per_floor":[70,70,70,70,70,70,70,70,70,70,70,70,70,70,70,70,70,70,70,70,70,70,70,70,70,70,70,70,70,70,70,70,70,70],"card_choices":[{"not_picked":["PiercingWail","Acrobatics"],"picked":"Poisoned Stab","floor":1},{"not_picked":["Outmaneuver","CrushJoints","Escape Plan"],"picked":"SKIP","floor":2},{"not_picked":["Cloak And Dagger","Underhanded Strike"],"picked":"Infinite Blades","floor":4},{"not_picked":["Storm of Steel","Eviscerate"],"picked":"Poisoned Stab","floor":12},{"not_picked":["Deflect","Setup","Dagger Spray"],"picked":"Cloak And Dagger","floor":18},{"not_picked":["Chaos","Poisoned Stab","Go for the Eyes"],"picked":"Catalyst+1","floor":20},{"not_picked":["Leap","Acrobatics+1","Flying Knee+1"],"picked":"Conserve Battery","floor":21},{"not_picked":["Rip and Tear+1","Dagger Throw","Dash"],"picked":"Deflect+1","floor":21},{"not_picked":["Concentrate+1","Redo","Aggregate","Poison Darts"],"picked":"SKIP","floor":22},{"not_picked":["Sweeping Beam","Expertise","Turbo+1"],"picked":"Blade Dance+1","floor":24},{"not_picked":["Panic Button","Conserve Battery","Undo+1","ReplayTheSpireMod:Scrap Shanks+1"],"picked":"SKIP","floor":25},{"not_picked":["Dagger Throw","Bane","Finisher"],"picked":"Aggregate+1","floor":28},{"not_picked":["Reprogram","Poisoned Stab","Genetic Algorithm"],"picked":"Slice","floor":31}],"player_experience":331219,"relics_obtained":[{"floor":5,"key":"infinitespire:Satchel"},{"floor":9,"key":"reliquary:PorcupineQuills"},{"floor":21,"key":"Akabeko"},{"floor":26,"key":"reliquary:Sideboard"},{"floor":27,"key":"Oddly Smooth Stone"}],"event_choices":[{"damage_healed":0,"gold_gain":0,"player_choice":"Rummage","damage_taken":0,"relics_obtained":["WarpedTongs"],"max_hp_gain":0,"max_hp_loss":0,"event_name":"Accursed Blacksmith","floor":3,"gold_loss":0,"cards_obtained":["Pain"]},{"damage_healed":0,"gold_gain":75,"player_choice":"Gather Gold","damage_taken":11,"max_hp_gain":0,"max_hp_loss":0,"event_name":"World of Goop","floor":10,"gold_loss":0},{"damage_healed":0,"gold_gain":0,"player_choice":"Ignored","damage_taken":0,"max_hp_gain":0,"max_hp_loss":0,"event_name":"Vampires","floor":19,"gold_loss":0}],"is_beta":false,"boss_relics":[{"not_picked":["Ectoplasm","hubris:GrandSneckoEye"],"picked":"aspiration:DefectSkillbook"}],"items_purged_floors":[14],"is_endless":false,"potions_floor_spawned":[4,12,20,22],"killed_by":"Champ","ascension_level":4}}