{"host":"yp2ga117svxnbcen","time":1613863060,"event":{"mods":["Act Like it!","Aspiration","BaseMod","BetterRewards","ChefMod","Colored Map","Conspire","Custom Start","Downfall","Elementarium","Gensokyo","GifTheSpireLib","Gold Saver","GungeonMod","Halation","Hallownest","Hermit","HornydragonMod","Hubris","Menagerie","Minty Spire (QoL Compilation)","Quick Restart","Remove Card Discount Mod","Replay The Spire","Shop Mod","Spicy Shops","StSLib","Stuff the Spire","The Blue Laboratory","The IronCluck","egg","slay the spire mod where everything is the same but ironclad has a cowboy hat","??????REMEMod"],"gold_per_floor":[641,166,175,187,212,243,243,269,269,15,36,36,61,81,81,81,81],"floor_reached":16,"language":"ENG","playtime":410,"items_purged":["Strike_B","Strike_B","Strike_B","Strike_B"],"score":169,"play_id":"0e93969d-227e-44dc-8a03-b56b1976db88","local_time":"20210220151740","is_ascension_mode":true,"campfire_choices":[{"data":"White Noise","floor":7,"key":"SMITH"},{"floor":15,"key":"REST"}],"circlet_count":0,"master_deck":["Defend_B","Defend_B","Defend_B","Defend_B","Zap","Dualcast","Loop","White Noise+1","Loop","White Noise","StuffTheSpire:LoadUp","Barrage","White Noise+1","Leap","Heatsinks","Ball Lightning","Loop","Force Field"],"relics":["Cracked Core","REME_ComplimentaryCards","Medical Kit","CeramicFish","Sling","Bronze Scales","Peace Pipe","Question Card","Matryoshka","hubris:Icosahedron","DemoMod:GlassGuonStoneRelic"],"acts_visited":["Exordium"],"potions_floor_usage":[16],"damage_taken":[{"damage":7,"enemies":"2 Louse","floor":1,"turns":2},{"damage":7,"enemies":"Small Slimes","floor":4,"turns":3},{"damage":0,"enemies":"Cultist","floor":5,"turns":4},{"damage":27,"enemies":"Gremlin Nob","floor":6,"turns":4},{"damage":1,"enemies":"2 Fungi Beasts","floor":8,"turns":2},{"damage":14,"enemies":"3 Louse","floor":11,"turns":4},{"damage":16,"enemies":"Gremlin Gang","floor":13,"turns":3},{"damage":0,"enemies":"Large Slime","floor":14,"turns":4},{"damage":26,"enemies":"The Guardian","floor":16,"turns":2}],"seed_played":"-4717894471112653809","potions_obtained":[{"floor":5,"key":"FearPotion"},{"floor":14,"key":"FearPotion"}],"is_trial":false,"path_per_floor":["M","$","?","M","M","E","R","M","T","$","M","?","M","M","R","B"],"character_chosen":"DEFECT","items_purchased":["Medical Kit","CeramicFish","Loop","Sling","Loop","White Noise","Bronze Scales","StuffTheSpire:LoadUp","Barrage","Matryoshka"],"campfire_rested":1,"item_purchase_floors":[0,0,0,2,2,2,2,2,2,10],"current_hp_per_floor":[68,68,68,61,61,34,34,33,33,33,19,19,3,3,25,0,0],"gold":81,"neow_bonus":"","is_daily":false,"chose_seed":false,"campfire_upgraded":1,"win_rate":0.0,"timestamp":1613863060,"path_taken":["M","$","?","M","M","E","R","M","T","$","M","?","M","M","R","BOSS"],"items_purchased_type":["Relic","Relic","Card","Relic","Card","Card","Relic","Card","Card","Relic"],"build_version":"2020-12-22","purchased_purges":4,"victory":false,"max_hp_per_floor":[75,75,75,75,75,75,75,75,75,75,75,75,75,75,75,75,75],"card_choices":[{"not_picked":["ReplayTheSpireMod:Repulse","Sunder"],"picked":"White Noise","floor":1},{"not_picked":["Reprogram","StuffTheSpire:GlassShard","Hologram"],"picked":"SKIP","floor":4},{"not_picked":["Barrage","Cold Snap"],"picked":"Leap","floor":5},{"not_picked":["Beam Cell","StuffTheSpire:LoadUp","StuffTheSpire:ShieldGenerator"],"picked":"SKIP","floor":6},{"not_picked":["Sweeping Beam","Panic Button"],"picked":"Heatsinks","floor":8},{"not_picked":["Go for the Eyes","Double Energy","Core Surge"],"picked":"Ball Lightning","floor":11},{"not_picked":["Streamline","Cold Snap","Fusion","ReplayTheSpireMod:System Scan"],"picked":"Loop","floor":13},{"not_picked":["Gash","Ball Lightning","Reprogram"],"picked":"Force Field","floor":14}],"player_experience":1182746,"relics_obtained":[{"floor":6,"key":"Peace Pipe"},{"floor":9,"key":"Question Card"}],"event_choices":[],"is_beta":false,"boss_relics":[],"items_purged_floors":[2,2,2,2],"is_endless":false,"potions_floor_spawned":[5,6,8,13,14],"killed_by":"The Guardian","ascension_level":2}}