{"host":"5sw3zovcv0q4yiho","time":1613809693,"event":{"mods":["BaseMod","Minty Spire (QoL Compilation)","Replay The Spire","StSLib"],"gold_per_floor":[113,123,139,139,156,166,197,210,210,210,225,225,225,238,238,334,334,345,345,345,357,357,357,369,387,387,312,312,328,86,86,86,86,86],"floor_reached":33,"language":"ENG","playtime":4058,"items_purged":["Strike_R"],"score":251,"play_id":"692fdc94-7dfa-4743-87d0-7ccb9cc58eb8","local_time":"20210220022813","is_ascension_mode":false,"campfire_choices":[{"data":"Seeing Red","floor":10,"key":"SMITH"},{"data":"Defend_R","floor":12,"key":"SMITH"},{"data":"Limit Break","floor":23,"key":"SMITH"},{"data":"Flex","floor":28,"key":"SMITH"}],"circlet_count":0,"master_deck":["Strike_R","Strike_R","Strike_R","Defend_R","Defend_R","Defend_R","Defend_R+1","Bash","Inflame+1","Entrench+1","Dropkick+1","Cleave","Metallicize","Headbutt","Seeing Red+1","Flex+1","Armaments+1","Limit Break+1","ReplayTheSpireMod:Stacked","Bloodletting","ReplayTheSpireMod:Corrosion Curse+1","Thunderclap"],"relics":["Black Blood","ReplayTheSpireMod:Shallot","White Beast Statue","Replay:Bottled Steam"],"acts_visited":["Exordium","TheCity"],"potions_floor_usage":[7,7,8,14,24,25,25,29,32,33,33],"damage_taken":[{"damage":11,"enemies":"Jaw Worm","floor":1,"turns":3},{"damage":1,"enemies":"Cultist","floor":2,"turns":4},{"damage":6,"enemies":"2 Louse","floor":3,"turns":3},{"damage":8,"enemies":"Blue Slaver","floor":5,"turns":6},{"damage":15,"enemies":"Looter","floor":6,"turns":3},{"damage":13,"enemies":"Replay:BlueRogue","floor":7,"turns":8},{"damage":2,"enemies":"Exordium Wildlife","floor":8,"turns":4},{"damage":11,"enemies":"3 Louse","floor":11,"turns":3},{"damage":11,"enemies":"Gremlin Gang","floor":14,"turns":5},{"damage":36,"enemies":"The Guardian","floor":16,"turns":13},{"damage":16,"enemies":"3 Byrds","floor":18,"turns":6},{"damage":16,"enemies":"Chosen","floor":21,"turns":7},{"damage":23,"enemies":"Snake Plant","floor":24,"turns":6},{"damage":23,"enemies":"Centurion and Healer","floor":25,"turns":5},{"damage":33,"enemies":"Shelled Parasite and Fungi","floor":29,"turns":6},{"damage":50,"enemies":"Automaton","floor":33,"turns":6}],"seed_played":"-9203375033925715283","potions_obtained":[{"floor":1,"key":"Weak Potion"},{"floor":5,"key":"Dexterity Potion"},{"floor":7,"key":"DistilledChaos"},{"floor":11,"key":"Languid Potion"},{"floor":14,"key":"SteroidPotion"},{"floor":21,"key":"Swift Potion"},{"floor":24,"key":"BloodPotion"},{"floor":25,"key":"LiquidMemories"},{"floor":29,"key":"LiquidBronze"},{"floor":32,"key":"Fruit Juice"},{"floor":32,"key":"Weak Potion"}],"is_trial":false,"path_per_floor":["M","M","M","?","M","M","E","M","T","R","M","R","?","M","R","B",null,"M","?","?","M","?","R","M","M","T","$","R","M","$","?","R","B"],"character_chosen":"IRONCLAD","items_purchased":["Replay:Bottled Steam"],"campfire_rested":0,"item_purchase_floors":[30],"current_hp_per_floor":[75,80,80,80,78,69,62,66,66,66,61,61,61,56,80,50,80,76,76,76,72,72,72,61,66,66,66,66,45,45,45,50,0,0],"gold":86,"neow_bonus":"REMOVE_CARD","is_daily":false,"chose_seed":false,"campfire_upgraded":4,"win_rate":0.0,"timestamp":1613809693,"path_taken":["M","M","M","?","?","M","E","M","T","R","M","R","?","M","R","BOSS","M","?","?","?","?","R","M","?","T","$","R","M","$","?","R","BOSS"],"items_purchased_type":["Relic"],"build_version":"2020-12-22","purchased_purges":1,"victory":false,"max_hp_per_floor":[80,80,80,80,80,80,80,80,80,80,80,80,80,80,80,80,80,80,80,80,80,80,80,80,80,80,80,80,80,80,80,85,85,85],"card_choices":[{"not_picked":["Dark Embrace","Battle Trance"],"picked":"Inflame","floor":1},{"not_picked":["Thunderclap","Run Through"],"picked":"Entrench","floor":2},{"not_picked":["Warcry","Sword Boomerang"],"picked":"Dropkick","floor":3},{"not_picked":["Warcry","ReplayTheSpireMod:LeadingStrike"],"picked":"Cleave","floor":5},{"not_picked":["Twin Strike","Immolate"],"picked":"Metallicize","floor":6},{"not_picked":["Perfected Strike","Havoc"],"picked":"Headbutt","floor":7},{"not_picked":["ReplayTheSpireMod:Strike From Hell","Twin Strike"],"picked":"Seeing Red","floor":8},{"not_picked":["Cleave","Rupture"],"picked":"Flex","floor":11},{"not_picked":["Flex","Hemokinesis"],"picked":"Armaments","floor":14},{"not_picked":["Demon Form","Immolate"],"picked":"Limit Break","floor":16},{"not_picked":["Life Link","ReplayTheSpireMod:Muscle Training"],"picked":"ReplayTheSpireMod:Stacked","floor":18},{"not_picked":["Anger","Rampage+1","Shrug It Off"],"picked":"SKIP","floor":21},{"not_picked":["Clash","True Grit+1"],"picked":"ReplayTheSpireMod:Corrosion Curse+1","floor":24},{"not_picked":["Burning Pact","ReplayTheSpireMod:Strike From Hell"],"picked":"Thunderclap","floor":25},{"not_picked":["Carnage","True Grit","ReplayTheSpireMod:Limb From Limb+1"],"picked":"SKIP","floor":29}],"player_experience":263979,"relics_obtained":[{"floor":7,"key":"ReplayTheSpireMod:Shallot"},{"floor":26,"key":"White Beast Statue"}],"event_choices":[{"damage_healed":0,"gold_gain":0,"player_choice":"Upgraded","damage_taken":0,"max_hp_gain":0,"max_hp_loss":0,"event_name":"Upgrade Shrine","floor":4,"gold_loss":0,"cards_upgraded":["Entrench"]},{"damage_healed":0,"gold_gain":0,"player_choice":"Read","damage_taken":0,"max_hp_gain":0,"max_hp_loss":0,"event_name":"The Library","floor":19,"gold_loss":0,"cards_obtained":["Bloodletting"]},{"damage_healed":0,"gold_gain":0,"player_choice":"Upgraded","damage_taken":0,"max_hp_gain":0,"max_hp_loss":0,"event_name":"Upgrade Shrine","floor":22,"gold_loss":0,"cards_upgraded":["Armaments"]},{"damage_healed":0,"gold_gain":0,"player_choice":"Ignored","damage_taken":0,"max_hp_gain":0,"max_hp_loss":0,"event_name":"Vampires","floor":31,"gold_loss":0}],"is_beta":false,"boss_relics":[{"not_picked":["Replay:Bronze Core","Busted Crown"],"picked":"Black Blood"}],"items_purged_floors":[27],"is_endless":false,"potions_floor_spawned":[1,5,7,11,14,21,24,25,29],"killed_by":"Automaton","ascension_level":0}}