{"host":"dlqyscxstsnu98l1","time":1613864252,"event":{"mods":["AchievementEnabler","BaseMod","Colored Map","Colored Powertips","GifTheSpireLib","Highlight Path","Minty Spire (QoL Compilation)","Random Character Button","SacredBarkPlus","StSLib","everything is the same but u backflip on backflip"],"gold_per_floor":[216,232,155,174,174,209,223,256,331,331,308,318,17,30,30,30,30],"floor_reached":16,"language":"ENG","playtime":684,"items_purged":[],"score":146,"play_id":"a6c69010-b3f6-41f2-8075-d3648e80645e","local_time":"20210220173732","is_ascension_mode":true,"campfire_choices":[{"floor":10,"key":"REST"},{"data":"Dagger Spray","floor":15,"key":"SMITH"}],"circlet_count":0,"master_deck":["Strike_G","Strike_G","Strike_G","Strike_G","Strike_G","Defend_G","Defend_G","Defend_G","Defend_G","Defend_G","Survivor+1","Neutralize+1","Deadly Poison+1","Leg Sweep","Quick Slash","Backstab","Dagger Spray+1","Die Die Die","PiercingWail"],"relics":["Ring of the Snake","War Paint","Tough Bandages","Membership Card","Oddly Smooth Stone","PreservedInsect"],"acts_visited":["Exordium"],"potions_floor_usage":[7,8,14],"damage_taken":[{"damage":9,"enemies":"Cultist","floor":1,"turns":5},{"damage":1,"enemies":"Small Slimes","floor":2,"turns":4},{"damage":0,"enemies":"2 Louse","floor":4,"turns":5},{"damage":23,"enemies":"Lagavulin","floor":6,"turns":9},{"damage":9,"enemies":"Exordium Wildlife","floor":7,"turns":6},{"damage":5,"enemies":"3 Sentries","floor":8,"turns":6},{"damage":3,"enemies":"Blue Slaver","floor":12,"turns":3},{"damage":2,"enemies":"Large Slime","floor":14,"turns":7},{"damage":33,"enemies":"Slime Boss","floor":16,"turns":10}],"seed_played":"-9072093686228201347","potions_obtained":[{"floor":1,"key":"Dexterity Potion"},{"floor":6,"key":"DuplicationPotion"},{"floor":7,"key":"LiquidBronze"},{"floor":8,"key":"ColorlessPotion"}],"is_trial":false,"path_per_floor":["M","M","$","M","?","E","M","E","T","R","?","M","$","M","R","B"],"character_chosen":"THE_SILENT","items_purchased":["Leg Sweep","Membership Card","Oddly Smooth Stone","PreservedInsect"],"campfire_rested":1,"item_purchase_floors":[3,13,13,13],"current_hp_per_floor":[54,53,53,53,53,30,21,16,16,37,37,34,34,32,32,0,0],"gold":30,"neow_bonus":"HUNDRED_GOLD","is_daily":false,"chose_seed":false,"campfire_upgraded":1,"win_rate":0.0,"timestamp":1613864252,"path_taken":["M","?","$","M","?","E","M","E","T","R","?","M","?","M","R","BOSS"],"items_purchased_type":["Card","Relic","Relic","Relic"],"build_version":"2020-12-22","purchased_purges":0,"victory":false,"max_hp_per_floor":[70,70,70,70,70,70,70,70,70,70,70,70,70,70,70,70,70],"card_choices":[{"not_picked":["Accuracy","Eviscerate","Setup"],"picked":"SKIP","floor":1},{"not_picked":["Underhanded Strike","Terror"],"picked":"Deadly Poison","floor":2},{"not_picked":["Terror","Concentrate"],"picked":"Quick Slash","floor":4},{"not_picked":["Cloak And Dagger","Dagger Spray"],"picked":"Backstab","floor":6},{"not_picked":["Predator","Prepared"],"picked":"Dagger Spray","floor":7},{"not_picked":["Deflect","PiercingWail"],"picked":"Die Die Die","floor":8},{"not_picked":["Blur","Backstab","Underhanded Strike"],"picked":"SKIP","floor":12},{"not_picked":["Dagger Spray","Quick Slash"],"picked":"PiercingWail","floor":14}],"player_experience":253339,"relics_obtained":[{"floor":6,"key":"War Paint"},{"floor":8,"key":"Tough Bandages"}],"event_choices":[{"damage_healed":0,"gold_gain":0,"player_choice":"Grow","damage_taken":0,"max_hp_gain":0,"max_hp_loss":0,"event_name":"Living Wall","floor":5,"gold_loss":0,"cards_upgraded":["Neutralize"]},{"damage_healed":0,"gold_gain":0,"player_choice":"Left Gold","damage_taken":0,"max_hp_gain":0,"max_hp_loss":0,"event_name":"World of Goop","floor":11,"gold_loss":23}],"is_beta":false,"boss_relics":[],"items_purged_floors":[],"is_endless":false,"potions_floor_spawned":[1,6,7,8],"killed_by":"Slime Boss","ascension_level":6}}