{"host":"bpr07pynnqpe5ded","time":1613826808,"event":{"mods":["2.2 Compatiblity","Aspiration","BaseMod","Better Note","Better Third Choice","BetterRewards","Downfall","Infinite Spire","Jorbs\u0027s Wanderer Trilogy","Minty Spire (QoL Compilation)","Replay The Spire","Shop Mod","StSLib","The Marked","??????REMEMod"],"gold_per_floor":[99,113,128,142,157,157,157,67,92,31,60,60,77,95,106,205,205,105,120,120,132,17,17,17,17,17,33,64,64,64,49,61,61,61,61],"floor_reached":33,"language":"ENG","playtime":1942,"items_purged":["hexamod:Strike","hexamod:Sear"],"score":302,"play_id":"c9f60ce0-6a19-468e-bd39-d173ffff1ddf","local_time":"20210220131328","is_ascension_mode":false,"campfire_choices":[{"floor":1,"key":"RECALL"},{"data":"hexamod:WildfireWeapon","floor":12,"key":"SMITH"},{"data":"hexamod:WildfireWeapon","floor":18,"key":"SMITH"},{"floor":23,"key":"REST"},{"data":"ReplayTheSpireMod:Book of Names","floor":26,"key":"SMITH"}],"circlet_count":0,"master_deck":["hexamod:Strike","hexamod:Defend","hexamod:Defend","hexamod:Defend","hexamod:Float","hexamod:WildfireWeapon+1","hexamod:Incineration","hexamod:Firestarter","hexamod:ThermalTransfer","hexamod:SoulSteal","hexamod:SuperheatedStrike","hexamod:WildfireWeapon+1","hexamod:PhantomFireball+1","ReplayTheSpireMod:Book of Names+1","hexamod:Rewind"],"relics":["hexamod:SpiritBrand","REME_ComplimentaryCards","Lizard Tail","infinitespire:Bottled Soul","infinitespire:PuzzleCube","Replay:Drink Me","downfall:HeartBlessingRed","infinitespire:Lychee Nut","REME_ChargedStone","Orichalcum"],"acts_visited":["Exordium","TheCity"],"potions_floor_usage":[10,14,16,16,22],"damage_taken":[{"damage":1,"enemies":"Jaw Worm","floor":2,"turns":3},{"damage":6,"enemies":"Cultist","floor":3,"turns":3},{"damage":2,"enemies":"Small Slimes","floor":4,"turns":3},{"damage":4,"enemies":"Blue Slaver","floor":5,"turns":3},{"damage":0,"enemies":"downfall:FleeingMerchant","floor":8,"turns":4},{"damage":11,"enemies":"Replay:BlueRogue","floor":9,"turns":3},{"damage":5,"enemies":"downfall:FleeingMerchant","floor":10,"turns":4},{"damage":8,"enemies":"Lagavulin","floor":11,"turns":4},{"damage":0,"enemies":"Large Slime","floor":13,"turns":3},{"damage":13,"enemies":"Exordium Wildlife","floor":14,"turns":3},{"damage":0,"enemies":"downfall:LooterAlt","floor":15,"turns":3},{"damage":4,"enemies":"SI_SHIV_ARCHETYPE","floor":16,"turns":6},{"damage":27,"enemies":"downfall:LooterAlt2","floor":19,"turns":3},{"damage":39,"enemies":"Spheric Guardian","floor":21,"turns":6},{"damage":15,"enemies":"downfall:FleeingMerchant","floor":22,"turns":4},{"damage":6,"enemies":"Shelled Parasite and Fungi","floor":27,"turns":3},{"damage":13,"enemies":"Nightmare","floor":28,"turns":4},{"damage":11,"enemies":"downfall:FleeingMerchant","floor":31,"turns":4},{"damage":8,"enemies":"Snecko","floor":32,"turns":4},{"damage":31,"enemies":"IC_MUSHROOM_ARCHETYPE","floor":33,"turns":4}],"seed_played":"-3187075072608190290","potions_obtained":[{"floor":9,"key":"BlessingOfTheForge"},{"floor":11,"key":"infinitespire:BlackPotion"},{"floor":13,"key":"sneckomod:MuddlingPotion"},{"floor":14,"key":"hexamod:SoulburnPotion"},{"floor":21,"key":"hexamod:SoulburnPotion"},{"floor":28,"key":"Reflective Coating"}],"is_trial":false,"path_per_floor":["R","M","M","M","M","?","T","$","E","$","E","R","M","M","M","B",null,"R","M","?","M","$","R","T","AVR","R","M","NM","?","?","$","M","B"],"character_chosen":"THE_SPIRIT","items_purchased":["hexamod:SuperheatedStrike"],"campfire_rested":1,"item_purchase_floors":[10],"current_hp_per_floor":[77,76,70,68,64,69,69,69,58,53,45,45,45,32,32,38,62,62,35,35,31,16,34,34,34,34,33,26,26,26,21,19,0,0,0],"gold":61,"neow_bonus":"TEN_PERCENT_HP_BONUS","is_daily":false,"chose_seed":false,"campfire_upgraded":3,"win_rate":0.0,"timestamp":1613826808,"path_taken":["R","M","M","M","M","?","T","$","E","$","E","R","M","M","M","BOSS","R","M","?","M","?","R","T","AVR","R","M","NM","?","?","$","M","BOSS"],"items_purchased_type":["Card"],"build_version":"2020-12-22","purchased_purges":2,"victory":false,"max_hp_per_floor":[77,77,77,77,77,82,82,82,82,82,82,82,82,82,82,82,62,62,62,62,62,62,62,46,46,46,46,46,46,46,46,46,46,46,46],"card_choices":[{"not_picked":["hexamod:ExtraCrispy","hexamod:FastForward"],"picked":"hexamod:Incineration","floor":2},{"not_picked":["hexamod:Haunt","hexamod:BurningTouch","hexamod:DynamicBlow"],"picked":"SKIP","floor":3},{"not_picked":["hexamod:NightmareStrike","hexamod:HauntingEcho"],"picked":"hexamod:Firestarter","floor":4},{"not_picked":["hexamod:TurnItUp","hexamod:SkipABeat"],"picked":"hexamod:ThermalTransfer","floor":5},{"not_picked":["hexamod:SuperheatedStrike","hexamod:SwordOfDarkness"],"picked":"hexamod:SoulSteal","floor":8},{"not_picked":["hexamod:EmpoweredFlame","hexamod:InspiringFlames","hexamod:SwordOfDarkness"],"picked":"SKIP","floor":9},{"not_picked":["hexamod:NightmareStrike","hexamod:SecondSeal","hexamod:Hexaguard"],"picked":"SKIP","floor":10},{"not_picked":["hexamod:TimeOfNeed","hexamod:SpectersWail","hexamod:Incineration"],"picked":"SKIP","floor":11},{"not_picked":["hexamod:ChargedBarrage","hexamod:HeatMetal","hexamod:GhostflameBarrier"],"picked":"SKIP","floor":13},{"not_picked":["hexamod:Firestarter","hexamod:BacktrackSmack","hexamod:Hexaguard"],"picked":"SKIP","floor":14},{"not_picked":["hexamod:PowerFromBeyond","hexamod:FastForward","hexamod:SuperheatedStrike"],"picked":"SKIP","floor":15},{"not_picked":["hexamod:SixthSeal","hexamod:Toasty"],"picked":"hexamod:WildfireWeapon","floor":16},{"not_picked":["hexamod:Firestarter","hexamod:FirstSeal"],"picked":"hexamod:PhantomFireball+1","floor":19},{"not_picked":["hexamod:InspiringFlames+1","hexamod:HeatCrush+1","hexamod:SwordOfDarkness+1"],"picked":"SKIP","floor":21},{"not_picked":["hexamod:InspiringFlames+1","hexamod:Again","hexamod:StepThrough+1"],"picked":"SKIP","floor":22},{"not_picked":["hexamod:SuperheatedStrike","hexamod:CatchUp","hexamod:RainOfEmbers"],"picked":"SKIP","floor":27},{"not_picked":["hexamod:Hexaguard","hexamod:SuperheatedStrike+1","hexamod:NightmareGuise"],"picked":"SKIP","floor":28},{"not_picked":["hexamod:FastForward","hexamod:FlamesFromBeyond","hexamod:Haunt"],"picked":"SKIP","floor":31},{"not_picked":["hexamod:HeatCrush+1","hexamod:GhostShield"],"picked":"hexamod:Rewind","floor":32}],"player_experience":1171210,"relics_obtained":[{"floor":7,"key":"Lizard Tail"},{"floor":9,"key":"infinitespire:Bottled Soul"},{"floor":11,"key":"infinitespire:PuzzleCube"},{"floor":24,"key":"infinitespire:Lychee Nut"},{"floor":28,"key":"Orichalcum"}],"event_choices":[{"damage_healed":0,"gold_gain":0,"player_choice":"Donut","damage_taken":0,"max_hp_gain":5,"max_hp_loss":0,"event_name":"Big Fish","floor":6,"gold_loss":0},{"damage_healed":0,"gold_gain":0,"player_choice":"Ignored","damage_taken":0,"max_hp_gain":0,"max_hp_loss":0,"event_name":"betterNote:BetterNote","floor":20,"gold_loss":0,"cards_obtained":["REME_EyeOfCthun"]}],"is_beta":false,"boss_relics":[{"not_picked":["REME_DemonsWealth","Runic Dome"],"picked":"Replay:Drink Me"}],"items_purged_floors":[8,22],"is_endless":false,"potions_floor_spawned":[9,11,13,14,21,28],"killed_by":"IC_MUSHROOM_ARCHETYPE","ascension_level":0}}