{"host":"b9sas8jv6tsy9swm","time":1613829347,"event":{"mods":["AchievementEnabler","BaseMod","Minty Spire (QoL Compilation)","Permanent Neow","Quick Restart","StSLib"],"gold_per_floor":[116,133,133,133,133,133,153,153,180,207,225,239,17,47,47,145,145,165,181,20,35,53,84,104,104,104,123,135,135,162,162,162,259,259,277,277,295,313,324,324,359,359,359,386,386,386,386],"floor_reached":46,"language":"ZHS","playtime":2885,"items_purged":["Strike_B"],"score":722,"play_id":"6dced64f-a8d3-4364-9e0b-d792a95cb10d","local_time":"20210220215547","is_ascension_mode":true,"campfire_choices":[{"data":"Zap","floor":6.0,"key":"SMITH"},{"floor":15.0,"key":"REST"},{"floor":25.0,"key":"REST"},{"data":"Coolheaded","floor":29.0,"key":"SMITH"},{"data":"Consume","floor":32.0,"key":"SMITH"},{"data":"Creative AI","floor":40.0,"key":"SMITH"},{"floor":42.0,"key":"RECALL"}],"circlet_count":0,"master_deck":["Strike_B","Defend_B","Defend_B","Defend_B","Zap+1","Dualcast","Genetic Algorithm+1","Hologram","Hello World","Stack","Consume+1","Steam Power","Chill","Defragment","Turbo+1","Cold Snap","Electrodynamics","Ball Lightning","Coolheaded+1","Defragment+1","Auto Shields","Creative AI+1","Panacea"],"relics":["Inserter","Odd Mushroom","Tiny Chest","DataDisk","ClockworkSouvenir","Pen Nib","Runic Pyramid","Dead Branch","Blue Candle","Vajra","SlaversCollar","Bottled Lightning","Shuriken","Juzu Bracelet"],"acts_visited":["Exordium","TheCity","TheBeyond"],"potions_floor_usage":[],"damage_taken":[{"damage":8.0,"enemies":"Jaw Worm","floor":1.0,"turns":6.0},{"damage":11.0,"enemies":"2 Louse","floor":2.0,"turns":4.0},{"damage":8.0,"enemies":"The Mushroom Lair","floor":7.0,"turns":4.0},{"damage":43.0,"enemies":"3 Sentries","floor":10.0,"turns":9.0},{"damage":2.0,"enemies":"Small Slimes","floor":11.0,"turns":3.0},{"damage":0.0,"enemies":"3 Louse","floor":12.0,"turns":4.0},{"damage":4.0,"enemies":"Lagavulin","floor":14.0,"turns":7.0},{"damage":10.0,"enemies":"The Guardian","floor":16.0,"turns":11.0},{"damage":11.0,"enemies":"Shell Parasite","floor":18.0,"turns":9.0},{"damage":3.0,"enemies":"Spheric Guardian","floor":19.0,"turns":4.0},{"damage":10.0,"enemies":"Centurion and Healer","floor":21.0,"turns":4.0},{"damage":1.0,"enemies":"Sentry and Sphere","floor":22.0,"turns":6.0},{"damage":26.0,"enemies":"Book of Stabbing","floor":23.0,"turns":8.0},{"damage":0.0,"enemies":"Cultist and Chosen","floor":24.0,"turns":4.0},{"damage":1.0,"enemies":"Centurion and Healer","floor":27.0,"turns":4.0},{"damage":0.0,"enemies":"Snecko","floor":28.0,"turns":5.0},{"damage":5.0,"enemies":"Gremlin Leader","floor":30.0,"turns":7.0},{"damage":12.0,"enemies":"Automaton","floor":33.0,"turns":8.0},{"damage":12.0,"enemies":"3 Shapes","floor":35.0,"turns":4.0},{"damage":1.0,"enemies":"Orb Walker","floor":37.0,"turns":4.0},{"damage":0.0,"enemies":"3 Darklings","floor":38.0,"turns":5.0},{"damage":0.0,"enemies":"Sphere and 2 Shapes","floor":39.0,"turns":3.0},{"damage":0.0,"enemies":"Giant Head","floor":41.0,"turns":11.0},{"damage":20,"enemies":"Nemesis","floor":44,"turns":9},{"damage":36,"enemies":"4 Shapes","floor":46,"turns":3}],"seed_played":"-4092255731701990914","potions_obtained":[{"floor":1.0,"key":"LiquidMemories"},{"floor":2.0,"key":"Explosive Potion"},{"floor":10.0,"key":"DuplicationPotion"},{"floor":16.0,"key":"Ancient Potion"},{"floor":19.0,"key":"Block Potion"},{"floor":23.0,"key":"DistilledChaos"},{"floor":27.0,"key":"Strength Potion"},{"floor":38.0,"key":"Dexterity Potion"}],"is_trial":false,"path_per_floor":["M","M","?","?","?","R","?","?","T","E","M","M","$","E","R","B",null,"M","M","$","M","M","E","M","R","T","M","M","R","E","?","R","B",null,"M","T","M","M","M","R","E","R","T","E","?","M"],"character_chosen":"DEFECT","items_purchased":["ClockworkSouvenir","Cold Snap","Electrodynamics"],"campfire_rested":2,"item_purchase_floors":[13,20,20],"current_hp_per_floor":[60,49,49,42,67,67,59,59,59,16,14,14,14,10,32,22,62,51,48,48,38,37,11,11,33,33,32,32,32,27,27,27,15,60,48,48,47,47,47,47,47,47,47,27,27,0,0],"gold":386,"neow_bonus":"BOSS_RELIC","is_daily":false,"chose_seed":false,"campfire_upgraded":4,"win_rate":0.0,"timestamp":1613829347,"path_taken":["M","M","?","?","?","R","?","?","T","E","M","?","$","E","R","BOSS","M","?","$","M","M","E","M","R","T","M","M","R","E","?","R","BOSS","M","?","M","M","M","R","E","R","T","E","?","M"],"items_purchased_type":["Relic","Card","Card"],"build_version":"2020-12-22","purchased_purges":1,"victory":false,"max_hp_per_floor":[75,75,75,75,75,75,75,75,75,75,75,75,75,75,75,75,75,75,75,75,75,75,75,75,75,75,75,75,75,75,75,75,75,75,75,75,75,75,75,75,75,75,75,75,75,75,75],"card_choices":[{"not_picked":["Aggregate","Doom and Gloom"],"picked":"Genetic Algorithm","floor":1.0},{"not_picked":["FTL","Steam"],"picked":"Hologram","floor":2.0},{"not_picked":["Go for the Eyes","Leap"],"picked":"Hello World","floor":7.0},{"not_picked":["Undo","Beam Cell"],"picked":"Consume","floor":10.0},{"not_picked":["Gash","Conserve Battery"],"picked":"Steam Power","floor":11.0},{"not_picked":["Rebound","Reboot"],"picked":"Chill","floor":12.0},{"not_picked":["Conserve Battery","Streamline"],"picked":"Defragment","floor":14.0},{"not_picked":["Steam+1","Leap"],"picked":"Turbo+1","floor":18.0},{"not_picked":["Sweeping Beam","Blizzard","Rebound+1"],"picked":"SKIP","floor":19.0},{"not_picked":["Hologram+1","Force Field+1"],"picked":"Ball Lightning","floor":21.0},{"not_picked":["Rebound","Stack","Barrage"],"picked":"SKIP","floor":22.0},{"not_picked":["Undo","Ball Lightning"],"picked":"Coolheaded","floor":23.0},{"not_picked":["Beam Cell","Rebound"],"picked":"Defragment+1","floor":24.0},{"not_picked":["Go for the Eyes","Rainbow","Barrage+1"],"picked":"SKIP","floor":27.0},{"not_picked":["Stack+1","Force Field","Aggregate"],"picked":"SKIP","floor":28.0},{"not_picked":["Redo","Melter","Consume"],"picked":"SKIP","floor":30.0},{"not_picked":["Leap","Rebound+1","Conserve Battery"],"picked":"SKIP","floor":35.0},{"not_picked":["Consume+1","Conserve Battery"],"picked":"Auto Shields","floor":37.0},{"not_picked":["Rip and Tear","Coolheaded","Conserve Battery+1"],"picked":"SKIP","floor":38.0},{"not_picked":["Redo","Hologram+1"],"picked":"Creative AI","floor":39.0},{"not_picked":["Hello World+1","Electrodynamics","Streamline+1"],"picked":"SKIP","floor":41.0},{"not_picked":["Fusion","Streamline","Loop+1"],"picked":"SKIP","floor":44},{"not_picked":["Good Instincts","Mayhem"],"picked":"Panacea","floor":45}],"player_experience":394724,"relics_obtained":[{"floor":7.0,"key":"Odd Mushroom"},{"floor":9.0,"key":"Tiny Chest"},{"floor":10.0,"key":"DataDisk"},{"floor":14.0,"key":"Pen Nib"},{"floor":23.0,"key":"Dead Branch"},{"floor":26.0,"key":"Blue Candle"},{"floor":30.0,"key":"Vajra"},{"floor":41.0,"key":"Bottled Lightning"},{"floor":43.0,"key":"Shuriken"},{"floor":44,"key":"Juzu Bracelet"}],"event_choices":[{"damage_healed":0.0,"max_hp_gain":0.0,"max_hp_loss":0.0,"gold_gain":0.0,"event_name":"Living Wall","player_choice":"Grow","floor":3.0,"gold_loss":0.0,"damage_taken":0.0,"cards_upgraded":["Genetic Algorithm"]},{"cards_removed":["Strike_B"],"damage_healed":0.0,"max_hp_gain":0.0,"max_hp_loss":0.0,"gold_gain":0.0,"event_name":"Golden Wing","player_choice":"Card Removal","floor":4.0,"gold_loss":0.0,"damage_taken":7.0},{"damage_healed":25.0,"max_hp_gain":0.0,"max_hp_loss":0.0,"gold_gain":0.0,"event_name":"Big Fish","player_choice":"Banana","floor":5.0,"gold_loss":0.0,"damage_taken":0.0},{"damage_healed":0.0,"max_hp_gain":0.0,"max_hp_loss":0.0,"gold_gain":0.0,"event_name":"Mushrooms","player_choice":"Fought Mushrooms","floor":7.0,"gold_loss":0.0,"damage_taken":0.0},{"damage_healed":0.0,"max_hp_gain":0.0,"max_hp_loss":0.0,"gold_gain":0.0,"cards_transformed":["Defend_B"],"event_name":"Transmorgrifier","player_choice":"Transformed","floor":8.0,"gold_loss":0.0,"damage_taken":0.0,"cards_obtained":["Stack"]},{"cards_removed":["Strike_B"],"damage_healed":0.0,"max_hp_gain":0.0,"max_hp_loss":0.0,"gold_gain":0.0,"event_name":"Back to Basics","player_choice":"Elegance","floor":31.0,"gold_loss":0.0,"damage_taken":0.0},{"damage_healed":0,"gold_gain":0,"player_choice":"Memory 1","damage_taken":0,"max_hp_gain":0,"max_hp_loss":0,"event_name":"SensoryStone","floor":45,"gold_loss":0}],"is_beta":false,"boss_relics":[{"not_picked":["Nuclear Battery","Velvet Choker"],"picked":"Runic Pyramid"},{"not_picked":["Sozu","SacredBark"],"picked":"SlaversCollar"}],"items_purged_floors":[13],"is_endless":false,"potions_floor_spawned":[1,2,10,16,19,21,23,27,28,38,44],"killed_by":"4 Shapes","ascension_level":6}}