{"host":"dkr0dog13pegamnp","time":1613833492,"event":{"mods":["AchievementEnabler","BaseMod","Minty Spire (QoL Compilation)","Rare Cards Sparkle","StSLib","SuperFastMode","everything is the same but u backflip on backflip"],"gold_per_floor":[113,125,144,154,169,169,169,169,194,208,222,206,236,262,262,363,363,349,359,359,359],"floor_reached":20,"language":"KOR","playtime":687,"items_purged":[],"score":279,"play_id":"41901c0a-f609-4372-be31-9fd7fb301597","local_time":"20210221000452","is_ascension_mode":true,"campfire_choices":[{"data":"Deadly Poison","floor":6.0,"key":"SMITH"},{"data":"Calculated Gamble","floor":8.0,"key":"SMITH"},{"floor":15,"key":"REST"}],"circlet_count":0,"master_deck":["AscendersBane","Strike_G","Defend_G","Defend_G","Defend_G","Defend_G","Defend_G","Survivor","Neutralize","Escape Plan","Deadly Poison+1","Calculated Gamble+1","Burst","Adrenaline","Noxious Fumes"],"relics":["Ring of the Snake","Orichalcum","Oddly Smooth Stone","MealTicket","Empty Cage"],"acts_visited":["Exordium","TheCity"],"potions_floor_usage":[16,16,18],"damage_taken":[{"damage":0.0,"enemies":"Cultist","floor":1.0,"turns":6.0},{"damage":11.0,"enemies":"2 Louse","floor":2.0,"turns":4.0},{"damage":0.0,"enemies":"Jaw Worm","floor":3.0,"turns":5.0},{"damage":0.0,"enemies":"Red Slaver","floor":4.0,"turns":6.0},{"damage":1.0,"enemies":"Large Slime","floor":5.0,"turns":7.0},{"damage":0.0,"enemies":"Blue Slaver","floor":10.0,"turns":5.0},{"damage":0.0,"enemies":"Red Slaver","floor":11.0,"turns":4.0},{"damage":7.0,"enemies":"Exordium Thugs","floor":12.0,"turns":6.0},{"damage":12,"enemies":"Lagavulin","floor":14,"turns":7},{"damage":14,"enemies":"Hexaghost","floor":16,"turns":11},{"damage":8,"enemies":"2 Thieves","floor":18,"turns":5},{"damage":39,"enemies":"3 Byrds","floor":19,"turns":10},{"damage":11,"enemies":"Snecko","floor":20,"turns":4}],"seed_played":"7895076808812152919","potions_obtained":[{"floor":1.0,"key":"Swift Potion"},{"floor":3.0,"key":"AttackPotion"},{"floor":12.0,"key":"Strength Potion"},{"floor":14,"key":"LiquidMemories"},{"floor":16,"key":"AttackPotion"}],"is_trial":false,"path_per_floor":["M","M","M","M","M","R","?","R","T","M","M","M","?","E","R","B",null,"M","M","M"],"character_chosen":"THE_SILENT","items_purchased":[],"campfire_rested":1,"item_purchase_floors":[],"current_hp_per_floor":[45,34,34,34,33,33,21,21,21,21,21,14,14,2,23,9,55,47,8,0,0],"gold":359,"neow_bonus":"REMOVE_TWO","is_daily":false,"chose_seed":false,"campfire_upgraded":2,"win_rate":0.0,"timestamp":1613833492,"path_taken":["M","M","M","M","M","R","?","R","T","M","M","M","?","E","R","BOSS","M","M","M"],"items_purchased_type":[],"build_version":"2020-12-22","purchased_purges":0,"victory":false,"max_hp_per_floor":[70,70,70,70,70,70,70,70,70,70,70,70,70,70,70,70,70,70,70,70,70],"card_choices":[{"not_picked":["Underhanded Strike","Expertise"],"picked":"Escape Plan","floor":1.0},{"not_picked":["Heel Hook","Prepared"],"picked":"Deadly Poison","floor":2.0},{"not_picked":["Setup","Deadly Poison","Blade Dance"],"picked":"SKIP","floor":3.0},{"not_picked":["Concentrate","Underhanded Strike"],"picked":"Calculated Gamble","floor":4.0},{"not_picked":["Dagger Throw","Bane","Predator"],"picked":"SKIP","floor":5.0},{"not_picked":["Prepared","Expertise","Quick Slash"],"picked":"SKIP","floor":10.0},{"not_picked":["Dagger Throw","Finisher","Bane"],"picked":"SKIP","floor":11.0},{"not_picked":["Flying Knee","Slice"],"picked":"Burst","floor":12.0},{"not_picked":["Envenom","Leg Sweep","Outmaneuver"],"picked":"SKIP","floor":14},{"not_picked":["Phantasmal Killer","Glass Knife"],"picked":"Adrenaline","floor":16},{"not_picked":["Underhanded Strike+1","Riddle With Holes","Outmaneuver"],"picked":"SKIP","floor":18},{"not_picked":["Underhanded Strike","Blur"],"picked":"Noxious Fumes","floor":19}],"player_experience":73415,"relics_obtained":[{"floor":9.0,"key":"Oddly Smooth Stone"},{"floor":14,"key":"MealTicket"}],"event_choices":[{"damage_healed":0.0,"max_hp_gain":0.0,"max_hp_loss":0.0,"gold_gain":0.0,"event_name":"Scrap Ooze","player_choice":"Success","floor":7.0,"gold_loss":0.0,"damage_taken":12.0,"relics_obtained":["Orichalcum"]},{"damage_healed":0,"gold_gain":30,"player_choice":"Searched \u00272\u0027 times","damage_taken":0,"max_hp_gain":0,"max_hp_loss":0,"event_name":"Dead Adventurer","floor":13,"gold_loss":0}],"is_beta":false,"boss_relics":[{"not_picked":["Pandora\u0027s Box","HoveringKite"],"picked":"Empty Cage"}],"items_purged_floors":[],"is_endless":false,"potions_floor_spawned":[1,3,12,14,16],"killed_by":"Snecko","ascension_level":11}}