{"host":"x5q8uzeox1qwonhv","time":1613812449,"event":{"mods":["Act Like it!","BaseMod","Better Skull","Better Third Choice","BetterRewards","Downfall","Googly Eyes","Hermit","Minty Spire (QoL Compilation)","Quick Restart","Spicy Shops","StSLib","The Alterego","The IronCluck","WarShipGirlsR/战舰少女R mod","【遗物卡牌】REMEMod"],"gold_per_floor":[120,45,45,55,55,55,88,88,159,179,31,31,44,58,58,155,155,174,184,184],"floor_reached":19,"language":"ZHS","playtime":4791,"items_purged":["alterego_mod:Strike"],"score":194,"play_id":"fa75435e-6d3b-4ad3-aef8-0c0aa4ec6b2e","local_time":"20210220171409","is_ascension_mode":false,"campfire_choices":[{"data":"alterego_mod:Impale","floor":6,"key":"SMITH"},{"data":"alterego_mod:Mirror","floor":8,"key":"SMITH"},{"data":"alterego_mod:Venus","floor":12,"key":"SMITH"},{"data":"alterego_mod:Birthday","floor":15,"key":"SMITH"}],"circlet_count":0,"master_deck":["alterego_mod:Strike","alterego_mod:Strike","alterego_mod:Strike","alterego_mod:Defend","alterego_mod:Defend","alterego_mod:Defend","alterego_mod:Impale+1","alterego_mod:BigMeatyClaws","alterego_mod:BrynhildrsRune","bronze:ChildClass","alterego_mod:Mirror+1","alterego_mod:GachaTicket","alterego_mod:Venus+1","alterego_mod:Birthday+1","alterego_mod:TrashNCrash","alterego_mod:Vow"],"relics":["alterego_mod:MasochisticConstitution","REME_ComplimentaryCards","NeowsBlessing","Boot","Kunai","REME_HandOfSuture","Empty Cage"],"acts_visited":["Exordium","TheCity"],"potions_floor_usage":[5,7,16,16],"damage_taken":[{"damage":0,"enemies":"2 Louse","floor":1,"turns":1},{"damage":0,"enemies":"Cultist","floor":4,"turns":1},{"damage":0,"enemies":"3 Sentries","floor":7,"turns":2},{"damage":0,"enemies":"Jaw Worm","floor":10,"turns":3},{"damage":15,"enemies":"Exordium Thugs","floor":13,"turns":2},{"damage":0,"enemies":"Lots of Slimes","floor":14,"turns":2},{"damage":84,"enemies":"The Guardian","floor":16,"turns":12},{"damage":9,"enemies":"Chosen","floor":18,"turns":3},{"damage":24,"enemies":"Shell Parasite","floor":19,"turns":5}],"seed_played":"-9125628004777981466","potions_obtained":[{"floor":1,"key":"ColorlessPotion"},{"floor":5,"key":"REME_GoldPotion"},{"floor":5,"key":"FairyPotion"},{"floor":5,"key":"SkillPotion"},{"floor":14,"key":"champ:CounterPotion"}],"is_trial":false,"path_per_floor":["M","$","?","M","?","R","E","R","T","M","$","R","M","M","R","B",null,"M","M"],"character_chosen":"The_Alterego","items_purchased":["REME_HandOfSuture"],"campfire_rested":0,"item_purchase_floors":[11],"current_hp_per_floor":[70,70,70,70,70,70,70,70,70,70,70,70,56,56,56,4,72,67,47,47],"gold":184,"neow_bonus":"THREE_ENEMY_KILL","is_daily":false,"chose_seed":false,"campfire_upgraded":4,"win_rate":0.0,"timestamp":1613812449,"path_taken":["M","$","?","M","?","R","E","R","T","M","$","R","?","M","R","BOSS","M","?"],"items_purchased_type":["Relic"],"build_version":"2020-12-22","purchased_purges":1,"victory":false,"max_hp_per_floor":[70,70,70,70,70,70,70,70,70,70,70,70,71,71,71,72,72,73,74,74],"card_choices":[{"not_picked":["alterego_mod:Complex","alterego_mod:Cycle"],"picked":"alterego_mod:Mirror","floor":1},{"not_picked":["alterego_mod:DestructionOfProperty","alterego_mod:1TonWallop"],"picked":"alterego_mod:GachaTicket","floor":4},{"not_picked":["alterego_mod:Skirt","alterego_mod:Undulate"],"picked":"alterego_mod:Jiggle","floor":7},{"not_picked":["alterego_mod:Swimsuit","alterego_mod:MagicResistance"],"picked":"alterego_mod:Venus","floor":10},{"not_picked":["alterego_mod:Punishment","alterego_mod:Swimsuit"],"picked":"alterego_mod:Birthday","floor":13},{"not_picked":["alterego_mod:Belts","alterego_mod:Undulate"],"picked":"alterego_mod:TrashNCrash","floor":14},{"not_picked":["alterego_mod:Weigh","alterego_mod:TrickOrTreatment"],"picked":"alterego_mod:Vow","floor":16},{"not_picked":["alterego_mod:Belts","alterego_mod:Punishment","alterego_mod:Complex+1"],"picked":"SKIP","floor":18}],"player_experience":211474,"relics_obtained":[{"floor":7,"key":"Boot"},{"floor":9,"key":"Kunai"}],"event_choices":[{"damage_healed":0,"gold_gain":0,"player_choice":"Ignored","damage_taken":45,"max_hp_gain":0,"max_hp_loss":0,"event_name":"betterThird:BetterSerpent","floor":3,"gold_loss":0},{"damage_healed":0,"gold_gain":0,"player_choice":"Got Potions","damage_taken":0,"max_hp_gain":0,"max_hp_loss":0,"event_name":"Lab","floor":5,"gold_loss":0}],"is_beta":false,"boss_relics":[{"not_picked":["REME_DemonsWealth","Busted Crown"],"picked":"Empty Cage"}],"items_purged_floors":[2],"is_endless":false,"potions_floor_spawned":[1,14],"killed_by":"Shell Parasite","ascension_level":0}}