{"host":"72n3jwtrlpjobydj","time":1613799422,"event":{"mods":["AchievementEnabler","BaseMod","CapriCore","DeckTracker","Hermit","Koishi","KomeijiMod","Lobotomy","Marisa£¨Ùöéë¡¡Øª×âÞÞ£©","Minty Spire (QoL Compilation)","Permanent Neow","StSLib","SuperFastMode","The Cursed","The Hierophant","The Immortal"],"gold_per_floor":[211,224,78,90,90,90,124,124,150,150,50,50,50,63,63,162,162,182,202,216,216,234,234,247,261,261,261,107,72,99,99,99],"floor_reached":31,"language":"KOR","playtime":604,"items_purged":["Strike_P","Strike_P"],"score":294,"play_id":"818b69fe-8376-497a-863f-9455862def7c","local_time":"20210220143702","is_ascension_mode":true,"campfire_choices":[{"floor":6,"key":"RECALL"},{"floor":8,"key":"REST"},{"floor":10,"key":"REST"},{"floor":13,"key":"REST"},{"floor":15,"key":"REST"},{"floor":23,"key":"REST"}],"circlet_count":0,"master_deck":["Strike_P","Strike_P","Defend_P","Defend_P","Defend_P","Eruption","Vigilance","Tantrum+1","TalkToTheHand","Tantrum","FearNoEvil"],"relics":["PureWater","Boot","Dream Catcher","Philosopher\u0027s Stone","Bag of Preparation","Toy Ornithopter","Tiny Chest"],"acts_visited":["Exordium","TheCity"],"potions_floor_usage":[16,16,22,30,30,30],"damage_taken":[{"damage":0,"enemies":"2 Louse","floor":1,"turns":2},{"damage":0,"enemies":"Cultist","floor":2,"turns":3},{"damage":0,"enemies":"Jaw Worm","floor":4,"turns":2},{"damage":62,"enemies":"3 Sentries","floor":7,"turns":7},{"damage":12,"enemies":"Lots of Slimes","floor":14,"turns":2},{"damage":41,"enemies":"Hexaghost","floor":16,"turns":8},{"damage":11,"enemies":"2 Thieves","floor":18,"turns":3},{"damage":0,"enemies":"Chosen","floor":19,"turns":3},{"damage":49,"enemies":"Shelled Parasite and Fungi","floor":20,"turns":4},{"damage":2,"enemies":"Snecko","floor":22,"turns":3},{"damage":7,"enemies":"Chosen and Byrds","floor":24,"turns":4},{"damage":14,"enemies":"Centurion and Healer","floor":25,"turns":4},{"damage":0,"enemies":"Gremlin Leader","floor":30,"turns":3},{"damage":24,"enemies":"Snake Plant","floor":31,"turns":3}],"seed_played":"-8013520295512474275","potions_obtained":[{"floor":2,"key":"LiquidMemories"},{"floor":4,"key":"LiquidBronze"},{"floor":16,"key":"FearPotion"},{"floor":18,"key":"Strength Potion"},{"floor":20,"key":"Swift Potion"},{"floor":22,"key":"DistilledChaos"}],"is_trial":false,"path_per_floor":["M","M","$","M","?","R","E","R","T","R","$","T","R","M","R","B",null,"M","M","M","?","M","R","M","M","T","?","$","$","E","M"],"character_chosen":"WATCHER","items_purchased":["Tantrum","Toy Ornithopter","FearNoEvil"],"campfire_rested":5,"item_purchase_floors":[3,28,29],"current_hp_per_floor":[72,72,72,72,72,72,10,31,31,52,52,52,72,60,72,31,72,61,61,12,12,10,31,24,10,10,1,1,1,16,0,0],"gold":99,"neow_bonus":"HUNDRED_GOLD","is_daily":false,"chose_seed":false,"campfire_upgraded":0,"win_rate":0.0,"timestamp":1613799422,"path_taken":["M","M","$","M","?","R","E","R","T","R","?","?","R","M","R","BOSS","M","?","M","?","?","R","M","M","T","?","?","$","E","M"],"items_purchased_type":["Card","Relic","Card"],"build_version":"2020-12-22","purchased_purges":2,"victory":false,"max_hp_per_floor":[72,72,72,72,72,72,72,72,72,72,72,72,72,72,72,72,72,72,72,72,72,72,72,72,72,72,72,72,72,72,72,72],"card_choices":[{"not_picked":["EmptyFist","EmptyBody","ClearTheMind"],"picked":"SKIP","floor":1},{"not_picked":["JustLucky","BowlingBash","LikeWater"],"picked":"SKIP","floor":2},{"not_picked":["Evaluate","FlurryOfBlows"],"picked":"TalkToTheHand","floor":4},{"not_picked":["Indignation","BowlingBash"],"picked":"Tantrum","floor":7},{"not_picked":["Evaluate","ThirdEye","Consecrate"],"picked":"SKIP","floor":14},{"not_picked":["FlurryOfBlows","Vengeance","Fasting2"],"picked":"SKIP","floor":18},{"not_picked":["EmptyBody","CarveReality","Protect"],"picked":"SKIP","floor":19},{"not_picked":["LikeWater+1","Consecrate","ThirdEye"],"picked":"SKIP","floor":20},{"not_picked":["Meditate","Study+1","CutThroughFate"],"picked":"SKIP","floor":22},{"not_picked":["ForeignInfluence","FlyingSleeves","CutThroughFate"],"picked":"SKIP","floor":24},{"not_picked":["ThirdEye","Crescendo","WheelKick"],"picked":"SKIP","floor":25},{"not_picked":["Alpha","JustLucky","Perseverance+1"],"picked":"SKIP","floor":30}],"player_experience":99249,"relics_obtained":[{"floor":7,"key":"Boot"},{"floor":12,"key":"Dream Catcher"},{"floor":26,"key":"Bag of Preparation"},{"floor":30,"key":"Tiny Chest"}],"event_choices":[{"cards_removed":["Defend_P"],"damage_healed":0,"gold_gain":0,"player_choice":"Offered Basic","damage_taken":0,"max_hp_gain":0,"max_hp_loss":0,"event_name":"Bonfire Elementals","floor":5,"gold_loss":0},{"damage_healed":0,"gold_gain":0,"player_choice":"Upgraded","damage_taken":0,"max_hp_gain":0,"max_hp_loss":0,"event_name":"Upgrade Shrine","floor":21,"gold_loss":0,"cards_upgraded":["Tantrum"]},{"damage_healed":0,"gold_gain":0,"player_choice":"Stopped","damage_taken":9,"max_hp_gain":0,"max_hp_loss":0,"event_name":"Cursed Tome","floor":27,"gold_loss":0}],"is_beta":false,"boss_relics":[{"not_picked":["Busted Crown","Runic Pyramid"],"picked":"Philosopher\u0027s Stone"}],"items_purged_floors":[3,11],"is_endless":false,"potions_floor_spawned":[2,4,16,18,20,22],"killed_by":"Snake Plant","ascension_level":1}}