{"host":"u21q392b5xaj11fl","time":1613783663,"event":{"mods":["2.2 Compatiblity","Bard","BaseMod","Better Note","Colored Map","Colored Powertips","Conspire","Custom Start","Downfall","Faster Ascension Climbing","GifTheSpireLib","Gremlin Skip","Highlight Path","Hubris","Infinite Spire","Mad Scientist","Marisa????????","Mimic Mod","Minty Spire (QoL Compilation)","Monster B Gone","Permanent Neow","Potionbrewer","Quick Restart","READ ME - Guardian Mod","Relic Sorter","Replay The Spire","Shop Mod","Somnambulant","StSLib","Stuff the Spire","SuperFastMode","The Construct","The Disciple","The Servant 0.9.4"],"gold_per_floor":[118,135,135,153,153,153,12,12,12,12,54,83,36,64,64,135,235,254,214,232,246,246,275,320,320,343,343,372,372,407,426,426,500,500,519,533,533,550,459,494,494,528,528,548,574,574,608,617,617,617,617,617,457,492,492],"floor_reached":56,"language":"ENG","playtime":4100,"items_purged":["Guardian:Strike_Guardian","Guardian:Defend_Guardian"],"score":2243,"play_id":"b2003951-1843-432f-a3d9-6b0497e61c00","local_time":"20210219191423","is_ascension_mode":true,"campfire_choices":[{"data":"Guardian:Suspension","floor":6.0,"key":"SMITH"},{"data":"Guardian:MultiBeam","floor":8.0,"key":"SMITH"},{"data":"Replay:GuardianBash","floor":15.0,"key":"SMITH"},{"data":"Guardian:Orbwalk","floor":29.0,"key":"SMITH"},{"data":"infinitespire:TheBestDefense","floor":32.0,"key":"SMITH"},{"floor":41.0,"key":"RECALL"},{"data":"Guardian:Recover","floor":46.0,"key":"SMITH"},{"data":"Guardian:DecasProtection","floor":49.0,"key":"SMITH"},{"data":"Guardian:FierceBash","floor":52.0,"key":"SMITH"}],"circlet_count":0,"master_deck":["AscendersBane","Guardian:Strike_Guardian+1","Guardian:Strike_Guardian+1","Guardian:Defend_Guardian","Guardian:Defend_Guardian","Guardian:Defend_Guardian","Guardian:TwinSlam+1","Guardian:Suspension+1","Guardian:ShieldCharger","Replay:GuardianBash+1","Guardian:MultiBeam+1","Guardian:FuturePlans+1","Guardian:Incinerate+1","Guardian:FastForward+1","infinitespire:TheBestDefense+1","Guardian:Orbwalk+1","Guardian:FierceBash+1","Guardian:PiercingHide+1","Guardian:DecasProtection+1","Guardian:BronzeArmor+1","Guardian:Recover+1","Guardian:Clone","Guardian:TimeCapacitor"],"relics":["m_GuardianBlood","hubris:Icosahedron","Akabeko","Slimebound:StickyStick","TungstenRod","Replay:Wanted Poster","MerchantsRug","hubris:PeanutButter","Nunchaku","ReplayFunnel","Replay:Baseball","Chemical X","Medical Kit","infinitespire:Satchel","Lee\u0027s Waffle","Whetstone"],"acts_visited":["Exordium","TheCity","TheBeyond","TheEnding"],"potions_floor_usage":[55],"damage_taken":[{"damage":4.0,"enemies":"Jaw Worm","floor":1.0,"turns":5.0},{"damage":1.0,"enemies":"Small Slimes","floor":2.0,"turns":4.0},{"damage":2.0,"enemies":"2 Louse","floor":4.0,"turns":4.0},{"damage":20.0,"enemies":"conspire:MimicChest","floor":11.0,"turns":10.0},{"damage":0.0,"enemies":"Gremlin Nob","floor":12.0,"turns":1.0},{"damage":10.0,"enemies":"3 Sentries","floor":14.0,"turns":2.0},{"damage":17.0,"enemies":"Slime Boss","floor":16.0,"turns":6.0},{"damage":13.0,"enemies":"Spheric Guardian","floor":18.0,"turns":5.0},{"damage":0.0,"enemies":"3 Byrds","floor":20.0,"turns":2.0},{"damage":12.0,"enemies":"Snecko","floor":21.0,"turns":4.0},{"damage":28.0,"enemies":"Book of Stabbing","floor":23.0,"turns":4.0},{"damage":15.0,"enemies":"Slavers","floor":28.0,"turns":3.0},{"damage":0.0,"enemies":"Book of Stabbing","floor":30.0,"turns":4.0},{"damage":0.0,"enemies":"Centurion and Healer","floor":31.0,"turns":4.0},{"damage":7.0,"enemies":"Automaton","floor":33.0,"turns":6.0},{"damage":6.0,"enemies":"3 Shapes","floor":35.0,"turns":1.0},{"damage":0.0,"enemies":"3 Darklings","floor":36.0,"turns":2.0},{"damage":2.0,"enemies":"Writhing Mass","floor":38.0,"turns":3.0},{"damage":0.0,"enemies":"R_Hoarder","floor":40.0,"turns":7.0},{"damage":0.0,"enemies":"Reptomancer","floor":42.0,"turns":5.0},{"damage":5.0,"enemies":"Spire Growth","floor":44.0,"turns":4.0},{"damage":0.0,"enemies":"Jaw Worm Horde","floor":45.0,"turns":3.0},{"damage":0.0,"enemies":"Giant Head","floor":47.0,"turns":6.0},{"damage":7.0,"enemies":"Time Eater","floor":50.0,"turns":7.0},{"damage":5.0,"enemies":"Shield and Spear","floor":54.0,"turns":3.0},{"damage":49,"enemies":"The Heart","floor":55,"turns":6}],"seed_played":"-6224959660383730404","potions_obtained":[{"floor":0.0,"key":"potionbrewer:EndurancePotion"},{"floor":0.0,"key":"BlessingOfTheForge"},{"floor":2.0,"key":"Fruit Juice"},{"floor":4.0,"key":"Adrenaline Potion"},{"floor":12.0,"key":"champ:CounterPotion"},{"floor":14.0,"key":"SpeedPotion"},{"floor":18.0,"key":"potionbrewer:EndurancePotion"},{"floor":20.0,"key":"Adrenaline Potion"},{"floor":21.0,"key":"potionbrewer:AcidPotion"},{"floor":36.0,"key":"potionbrewer:BarricadePotion"},{"floor":38.0,"key":"BlessingOfTheForge"},{"floor":40.0,"key":"potionbrewer:AcidPotion"},{"floor":44.0,"key":"AttackPotion"}],"is_trial":false,"path_per_floor":["M","M","?","M","?","R","$","R","T","?","?","E","$","E","R","B",null,"M","?","M","M","AVR","E","$","?","T","?","E","R","E","M","R","B",null,"M","M","?","M","$","E","R","E","T","M","M","R","E","?","R","B",null,"R","$","E","B",null],"character_chosen":"GUARDIAN","items_purchased":["Guardian:MultiBeam","Guardian:Gem_Crimson","Guardian:Incinerate","MerchantsRug","Guardian:Gem_Yellow","Medical Kit","SkillPotion","Lee\u0027s Waffle","Guardian:TimeCapacitor"],"campfire_rested":0,"item_purchase_floors":[7,7,13,24,24,39,53,53,53],"current_hp_per_floor":[61,60,60,69,74,74,74,74,74,67,53,59,59,55,55,44,73,66,66,72,66,66,44,44,44,44,82,73,73,79,82,82,81,82,82,82,82,82,82,82,82,82,82,82,82,82,82,82,82,81,82,82,89,89,46],"gold":492,"neow_bonus":"THREE_SMALL_POTIONS","is_daily":false,"chose_seed":false,"campfire_upgraded":8,"win_rate":0.0,"timestamp":1613783663,"path_taken":["M","M","?","M","?","R","$","R","T","?","?","E","?","E","R","BOSS","M","?","M","M","AVR","E","$","?","T","?","E","R","E","M","R","BOSS","M","?","?","M","$","E","R","E","T","M","M","R","E","?","R","BOSS","R","$","E","BOSS"],"items_purchased_type":["Card","Card","Card","Relic","Card","Relic","Potion","Relic","Card"],"build_version":"2020-12-22","purchased_purges":2,"victory":true,"max_hp_per_floor":[72,72,72,77,82,82,82,82,82,82,82,82,82,82,82,82,82,82,82,82,82,82,82,82,82,82,82,82,82,82,82,82,82,82,82,82,82,82,82,82,82,82,82,82,82,82,82,82,82,82,82,82,89,89,89],"card_choices":[{"not_picked":["Guardian:Preprogram","Guardian:TimeCapacitor"],"picked":"Guardian:Suspension","floor":1.0},{"not_picked":["Guardian:TemporalStrike","Guardian:Gem_Fragmented"],"picked":"Guardian:ShieldCharger","floor":2.0},{"not_picked":["Flex","Guardian:ShieldCharger","Guardian:SpikerProtocol"],"picked":"SKIP","floor":4.0},{"not_picked":["Guardian:TimeCapacitor","Guardian:Gem_Green"],"picked":"Guardian:FuturePlans","floor":11.0},{"not_picked":["Guardian:ArmoredProtocol","Whirlwind"],"picked":"Guardian:Gem_Purple","floor":12.0},{"not_picked":["Guardian:Planning","Guardian:EvasiveProtocol"],"picked":"Guardian:Gem_Cyan","floor":14.0},{"not_picked":["Guardian:Gem_Orange","Guardian:GatlingBeam"],"picked":"Guardian:FastForward","floor":16.0},{"not_picked":["Guardian:Gem_Green","Guardian:Preprogram"],"picked":"Guardian:SentryBeam","floor":18.0},{"not_picked":["Guardian:Gem_Green","Guardian:ShieldCharger","Guardian:Preprogram"],"picked":"SKIP","floor":20.0},{"not_picked":["Guardian:Gem_Red","Guardian:Clone"],"picked":"Guardian:Gem_Cyan","floor":21.0},{"not_picked":["Guardian:PrimingBeam","Guardian:CrystalBeam","Guardian:Gem_Red"],"picked":"SKIP","floor":23.0},{"not_picked":["Guardian:Suspension","Guardian:CrystalBeam"],"picked":"Guardian:Orbwalk","floor":28.0},{"not_picked":["Guardian:Gem_Fragmented","Guardian:FloatingOrbs","Guardian:PrismaticBarrier+1"],"picked":"SKIP","floor":30.0},{"not_picked":["Guardian:TemporalStrike","Guardian:FloatingOrbs","Guardian:Gem_Cyan"],"picked":"SKIP","floor":31.0},{"not_picked":["Guardian:TimeSifter","Guardian:FastForward"],"picked":"Guardian:FierceBash","floor":33.0},{"not_picked":["Guardian:FloatingOrbs","Guardian:GuardianWhirl","Guardian:Incinerate"],"picked":"SKIP","floor":35.0},{"not_picked":["Guardian:PrimingBeam+1","Guardian:Harden"],"picked":"Guardian:PiercingHide+1","floor":36.0},{"not_picked":["Guardian:WalkerClaw","Guardian:MultiBeam","Inflame"],"picked":"SKIP","floor":38.0},{"not_picked":["Guardian:CrystalBeam","Guardian:Preprogram","Inflame"],"picked":"SKIP","floor":40.0},{"not_picked":["Guardian:TimeCapacitor","Double Tap"],"picked":"Guardian:DecasProtection","floor":42.0},{"not_picked":["Guardian:ShieldCharger","Guardian:PrimingBeam+1"],"picked":"Guardian:BronzeArmor+1","floor":44.0},{"not_picked":["Guardian:Gem_Green","Thunderclap"],"picked":"Guardian:Recover","floor":45.0},{"not_picked":["Guardian:Planning+1","Heavy Blade","Guardian:Reroute+1"],"picked":"SKIP","floor":47.0},{"not_picked":["Guardian:Gem_Lightblue","Guardian:Repulse","Guardian:WalkerClaw"],"picked":"SKIP","floor":54.0},{"not_picked":["Guardian:Gem_Lightblue","Guardian:Repulse","Guardian:WalkerClaw"],"picked":"SKIP","floor":54.0}],"player_experience":317274,"relics_obtained":[{"floor":9.0,"key":"Akabeko"},{"floor":11.0,"key":"Simple Rune"},{"floor":12.0,"key":"Slimebound:StickyStick"},{"floor":14.0,"key":"TungstenRod"},{"floor":23.0,"key":"Tiny Chest"},{"floor":26.0,"key":"Nunchaku"},{"floor":28.0,"key":"ReplayFunnel"},{"floor":30.0,"key":"Replay:Baseball"},{"floor":40.0,"key":"CeramicFish"},{"floor":42.0,"key":"Replay:Bottled Snecko"},{"floor":47.0,"key":"infinitespire:Satchel"},{"floor":54.0,"key":"Whetstone"}],"event_choices":[{"damage_healed":0.0,"max_hp_gain":5.0,"max_hp_loss":0.0,"gold_gain":0.0,"event_name":"Big Fish","player_choice":"Donut","floor":5.0,"gold_loss":0.0,"damage_taken":0.0},{"cards_removed":["Guardian:Strike_Guardian"],"damage_healed":0.0,"max_hp_gain":0.0,"max_hp_loss":0.0,"gold_gain":0.0,"event_name":"Golden Wing","player_choice":"Card Removal","floor":10.0,"gold_loss":0.0,"damage_taken":7.0},{"damage_healed":0.0,"max_hp_gain":0.0,"max_hp_loss":0.0,"gold_gain":0.0,"event_name":"Designer","player_choice":"Upgraded Two","floor":19.0,"gold_loss":40.0,"damage_taken":0.0,"cards_upgraded":["Guardian:FuturePlans","Guardian:FastForward"]},{"damage_healed":0.0,"max_hp_gain":0.0,"max_hp_loss":0.0,"gold_gain":0.0,"event_name":"WeMeetAgain","player_choice":"Gave Potion","floor":25.0,"gold_loss":0.0,"damage_taken":0.0,"relics_obtained":["hubris:PeanutButter"]},{"cards_removed":["Guardian:SentryBeam"],"damage_healed":38.0,"max_hp_gain":0.0,"max_hp_loss":0.0,"gold_gain":0.0,"event_name":"Bonfire Elementals","player_choice":"Offered Uncommon","floor":27.0,"gold_loss":0.0,"damage_taken":0.0}],"is_beta":false,"boss_relics":[{"not_picked":["conspire:RunicOctahedron","ReplayTheSpireMod:SealedPack"],"picked":"Replay:Wanted Poster"},{"not_picked":["Snecko Eye","Honey Jar"],"picked":"hubris:Backtick"}],"items_purged_floors":[22,39],"is_endless":false,"potions_floor_spawned":[1,2,4,12,14,18,20,21,36,38,40,44],"ascension_level":14}}