{"host":"iirf6tm60n5v4e3j","time":1613811264,"event":{"mods":["Act Like it!","BaseMod","Gensokyo","Marisa????????","Minty Spire (QoL Compilation)","StSLib","The Marked"],"gold_per_floor":[116,136,151,161,187,221,221,188,188,223,256,336,336,382,382,502,502,533,564,564,593,628,628,674,674,674],"floor_reached":25,"language":"ENG","playtime":2665,"items_purged":[],"score":377,"play_id":"12e83298-1ac7-4a99-a74c-cf89af0c087d","local_time":"20210220005424","is_ascension_mode":true,"campfire_choices":[{"data":"DeepEcoloBomb","floor":7,"key":"SMITH"},{"floor":15,"key":"REST"},{"floor":23,"key":"REST"}],"circlet_count":0,"master_deck":["AscendersBane","Strike_MRS","Strike_MRS","Strike_MRS","Defend_MRS","Defend_MRS","Defend_MRS","Defend_MRS","MasterSpark","UpSweep","SprinkleStarSeal","GalacticHalo","MilkyWay","DeepEcoloBomb","WitchOfGreed","MilkyWay","MillisecondPulsars","NonDirectionalLaser","OortCloud+1","GalacticHalo","6A","MagicChant+1"],"relics":["MiniHakkero","Nunchaku","Bronze Scales","The Courier","Omamori","Happy Flower","Pen Nib","Cursed Key","Gensokyo:DirgeOfMelancholy","Toxic Egg 2"],"acts_visited":["Exordium","Gensokyo:Gensokyo"],"potions_floor_usage":[6,6,11,11,16,16,21,24,25],"damage_taken":[{"damage":0,"enemies":"Gensokyo:3_Fairies","floor":1,"turns":5},{"damage":5,"enemies":"Gensokyo:2_Kodama","floor":2,"turns":5},{"damage":2,"enemies":"Gensokyo:Gryphon","floor":3,"turns":5},{"damage":3,"enemies":"Gensokyo:Python_and_Kodama","floor":4,"turns":6},{"damage":38,"enemies":"Gensokyo:Cirno","floor":6,"turns":8},{"damage":0,"enemies":"Gensokyo:Mamizou","floor":10,"turns":9},{"damage":13,"enemies":"Gensokyo:5_Fairies","floor":11,"turns":7},{"damage":9,"enemies":"Gensokyo:Cirno","floor":14,"turns":7},{"damage":2,"enemies":"Gensokyo:Kokoro","floor":16,"turns":13},{"damage":17,"enemies":"Gensokyo:3_Dogs","floor":18,"turns":5},{"damage":15,"enemies":"Gensokyo:Chomper","floor":19,"turns":5},{"damage":17,"enemies":"Gensokyo:Slime_Group","floor":21,"turns":4},{"damage":6,"enemies":"Gensokyo:Wraith","floor":22,"turns":5},{"damage":12,"enemies":"Gensokyo:Reisen","floor":24,"turns":5},{"damage":20,"enemies":"Gensokyo:Chomper_and_Gloop","floor":25,"turns":5}],"seed_played":"5059170702610788331","potions_obtained":[{"floor":1,"key":"Block Potion"},{"floor":2,"key":"AttackPotion"},{"floor":6,"key":"Fire Potion"},{"floor":10,"key":"Regen Potion"},{"floor":11,"key":"SpeedPotion"},{"floor":14,"key":"EssenceOfSteel"},{"floor":14,"key":"ShroomBrew"},{"floor":18,"key":"Block Potion"},{"floor":19,"key":"BlessingOfTheForge"},{"floor":21,"key":"Fire Potion"},{"floor":22,"key":"Fire Potion"},{"floor":24,"key":"EssenceOfSteel"}],"is_trial":false,"path_per_floor":["M","M","M","M","T","E","R","$","T","E","M","?","?","E","R","B",null,"M","M","?","M","M","R","E","M"],"character_chosen":"MARISA","items_purchased":["DeepEcoloBomb"],"campfire_rested":2,"item_purchase_floors":[8],"current_hp_per_floor":[68,63,61,58,58,20,20,20,20,20,22,22,22,13,35,33,65,48,33,33,16,10,32,20,0,0],"gold":674,"neow_bonus":"REMOVE_CARD","is_daily":false,"chose_seed":false,"campfire_upgraded":1,"win_rate":0.0,"timestamp":1613811264,"path_taken":["M","M","M","?","?","E","R","?","T","E","?","?","?","E","R","BOSS","M","M","?","M","M","R","E","M"],"items_purchased_type":["Card"],"build_version":"2020-12-22","purchased_purges":0,"victory":false,"max_hp_per_floor":[75,75,75,75,75,75,75,75,75,75,75,75,75,75,75,75,75,75,75,75,75,75,75,75,75,75],"card_choices":[{"not_picked":["MagicAbsorber","DarkMatter"],"picked":"SprinkleStarSeal","floor":1},{"not_picked":["DoubleSpark","Orbital"],"picked":"GalacticHalo","floor":2},{"not_picked":["Robbery","OpenUniverse"],"picked":"MilkyWay","floor":3},{"not_picked":["DC","RefractionSpark"],"picked":"DeepEcoloBomb","floor":4},{"not_picked":["DoubleSpark","StarlightTyphoon","ShootingEcho"],"picked":"SKIP","floor":6},{"not_picked":["AlicesGift","WitchLeyline"],"picked":"WitchOfGreed","floor":10},{"not_picked":["SporeBomb","IllusionStar","LuminesStrike"],"picked":"SKIP","floor":11},{"not_picked":["EarthLightRay","SuperNova"],"picked":"MilkyWay","floor":14},{"not_picked":["ManaRampage","EscapeVelocity"],"picked":"MillisecondPulsars","floor":16},{"not_picked":["StarlightTyphoon","IllusionStar"],"picked":"NonDirectionalLaser","floor":18},{"not_picked":["Acceleration+1","GravityBeat"],"picked":"OortCloud+1","floor":19},{"not_picked":["UnstableBomb+1","EnergyRecoil"],"picked":"GalacticHalo","floor":21},{"not_picked":["DragonMeteor+1","EnergyFlow+1"],"picked":"6A","floor":22},{"not_picked":["ChargingUp+1","BigCrunch+1"],"picked":"MagicChant+1","floor":24}],"player_experience":223388,"relics_obtained":[{"floor":5,"key":"Nunchaku"},{"floor":6,"key":"Bronze Scales"},{"floor":9,"key":"The Courier"},{"floor":10,"key":"Omamori"},{"floor":14,"key":"Pen Nib"},{"floor":24,"key":"Toxic Egg 2"}],"event_choices":[],"is_beta":false,"boss_relics":[{"not_picked":["Snecko Eye","Velvet Choker"],"picked":"Cursed Key"}],"items_purged_floors":[],"is_endless":false,"potions_floor_spawned":[1,2,6,10,11,14,19,22,24],"killed_by":"Gensokyo:Chomper_and_Gloop","ascension_level":10}}