{"host":"b6kqr6ulwax9qd8q","time":1613797652,"event":{"mods":["BaseMod","Minty Spire (QoL Compilation)"],"gold_per_floor":[117,135,152,152,167,204,108,145,145,145,170,170,210,268,268,403,403,446,469,753,803,683,721,750,750,759,768,768,768,768,788,788,915,915,965,1015,1041,1041,1041,1082,1082,1126,1203,879,879,879],"floor_reached":45,"language":"ENG","playtime":3084,"items_purged":["Regret","Normality"],"score":666,"play_id":"59c6c711-4a0a-4d27-85d3-a3ada4f90cc2","local_time":"20210220000732","is_ascension_mode":true,"campfire_choices":[{"data":"Eruption","floor":10,"key":"SMITH"},{"data":"Adaptation","floor":12,"key":"SMITH"},{"floor":15,"key":"REST"},{"floor":25,"key":"REST"},{"data":"Devotion","floor":30,"key":"SMITH"},{"floor":32,"key":"REST"},{"floor":41,"key":"REST"}],"circlet_count":0,"master_deck":["Strike_P","Strike_P","Strike_P","Strike_P","Defend_P","Defend_P","Eruption+1","Vigilance","FollowUp","DeceiveReality","SandsOfTime","SandsOfTime","CutThroughFate","BattleHymn","Indignation+1","Wish+1","Adaptation+1","CrushJoints","EmptyBody","Ragnarok","Halt+1","Halt","EmptyFist","Devotion+1","ClearTheMind+1","Clumsy","FlurryOfBlows+1","JustLucky+1","Wallop+1","Crescendo+1","Consecrate+1","FearNoEvil+1","Apotheosis"],"relics":["PureWater","Art of War","CeramicFish","Strawberry","War Paint","Matryoshka","Cursed Key","Singing Bowl","Anchor","Molten Egg 2","Ornamental Fan","Empty Cage","Mango","Lantern","Bottled Lightning","Regal Pillow","HornCleat"],"acts_visited":["Exordium","TheCity","TheBeyond"],"potions_floor_usage":[4,13,21,23,24,33,40,40,42,45],"damage_taken":[{"damage":0,"enemies":"Small Slimes","floor":1,"turns":3},{"damage":0,"enemies":"Cultist","floor":2,"turns":3},{"damage":0,"enemies":"Jaw Worm","floor":3,"turns":3},{"damage":0,"enemies":"Blue Slaver","floor":5,"turns":3},{"damage":0,"enemies":"Gremlin Nob","floor":6,"turns":2},{"damage":20,"enemies":"Lagavulin","floor":8,"turns":5},{"damage":8,"enemies":"3 Louse","floor":11,"turns":3},{"damage":35,"enemies":"3 Sentries","floor":13,"turns":3},{"damage":0,"enemies":"2 Fungi Beasts","floor":14,"turns":4},{"damage":10,"enemies":"Slime Boss","floor":16,"turns":11},{"damage":8,"enemies":"Shell Parasite","floor":18,"turns":4},{"damage":6,"enemies":"2 Thieves","floor":19,"turns":3},{"damage":2,"enemies":"Sentry and Sphere","floor":21,"turns":3},{"damage":27,"enemies":"Gremlin Leader","floor":23,"turns":7},{"damage":13,"enemies":"Snake Plant","floor":24,"turns":2},{"damage":6,"enemies":"Centurion and Healer","floor":31,"turns":5},{"damage":51,"enemies":"Collector","floor":33,"turns":8},{"damage":73,"enemies":"3 Darklings","floor":35,"turns":6},{"damage":0,"enemies":"Mind Bloom Boss Battle","floor":36,"turns":5},{"damage":0,"enemies":"3 Shapes","floor":37,"turns":4},{"damage":74,"enemies":"Reptomancer","floor":40,"turns":6},{"damage":41,"enemies":"Giant Head","floor":42,"turns":7},{"damage":5,"enemies":"Sphere and 2 Shapes","floor":45,"turns":3}],"seed_played":"8151246946468207","potions_obtained":[{"floor":1,"key":"BlessingOfTheForge"},{"floor":2,"key":"PowerPotion"},{"floor":4,"key":"Fruit Juice"},{"floor":4,"key":"Weak Potion"},{"floor":13,"key":"AttackPotion"},{"floor":23,"key":"Swift Potion"},{"floor":31,"key":"Explosive Potion"},{"floor":35,"key":"FearPotion"},{"floor":40,"key":"Swift Potion"}],"is_trial":false,"path_per_floor":["M","M","M","?","M","E","$","E","T","R","M","R","E","M","R","B",null,"M","M","?","M","$","E","M","R","T","?","?","$","R","M","R","B",null,"M","?","M","?","?","E","R","E","T","$","M"],"character_chosen":"WATCHER","items_purchased":["BattleHymn","Indignation","EmptyFist","PowerPotion","Apotheosis"],"campfire_rested":4,"item_purchase_floors":[7,7,22,44,44],"current_hp_per_floor":[72,72,72,77,77,77,77,64,64,64,56,56,21,21,46,36,84,76,70,70,68,68,41,28,53,53,53,53,53,53,47,72,23,86,13,29,29,89,91,17,44,3,3,3,0,0],"gold":879,"neow_bonus":"RANDOM_COMMON_RELIC","is_daily":false,"chose_seed":false,"campfire_upgraded":3,"win_rate":0.0,"timestamp":1613797652,"path_taken":["M","M","M","?","M","E","$","E","T","R","?","R","E","M","R","BOSS","M","M","?","?","$","E","M","R","T","?","?","$","R","M","R","BOSS","M","?","M","?","?","E","R","E","T","$","M"],"items_purchased_type":["Card","Card","Card","Potion","Card"],"build_version":"2020-12-22","purchased_purges":2,"victory":false,"max_hp_per_floor":[72,72,72,77,77,77,77,84,84,84,84,84,84,84,84,84,84,84,84,84,84,84,84,84,84,84,84,84,84,84,84,84,86,86,86,102,102,89,91,91,91,91,91,91,91,91],"card_choices":[{"not_picked":["CarveReality","PathToVictory"],"picked":"FollowUp","floor":1},{"not_picked":["Evaluate","ReachHeaven"],"picked":"DeceiveReality","floor":2},{"not_picked":["Meditate","SignatureMove"],"picked":"SandsOfTime","floor":3},{"not_picked":["Pray","Collect"],"picked":"SandsOfTime","floor":5},{"not_picked":["Brilliance","Collect"],"picked":"CutThroughFate","floor":6},{"not_picked":["ReachHeaven","FlyingSleeves"],"picked":"Wish","floor":8},{"not_picked":["Evaluate","CutThroughFate"],"picked":"Adaptation","floor":11},{"not_picked":["Sanctity","BattleHymn"],"picked":"CrushJoints","floor":13},{"not_picked":["BowlingBash","Fasting2"],"picked":"EmptyBody","floor":14},{"not_picked":["Brilliance","Scrawl"],"picked":"Ragnarok","floor":16},{"not_picked":["Meditate","Conclude","Evaluate"],"picked":"SKIP","floor":18},{"not_picked":["Meditate","Conclude"],"picked":"Halt+1","floor":19},{"not_picked":["PathToVictory+1","BowlingBash"],"picked":"Halt","floor":21},{"not_picked":["Protect+1","SashWhip+1"],"picked":"Devotion","floor":23},{"not_picked":["CrushJoints","EmptyMind"],"picked":"ClearTheMind+1","floor":24},{"not_picked":["Prostrate","BowlingBash+1"],"picked":"JustLucky+1","floor":31},{"not_picked":["Alpha","Ragnarok+1","Omniscience"],"picked":"Singing Bowl","floor":33},{"not_picked":["MentalFortress+1","EmptyFist+1"],"picked":"Wallop+1","floor":35},{"not_picked":["CrushJoints+1","ClearTheMind","Conclude+1"],"picked":"Singing Bowl","floor":36},{"not_picked":["FlyingSleeves+1","Protect+1"],"picked":"Crescendo+1","floor":37},{"not_picked":["Purity","Secret Technique","Forethought"],"picked":"Singing Bowl","floor":39},{"not_picked":["Halt+1","SignatureMove+1"],"picked":"Consecrate+1","floor":40},{"not_picked":["EmptyFist+1","FlyingSleeves+1","FearNoEvil+1"],"picked":"SKIP","floor":42},{"not_picked":["EmptyFist+1","FlyingSleeves+1"],"picked":"FearNoEvil+1","floor":42}],"player_experience":617830,"relics_obtained":[{"floor":6,"key":"CeramicFish"},{"floor":8,"key":"Strawberry"},{"floor":9,"key":"War Paint"},{"floor":13,"key":"Matryoshka"},{"floor":23,"key":"Singing Bowl"},{"floor":26,"key":"Anchor"},{"floor":26,"key":"Molten Egg 2"},{"floor":36,"key":"Mango"},{"floor":40,"key":"Lantern"},{"floor":42,"key":"Bottled Lightning"},{"floor":43,"key":"Regal Pillow"},{"floor":43,"key":"HornCleat"}],"event_choices":[{"damage_healed":0,"gold_gain":0,"player_choice":"Got Potions","damage_taken":0,"max_hp_gain":0,"max_hp_loss":0,"event_name":"Lab","floor":4,"gold_loss":0},{"damage_healed":0,"gold_gain":275,"player_choice":"Desecrate","damage_taken":0,"max_hp_gain":0,"max_hp_loss":0,"event_name":"Golden Shrine","floor":20,"gold_loss":0,"cards_obtained":["Regret"]},{"damage_healed":0,"gold_gain":0,"player_choice":"Read","damage_taken":0,"max_hp_gain":0,"max_hp_loss":0,"event_name":"The Library","floor":27,"gold_loss":0,"cards_obtained":["FlurryOfBlows"]},{"damage_healed":0,"gold_gain":0,"player_choice":"Opened","damage_taken":0,"relics_obtained":["Ornamental Fan"],"max_hp_gain":0,"max_hp_loss":0,"event_name":"The Mausoleum","floor":28,"gold_loss":0},{"damage_healed":0,"gold_gain":0,"player_choice":"Fight","damage_taken":0,"max_hp_gain":0,"max_hp_loss":0,"event_name":"MindBloom","floor":36,"gold_loss":0},{"damage_healed":89,"gold_gain":0,"player_choice":"Heal","damage_taken":0,"max_hp_gain":0,"max_hp_loss":13,"event_name":"The Moai Head","floor":38,"gold_loss":0},{"damage_healed":0,"gold_gain":0,"player_choice":"Memory 1","damage_taken":0,"max_hp_gain":0,"max_hp_loss":0,"event_name":"SensoryStone","floor":39,"gold_loss":0}],"is_beta":false,"boss_relics":[{"not_picked":["Ectoplasm","Runic Dome"],"picked":"Cursed Key"},{"not_picked":["Snecko Eye","Coffee Dripper"],"picked":"Empty Cage"}],"items_purged_floors":[22,44],"is_endless":false,"potions_floor_spawned":[1,2,11,13,14,19,23,31,35,40],"killed_by":"Sphere and 2 Shapes","ascension_level":3}}