{"host":"kh6fvhxn285ncg0o","time":1613790542,"event":{"mods":["Act Like it!","BaseMod","Colored Map","Friendly Minions","Keyboard Shortcuts","Minty Spire (QoL Compilation)","Quick Restart","Relic Stats","StSLib","SuperFastMode","UnlockEverythingMod"],"gold_per_floor":[117,134,184,109,120,120,120,120,120,130,155,155,185,50,50,126,126,146,165,165,5,23,56,56,76,157,167,197,214,246,260,260,336,336,350,375,115,166,184,184,209,209,235,235,252,285,303,332,332,332,332,332,332,6,33,33,33],"floor_reached":56,"language":"KOR","playtime":1589,"items_purged":["Strike_R","Strike_R"],"score":2040,"play_id":"51e5851e-2667-490a-afa9-1fb0f2a0be1f","local_time":"20210220120902","is_ascension_mode":true,"campfire_choices":[{"data":"Carnage","floor":6.0,"key":"SMITH"},{"data":"Inflame","floor":12.0,"key":"SMITH"},{"data":"Bash","floor":15.0,"key":"SMITH"},{"data":"Immolate","floor":24.0,"key":"SMITH"},{"data":"Dual Wield","floor":32.0,"key":"SMITH"},{"data":"Power Through","floor":40.0,"key":"SMITH"},{"data":"Juggernaut","floor":42.0,"key":"SMITH"},{"floor":49,"key":"RECALL"},{"data":"Metallicize","floor":53,"key":"SMITH"}],"circlet_count":0,"master_deck":["AscendersBane","Defend_R","Defend_R","Defend_R+1","Defend_R","Bash+1","Flex+1","Disarm","Shrug It Off+1","Inflame+1","Carnage+1","Seeing Red","Power Through+1","Immolate+1","Dual Wield+1","Impervious","Shockwave","Juggernaut+1","Metallicize+1","Bludgeon+1","Flame Barrier","Burning Pact","Clumsy","Entrench+1","Evolve+1"],"relics":["Burning Blood","Kunai","Lantern","Odd Mushroom","Thread and Needle","Snecko Eye","ClockworkSouvenir","Du-Vu Doll","Bottled Flame","Mummified Hand","Molten Egg 2","Cursed Key","Bird Faced Urn","Orichalcum","Gambling Chip","Toy Ornithopter","Frozen Egg 2","StoneCalendar","Red Skull","OrangePellets","War Paint"],"acts_visited":["Exordium","TheCity","TheBeyond","TheEnding"],"potions_floor_usage":[56,56],"damage_taken":[{"damage":0.0,"enemies":"2 Louse","floor":1.0,"turns":3.0},{"damage":5.0,"enemies":"Cultist","floor":2.0,"turns":4.0},{"damage":8.0,"enemies":"Small Slimes","floor":5.0,"turns":5.0},{"damage":0.0,"enemies":"3 Louse","floor":10.0,"turns":3.0},{"damage":3.0,"enemies":"The Mushroom Lair","floor":11.0,"turns":6.0},{"damage":19.0,"enemies":"Gremlin Nob","floor":13.0,"turns":4.0},{"damage":18.0,"enemies":"Slime Boss","floor":16.0,"turns":5.0},{"damage":1.0,"enemies":"3 Byrds","floor":18.0,"turns":5.0},{"damage":0.0,"enemies":"Spheric Guardian","floor":19.0,"turns":3.0},{"damage":0.0,"enemies":"Shelled Parasite and Fungi","floor":22.0,"turns":3.0},{"damage":18.0,"enemies":"Slavers","floor":23.0,"turns":5.0},{"damage":13.0,"enemies":"Snake Plant","floor":25.0,"turns":6.0},{"damage":7.0,"enemies":"Cultist and Chosen","floor":27.0,"turns":4.0},{"damage":18.0,"enemies":"Book of Stabbing","floor":28.0,"turns":4.0},{"damage":0.0,"enemies":"Centurion and Healer","floor":29.0,"turns":3.0},{"damage":8.0,"enemies":"Gremlin Leader","floor":30.0,"turns":2.0},{"damage":0.0,"enemies":"Snake Plant","floor":31.0,"turns":2.0},{"damage":32.0,"enemies":"Champ","floor":33.0,"turns":13.0},{"damage":2.0,"enemies":"3 Shapes","floor":35.0,"turns":2.0},{"damage":0.0,"enemies":"Mind Bloom Boss Battle","floor":36.0,"turns":4.0},{"damage":10.0,"enemies":"2 Orb Walkers","floor":38.0,"turns":3.0},{"damage":0.0,"enemies":"Orb Walker","floor":39.0,"turns":3.0},{"damage":0.0,"enemies":"Nemesis","floor":41.0,"turns":3.0},{"damage":0.0,"enemies":"4 Shapes","floor":45.0,"turns":1.0},{"damage":18.0,"enemies":"Reptomancer","floor":46.0,"turns":5.0},{"damage":0.0,"enemies":"3 Darklings","floor":47.0,"turns":2.0},{"damage":0.0,"enemies":"Giant Head","floor":48.0,"turns":4.0},{"damage":4,"enemies":"Donu and Deca","floor":50,"turns":5},{"damage":2,"enemies":"Awakened One","floor":51,"turns":7},{"damage":74,"enemies":"Shield and Spear","floor":55,"turns":9},{"damage":34,"enemies":"The Heart","floor":56,"turns":2}],"seed_played":"1384810095043668210","potions_obtained":[{"floor":2.0,"key":"Weak Potion"},{"floor":10.0,"key":"LiquidMemories"},{"floor":11.0,"key":"BloodPotion"},{"floor":13.0,"key":"Explosive Potion"},{"floor":16.0,"key":"Block Potion"},{"floor":27.0,"key":"Strength Potion"},{"floor":29.0,"key":"FairyPotion"},{"floor":30.0,"key":"Strength Potion"},{"floor":33.0,"key":"Fruit Juice"},{"floor":36.0,"key":"Dexterity Potion"},{"floor":38.0,"key":"Dexterity Potion"},{"floor":48.0,"key":"SpeedPotion"}],"is_trial":false,"path_per_floor":["M","M","?","$","M","R","?","?","T","M","?","R","E","$","R","B",null,"M","M","?","$","M","E","R","M","T","M","E","M","E","M","R","B",null,"M","?","$","?","M","R","E","R","T","$","M","E","M","E","R","B","B",null,"R","$","E","B"],"character_chosen":"IRONCLAD","items_purchased":["AttackPotion","Power Through","ClockworkSouvenir","Orichalcum","Red Skull","OrangePellets"],"campfire_rested":0,"item_purchase_floors":[14,14,21,37,54,54],"current_hp_per_floor":[68,68,62,62,60,60,40,29,29,35,38,38,38,38,38,26,58,63,68,68,68,68,56,56,49,49,48,36,42,40,46,46,20,56,60,71,71,69,73,73,73,73,73,73,73,63,73,73,73,73,73,73,73,73,11,0,0],"gold":33,"neow_bonus":"TRANSFORM_TWO_CARDS","is_daily":false,"chose_seed":false,"campfire_upgraded":8,"win_rate":0.0,"timestamp":1613790542,"path_taken":["M","M","?","$","?","R","?","?","T","M","?","R","E","?","R","BOSS","M","M","?","$","M","E","R","M","T","M","E","M","E","M","R","BOSS","M","?","$","?","M","R","E","R","T","?","M","E","M","E","R","BOSS","BOSS","R","$","E","BOSS"],"items_purchased_type":["Potion","Card","Relic","Relic","Relic","Relic"],"build_version":"2020-12-22","purchased_purges":2,"victory":false,"max_hp_per_floor":[68,68,68,68,68,68,68,68,68,68,68,68,68,68,68,68,68,68,68,68,68,68,68,68,68,68,68,68,68,68,68,68,68,68,68,73,73,73,73,73,73,73,73,73,73,73,73,73,73,73,73,73,73,73,73,73,73],"relic_stats":{"counters":[31,130],"StoneCalendar":[0],"Orichalcum":[24],"War Paint":["Entrench","Shrug It Off"],"Cursed Key":1,"Burning Blood":132,"OrangePellets":[1],"Mummified Hand":[94],"Bird Faced Urn":[32],"Gambling Chip":[42],"Snecko Eye":[162,143,172,161],"Kunai":[12],"obtain_stats":[{"Lantern":9,"Thread and Needle":13,"StoneCalendar":48,"Odd Mushroom":11,"Orichalcum":37,"Frozen Egg 2":46,"War Paint":55,"Cursed Key":34,"Burning Blood":0,"ClockworkSouvenir":21,"Du-Vu Doll":23,"OrangePellets":54,"Bottled Flame":26,"Mummified Hand":28,"Bird Faced Urn":36,"Gambling Chip":38,"Snecko Eye":17,"Molten Egg 2":30,"Kunai":8,"Toy Ornithopter":41,"Red Skull":54},{"Lantern":3,"Thread and Needle":6,"StoneCalendar":27,"Odd Mushroom":5,"Orichalcum":20,"Frozen Egg 2":25,"War Paint":30,"Cursed Key":18,"Burning Blood":0,"ClockworkSouvenir":9,"Du-Vu Doll":11,"OrangePellets":29,"Bottled Flame":12,"Mummified Hand":14,"Bird Faced Urn":20,"Gambling Chip":21,"Snecko Eye":7,"Molten Egg 2":16,"Kunai":3,"Toy Ornithopter":23,"Red Skull":29},{"Lantern":12,"Thread and Needle":25,"StoneCalendar":107,"Odd Mushroom":21,"Orichalcum":86,"Frozen Egg 2":101,"War Paint":128,"Cursed Key":80,"Burning Blood":0,"ClockworkSouvenir":38,"Du-Vu Doll":46,"OrangePellets":119,"Bottled Flame":52,"Mummified Hand":60,"Bird Faced Urn":86,"Gambling Chip":89,"Snecko Eye":30,"Molten Egg 2":65,"Kunai":12,"Toy Ornithopter":95,"Red Skull":119}],"Toy Ornithopter":10},"card_choices":[{"not_picked":["Anger","Sword Boomerang"],"picked":"Shrug It Off","floor":1.0},{"not_picked":["Wild Strike","Shrug It Off"],"picked":"Inflame","floor":2.0},{"not_picked":["Second Wind","Rupture"],"picked":"Carnage","floor":5.0},{"not_picked":["Clothesline","Cleave"],"picked":"Seeing Red","floor":13.0},{"not_picked":["Feed","Impervious"],"picked":"Immolate","floor":16.0},{"not_picked":["Twin Strike","Flex","Clash"],"picked":"SKIP","floor":18.0},{"not_picked":["Searing Blow","Heavy Blade"],"picked":"Dual Wield","floor":19.0},{"not_picked":["True Grit","Armaments","Clash+1"],"picked":"SKIP","floor":22.0},{"not_picked":["Carnage","Fire Breathing","Thunderclap"],"picked":"SKIP","floor":23.0},{"not_picked":["Burning Pact","Ghostly Armor"],"picked":"Impervious","floor":25.0},{"not_picked":["Rupture","Headbutt","Sword Boomerang+1"],"picked":"SKIP","floor":27.0},{"not_picked":["Ghostly Armor","Cleave"],"picked":"Shockwave","floor":28.0},{"not_picked":["Shrug It Off","Shockwave","Twin Strike"],"picked":"SKIP","floor":29.0},{"not_picked":["Perfected Strike+1","Power Through"],"picked":"Juggernaut","floor":30.0},{"not_picked":["Shrug It Off","Metallicize","Clothesline+1"],"picked":"SKIP","floor":31.0},{"not_picked":["Shrug It Off","Clothesline+1"],"picked":"Metallicize","floor":31.0},{"not_picked":["Feed+1","Double Tap"],"picked":"Bludgeon+1","floor":33.0},{"not_picked":["Warcry","Carnage+1"],"picked":"Flame Barrier","floor":35.0},{"not_picked":["Clothesline+1","Whirlwind+1"],"picked":"Burning Pact","floor":38.0},{"not_picked":["Brutality","Warcry","Sword Boomerang+1"],"picked":"SKIP","floor":41.0},{"not_picked":["Iron Wave+1","Anger+1","Sentinel"],"picked":"SKIP","floor":45.0},{"not_picked":["Havoc","Flame Barrier+1"],"picked":"Entrench","floor":46.0},{"not_picked":["Ghostly Armor","Sentinel+1"],"picked":"Evolve+1","floor":47.0},{"not_picked":["Metallicize+1","Wild Strike+1","Corruption+1"],"picked":"SKIP","floor":48.0},{"not_picked":["Sentinel+1","Pummel+1","Twin Strike+1"],"picked":"SKIP","floor":55}],"player_experience":1478387,"relics_obtained":[{"floor":9.0,"key":"Lantern"},{"floor":11.0,"key":"Odd Mushroom"},{"floor":13.0,"key":"Thread and Needle"},{"floor":23.0,"key":"Du-Vu Doll"},{"floor":26.0,"key":"Bottled Flame"},{"floor":28.0,"key":"Mummified Hand"},{"floor":30.0,"key":"Molten Egg 2"},{"floor":36.0,"key":"Bird Faced Urn"},{"floor":38.0,"key":"Gambling Chip"},{"floor":41.0,"key":"Toy Ornithopter"},{"floor":46.0,"key":"Frozen Egg 2"},{"floor":48.0,"key":"StoneCalendar"},{"floor":55,"key":"War Paint"}],"event_choices":[{"damage_healed":0.0,"max_hp_gain":0.0,"max_hp_loss":0.0,"gold_gain":50.0,"event_name":"FaceTrader","player_choice":"Touch","floor":3.0,"gold_loss":0.0,"damage_taken":6.0},{"damage_healed":0.0,"max_hp_gain":0.0,"max_hp_loss":0.0,"gold_gain":0.0,"event_name":"Shining Light","player_choice":"Entered Light","floor":7.0,"gold_loss":0.0,"damage_taken":20.0,"cards_upgraded":["Defend_R","Flex"]},{"damage_healed":0.0,"max_hp_gain":0.0,"max_hp_loss":0.0,"gold_gain":0.0,"event_name":"Scrap Ooze","player_choice":"Success","floor":8.0,"gold_loss":0.0,"damage_taken":11.0,"relics_obtained":["Kunai"]},{"damage_healed":0.0,"max_hp_gain":0.0,"max_hp_loss":0.0,"gold_gain":0.0,"event_name":"Mushrooms","player_choice":"Fought Mushrooms","floor":11.0,"gold_loss":0.0,"damage_taken":0.0},{"cards_removed":["Strike_R"],"damage_healed":0.0,"max_hp_gain":0.0,"max_hp_loss":0.0,"gold_gain":0.0,"event_name":"Back to Basics","player_choice":"Elegance","floor":20.0,"gold_loss":0.0,"damage_taken":0.0},{"damage_healed":0.0,"max_hp_gain":0.0,"max_hp_loss":0.0,"gold_gain":0.0,"event_name":"MindBloom","player_choice":"Fight","floor":36.0,"gold_loss":0.0,"damage_taken":0.0},{"damage_healed":0.0,"max_hp_gain":0.0,"max_hp_loss":0.0,"gold_gain":0.0,"event_name":"Mysterious Sphere","player_choice":"Fight","floor":38.0,"gold_loss":0.0,"damage_taken":0.0}],"is_beta":false,"boss_relics":[{"not_picked":["Philosopher\u0027s Stone","Sozu"],"picked":"Snecko Eye"},{"not_picked":["SlaversCollar","Tiny House"],"picked":"Cursed Key"}],"items_purged_floors":[4,37],"is_endless":false,"potions_floor_spawned":[2,10,11,13,16,27,29,30,33,36,38,48],"killed_by":"The Heart","ascension_level":20}}