{"host":"js2su9tbbk4rmjfl","time":1613825034,"event":{"mods":["AchievementEnabler","BaseMod","Block Reminder","Colored Map","Colored Powertips","Highlight Path","Minty Spire (QoL Compilation)","Relic Stats"],"gold_per_floor":[118,118,130,149,10,42,42,75,75,75,148,161,3,3,3,80,80,98,98,98,13,13,13,45,45,45,76,93,93,93,125,125,202,202,213,229,243,243,243],"floor_reached":38,"language":"ENG","playtime":1979,"items_purged":[],"score":903,"play_id":"8df8c0e4-61af-4a13-ae52-b1e685c5c0c4","local_time":"20210220134354","is_ascension_mode":true,"campfire_choices":[{"data":"Inflame","floor":10,"key":"SMITH"},{"data":"Rage","floor":15,"key":"SMITH"},{"data":"Sword Boomerang","floor":23,"key":"SMITH"},{"data":"Impervious","floor":25,"key":"SMITH"},{"data":"Defend_R","floor":29,"key":"SMITH"},{"data":"Spot Weakness","floor":32,"key":"SMITH"}],"circlet_count":0,"master_deck":["AscendersBane","Strike_R+1","Strike_R+1","Strike_R+1","Strike_R+1","Strike_R+1","Defend_R+1","Defend_R+1","Defend_R+1","Defend_R+1","Bash+1","CurseOfTheBell","Inflame+1","Sword Boomerang+1","Spot Weakness+1","Heavy Blade+1","Rage+1","Limit Break","Necronomicurse","Impervious+1","Shrug It Off+1"],"relics":["Calling Bell","Juzu Bracelet","Eternal Feather","TungstenRod","Mercury Hourglass","Vajra","Mummified Hand","Membership Card","Sozu","Necronomicon","MutagenicStrength","Regal Pillow","Blue Candle","White Beast Statue","Pear","Toxic Egg 2","Black Star"],"acts_visited":["Exordium","TheCity","TheBeyond"],"potions_floor_usage":[4,6,6,18],"damage_taken":[{"damage":5,"enemies":"Small Slimes","floor":1,"turns":5},{"damage":0,"enemies":"Cultist","floor":3,"turns":3},{"damage":0,"enemies":"2 Louse","floor":4,"turns":3},{"damage":9,"enemies":"3 Sentries","floor":6,"turns":6},{"damage":28,"enemies":"Lagavulin","floor":8,"turns":4},{"damage":0,"enemies":"Looter","floor":12,"turns":2},{"damage":21,"enemies":"Hexaghost","floor":16,"turns":7},{"damage":5,"enemies":"2 Thieves","floor":18,"turns":3},{"damage":12,"enemies":"Book of Stabbing","floor":24,"turns":3},{"damage":10,"enemies":"Gremlin Leader","floor":27,"turns":3},{"damage":1,"enemies":"Chosen","floor":28,"turns":3},{"damage":23,"enemies":"Book of Stabbing","floor":31,"turns":3},{"damage":5,"enemies":"Champ","floor":33,"turns":6},{"damage":39,"enemies":"3 Shapes","floor":35,"turns":3},{"damage":28,"enemies":"Orb Walker","floor":36,"turns":4},{"damage":10,"enemies":"Jaw Worm Horde","floor":37,"turns":4},{"damage":20,"enemies":"Spire Growth","floor":38,"turns":2}],"seed_played":"4359339539735092146","potions_obtained":[{"floor":1,"key":"Swift Potion"},{"floor":3,"key":"ColorlessPotion"},{"floor":6,"key":"Fire Potion"}],"is_trial":false,"path_per_floor":["M","?","M","M","$","E","?","E","T","R","?","M","$","?","R","B",null,"M","?","?","?","?","R","E","R","T","E","M","R","?","E","R","B",null,"M","M","M","M"],"character_chosen":"IRONCLAD","items_purchased":["Spot Weakness","Fire Potion","Membership Card"],"campfire_rested":0,"item_purchase_floors":[5,5,13],"current_hp_per_floor":[63,63,63,63,63,54,54,26,26,35,35,35,35,35,44,23,62,57,40,40,40,75,75,63,75,75,75,74,85,85,62,74,69,81,42,14,4,0,0],"gold":243,"neow_bonus":"BOSS_RELIC","is_daily":false,"chose_seed":false,"campfire_upgraded":6,"win_rate":0.0,"timestamp":1613825034,"path_taken":["M","?","M","M","$","E","?","E","T","R","?","M","$","?","R","BOSS","M","?","?","?","?","R","E","R","T","E","M","R","?","E","R","BOSS","M","M","M","M"],"items_purchased_type":["Card","Potion","Relic"],"build_version":"2020-12-22","purchased_purges":0,"victory":false,"max_hp_per_floor":[75,75,75,75,75,75,75,75,75,75,75,75,75,75,75,75,75,75,75,75,75,75,75,75,75,75,85,85,85,85,85,85,85,85,85,85,85,85,85],"relic_stats":{"Sozu":8,"Regal Pillow":0,"counters":[17,64],"Mummified Hand":[11],"Blue Candle":[50],"Eternal Feather":53,"Juzu Bracelet":3,"Necronomicon":[15],"Black Star":0,"obtain_stats":[{"Regal Pillow":21,"Pear":27,"Blue Candle":24,"Vajra":8,"Eternal Feather":0,"Juzu Bracelet":0,"Burning Blood":0,"White Beast Statue":26,"Mercury Hourglass":6,"Calling Bell":0,"Sozu":17,"Mummified Hand":9,"MutagenicStrength":20,"Necronomicon":19,"Black Star":34,"Membership Card":13,"Toxic Egg 2":31,"TungstenRod":0},{"Regal Pillow":8,"Pear":10,"Blue Candle":9,"Vajra":5,"Eternal Feather":0,"Juzu Bracelet":0,"Burning Blood":0,"White Beast Statue":9,"Mercury Hourglass":4,"Calling Bell":0,"Sozu":7,"Mummified Hand":5,"MutagenicStrength":8,"Necronomicon":8,"Black Star":13,"Membership Card":6,"Toxic Egg 2":12,"TungstenRod":0},{"Regal Pillow":33,"Pear":39,"Blue Candle":36,"Vajra":21,"Eternal Feather":0,"Juzu Bracelet":0,"Burning Blood":0,"White Beast Statue":36,"Mercury Hourglass":17,"Calling Bell":0,"Sozu":30,"Mummified Hand":21,"MutagenicStrength":33,"Necronomicon":33,"Black Star":51,"Membership Card":23,"Toxic Egg 2":45,"TungstenRod":0}],"TungstenRod":91,"Mercury Hourglass":[144]},"card_choices":[{"not_picked":["Twin Strike","Sentinel","Dropkick"],"picked":"SKIP","floor":1},{"not_picked":["Searing Blow","Intimidate"],"picked":"Inflame","floor":3},{"not_picked":["Pummel","Flex"],"picked":"Sword Boomerang","floor":4},{"not_picked":["Iron Wave","Combust"],"picked":"Heavy Blade","floor":6},{"not_picked":["Fiend Fire","Wild Strike","Clothesline"],"picked":"SKIP","floor":8},{"not_picked":["Anger","Clash"],"picked":"Rage","floor":12},{"not_picked":["Offering","Immolate"],"picked":"Limit Break","floor":16},{"not_picked":["Blood for Blood","Warcry","Cleave"],"picked":"SKIP","floor":18},{"not_picked":["Flex","Headbutt"],"picked":"Impervious","floor":24},{"not_picked":["Cleave","Inflame","Sever Soul"],"picked":"SKIP","floor":27},{"not_picked":["Pummel","Anger","Cleave"],"picked":"SKIP","floor":28},{"not_picked":["Hemokinesis","Cleave","True Grit+1"],"picked":"SKIP","floor":31},{"not_picked":["Hemokinesis","Pommel Strike","Wild Strike"],"picked":"SKIP","floor":35},{"not_picked":["Carnage","Sever Soul","Wild Strike"],"picked":"SKIP","floor":36},{"not_picked":["Sword Boomerang","Thunderclap"],"picked":"Shrug It Off+1","floor":37}],"player_experience":879827,"relics_obtained":[{"floor":0,"key":"Juzu Bracelet"},{"floor":0,"key":"Eternal Feather"},{"floor":0,"key":"TungstenRod"},{"floor":6,"key":"Mercury Hourglass"},{"floor":8,"key":"Vajra"},{"floor":9,"key":"Mummified Hand"},{"floor":19,"key":"Necronomicon"},{"floor":24,"key":"Blue Candle"},{"floor":26,"key":"White Beast Statue"},{"floor":27,"key":"Pear"},{"floor":31,"key":"Toxic Egg 2"}],"event_choices":[{"damage_healed":0,"gold_gain":0,"player_choice":"Forge","damage_taken":0,"max_hp_gain":0,"max_hp_loss":0,"event_name":"Accursed Blacksmith","floor":2,"gold_loss":0,"cards_upgraded":["Bash"]},{"damage_healed":0,"gold_gain":0,"player_choice":"Grow","damage_taken":0,"max_hp_gain":0,"max_hp_loss":0,"event_name":"Living Wall","floor":7,"gold_loss":0,"cards_upgraded":["Heavy Blade"]},{"damage_healed":0,"gold_gain":73,"player_choice":"Gained Gold","damage_taken":0,"max_hp_gain":0,"max_hp_loss":0,"event_name":"Golden Wing","floor":11,"gold_loss":0},{"damage_healed":0,"gold_gain":0,"player_choice":"Ignored","damage_taken":0,"max_hp_gain":0,"max_hp_loss":0,"event_name":"Liars Game","floor":14,"gold_loss":0},{"damage_healed":0,"gold_gain":0,"player_choice":"Obtained Book","damage_taken":21,"max_hp_gain":0,"max_hp_loss":0,"event_name":"Cursed Tome","floor":19,"gold_loss":0},{"damage_healed":0,"gold_gain":0,"player_choice":"Inject Mutagens","damage_taken":0,"relics_obtained":["MutagenicStrength"],"max_hp_gain":0,"max_hp_loss":0,"event_name":"Drug Dealer","floor":20,"gold_loss":0},{"damage_healed":0,"gold_gain":0,"player_choice":"Obtained Relic","damage_taken":0,"relics_obtained":["Regal Pillow"],"max_hp_gain":0,"max_hp_loss":0,"event_name":"Addict","floor":21,"gold_loss":85},{"damage_healed":35,"gold_gain":0,"player_choice":"Full Heal","damage_taken":0,"max_hp_gain":0,"max_hp_loss":0,"event_name":"Wheel of Change","floor":22,"gold_loss":0},{"damage_healed":0,"gold_gain":0,"player_choice":"Simplicity","damage_taken":0,"max_hp_gain":0,"max_hp_loss":0,"event_name":"Back to Basics","floor":30,"gold_loss":0,"cards_upgraded":["Strike_R","Strike_R","Strike_R","Strike_R","Strike_R","Defend_R","Defend_R","Defend_R"]}],"is_beta":false,"boss_relics":[{"not_picked":["Runic Dome","Runic Cube"],"picked":"Sozu"},{"not_picked":["Snecko Eye","Fusion Hammer"],"picked":"Black Star"}],"items_purged_floors":[],"is_endless":false,"potions_floor_spawned":[1,3,6,24,27,28,31,33,35,36,37],"killed_by":"Spire Growth","ascension_level":19}}