{"host":"iuabd6oyvssc55aw","time":1613852953,"event":{"mods":["AchievementEnabler","BaseMod","Better Third Choice","Colored Map","DeckTracker","Minty Spire (QoL Compilation)","Rare Cards Sparkle","StSLib"],"gold_per_floor":[119,137,154,79,79,79,97,130,156,156,156,175,175,193,193,294,294,308,288,203,215,215,215,228,1,46,46,46,46,72,72,72,72,72],"floor_reached":33,"language":"ENG","playtime":1439,"items_purged":["Defend_R"],"score":359,"play_id":"da5822e1-3a37-482c-9e32-8770257ea009","local_time":"20210220152913","is_ascension_mode":true,"campfire_choices":[{"data":"Armaments","floor":6,"key":"SMITH"},{"floor":11,"key":"REST"},{"floor":13,"key":"REST"},{"floor":15,"key":"REST"},{"floor":23,"key":"REST"},{"floor":28,"key":"REST"},{"data":"Ghostly","floor":32,"key":"SMITH"}],"circlet_count":0,"master_deck":["Strike_R","Strike_R","Strike_R","Defend_R","Defend_R","Defend_R","Bash+1","Shrug It Off","Armaments+1","Iron Wave","Iron Wave","Blood for Blood+1","Hemokinesis","Flex","Fire Breathing","Entrench","Iron Wave","Demon Form+1","Ghostly","Ghostly","Ghostly","Ghostly+1","Ghostly+1","Rampage","Thunderclap"],"relics":["Black Star","Nunchaku","Omamori","Ancient Tea Set","Cursed Key","Frozen Egg 2","Brimstone","Whetstone","TungstenRod","Magic Flower"],"acts_visited":["Exordium","TheCity"],"potions_floor_usage":[8,21,30,33,33],"damage_taken":[{"damage":0,"enemies":"Small Slimes","floor":1,"turns":4},{"damage":0,"enemies":"Cultist","floor":2,"turns":4},{"damage":6,"enemies":"Jaw Worm","floor":3,"turns":6},{"damage":8,"enemies":"Large Slime","floor":7,"turns":10},{"damage":16,"enemies":"Gremlin Nob","floor":8,"turns":5},{"damage":20,"enemies":"Exordium Thugs","floor":12,"turns":4},{"damage":2,"enemies":"3 Louse","floor":14,"turns":2},{"damage":21,"enemies":"Slime Boss","floor":16,"turns":8},{"damage":11,"enemies":"Spheric Guardian","floor":18,"turns":5},{"damage":18,"enemies":"2 Thieves","floor":19,"turns":4},{"damage":38,"enemies":"3 Cultists","floor":21,"turns":7},{"damage":1,"enemies":"Snecko","floor":24,"turns":5},{"damage":0,"enemies":"Slavers","floor":30,"turns":6},{"damage":68,"enemies":"Collector","floor":33,"turns":7}],"seed_played":"-8269845858620626590","potions_obtained":[{"floor":3,"key":"Strength Potion"},{"floor":14,"key":"GamblersBrew"},{"floor":19,"key":"PowerPotion"},{"floor":24,"key":"Strength Potion"},{"floor":30,"key":"FearPotion"}],"is_trial":false,"path_per_floor":["M","M","M","$","?","R","M","E","T","?","R","M","R","M","R","B",null,"M","M","?","M","?","R","M","$","T","?","R","$","E","$","R","B"],"character_chosen":"IRONCLAD","items_purchased":["Brimstone","EssenceOfSteel"],"campfire_rested":5,"item_purchase_floors":[25,25],"current_hp_per_floor":[80,80,74,74,67,67,59,43,43,43,67,47,71,69,80,59,80,69,51,51,13,13,25,24,24,24,24,36,36,36,36,36,0,0],"gold":72,"neow_bonus":"BOSS_RELIC","is_daily":false,"chose_seed":false,"campfire_upgraded":2,"win_rate":0.0,"timestamp":1613852953,"path_taken":["M","M","M","$","?","R","M","E","T","?","R","?","R","M","R","BOSS","M","M","?","M","?","R","M","$","T","?","R","$","E","$","R","BOSS"],"items_purchased_type":["Relic","Potion"],"build_version":"2020-12-22","purchased_purges":1,"victory":false,"max_hp_per_floor":[80,80,80,80,80,80,80,80,80,80,80,80,80,80,80,80,80,80,80,80,80,40,40,40,40,40,40,40,40,40,40,40,40,40],"card_choices":[{"not_picked":["Searing Blow","Anger"],"picked":"Shrug It Off","floor":1},{"not_picked":["Anger","Iron Wave"],"picked":"Armaments","floor":2},{"not_picked":["Thunderclap","Twin Strike"],"picked":"Iron Wave","floor":3},{"not_picked":["Dropkick","Disarm"],"picked":"Iron Wave","floor":7},{"not_picked":["Hemokinesis","Wild Strike"],"picked":"Blood for Blood","floor":8},{"not_picked":["Warcry","Disarm"],"picked":"Flex","floor":12},{"not_picked":["Reckless Charge","Twin Strike"],"picked":"Fire Breathing","floor":14},{"not_picked":["Sever Soul","Iron Wave"],"picked":"Entrench","floor":18},{"not_picked":["Pommel Strike","Clash"],"picked":"Iron Wave","floor":19},{"not_picked":["Sword Boomerang","Anger+1"],"picked":"Demon Form+1","floor":21},{"not_picked":["Perfected Strike+1","Heavy Blade"],"picked":"Rampage","floor":24},{"not_picked":["Flex","Body Slam"],"picked":"Thunderclap","floor":30}],"player_experience":268603,"relics_obtained":[{"floor":8,"key":"Nunchaku"},{"floor":8,"key":"Omamori"},{"floor":9,"key":"Ancient Tea Set"},{"floor":26,"key":"Whetstone"},{"floor":30,"key":"TungstenRod"},{"floor":30,"key":"Magic Flower"}],"event_choices":[{"cards_removed":["Strike_R"],"damage_healed":0,"gold_gain":0,"player_choice":"Card Removal","damage_taken":7,"max_hp_gain":0,"max_hp_loss":0,"event_name":"Golden Wing","floor":5,"gold_loss":0},{"damage_healed":0,"gold_gain":0,"cards_transformed":["Strike_R"],"player_choice":"Transformed","damage_taken":0,"max_hp_gain":0,"max_hp_loss":0,"event_name":"Transmorgrifier","floor":10,"gold_loss":0,"cards_obtained":["Hemokinesis"]},{"damage_healed":0,"gold_gain":0,"player_choice":"Obtained Relic","damage_taken":0,"relics_obtained":["Frozen Egg 2"],"max_hp_gain":0,"max_hp_loss":0,"event_name":"Addict","floor":20,"gold_loss":85},{"damage_healed":0,"gold_gain":0,"player_choice":"Became a Ghost","damage_taken":0,"max_hp_gain":0,"max_hp_loss":40,"event_name":"Ghosts","floor":22,"gold_loss":0,"cards_obtained":["Ghostly","Ghostly","Ghostly","Ghostly","Ghostly"]},{"damage_healed":0,"gold_gain":0,"player_choice":"Upgraded","damage_taken":0,"max_hp_gain":0,"max_hp_loss":0,"event_name":"Upgrade Shrine","floor":27,"gold_loss":0,"cards_upgraded":["Ghostly"]}],"is_beta":false,"boss_relics":[{"not_picked":["Velvet Choker","Astrolabe"],"picked":"Cursed Key"}],"items_purged_floors":[4],"is_endless":false,"potions_floor_spawned":[3,14,19,24,30],"killed_by":"Collector","ascension_level":3}}