{"host":"qy6st0zp32tctd9l","time":1613833024,"event":{"mods":["BaseMod","Colored Map","Downfall","GifTheSpireLib","Hermit","Marisa£®ÏF”Í°°ƒß¿Ì…≥£©","Minty Spire (QoL Compilation)","Remilia£®¿Ÿ√◊¿Ú—«£©","Robot Space Explorer","StSLib","The Cursed","The Gatherer","The Marked","UnlockEverythingMod","[GremlinLeader]The Maniac"],"gold_per_floor":[119,134,154,169,183,218,218,218,218,250,250,261,281,206,206,304,304,314,332,532,279,297,297,329,329,329,359,759,769,769,769,769,867,917,937,937,955,388,408,434,445,19,101,136,136,136,168,187,187,187,187,187,31,66,66],"floor_reached":56,"language":"ZHS","playtime":2883,"items_purged":["hermit:Strike_Hermit","hermit:Strike_Hermit","hermit:Desperado"],"score":1408,"play_id":"f69f116b-442b-4b65-87ce-40d0b8afe330","local_time":"20210220225704","is_ascension_mode":true,"campfire_choices":[{"data":"hermit:Roulette","floor":7.0,"key":"SMITH"},{"floor":11.0,"key":"RECALL"},{"floor":15.0,"key":"REST"},{"data":"hermit:EternalForm","floor":23.0,"key":"SMITH"},{"data":"hermit:Strike_Hermit","floor":25.0,"key":"PURGE"},{"data":"hermit:Strike_Hermit","floor":32.0,"key":"PURGE"},{"data":"hermit:Enervate","floor":45.0,"key":"PURGE"},{"data":"hermit:FatalDesire","floor":49.0,"key":"SMITH"},{"data":"hermit:ShadowCloak","floor":52.0,"key":"SMITH"}],"circlet_count":0,"master_deck":["hermit:Defend_Hermit+1","hermit:Defend_Hermit","hermit:Defend_Hermit","hermit:Defend_Hermit","hermit:Snapshot","hermit:Covet","maniac:Guilty","hermit:CursedWeapon","hermit:Roulette+1","Pain","hermit:Manifest","hermit:EternalForm+1","hermit:Adapt","hermit:Determination+1","hermit:ShadowCloak+1","hermit:Deadeye","hermit:EternalForm","hermit:FinalCanter+1","hermit:Dissolve","Wraith","hermit:FlashPowder+1","sneckomod:UnknownDraw+1","Fire Breathing+1","hermit:FatalDesire+1","hermit:HighNoon"],"relics":["hermit:Momento","hermit:CharredGlove","Question Card","WarpedTongs","Pear","Pen Nib","Snecko Eye","Orrery","Peace Pipe","Molten Egg 2","Singing Bowl","Old Coin","Mercury Hourglass","Tiny House","Kunai","Potion Belt","PrismaticShard","Strawberry","Centennial Puzzle","Dream Catcher","Ancient Tea Set","Pocketwatch"],"acts_visited":["Exordium","TheCity","TheBeyond","TheEnding"],"potions_floor_usage":[55,55,55],"damage_taken":[{"damage":4.0,"enemies":"Small Slimes","floor":1.0,"turns":4.0},{"damage":0.0,"enemies":"Cultist","floor":2.0,"turns":3.0},{"damage":2.0,"enemies":"Jaw Worm","floor":3.0,"turns":2.0},{"damage":17.0,"enemies":"Gremlin Gang","floor":4.0,"turns":5.0},{"damage":9.0,"enemies":"3 Louse","floor":5.0,"turns":3.0},{"damage":18.0,"enemies":"3 Sentries","floor":6.0,"turns":7.0},{"damage":22.0,"enemies":"Lagavulin","floor":10.0,"turns":6.0},{"damage":8.0,"enemies":"Looter","floor":12.0,"turns":2.0},{"damage":1.0,"enemies":"Exordium Wildlife","floor":13.0,"turns":3.0},{"damage":26.0,"enemies":"The Guardian","floor":16.0,"turns":10.0},{"damage":4.0,"enemies":"Chosen","floor":18.0,"turns":2.0},{"damage":3.0,"enemies":"3 Byrds","floor":19.0,"turns":4.0},{"damage":7.0,"enemies":"Snake Plant","floor":22.0,"turns":4.0},{"damage":17.0,"enemies":"Slavers","floor":24.0,"turns":3.0},{"damage":11.0,"enemies":"Book of Stabbing","floor":27.0,"turns":3.0},{"damage":14.0,"enemies":"Colosseum Slavers","floor":28.0,"turns":5.0},{"damage":9.0,"enemies":"Colosseum Nobs","floor":28.0,"turns":3.0},{"damage":2.0,"enemies":"Sentry and Sphere","floor":29.0,"turns":2.0},{"damage":6.0,"enemies":"Automaton","floor":33.0,"turns":7.0},{"damage":5.0,"enemies":"Orb Walker","floor":35.0,"turns":3.0},{"damage":2.0,"enemies":"3 Darklings","floor":37.0,"turns":5.0},{"damage":22.0,"enemies":"Spire Growth","floor":39.0,"turns":4.0},{"damage":7.0,"enemies":"Nemesis","floor":40.0,"turns":7.0},{"damage":7.0,"enemies":"4 Shapes","floor":41.0,"turns":2.0},{"damage":7.0,"enemies":"Giant Head","floor":44.0,"turns":5.0},{"damage":6.0,"enemies":"Reptomancer","floor":47.0,"turns":5.0},{"damage":9.0,"enemies":"Transient","floor":48.0,"turns":5.0},{"damage":18.0,"enemies":"Awakened One","floor":50.0,"turns":7.0},{"damage":7.0,"enemies":"Shield and Spear","floor":54.0,"turns":4.0},{"damage":3,"enemies":"The Heart","floor":55,"turns":5}],"seed_played":"8085314758103767821","potions_obtained":[{"floor":1.0,"key":"Swift Potion"},{"floor":2.0,"key":"Swift Potion"},{"floor":6.0,"key":"Dexterity Potion"},{"floor":13.0,"key":"ColorlessPotion"},{"floor":16.0,"key":"bronze:BurnAndBuffPotion"},{"floor":22.0,"key":"Block Potion"},{"floor":28.0,"key":"Block Potion"},{"floor":29.0,"key":"Fire Potion"},{"floor":34.0,"key":"LiquidMemories"},{"floor":35.0,"key":"CultistPotion"},{"floor":41.0,"key":"FairyPotion"},{"floor":44.0,"key":"Energy Potion"}],"is_trial":false,"path_per_floor":["M","M","M","M","M","E","R","?","T","E","R","M","M","$","R","B",null,"M","M","?","$","M","R","E","R","T","E","?","M","?","?","R","B",null,"M","?","M","$","M","E","M","$","T","E","R","?","E","M","R","B",null,"R","$","E","B",null],"character_chosen":"HERMIT","items_purchased":["Orrery","Kunai","Potion Belt","PrismaticShard","Centennial Puzzle","hermit:FatalDesire","Slimebound:ThreeZeroPotion","PowerPotion"],"campfire_rested":1,"item_purchase_floors":[21,38,38,38,42,42,53,53],"current_hp_per_floor":[71,71,69,52,43,25,25,25,35,13,13,5,4,4,29,3,85,81,78,78,78,71,71,54,54,54,43,22,20,20,49,49,43,94,91,91,89,89,67,69,62,62,62,55,55,55,51,44,44,26,109,109,109,104,101],"gold":66,"neow_bonus":"ONE_RARE_RELIC","is_daily":false,"chose_seed":false,"campfire_upgraded":4,"win_rate":0.0,"timestamp":1613833024,"path_taken":["M","M","M","M","M","E","R","?","T","E","R","M","?","$","R","BOSS","M","M","?","$","?","R","E","R","T","E","?","M","?","?","R","BOSS","M","?","M","$","M","E","M","$","T","E","R","?","E","?","R","BOSS","R","$","E","BOSS"],"items_purchased_type":["Relic","Relic","Relic","Relic","Relic","Card","Potion","Potion"],"build_version":"2020-12-22","purchased_purges":3,"victory":true,"max_hp_per_floor":[75,75,75,75,75,75,75,75,85,85,85,85,85,85,85,85,85,85,85,85,85,85,85,85,85,85,85,87,87,87,87,87,87,94,96,96,96,96,96,105,105,105,105,105,105,105,107,109,109,109,109,109,109,111,111],"card_choices":[{"not_picked":["hermit:Enervate","hermit:Midnight","hermit:LowProfile"],"picked":"SKIP","floor":1.0},{"not_picked":["hermit:CalledShot","hermit:Vantage"],"picked":"hermit:Desperado","floor":2.0},{"not_picked":["hermit:Feint","hermit:Dive"],"picked":"hermit:Enervate","floor":3.0},{"not_picked":["hermit:Quickdraw","hermit:BodyArmor"],"picked":"hermit:CursedWeapon","floor":4.0},{"not_picked":["hermit:TrackingShot","hermit:Horror"],"picked":"hermit:Roulette","floor":5.0},{"not_picked":["hermit:Coalescence","hermit:TrackingShot","hermit:Misfire"],"picked":"SKIP","floor":6.0},{"not_picked":["hermit:Shortfuse","hermit:EyeOfTheStorm","hermit:LowProfile","hermit:Enervate"],"picked":"SKIP","floor":10.0},{"not_picked":["hermit:Feint","hermit:HighNoon","hermit:FullyLoaded"],"picked":"hermit:Manifest","floor":12.0},{"not_picked":["hermit:Combo","hermit:ItchyTrigger","hermit:Manifest","hermit:Coalescence"],"picked":"SKIP","floor":13.0},{"not_picked":["hermit:RoundhouseKick","hermit:BlackWind","hermit:Dissolve"],"picked":"hermit:EternalForm","floor":16.0},{"not_picked":["hermit:Grudge","hermit:Manifest","hermit:DeadMansHand+1","hermit:Glare+1"],"picked":"SKIP","floor":18.0},{"not_picked":["hermit:CursedWeapon","hermit:BigShot","hermit:PistolWhip","hermit:Shortfuse"],"picked":"SKIP","floor":19.0},{"not_picked":["hermit:LowProfile+1","hermit:Manifest","hermit:HoleUp"],"picked":"hermit:Adapt","floor":21.0},{"not_picked":["hermit:HoleUp+1","hermit:Misfire","hermit:SprayPray"],"picked":"hermit:Determination+1","floor":21.0},{"not_picked":["hermit:SprayPray+1","hermit:NoHoldsBarred","hermit:Ricochet+1"],"picked":"hermit:ShadowCloak","floor":21.0},{"not_picked":["hermit:Quickdraw","hermit:LowProfile","hermit:HoleUp","hermit:ItchyTrigger"],"picked":"SKIP","floor":22.0},{"not_picked":["hermit:HoleUp","hermit:BigShot","hermit:Feint"],"picked":"hermit:Deadeye","floor":24.0},{"not_picked":["hermit:Cheat","hermit:Snipe","hermit:EyeOfTheStorm"],"picked":"hermit:EternalForm","floor":27.0},{"not_picked":["hermit:LoneWolf+1","hermit:BodyArmor+1","hermit:Desperado+1","hermit:Manifest+1"],"picked":"Singing Bowl","floor":28.0},{"not_picked":["hermit:LoneWolf","hermit:LowProfile","hermit:Manifest"],"picked":"hermit:FinalCanter+1","floor":29.0},{"not_picked":["hermit:Reprieve","hermit:DeadOrAlive+1","hermit:OverwhelmingPower"],"picked":"hermit:Dissolve","floor":33.0},{"not_picked":["hermit:Desperado+1","hermit:Spite+1","hermit:Glare","hermit:Headshot+1"],"picked":"Singing Bowl","floor":34.0},{"not_picked":["hermit:Glare","hermit:Coalescence","hermit:BodyArmor","hermit:FullyLoaded+1"],"picked":"Singing Bowl","floor":35.0},{"not_picked":["hermit:Quickdraw+1","hermit:BodyArmor","hermit:Ricochet+1"],"picked":"hermit:FlashPowder+1","floor":37.0},{"not_picked":["BloodyMagicSquare+1","RobotSpaceExplorer:ScrapShield","RobotSpaceExplorer:JunkDive+1"],"picked":"sneckomod:UnknownDraw+1","floor":39.0},{"not_picked":["Well Laid Plans","theMarked:Overcharge+1","Blade Dance+1","RobotSpaceExplorer:FrostMissile+1"],"picked":"Singing Bowl","floor":40.0},{"not_picked":["Slimebound:HauntingLick","Fusion+1","bronze:Frontload+1"],"picked":"Fire Breathing+1","floor":41.0},{"not_picked":["theMarked:Seal","Prepared","RobotSpaceExplorer:FranticSearch+1"],"picked":"hermit:HighNoon","floor":44.0},{"not_picked":["hermit:Misfire+1","Backflip","bronze:BronzeArmor","GravityBeat+1"],"picked":"Singing Bowl","floor":47.0},{"not_picked":["theMarked:ParalyzingBlade","sneckomod:UnknownClassMANIAC_BLUE_COLOR","Blade Dance+1","IllusionStar+1"],"picked":"Singing Bowl","floor":48.0},{"not_picked":["Slimebound:TagTeam+1","sneckomod:UnknownClassMARISA_COLOR+1","PropBag","FlurryOfBlows+1"],"picked":"Singing Bowl","floor":54.0}],"player_experience":163088,"relics_obtained":[{"floor":6.0,"key":"Question Card"},{"floor":9.0,"key":"Pear"},{"floor":10.0,"key":"Pen Nib"},{"floor":24.0,"key":"Peace Pipe"},{"floor":26.0,"key":"Molten Egg 2"},{"floor":27.0,"key":"Singing Bowl"},{"floor":28.0,"key":"Old Coin"},{"floor":28.0,"key":"Mercury Hourglass"},{"floor":40.0,"key":"Strawberry"},{"floor":44.0,"key":"Dream Catcher"},{"floor":47.0,"key":"Ancient Tea Set"},{"floor":54.0,"key":"Pocketwatch"}],"event_choices":[{"damage_healed":0.0,"max_hp_gain":0.0,"max_hp_loss":0.0,"gold_gain":0.0,"event_name":"Accursed Blacksmith","player_choice":"Rummage","floor":8.0,"gold_loss":0.0,"damage_taken":0.0,"relics_obtained":["WarpedTongs"],"cards_obtained":["Pain"]},{"damage_healed":0.0,"max_hp_gain":0.0,"max_hp_loss":0.0,"gold_gain":250.0,"event_name":"The Joust","player_choice":"Bet on Owner","floor":20.0,"gold_loss":50.0,"damage_taken":0.0},{"damage_healed":0.0,"max_hp_gain":0.0,"max_hp_loss":0.0,"gold_gain":0.0,"event_name":"Colosseum","player_choice":"Fight","floor":28.0,"gold_loss":0.0,"damage_taken":0.0},{"damage_healed":0.0,"max_hp_gain":0.0,"max_hp_loss":0.0,"gold_gain":0.0,"event_name":"Colosseum","player_choice":"Fought Nobs","floor":28.0,"gold_loss":0.0,"damage_taken":0.0},{"damage_healed":0.0,"max_hp_gain":0.0,"max_hp_loss":0.0,"gold_gain":0.0,"event_name":"Vampires","player_choice":"Ignored","floor":30.0,"gold_loss":0.0,"damage_taken":0.0},{"damage_healed":29.0,"max_hp_gain":0.0,"max_hp_loss":0.0,"gold_gain":0.0,"event_name":"The Library","player_choice":"Heal","floor":31.0,"gold_loss":0.0,"damage_taken":0.0},{"damage_healed":0.0,"max_hp_gain":0.0,"max_hp_loss":0.0,"gold_gain":0.0,"event_name":"OrinTheCat","player_choice":"Ignored","floor":36.0,"gold_loss":0.0,"damage_taken":0.0},{"damage_healed":0.0,"max_hp_gain":0.0,"max_hp_loss":0.0,"gold_gain":0.0,"event_name":"Transmorgrifier","player_choice":"Ignored","floor":46.0,"gold_loss":0.0,"damage_taken":0.0}],"is_beta":false,"boss_relics":[{"not_picked":["hermit:DentedPlate","hermit:ClaspedLocket"],"picked":"Snecko Eye"},{"not_picked":["Sozu","Runic Dome"],"picked":"Tiny House"}],"items_purged_floors":[14,21,42],"is_endless":false,"potions_floor_spawned":[1,2,6,13,16,22,28,28,29,35,37,41,44,54],"ascension_level":2}}