{"host":"s229x1smnerk6mew","time":1613781341,"event":{"mods":["BaseMod","Bestiary","Minty Spire (QoL Compilation)","Relic Stats"],"gold_per_floor":[113,123,123,134,147,147,147,147],"floor_reached":7,"language":"ENG","playtime":383,"items_purged":[],"score":86,"play_id":"43300830-5448-492f-86ec-184233725cbd","local_time":"20210220113541","is_ascension_mode":true,"campfire_choices":[{"data":"Neutralize","floor":6,"key":"SMITH"}],"circlet_count":0,"master_deck":["AscendersBane","Strike_G","Strike_G","Strike_G","Strike_G","Strike_G","Defend_G","Defend_G","Defend_G","Defend_G","Defend_G","Survivor","Neutralize+1","Quick Slash","Blade Dance","Pain","Quick Slash","Accuracy"],"relics":["HoveringKite","WarpedTongs"],"acts_visited":["Exordium"],"potions_floor_usage":[7],"damage_taken":[{"damage":1,"enemies":"2 Louse","floor":1,"turns":4},{"damage":6,"enemies":"Cultist","floor":2,"turns":4},{"damage":10,"enemies":"Jaw Worm","floor":4,"turns":3},{"damage":13,"enemies":"Exordium Wildlife","floor":5,"turns":6},{"damage":33,"enemies":"Gremlin Nob","floor":7,"turns":5}],"seed_played":"291061967029390571","potions_obtained":[{"floor":1,"key":"AttackPotion"}],"is_trial":false,"path_per_floor":["M","M","?","M","M","R","E"],"character_chosen":"THE_SILENT","items_purchased":[],"campfire_rested":0,"item_purchase_floors":[],"current_hp_per_floor":[58,52,52,42,29,29,0,0],"gold":147,"neow_bonus":"BOSS_RELIC","is_daily":false,"chose_seed":false,"campfire_upgraded":1,"win_rate":0.0,"timestamp":1613781341,"path_taken":["M","M","?","M","M","R","E"],"items_purchased_type":[],"build_version":"2020-12-22","purchased_purges":0,"victory":false,"max_hp_per_floor":[66,66,66,66,66,66,66,66],"relic_stats":{"counters":[5,22],"HoveringKite":[4],"obtain_stats":[{"HoveringKite":0,"Ring of the Snake":0,"WarpedTongs":3},{"HoveringKite":0,"Ring of the Snake":0,"WarpedTongs":2},{"HoveringKite":0,"Ring of the Snake":0,"WarpedTongs":8}],"WarpedTongs":[14]},"card_choices":[{"not_picked":["Crippling Poison","Finisher"],"picked":"Quick Slash","floor":1},{"not_picked":["Dagger Spray","Poisoned Stab"],"picked":"Blade Dance","floor":2},{"not_picked":["Slice","Bouncing Flask"],"picked":"Quick Slash","floor":4},{"not_picked":["Flechettes","Poisoned Stab"],"picked":"Accuracy","floor":5}],"player_experience":2072583,"relics_obtained":[],"event_choices":[{"damage_healed":0,"gold_gain":0,"player_choice":"Rummage","damage_taken":0,"relics_obtained":["WarpedTongs"],"max_hp_gain":0,"max_hp_loss":0,"event_name":"Accursed Blacksmith","floor":3,"gold_loss":0,"cards_obtained":["Pain"]}],"is_beta":false,"boss_relics":[],"items_purged_floors":[],"is_endless":false,"potions_floor_spawned":[1],"killed_by":"Gremlin Nob","ascension_level":20}}