{"host":"36t3qd3wjvajtu1z","time":1613787475,"event":{"mods":["2.2 Compatiblity","AchievementEnabler","BaseMod","Bestiary","Block Reminder","Colored Powertips","Curses Come First","Filter the Spire","Highlight Path","Minty Spire (QoL Compilation)","Permanent Neow","Quick Restart","Random Character Button","Rare Cards Sparkle","Relic Stats","Slay-I","StSLib","Unknown Chances"],"gold_per_floor":[130,130,110,125,169,169,208,254,254,297,297,35,35,79,79,197,197,213,262,300,34,34,34,34,34],"floor_reached":24,"language":"ENG","playtime":843,"items_purged":["Zap","Dualcast"],"score":427,"play_id":"565d1ac2-ef6e-40a4-a7ae-174f01fb21ee","local_time":"20210219181755","is_ascension_mode":true,"campfire_choices":[{"data":"HandOfGreed","floor":6.0,"key":"SMITH"},{"floor":15,"key":"REST"},{"floor":23,"key":"REST"}],"circlet_count":0,"master_deck":["AscendersBane","Strike_B","Strike_B","Strike_B","Strike_B","Defend_B","Defend_B","Defend_B","Defend_B","HandOfGreed+1","Beam Cell","Go for the Eyes","Reprogram","Rebound","All For One","FTL","Beam Cell","All For One","Hologram","Leap","Steam","Writhe"],"relics":["Cracked Core","Golden Idol","StrikeDummy","Eternal Feather","Sling","Question Card","Philosopher\u0027s Stone","PrismaticShard","Sundial"],"acts_visited":["Exordium","TheCity"],"potions_floor_usage":[14,14,16],"damage_taken":[{"damage":21.0,"enemies":"Jaw Worm","floor":1.0,"turns":5.0},{"damage":4.0,"enemies":"2 Louse","floor":4.0,"turns":2.0},{"damage":2.0,"enemies":"Cultist","floor":5.0,"turns":5.0},{"damage":6.0,"enemies":"Large Slime","floor":7.0,"turns":2.0},{"damage":7.0,"enemies":"3 Louse","floor":8.0,"turns":3.0},{"damage":15.0,"enemies":"Lagavulin","floor":10.0,"turns":5.0},{"damage":0,"enemies":"Gremlin Nob","floor":14,"turns":2},{"damage":18,"enemies":"Slime Boss","floor":16,"turns":7},{"damage":0,"enemies":"Spheric Guardian","floor":18,"turns":3},{"damage":31,"enemies":"Shell Parasite","floor":19,"turns":3},{"damage":16,"enemies":"3 Cultists","floor":20,"turns":4},{"damage":38,"enemies":"Sentry and Sphere","floor":24,"turns":6}],"seed_played":"1058382249672338396","potions_obtained":[{"floor":1.0,"key":"AttackPotion"},{"floor":3.0,"key":"SneckoOil"},{"floor":8.0,"key":"FocusPotion"},{"floor":14,"key":"Energy Potion"}],"is_trial":false,"path_per_floor":["M","?","?","M","M","R","M","M","T","E","?","$","?","E","R","B",null,"M","M","M","$","?","R","M"],"character_chosen":"DEFECT","items_purchased":["Sling","Beam Cell","PrismaticShard"],"campfire_rested":2,"item_purchase_floors":[12,12,21],"current_hp_per_floor":[43,43,43,39,37,37,31,24,24,9,9,9,9,9,37,19,53,53,22,6,6,6,37,0,0],"gold":34,"neow_bonus":"RANDOM_COLORLESS_2","is_daily":false,"chose_seed":false,"campfire_upgraded":1,"win_rate":0.0,"timestamp":1613787475,"path_taken":["M","?","?","M","M","R","M","?","T","E","?","$","?","E","R","BOSS","M","M","M","$","?","R","M"],"items_purchased_type":["Relic","Card","Relic"],"build_version":"2020-12-22","purchased_purges":2,"victory":false,"max_hp_per_floor":[71,64,64,64,64,64,64,64,64,64,64,64,64,64,64,64,64,64,64,64,64,64,64,64,64],"relic_stats":{"counters":[12,47],"Golden Idol":63,"Sundial":[0],"Eternal Feather":21,"Question Card":4,"obtain_stats":[{"Golden Idol":2,"Sundial":22,"Eternal Feather":10,"Philosopher\u0027s Stone":17,"Cracked Core":0,"StrikeDummy":9,"Sling":12,"Question Card":14,"PrismaticShard":21},{"Golden Idol":1,"Sundial":11,"Eternal Feather":6,"Philosopher\u0027s Stone":8,"Cracked Core":0,"StrikeDummy":5,"Sling":6,"Question Card":7,"PrismaticShard":11},{"Golden Idol":5,"Sundial":41,"Eternal Feather":22,"Philosopher\u0027s Stone":31,"Cracked Core":0,"StrikeDummy":17,"Sling":22,"Question Card":24,"PrismaticShard":41}]},"card_choices":[{"not_picked":["Secret Technique","Secret Weapon"],"picked":"HandOfGreed","floor":0.0},{"not_picked":["Sweeping Beam","Skim"],"picked":"Beam Cell","floor":1.0},{"not_picked":["Cold Snap","Leap"],"picked":"Go for the Eyes","floor":4.0},{"not_picked":["Streamline","Reinforced Body"],"picked":"Reprogram","floor":5.0},{"not_picked":["Conserve Battery","Compile Driver"],"picked":"Rebound","floor":7.0},{"not_picked":["Scrape","Steam"],"picked":"All For One","floor":8.0},{"not_picked":["Auto Shields","Ball Lightning"],"picked":"FTL","floor":10.0},{"not_picked":["Redo","Defragment","Barrage"],"picked":"SKIP","floor":14},{"not_picked":["Reboot","Fission","Echo Form"],"picked":"All For One","floor":16},{"not_picked":["Streamline","Rebound","Static Discharge"],"picked":"Hologram","floor":18},{"not_picked":["Sweeping Beam","Double Energy","Ball Lightning"],"picked":"Leap","floor":19},{"not_picked":["Coolheaded","Streamline","Hello World"],"picked":"Steam","floor":20}],"player_experience":565989,"relics_obtained":[{"floor":9.0,"key":"StrikeDummy"},{"floor":10.0,"key":"Eternal Feather"},{"floor":14,"key":"Question Card"}],"event_choices":[{"damage_healed":0.0,"max_hp_gain":0.0,"max_hp_loss":7.0,"gold_gain":0.0,"event_name":"Golden Idol","player_choice":"Lose Max HP","floor":2.0,"gold_loss":0.0,"damage_taken":0.0,"relics_obtained":["Golden Idol"]},{"damage_healed":0.0,"max_hp_gain":0.0,"max_hp_loss":0.0,"gold_gain":0.0,"event_name":"The Woman in Blue","player_choice":"Bought 1 Potion","floor":3.0,"gold_loss":0.0,"damage_taken":0.0},{"cards_removed":["Writhe"],"damage_healed":0,"gold_gain":0,"player_choice":"Forget","damage_taken":0,"max_hp_gain":0,"max_hp_loss":0,"event_name":"Living Wall","floor":11,"gold_loss":0},{"damage_healed":0,"gold_gain":0,"player_choice":"Fled","damage_taken":0,"max_hp_gain":0,"max_hp_loss":0,"event_name":"Scrap Ooze","floor":13,"gold_loss":0},{"damage_healed":0,"gold_gain":0,"player_choice":"Opened","damage_taken":0,"relics_obtained":["Sundial"],"max_hp_gain":0,"max_hp_loss":0,"event_name":"The Mausoleum","floor":22,"gold_loss":0,"cards_obtained":["Writhe"]}],"is_beta":false,"boss_relics":[{"not_picked":["Astrolabe","Snecko Eye"],"picked":"Philosopher\u0027s Stone"}],"items_purged_floors":[12,21],"is_endless":false,"potions_floor_spawned":[1,8,10,14],"killed_by":"Sentry and Sphere","ascension_level":17}}