{"host":"s924z949m5wc23z2","time":1613807771,"event":{"mods":["100% Spire Juice","ATMod(∞¢Ë™Mod)","Act Like it!","Arknights","Ascension Reborn","BaseMod","Colored Map","Colored Powertips","Conspire","Downfall","Good Game Mod","Lobotomy","LobotomyExtend","Luminous","Marisa£®ÏF”Í°°ƒß¿Ì…≥£©","Minty Spire (QoL Compilation)","MostiFishMod","Reimu£®≤©¿ˆ¡È√Œ£©","Relic Stats","Reliquary","Replay The Spire","Spicy Shops","StSLib","The Marked","WarShipGirlsR/’ΩΩ¢…Ÿ≈ÆR mod","Yakumo Yukari mod","Youmu£®ªÍ∆«—˝√Œ£©","Yuyuko","noobMod"],"gold_per_floor":[116,148,148,162,185,223,246,246,246,286,306,306,3,81,81,326,326,436,436,605,605,689,757,58,58,88,88,88,88,88,120,188,235,235,381,381,430,520,520,735,715,836,885,885,917,917,917,1025,1097,1097,1097,1127,1127,1127,1127,621,723,753],"floor_reached":59,"language":"ZHS","playtime":4613,"items_purged":["Regret","Regret"],"score":475,"play_id":"ff5137ee-66e0-44c5-8fae-e062e1869875","local_time":"20210220165611","is_ascension_mode":true,"campfire_choices":[{"floor":12,"key":"RECALL"},{"data":"DevaForm","floor":27,"key":"SMITH"},{"data":"MostiFishMod:Dust","floor":30,"key":"SMITH"},{"data":"RitualDagger","floor":34,"key":"SMITH"},{"data":"MostiFishMod:LegendTransform","floor":44,"key":"SMITH"},{"data":"AT_ChampionStep","floor":46,"key":"SMITH"},{"data":"Tantrum","floor":51,"key":"SMITH"},{"data":"AT_RealColorLess","floor":55,"key":"SMITH"}],"circlet_count":0,"master_deck":["Strike_P+1","Strike_P+1","Strike_P+1","Defend_P+1","Defend_P+1","Defend_P+1","Defend_P+1","Eruption+1","Vigilance+1","AT_FamilyPortrait+1","Luminous:Arcane_Rage_Luminous+1","SpiderBud","Consecrate+1","BlueStar","Dazed","MHz","AT_SoftenMuscles+1","FlyingSleeves+1","ClearTheMind+1","LessonLearned+1","AT_RealColorLess+1","Tantrum+1","DevaForm+1","WheelKick+1","FollowUp+1","AT_RealColorLess+1","MostiFishMod:Nomercy+1","Survey Options+1","HeroicMonk","MostiFishMod:LegendTransform+1","RitualDagger+1","MostiFishMod:KamiSmash+1","WheelKick","Enlightenment+1","MostiFishMod:Dust+1","MeltingLove","Consecrate","AT_ChampionStep+1","MostiFishMod:Unraveling+1","Eruption","MostiFishMod:Disappear+1","Mercenary","Vengeance+1","MostiFishMod:StarWish+1","AT_DivineConfetti+1","Replay:Hum+1","BodiesMountain","WaveOfTheHand+1","Adaptation","AT_IrregularMenstruation+1"],"relics":["HolyWater","AT_ATBox","ice","REME:ComplimentaryCards","DaveBox","FeatherPendant","CogitoBucket","RabbitCall","SynthV:TestCard","LetterFromLob","Eternal Feather","reliquary:PrincelyHelmet","Toxic Egg 2","AT_Kusabimaru","BehaviorAdjustment","MagicBullet_r","Replay:Rubber Ducky","AT_PhaseBoots","reliquary:PurpleTingedLeaf","AT_MibuBalloonWealth","SentryEyes","Juzu Bracelet","reliquary:TuningFork","Bag of Preparation","Whetstone","reliquary:Firecrackers","MostiFishMod:AdaptiveDefenses","Replay:Towering Pillar of Hats","reliquary:FerryPass","conspire:TopHat","PreservedInsect","Ginger","Jackal-EndForJourney","HellTrain","AT_SilvercatRing","DianDianMeat","CatCart","Kunai","TungstenRod","reliquary:Boomerang","reliquary:PorcupineQuills","Mastiff:ReiMu","reliquary:CitrusReamer","Anchor","Oddly Smooth Stone","AT_LudenTempest"],"acts_visited":["Exordium","TheCity","TheBeyond","TheEnding"],"potions_floor_usage":[11,52],"damage_taken":[{"damage":0,"enemies":"Jaw Worm","floor":1,"turns":1},{"damage":0,"enemies":"conspire:MimicChest","floor":2,"turns":1},{"damage":6,"enemies":"conspire:RoseBush","floor":4,"turns":1},{"damage":0,"enemies":"ats:Genji","floor":5,"turns":1},{"damage":12,"enemies":"Gremlin Nob","floor":6,"turns":2},{"damage":16,"enemies":"Looter","floor":7,"turns":1},{"damage":3,"enemies":"3 Sentries","floor":10,"turns":2},{"damage":1,"enemies":"Lots of Slimes","floor":11,"turns":1},{"damage":21,"enemies":"Fading Forest","floor":16,"turns":5},{"damage":0,"enemies":"3 Byrds","floor":18,"turns":1},{"damage":1,"enemies":"Spheric Guardian","floor":20,"turns":1},{"damage":21,"enemies":"Shelled Parasite and Fungi","floor":22,"turns":1},{"damage":0,"enemies":"Replay:Snechameleon","floor":23,"turns":1},{"damage":0,"enemies":"Book of Stabbing","floor":32,"turns":1},{"damage":0,"enemies":"Snecko","floor":33,"turns":1},{"damage":0,"enemies":"conspire:MysteriousRune","floor":35,"turns":1},{"damage":1,"enemies":"3 Shapes","floor":37,"turns":1},{"damage":20,"enemies":"Mind Bloom Boss Battle","floor":38,"turns":1},{"damage":0,"enemies":"Orin","floor":40,"turns":2},{"damage":1,"enemies":"Reptomancer","floor":42,"turns":1},{"damage":1,"enemies":"Orb Walker","floor":43,"turns":1},{"damage":0,"enemies":"Jaw Worm Horde","floor":48,"turns":1},{"damage":1,"enemies":"R_Hoarder","floor":49,"turns":2},{"damage":0,"enemies":"conspire:OrnateMirror","floor":52,"turns":1},{"damage":19,"enemies":"Shield and Spear","floor":57,"turns":1},{"damage":15,"enemies":"The Heart","floor":58,"turns":2}],"seed_played":"377780279926512112","potions_obtained":[{"floor":1,"key":"GamblersBrew"},{"floor":2,"key":"Fire Potion"},{"floor":2,"key":"Explosive Potion"},{"floor":4,"key":"Fire Potion"},{"floor":4,"key":"DistilledChaos"},{"floor":11,"key":"Flashbang"},{"floor":20,"key":"StancePotion"},{"floor":23,"key":"BottledMiracle"}],"is_trial":false,"path_per_floor":["M","?","?","M","M","E","M","M","T","E","M","R","$","?","R_BF","B",null,"M","?","M","?","M","E","$","?","T","R","PTL","PTL","R","T","E","M","R_BF","B",null,"M","?","?","?","?","E","M","R","T","R","?","M","E","?","R","B",null,null,"R","$","E","B",null],"character_chosen":"WATCHER","items_purchased":["AT_MibuBalloonWealth","DevaForm","WheelKick","Whetstone","reliquary:Firecrackers","MostiFishMod:AdaptiveDefenses","Enlightenment+1","MostiFishMod:Dust","Mastiff:ReiMu","reliquary:CitrusReamer","Anchor","Oddly Smooth Stone","Adaptation","DistilledChaos"],"campfire_rested":0,"item_purchase_floors":[13,13,13,24,24,24,24,24,56,56,56,56,56,56],"current_hp_per_floor":[76,76,76,70,70,58,42,73,73,70,69,76,76,76,76,63,80,80,80,80,74,55,55,55,55,55,80,80,80,80,80,80,80,80,84,84,83,66,66,70,70,73,78,94,94,94,94,99,112,112,112,116,116,116,116,133,136,142],"gold":753,"neow_bonus":"","is_daily":false,"chose_seed":false,"campfire_upgraded":7,"win_rate":0.0,"timestamp":1613807771,"path_taken":["M","?","?","M","M","E","M","M","T","E","M","R","?","?","R_BF","BOSS","M","?","?","?","M","E","?","?","T","R","PTL","PTL","R","?","E","M","R_BF","BOSS","M","?","?","?","?","E","M","R","T","R","?","M","E","?","R","BOSS","R","$","E","BOSS"],"items_purchased_type":["Relic","Card","Card","Relic","Relic","Relic","Card","Card","Relic","Relic","Relic","Relic","Card","Potion"],"build_version":"2020-12-22","purchased_purges":2,"victory":true,"max_hp_per_floor":[76,76,76,76,76,76,76,76,76,76,76,76,76,76,76,80,80,80,80,80,80,80,80,80,80,80,80,80,80,80,80,80,80,80,84,84,84,84,84,87,87,90,94,94,94,94,94,99,112,112,112,116,116,116,116,133,143,147],"relic_stats":{"counters":[29,38],"Eternal Feather":48,"PreservedInsect":187,"Juzu Bracelet":1,"Bag of Preparation":[26],"Whetstone":["FollowUp","WheelKick"],"Ginger":[2],"Kunai":[8],"obtain_stats":[{"RabbitCall":0,"AT_ATBox":0,"reliquary:Boomerang":45,"DaveBox":0,"reliquary:PrincelyHelmet":3,"AT_MibuBalloonWealth":13,"reliquary:Firecrackers":24,"MostiFishMod:AdaptiveDefenses":24,"ice":0,"Juzu Bracelet":20,"Bag of Preparation":23,"Whetstone":24,"Ginger":35,"conspire:TopHat":31,"Replay:Rubber Ducky":9,"reliquary:FerryPass":31,"CogitoBucket":0,"AT_Kusabimaru":6,"reliquary:CitrusReamer":56,"Mastiff:ReiMu":56,"Kunai":42,"Toxic Egg 2":4,"Jackal-EndForJourney":36,"DianDianMeat":38,"MagicBullet_r":8,"Replay:Towering Pillar of Hats":26,"Oddly Smooth Stone":56,"Eternal Feather":2,"AT_PhaseBoots":16,"PreservedInsect":32,"AT_SilvercatRing":37,"REME:ComplimentaryCards":0,"AT_SpeedBoots":10,"Anchor":56,"AT_LudenTempest":57,"SynthV:TestCard":1,"reliquary:PorcupineQuills":49,"FeatherPendant":0,"SentryEyes":16,"HolyWater":17,"BehaviorAdjustment":7,"LetterFromLob":1,"reliquary:TuningFork":22,"PureWater":0,"HellTrain":37,"CatCart":40,"reliquary:PurpleTingedLeaf":11,"TungstenRod":45},{"RabbitCall":0,"AT_ATBox":0,"reliquary:Boomerang":24,"DaveBox":0,"reliquary:PrincelyHelmet":2,"AT_MibuBalloonWealth":9,"reliquary:Firecrackers":15,"MostiFishMod:AdaptiveDefenses":15,"ice":0,"Juzu Bracelet":13,"Bag of Preparation":15,"Whetstone":15,"Ginger":18,"conspire:TopHat":15,"Replay:Rubber Ducky":7,"reliquary:FerryPass":15,"CogitoBucket":0,"AT_Kusabimaru":5,"reliquary:CitrusReamer":27,"Mastiff:ReiMu":27,"Kunai":23,"Toxic Egg 2":3,"Jackal-EndForJourney":18,"DianDianMeat":21,"MagicBullet_r":7,"Replay:Towering Pillar of Hats":15,"Oddly Smooth Stone":27,"Eternal Feather":2,"AT_PhaseBoots":10,"PreservedInsect":16,"AT_SilvercatRing":20,"REME:ComplimentaryCards":0,"AT_SpeedBoots":8,"Anchor":27,"AT_LudenTempest":28,"SynthV:TestCard":1,"reliquary:PorcupineQuills":26,"FeatherPendant":0,"SentryEyes":10,"HolyWater":10,"BehaviorAdjustment":7,"LetterFromLob":1,"reliquary:TuningFork":14,"PureWater":0,"HellTrain":20,"CatCart":22,"reliquary:PurpleTingedLeaf":9,"TungstenRod":24},{"RabbitCall":0,"AT_ATBox":0,"reliquary:Boomerang":31,"DaveBox":0,"reliquary:PrincelyHelmet":2,"AT_MibuBalloonWealth":11,"reliquary:Firecrackers":21,"MostiFishMod:AdaptiveDefenses":21,"ice":0,"Juzu Bracelet":19,"Bag of Preparation":21,"Whetstone":21,"Ginger":24,"conspire:TopHat":21,"Replay:Rubber Ducky":8,"reliquary:FerryPass":21,"CogitoBucket":0,"AT_Kusabimaru":6,"reliquary:CitrusReamer":35,"Mastiff:ReiMu":35,"Kunai":30,"Toxic Egg 2":3,"Jackal-EndForJourney":24,"DianDianMeat":27,"MagicBullet_r":8,"Replay:Towering Pillar of Hats":21,"Oddly Smooth Stone":35,"Eternal Feather":2,"AT_PhaseBoots":15,"PreservedInsect":22,"AT_SilvercatRing":26,"REME:ComplimentaryCards":0,"AT_SpeedBoots":10,"Anchor":35,"AT_LudenTempest":36,"SynthV:TestCard":1,"reliquary:PorcupineQuills":34,"FeatherPendant":0,"SentryEyes":16,"HolyWater":16,"BehaviorAdjustment":8,"LetterFromLob":1,"reliquary:TuningFork":20,"PureWater":0,"HellTrain":26,"CatCart":29,"reliquary:PurpleTingedLeaf":11,"TungstenRod":31}],"TungstenRod":8},"card_choices":[{"not_picked":["OSAHOGD","FieryBird","OldLady"],"picked":"Singing Bowl","floor":1},{"not_picked":["CrumblingArmor","BeautyBeast"],"picked":"SpiderBud","floor":1},{"not_picked":["FlurryOfBlows","CutThroughFate+1"],"picked":"Consecrate+1","floor":1},{"not_picked":["Murderer","HappyTeddy","CherryBlossoms"],"picked":"Singing Bowl","floor":2},{"not_picked":["EmptyFist","ThirdEye","WreathOfFlame","Perseverance"],"picked":"Indignation","floor":2},{"not_picked":["CherryBlossoms","OldLady"],"picked":"BlueStar","floor":4},{"not_picked":["EmptyFist","Replay:AtTheReady+1","SandsOfTime","EmptyMind+1"],"picked":"JustLucky","floor":4},{"not_picked":["UniverseFragment","MHz","BeautyBeast"],"picked":"Singing Bowl","floor":5},{"not_picked":["Murderer","OldLady"],"picked":"MHz","floor":5},{"not_picked":["Replay:LoomingThreat","LikeWater","BowlingBash","Replay:BluntJabs"],"picked":"AT_SoftenMuscles+1","floor":5},{"not_picked":["FairyFestival","DespairKnight","PunishingBird"],"picked":"Singing Bowl","floor":6},{"not_picked":["FlurryOfBlows","Replay:ManipulateFuture+1","ThirdEye+1","BowlingBash"],"picked":"Conclude+1","floor":6},{"not_picked":["TalkToTheHand+1","LikeWater+1","Replay:Battleflow+1","CutThroughFate"],"picked":"FlyingSleeves","floor":6},{"not_picked":["OldLady","CrumblingArmor","LongBird"],"picked":"Singing Bowl","floor":7},{"not_picked":["CrushJoints","Evaluate+1","Replay:AtTheReady+1","CutThroughFate"],"picked":"ClearTheMind+1","floor":7},{"not_picked":["ShyLook","Scorched","VoidDream"],"picked":"Singing Bowl","floor":10},{"not_picked":["FollowUp","BowlingBash","MostiFishMod:Moonprays+1","SandsOfTime"],"picked":"LessonLearned","floor":10},{"not_picked":["Prostrate+1","ClearTheMind+1","AT_OneInchPunch+1","Wireheading+1"],"picked":"AT_RealColorLess","floor":10},{"not_picked":["OldLady","Woodsman","CherryBlossoms"],"picked":"Singing Bowl","floor":11},{"not_picked":["FollowUp+1","Swivel+1","Vengeance+1","Protect+1"],"picked":"Tantrum","floor":11},{"not_picked":["BeautyBeast","ShyLook","UniverseFragment"],"picked":"Singing Bowl","floor":16},{"not_picked":["Devotion","AT_ChampionKick","MostiFishMod:Minus+1","MostiFishMod:DisColor+1"],"picked":"AT_RealColorLess","floor":16},{"not_picked":["Variant","Scorched","Bloodbath"],"picked":"Singing Bowl","floor":18},{"not_picked":["CutThroughFate","Tantrum","ClearTheMind+1","MostiFishMod:Clarity+1"],"picked":"MostiFishMod:Nomercy+1","floor":18},{"not_picked":["NakedNest","OldLady","LittleHelper"],"picked":"Singing Bowl","floor":20},{"not_picked":["OSAHOGD","DreamingCurrent"],"picked":"HeroicMonk","floor":20},{"not_picked":["JustLucky+1","Nirvana+1","PathToVictory+1","BattleHymn+1"],"picked":"MostiFishMod:LegendTransform","floor":20},{"not_picked":["CherryBlossoms","UniverseFragment","WallGazer"],"picked":"Singing Bowl","floor":22},{"not_picked":["CutThroughFate+1","Consecrate","AT_OneInchPunch","TalkToTheHand"],"picked":"MostiFishMod:KamiSmash","floor":22},{"not_picked":["UniverseFragment","Rudolta","Freischutz"],"picked":"Singing Bowl","floor":23},{"not_picked":["ThirdEye+1","CutThroughFate","EmptyFist","EmptyBody+1"],"picked":"WheelKick","floor":23},{"not_picked":["Yin","SnowQueen"],"picked":"MeltingLove","floor":32},{"not_picked":["EmptyFist+1","Vengeance+1","Replay:Hum+1","Evaluate+1"],"picked":"Consecrate","floor":32},{"not_picked":["Alriune","OldLady","LongBird"],"picked":"Singing Bowl","floor":33},{"not_picked":["SashWhip+1","MostiFishMod:ScryFuture+1","Swivel+1","Protect+1"],"picked":"AT_ChampionStep","floor":33},{"not_picked":["Yin","DreamingCurrent","WhitesApple"],"picked":"Singing Bowl","floor":35},{"not_picked":["AT_ChampionKick","Judgement+1","Replay:AllIn+1","ConjureBlade+1"],"picked":"MostiFishMod:Unraveling+1","floor":35},{"not_picked":["BeautyBeast","Rudolta","UniverseFragment"],"picked":"Singing Bowl","floor":37},{"not_picked":["Vengeance+1","FollowUp","ThirdEye+1","FlurryOfBlows+1"],"picked":"MostiFishMod:Disappear","floor":37},{"not_picked":["SingingMachine","BigBird","Alriune"],"picked":"Singing Bowl","floor":38},{"not_picked":["ShyLook","Funeral","BlackArmy"],"picked":"Singing Bowl","floor":40},{"not_picked":["LittleHelper","WallGazer"],"picked":"Mercenary","floor":40},{"not_picked":["ThirdEye+1","Replay:AtTheReady+1","Sanctity+1","Protect+1"],"picked":"Vengeance+1","floor":40},{"not_picked":["LongBird","HappyTeddy","Variant"],"picked":"Singing Bowl","floor":42},{"not_picked":["Replay:Hum+1","BattleHymn+1","CutThroughFate+1","Prostrate+1"],"picked":"MostiFishMod:StarWish+1","floor":42},{"not_picked":["FairyFestival","GalaxyChild","Funeral"],"picked":"Singing Bowl","floor":43},{"not_picked":["Halt+1","TalkToTheHand+1","PathToVictory+1","FlyingSleeves+1"],"picked":"AT_DivineConfetti+1","floor":43},{"not_picked":["BlackSwan","Freischutz","Porccubus"],"picked":"Singing Bowl","floor":48},{"not_picked":["ClearTheMind+1","FlurryOfBlows","BowlingBash+1","ThirdEye+1"],"picked":"Replay:Hum+1","floor":48},{"not_picked":["Bloodbath","LittleHelper","Woodsman"],"picked":"Singing Bowl","floor":49},{"not_picked":["Rudolta","Alriune"],"picked":"BodiesMountain","floor":49},{"not_picked":["Study+1","Consecrate","EmptyBody+1","CutThroughFate+1"],"picked":"WaveOfTheHand+1","floor":49},{"not_picked":["Rudolta","CENSORED","SingingMachine"],"picked":"Singing Bowl","floor":57},{"not_picked":["Replay:ManipulateFuture+1","TalkToTheHand","JustLucky","Protect+1"],"picked":"AT_IrregularMenstruation+1","floor":57}],"player_experience":348888,"relics_obtained":[{"floor":1,"key":"SynthV:TestCard"},{"floor":1,"key":"LetterFromLob"},{"floor":2,"key":"Eternal Feather"},{"floor":4,"key":"Toxic Egg 2"},{"floor":6,"key":"AT_Kusabimaru"},{"floor":9,"key":"Replay:Rubber Ducky"},{"floor":10,"key":"AT_SpeedBoots"},{"floor":11,"key":"reliquary:PurpleTingedLeaf"},{"floor":16,"key":"SentryEyes"},{"floor":20,"key":"Juzu Bracelet"},{"floor":22,"key":"reliquary:TuningFork"},{"floor":23,"key":"Bag of Preparation"},{"floor":26,"key":"Replay:Towering Pillar of Hats"},{"floor":31,"key":"reliquary:FerryPass"},{"floor":31,"key":"conspire:TopHat"},{"floor":32,"key":"PreservedInsect"},{"floor":35,"key":"Ginger"},{"floor":37,"key":"AT_SilvercatRing"},{"floor":38,"key":"DianDianMeat"},{"floor":40,"key":"CatCart"},{"floor":42,"key":"Kunai"},{"floor":45,"key":"TungstenRod"},{"floor":45,"key":"reliquary:Boomerang"},{"floor":49,"key":"reliquary:PorcupineQuills"},{"floor":57,"key":"AT_LudenTempest"}],"event_choices":[{"damage_healed":0,"gold_gain":0,"player_choice":"Box","damage_taken":0,"relics_obtained":["reliquary:PrincelyHelmet"],"max_hp_gain":0,"max_hp_loss":0,"event_name":"Big Fish","floor":3,"gold_loss":0,"cards_obtained":["Regret"]},{"damage_healed":0,"gold_gain":65,"player_choice":"Gained Gold","damage_taken":0,"max_hp_gain":0,"max_hp_loss":0,"event_name":"Golden Wing","floor":14,"gold_loss":0},{"damage_healed":0,"gold_gain":0,"cards_transformed":["Conclude"],"player_choice":"Change","damage_taken":0,"max_hp_gain":0,"max_hp_loss":0,"event_name":"Living Wall","floor":15,"gold_loss":0,"cards_obtained":["FollowUp"]},{"damage_healed":0,"gold_gain":0,"cards_transformed":["Dazed"],"player_choice":"Transformed","damage_taken":0,"max_hp_gain":0,"max_hp_loss":0,"event_name":"Transmorgrifier","floor":19,"gold_loss":0,"cards_obtained":["Survey Options"]},{"damage_healed":0,"gold_gain":0,"player_choice":"Joined the Cult","damage_taken":6,"max_hp_gain":0,"max_hp_loss":0,"event_name":"Nest","floor":21,"gold_loss":0,"cards_obtained":["RitualDagger"]},{"damage_healed":0,"gold_gain":0,"player_choice":"Fight","damage_taken":0,"max_hp_gain":0,"max_hp_loss":0,"event_name":"MindBloom","floor":38,"gold_loss":0},{"cards_removed":["Strike_P"],"damage_healed":0,"gold_gain":0,"player_choice":"Removed Attack","damage_taken":0,"max_hp_gain":0,"max_hp_loss":0,"event_name":"Falling","floor":39,"gold_loss":0},{"damage_healed":0,"gold_gain":0,"player_choice":"Fight","damage_taken":0,"max_hp_gain":0,"max_hp_loss":0,"event_name":"OrinTheCat","floor":40,"gold_loss":0},{"damage_healed":0,"gold_gain":0,"player_choice":"Bought 1 Potion","damage_taken":0,"max_hp_gain":0,"max_hp_loss":0,"event_name":"The Woman in Blue","floor":41,"gold_loss":0},{"damage_healed":0,"gold_gain":0,"player_choice":"Forge","damage_taken":0,"max_hp_gain":0,"max_hp_loss":0,"event_name":"Accursed Blacksmith","floor":50,"gold_loss":0,"cards_upgraded":["MostiFishMod:Disappear"]}],"is_beta":false,"boss_relics":[{"not_picked":["conspire:SeveredTorchhead","reliquary:KinkedSpring"],"picked":"HolyWater"},{"not_picked":["Replay:Ancient Bell","TimeKeys"],"picked":"Jackal-EndForJourney"}],"items_purged_floors":[13,56],"is_endless":false,"potions_floor_spawned":[2,4,5,11,20,22,23,33,35,37,40,43,57],"ascension_level":-20}}