{"host":"zq15pup7vna0uxo1","time":1613851755,"event":{"mods":["BaseMod","Bestiary","Colored Map","Downfall","Infinite Spire","Minty Spire (QoL Compilation)","Replay The Spire","Robot Space Explorer","StSLib"],"gold_per_floor":[113,38,38,55,230,257,257,277,327,352,372,387,397,397,397],"floor_reached":14,"language":"ENG","playtime":556,"items_purged":["Strike_G"],"score":135,"play_id":"5ad18307-1173-461c-9e82-33851f071e41","local_time":"20210220210915","is_ascension_mode":true,"campfire_choices":[{"data":"Blade Dance","floor":7,"key":"SMITH"}],"circlet_count":0,"master_deck":["Strike_G","Strike_G","Strike_G","Strike_G","Defend_G","Defend_G","Defend_G","Defend_G","Defend_G","Survivor","Neutralize","Blade Dance+1","Cloak And Dagger","Doubt","Infinite Blades","Hidden Blade","Slice"],"relics":["Ring of the Snake","NeowsBlessing","Smiling Mask","Strawberry","Ancient Tea Set"],"acts_visited":["Exordium"],"potions_floor_usage":[11,14],"damage_taken":[{"damage":0,"enemies":"Small Slimes","floor":1,"turns":1},{"damage":0,"enemies":"2 Louse","floor":4,"turns":1},{"damage":0,"enemies":"Lagavulin","floor":6,"turns":2},{"damage":1,"enemies":"Jaw Worm","floor":8,"turns":3},{"damage":0,"enemies":"Gremlin Gang","floor":11,"turns":7},{"damage":16,"enemies":"Exordium Thugs","floor":12,"turns":7},{"damage":3,"enemies":"Looter","floor":13,"turns":3},{"damage":114,"enemies":"Gremlin Nob","floor":14,"turns":6}],"seed_played":"4254660867770148093","potions_obtained":[{"floor":1,"key":"Regen Potion"},{"floor":8,"key":"CunningPotion"},{"floor":11,"key":"Strength Potion"},{"floor":12,"key":"Ancient Potion"}],"is_trial":false,"path_per_floor":["M","$","?","M","?","E","R","M","T","T","M","M","M","E"],"character_chosen":"THE_SILENT","items_purchased":[],"campfire_rested":0,"item_purchase_floors":[],"current_hp_per_floor":[70,70,70,70,70,70,70,69,76,76,76,60,57,0,0],"gold":397,"neow_bonus":"THREE_ENEMY_KILL","is_daily":false,"chose_seed":false,"campfire_upgraded":1,"win_rate":0.0,"timestamp":1613851755,"path_taken":["M","$","?","M","?","E","R","M","T","?","M","?","M","E"],"items_purchased_type":[],"build_version":"2020-12-22","purchased_purges":1,"victory":false,"max_hp_per_floor":[70,70,70,70,70,70,70,70,77,77,77,77,77,77,77],"card_choices":[{"not_picked":["Deadly Poison","Escape Plan"],"picked":"Blade Dance","floor":1},{"not_picked":["Deflect","Hidden Blade"],"picked":"Cloak And Dagger","floor":4},{"not_picked":["Distraction","Dodge and Roll"],"picked":"Infinite Blades","floor":6},{"not_picked":["Distraction","Expertise","Heel Hook"],"picked":"SKIP","floor":8},{"not_picked":["Concentrate","Skewer"],"picked":"Hidden Blade","floor":11},{"not_picked":["Sneak Up","Sucker Punch","Quick Slash"],"picked":"SKIP","floor":12},{"not_picked":["Deadly Poison","Tools of the Trade"],"picked":"Slice","floor":13}],"player_experience":1219709,"relics_obtained":[{"floor":6,"key":"Smiling Mask"},{"floor":9,"key":"Strawberry"},{"floor":10,"key":"Ancient Tea Set"}],"event_choices":[{"damage_healed":0,"gold_gain":0,"player_choice":"Leave","damage_taken":0,"max_hp_gain":0,"max_hp_loss":0,"event_name":"The Cleric","floor":3,"gold_loss":0},{"damage_healed":0,"gold_gain":175,"player_choice":"AGREE","damage_taken":0,"max_hp_gain":0,"max_hp_loss":0,"event_name":"Liars Game","floor":5,"gold_loss":0,"cards_obtained":["Doubt"]}],"is_beta":false,"boss_relics":[],"items_purged_floors":[2],"is_endless":false,"potions_floor_spawned":[1,8,11,12],"killed_by":"Gremlin Nob","ascension_level":3}}