{"host":"f5gffvlv6a66yqkd","time":1613801298,"event":{"mods":["2.2 Compatiblity","BaseMod","Colored Map","Custom Start","DeckTracker","Keyboard Shortcuts","Minty Spire (QoL Compilation)","Permanent Neow","Quick Restart","Relic Stats","StSLib","SuperFastMode"],"gold_per_floor":[117,129,179,190,190,190,234,234,261,288,299,299,326,326,326,413,413,427,38,47,70,98,98,109,122,167,184,234,253,253,266,266,337,364,378,214,230,99,110,143,143,68,68,68,85,85,112,128,128,128,128,128,128,4,35,35],"floor_reached":57,"language":"KOR","playtime":2058,"items_purged":["Defend_P","SignatureMove+1","Defend_P","Defend_P"],"score":3152,"play_id":"5bdeb3df-bd7c-435e-b6b6-04faee1bb077","local_time":"20210220150818","is_ascension_mode":true,"campfire_choices":[{"data":"WheelKick","floor":6.0,"key":"SMITH"},{"floor":12.0,"key":"REST"},{"data":"SandsOfTime","floor":15.0,"key":"SMITH"},{"data":"Adaptation","floor":23.0,"key":"SMITH"},{"data":"MentalFortress","floor":30,"key":"SMITH"},{"data":"Scrawl","floor":32,"key":"SMITH"},{"data":"Tantrum","floor":41,"key":"SMITH"},{"data":"Adaptation","floor":44,"key":"SMITH"},{"floor":49,"key":"RECALL"},{"data":"Vault","floor":53,"key":"SMITH"}],"circlet_count":0,"master_deck":["AscendersBane","Eruption+1","Vigilance","WheelKick+1","TalkToTheHand","SandsOfTime+1","Vault+1","MentalFortress+1","FlurryOfBlows","Scrawl+1","Adaptation+1","InnerPeace","MentalFortress+1","Tantrum+1","Adaptation+1","FearNoEvil"],"relics":["PureWater","CeramicFish","Oddly Smooth Stone","Letter Opener","Coffee Dripper","Membership Card","Torii","Astrolabe","MealTicket","Art of War","Question Card","StoneCalendar","Medical Kit","Orichalcum"],"acts_visited":["Exordium","TheCity","TheBeyond","TheEnding"],"potions_floor_usage":[33,47,50,56,56],"damage_taken":[{"damage":0.0,"enemies":"2 Louse","floor":1.0,"turns":2.0},{"damage":2.0,"enemies":"Cultist","floor":2.0,"turns":3.0},{"damage":2.0,"enemies":"Small Slimes","floor":4.0,"turns":2.0},{"damage":39.0,"enemies":"3 Sentries","floor":7.0,"turns":10.0},{"damage":0.0,"enemies":"Red Slaver","floor":10.0,"turns":3.0},{"damage":10.0,"enemies":"Looter","floor":11.0,"turns":4.0},{"damage":1.0,"enemies":"Lagavulin","floor":13.0,"turns":3.0},{"damage":0.0,"enemies":"Slime Boss","floor":16.0,"turns":5.0},{"damage":0.0,"enemies":"Chosen","floor":18.0,"turns":2.0},{"damage":21.0,"enemies":"Shell Parasite","floor":21.0,"turns":3.0},{"damage":0.0,"enemies":"Chosen and Byrds","floor":22.0,"turns":4.0},{"damage":1.0,"enemies":"Cultist and Chosen","floor":24.0,"turns":5.0},{"damage":0.0,"enemies":"Sentry and Sphere","floor":25.0,"turns":4.0},{"damage":6.0,"enemies":"3 Cultists","floor":27.0,"turns":3.0},{"damage":17,"enemies":"Snake Plant","floor":29,"turns":3},{"damage":0,"enemies":"Centurion and Healer","floor":31,"turns":3},{"damage":0,"enemies":"Champ","floor":33,"turns":5},{"damage":0,"enemies":"3 Darklings","floor":35,"turns":3},{"damage":0,"enemies":"3 Shapes","floor":37,"turns":3},{"damage":0,"enemies":"Transient","floor":39,"turns":3},{"damage":0,"enemies":"Giant Head","floor":40,"turns":2},{"damage":1,"enemies":"4 Shapes","floor":45,"turns":4},{"damage":0,"enemies":"Reptomancer","floor":47,"turns":2},{"damage":0,"enemies":"3 Darklings","floor":48,"turns":1},{"damage":1,"enemies":"Time Eater","floor":50,"turns":4},{"damage":0,"enemies":"Donu and Deca","floor":51,"turns":3},{"damage":58,"enemies":"Shield and Spear","floor":55,"turns":4},{"damage":4,"enemies":"The Heart","floor":56,"turns":6}],"seed_played":"1367896179930048311","potions_obtained":[{"floor":1.0,"key":"Weak Potion"},{"floor":4.0,"key":"Ancient Potion"},{"floor":7.0,"key":"Fire Potion"},{"floor":11.0,"key":"DistilledChaos"},{"floor":18.0,"key":"Fire Potion"},{"floor":21.0,"key":"Explosive Potion"},{"floor":24.0,"key":"Ambrosia"},{"floor":33,"key":"SpeedPotion"},{"floor":37,"key":"Energy Potion"},{"floor":48,"key":"Block Potion"},{"floor":55,"key":"GamblersBrew"}],"is_trial":false,"path_per_floor":["M","M","?","M","?","R","E","?","T","M","M","R","E","?","R","B",null,"M","$","?","M","M","R","M","M","T","M","?","M","R","M","R","B",null,"M","$","M","$","M","E","R","$","T","R","M","?","E","M","R","B","B",null,"R","$","E","B",null],"character_chosen":"WATCHER","items_purchased":["Membership Card","MentalFortress","Torii","FlurryOfBlows","MealTicket","Tantrum","Adaptation","FearNoEvil","Medical Kit","LiquidMemories"],"campfire_rested":1,"item_purchase_floors":[19,19,19,19,36,36,38,38,54,54],"current_hp_per_floor":[61,59,59,57,57,57,18,18,18,18,8,28,27,20,20,20,56,56,56,56,35,35,35,34,34,34,28,28,11,11,11,11,11,54,54,54,54,68,68,68,68,68,68,68,67,78,78,78,78,77,77,78,78,78,20,16],"gold":35,"neow_bonus":"UPGRADE_CARD","is_daily":false,"chose_seed":false,"campfire_upgraded":8,"win_rate":0.0,"timestamp":1613801298,"path_taken":["M","M","?","?","?","R","E","?","T","M","?","R","E","?","R","BOSS","M","$","?","M","M","R","M","M","T","?","?","?","R","M","R","BOSS","M","$","M","$","M","E","R","$","T","R","M","?","E","M","R","BOSS","BOSS","R","$","E","BOSS"],"items_purchased_type":["Relic","Card","Relic","Card","Relic","Card","Card","Card","Relic","Potion"],"build_version":"2020-12-22","purchased_purges":4,"victory":true,"max_hp_per_floor":[68,68,68,68,68,68,68,68,68,68,68,68,68,68,68,68,68,68,68,68,68,68,68,68,68,68,68,68,68,68,68,68,68,68,68,68,68,68,68,68,68,68,68,68,68,78,78,78,78,78,78,78,78,78,78,78],"relic_stats":{"Torii":8,"counters":[28,99],"CeramicFish":126,"Astrolabe":["MentalFortress","SignatureMove","Brilliance"],"MealTicket":14,"StoneCalendar":[0],"Art of War":[3],"Letter Opener":[224],"Orichalcum":[0],"Question Card":4,"Medical Kit":[6],"obtain_stats":[{"Torii":19,"CeramicFish":7,"Astrolabe":34,"Oddly Smooth Stone":9,"StoneCalendar":47,"Letter Opener":13,"Orichalcum":55,"Question Card":43,"Medical Kit":54,"MealTicket":36,"Coffee Dripper":17,"Art of War":40,"Membership Card":19,"PureWater":0},{"Torii":9,"CeramicFish":4,"Astrolabe":17,"Oddly Smooth Stone":4,"StoneCalendar":23,"Letter Opener":7,"Orichalcum":27,"Question Card":21,"Medical Kit":26,"MealTicket":18,"Coffee Dripper":8,"Art of War":21,"Membership Card":9,"PureWater":0},{"Torii":34,"CeramicFish":17,"Astrolabe":64,"Oddly Smooth Stone":17,"StoneCalendar":81,"Letter Opener":27,"Orichalcum":93,"Question Card":75,"Medical Kit":89,"MealTicket":67,"Coffee Dripper":32,"Art of War":75,"Membership Card":34,"PureWater":0}]},"card_choices":[{"not_picked":["JustLucky","ThirdEye","Halt"],"picked":"SKIP","floor":1.0},{"not_picked":["CrushJoints","FlurryOfBlows"],"picked":"WheelKick","floor":2.0},{"not_picked":["Evaluate","Crescendo","EmptyBody"],"picked":"SKIP","floor":4.0},{"not_picked":["BowlingBash","CutThroughFate"],"picked":"TalkToTheHand","floor":7.0},{"not_picked":["Sanctity","JustLucky"],"picked":"SandsOfTime","floor":10.0},{"not_picked":["PathToVictory","WreathOfFlame","Nirvana"],"picked":"SKIP","floor":11.0},{"not_picked":["Evaluate","Fasting2","WheelKick"],"picked":"SKIP","floor":13.0},{"not_picked":["DevaForm","SpiritShield"],"picked":"Vault","floor":16.0},{"not_picked":["WindmillStrike","Vengeance","ThirdEye"],"picked":"SKIP","floor":18.0},{"not_picked":["CrushJoints","EmptyBody"],"picked":"Adaptation","floor":21.0},{"not_picked":["ThirdEye","EmptyMind"],"picked":"InnerPeace","floor":22.0},{"not_picked":["Swivel","JustLucky","ThirdEye"],"picked":"SKIP","floor":24.0},{"not_picked":["Prostrate","Vengeance","Evaluate"],"picked":"SKIP","floor":25.0},{"not_picked":["LessonLearned","PathToVictory","LikeWater"],"picked":"SKIP","floor":27.0},{"not_picked":["Prostrate+1","Worship","Crescendo"],"picked":"SKIP","floor":29},{"not_picked":["WreathOfFlame","FollowUp+1","Evaluate"],"picked":"SKIP","floor":31},{"not_picked":["WaveOfTheHand","Prostrate","FollowUp"],"picked":"SKIP","floor":35},{"not_picked":["Protect","Fasting2","Halt"],"picked":"SKIP","floor":37},{"not_picked":["InnerPeace+1","WindmillStrike+1","Tantrum"],"picked":"SKIP","floor":39},{"not_picked":["Swivel","Crescendo","SashWhip+1"],"picked":"SKIP","floor":40},{"not_picked":["ThirdEye","CarveReality+1","ClearTheMind","Indignation"],"picked":"SKIP","floor":45},{"not_picked":["Swivel+1","Establishment","EmptyFist+1","ClearTheMind+1"],"picked":"SKIP","floor":47},{"not_picked":["Evaluate","WheelKick+1","Consecrate+1","WindmillStrike"],"picked":"SKIP","floor":48},{"not_picked":["Nirvana","Consecrate","WaveOfTheHand","ClearTheMind"],"picked":"SKIP","floor":55}],"player_experience":1530352,"relics_obtained":[{"floor":7.0,"key":"CeramicFish"},{"floor":9.0,"key":"Oddly Smooth Stone"},{"floor":13.0,"key":"Letter Opener"},{"floor":40,"key":"Art of War"},{"floor":43,"key":"Question Card"},{"floor":47,"key":"StoneCalendar"},{"floor":55,"key":"Orichalcum"}],"event_choices":[{"damage_healed":0.0,"max_hp_gain":0.0,"max_hp_loss":0.0,"gold_gain":50.0,"event_name":"Golden Shrine","player_choice":"Pray","floor":3.0,"gold_loss":0.0,"damage_taken":0.0},{"damage_healed":0.0,"max_hp_gain":0.0,"max_hp_loss":0.0,"gold_gain":0.0,"event_name":"Liars Game","player_choice":"Ignored","floor":5.0,"gold_loss":0.0,"damage_taken":0.0},{"cards_removed":["Defend_P"],"damage_healed":0.0,"max_hp_gain":0.0,"max_hp_loss":0.0,"gold_gain":0.0,"event_name":"Purifier","player_choice":"Purged","floor":8.0,"gold_loss":0.0,"damage_taken":0.0},{"cards_removed":["Strike_P"],"damage_healed":0.0,"max_hp_gain":0.0,"max_hp_loss":0.0,"gold_gain":0.0,"event_name":"Golden Wing","player_choice":"Card Removal","floor":14.0,"gold_loss":0.0,"damage_taken":7.0},{"damage_healed":0.0,"max_hp_gain":0.0,"max_hp_loss":0.0,"gold_gain":0.0,"event_name":"Match and Keep!","player_choice":"1 cards matched","floor":20.0,"gold_loss":0.0,"damage_taken":0.0,"cards_obtained":["Scrawl"]},{"damage_healed":0.0,"max_hp_gain":0.0,"max_hp_loss":0.0,"gold_gain":50.0,"event_name":"Golden Shrine","player_choice":"Pray","floor":28.0,"gold_loss":0.0,"damage_taken":0.0},{"cards_removed":["Brilliance"],"damage_healed":1,"gold_gain":0,"player_choice":"Offered Rare","damage_taken":0,"max_hp_gain":10,"max_hp_loss":0,"event_name":"Bonfire Elementals","floor":46,"gold_loss":0}],"is_beta":false,"boss_relics":[{"not_picked":["Tiny House","Philosopher\u0027s Stone"],"picked":"Coffee Dripper"},{"not_picked":["Sozu","SlaversCollar"],"picked":"Astrolabe"}],"items_purged_floors":[19,36,38,42],"is_endless":false,"potions_floor_spawned":[1,4,7,11,18,21,24,33,37,39,48,55],"ascension_level":20}}