{"host":"snwds314m19k249i","time":1613839398,"event":{"mods":["BaseMod","Colored Map","Minty Spire (QoL Compilation)","Shop Mod","StSLib","[IsaacMod]ÒÔÈö¼âËþ"],"gold_per_floor":[115,23,37,37,37,71,87,107,107,127,3,3,18,37,37,163,163,177,177,1,20,41,41,75,75,125,156,181,202,226,266,266,385,385,401,416,440,440,98,98,10,36,89,103,118,142,15,15,27,39],"floor_reached":51,"language":"ZHS","playtime":2437,"items_purged":["Injury","Strike_B","Zap","Strike_B","Dualcast","Defend_B","Defend_B"],"score":966,"play_id":"c666797e-caa6-4208-b82b-22dd554fbbe1","local_time":"20210221004318","is_ascension_mode":false,"campfire_choices":[{"data":"Streamline","floor":15.0,"key":"SMITH"},{"data":"Gash","floor":23.0,"key":"SMITH"},{"data":"Beam Cell","floor":25.0,"key":"SMITH"},{"data":"BloodyBrimstone","floor":32.0,"key":"SMITH"},{"data":"Fusion","floor":40.0,"key":"SMITH"},{"data":"Hologram","floor":49,"key":"SMITH"}],"circlet_count":0,"master_deck":["Defend_B","Defend_B","BloodyBrimstone+1","Reinforced Body","Beam Cell+1","Streamline+1","Skim","Gash+1","Go for the Eyes","All For One","Fusion+1","Hologram+1","Rebound","Machine Learning","Conserve Battery"],"relics":["Cracked Core","HushsDoor","SteamSale","MerchantsRug","Golden Idol","Toy Ornithopter","SharpPlug","DeathBook","Bag of Marbles","GuppysCollar","GuppysHairball","Tiny Chest","TheAbacus","Nunchaku","Lantern","Red Mask","Incense Burner","MagicMushroom","TheBible","PreservedInsect","TheBattery","Damocles","Blood Vial","Dream Catcher","Potion Belt","Happy Flower","Anchor","MawBank"],"acts_visited":["Exordium","TheCity","TheBeyond"],"potions_floor_usage":[45],"damage_taken":[{"damage":8.0,"enemies":"Jaw Worm","floor":1.0,"turns":3.0},{"damage":0.0,"enemies":"2 Louse","floor":3.0,"turns":2.0},{"damage":13.0,"enemies":"Lagavulin","floor":6.0,"turns":7.0},{"damage":5.0,"enemies":"Cultist","floor":7.0,"turns":4.0},{"damage":0.0,"enemies":"Looter","floor":8.0,"turns":1.0},{"damage":0.0,"enemies":"Lots of Slimes","floor":10.0,"turns":1.0},{"damage":6.0,"enemies":"3 Louse","floor":13.0,"turns":3.0},{"damage":3.0,"enemies":"Large Slime","floor":14.0,"turns":5.0},{"damage":12.0,"enemies":"Slime Boss","floor":16.0,"turns":6.0},{"damage":12.0,"enemies":"3 Byrds","floor":18.0,"turns":5.0},{"damage":16.0,"enemies":"Chosen","floor":21.0,"turns":5.0},{"damage":0.0,"enemies":"3 Cultists","floor":22.0,"turns":2.0},{"damage":0.0,"enemies":"Book of Stabbing","floor":24.0,"turns":4.0},{"damage":0.0,"enemies":"Masked Bandits","floor":27.0,"turns":1.0},{"damage":1.0,"enemies":"Snake Plant","floor":28.0,"turns":4.0},{"damage":5.0,"enemies":"Centurion and Healer","floor":29.0,"turns":2.0},{"damage":0.0,"enemies":"Chosen and Byrds","floor":30.0,"turns":5.0},{"damage":0.0,"enemies":"Gremlin Leader","floor":31.0,"turns":6.0},{"damage":24.0,"enemies":"Champ","floor":33.0,"turns":9.0},{"damage":0.0,"enemies":"3 Darklings","floor":35.0,"turns":2.0},{"damage":0.0,"enemies":"3 Shapes","floor":36.0,"turns":4.0},{"damage":0.0,"enemies":"Writhing Mass","floor":44.0,"turns":4.0},{"damage":0,"enemies":"Maw","floor":45,"turns":5},{"damage":0,"enemies":"Spire Growth","floor":46,"turns":3},{"damage":0,"enemies":"Awakened One","floor":50,"turns":6}],"seed_played":"3045613996506580938","potions_obtained":[{"floor":3.0,"key":"Swift Potion"},{"floor":8.0,"key":"Weak Potion"},{"floor":10.0,"key":"SteroidPotion"},{"floor":16.0,"key":"SpeedPotion"},{"floor":18.0,"key":"FocusPotion"},{"floor":21.0,"key":"Strength Potion"},{"floor":31.0,"key":"SkillPotion"},{"floor":35.0,"key":"PowerPotion"},{"floor":44.0,"key":"AttackPotion"}],"is_trial":false,"path_per_floor":["M","$","M","?","?","E","M","M","T","M","$","?","M","M","R","B",null,"M","?","$","M","M","R","E","R","T","?","M","M","M","E","R","B",null,"M","M","T","?","$","R","$","T","T","M","M","M","$","?","R","B",null],"character_chosen":"DEFECT","items_purchased":["MerchantsRug","Lee\u0027s Waffle","GuppysCollar","GuppysHairball","All For One","Tiny Chest","TheAbacus","Machine Learning","TheBattery","Damocles","Conserve Battery"],"campfire_rested":0,"item_purchase_floors":[2,11,17,17,17,20,20,39,39,39,47],"current_hp_per_floor":[81,81,81,59,41,33,28,28,28,28,93,78,72,69,69,62,58,46,68,68,52,26,26,26,26,26,11,10,10,15,15,15,1,72,69,69,69,54,54,54,54,54,54,57,65,68,68,68,68,66],"gold":51,"neow_bonus":"ONE_RARE_RELIC","is_daily":false,"chose_seed":false,"campfire_upgraded":6,"win_rate":0.0,"timestamp":1613839398,"path_taken":["M","$","M","?","?","E","?","M","T","M","$","?","M","M","R","BOSS","M","?","$","M","M","R","E","R","T","?","M","?","M","E","R","BOSS","M","M","?","?","?","R","?","?","T","M","M","M","$","?","R","BOSS"],"items_purchased_type":["Relic","Relic","Relic","Relic","Card","Relic","Relic","Card","Relic","Relic","Card"],"build_version":"2020-12-22","purchased_purges":7,"victory":true,"max_hp_per_floor":[89,89,89,89,89,86,86,86,86,86,93,93,93,93,93,90,58,58,68,68,68,68,68,68,68,68,68,68,65,65,65,65,65,72,69,69,69,69,69,69,69,69,69,69,69,69,69,69,69,66],"card_choices":[{"not_picked":[],"picked":"BloodyBrimstone","floor":0.0},{"not_picked":["Consume","Bomb"],"picked":"Reinforced Body","floor":1.0},{"not_picked":["Redo","Barrage"],"picked":"Beam Cell","floor":3.0},{"not_picked":["Redo","Biased Cognition"],"picked":"Bomb","floor":6.0},{"not_picked":["Bomb","Hello World"],"picked":"Streamline","floor":7.0},{"not_picked":["Coolheaded","Aggregate"],"picked":"Skim","floor":8.0},{"not_picked":["Double Energy","Beam Cell","Loop"],"picked":"SKIP","floor":10.0},{"not_picked":["Leap","Chill"],"picked":"Gash","floor":13.0},{"not_picked":["Conserve Battery","Melter"],"picked":"Go for the Eyes","floor":14.0},{"not_picked":["Biased Cognition","Buffer"],"picked":"Echo Form","floor":16.0},{"not_picked":["Coolheaded","Defragment+1","Force Field+1"],"picked":"SKIP","floor":18.0},{"not_picked":["Ball Lightning","Storm","Defragment+1"],"picked":"SKIP","floor":21.0},{"not_picked":["Redo+1","Heatsinks+1","Coolheaded"],"picked":"SKIP","floor":22.0},{"not_picked":["Sweeping Beam","Multi-Cast","Tempest+1"],"picked":"SKIP","floor":24.0},{"not_picked":["Go for the Eyes","Hello World"],"picked":"Fusion","floor":27.0},{"not_picked":["Undo","Static Discharge"],"picked":"Hologram","floor":28.0},{"not_picked":["Compile Driver","Steam Power","Sweeping Beam"],"picked":"SKIP","floor":29.0},{"not_picked":["White Noise","FTL"],"picked":"Rebound","floor":30.0},{"not_picked":["BootSequence","Barrage","Reinforced Body+1"],"picked":"SKIP","floor":31.0},{"not_picked":["BootSequence+1","Redo+1","Capacitor"],"picked":"SKIP","floor":35.0},{"not_picked":["Streamline+1","Blizzard","Sweeping Beam"],"picked":"SKIP","floor":36.0},{"not_picked":["Streamline","Sweeping Beam","Undo+1"],"picked":"SKIP","floor":44.0},{"not_picked":["Biased Cognition","Reinforced Body+1","Tempest"],"picked":"SKIP","floor":45},{"not_picked":["Tempest+1","Storm+1","Chaos"],"picked":"SKIP","floor":46}],"player_experience":16969,"relics_obtained":[{"floor":6.0,"key":"SharpPlug"},{"floor":9.0,"key":"DeathBook"},{"floor":24.0,"key":"Nunchaku"},{"floor":26.0,"key":"Lantern"},{"floor":27.0,"key":"Red Mask"},{"floor":31.0,"key":"Incense Burner"},{"floor":37.0,"key":"TheBible"},{"floor":42.0,"key":"Blood Vial"},{"floor":43.0,"key":"Dream Catcher"},{"floor":44.0,"key":"Potion Belt"},{"floor":45,"key":"Happy Flower"},{"floor":46,"key":"Anchor"}],"event_choices":[{"damage_healed":0.0,"max_hp_gain":0.0,"max_hp_loss":0.0,"gold_gain":0.0,"event_name":"Golden Idol","player_choice":"Take Damage","floor":4.0,"gold_loss":0.0,"damage_taken":22.0,"relics_obtained":["Golden Idol"]},{"damage_healed":0.0,"max_hp_gain":0.0,"max_hp_loss":0.0,"gold_gain":0.0,"event_name":"Scrap Ooze","player_choice":"Success","floor":5.0,"gold_loss":0.0,"damage_taken":18.0,"relics_obtained":["Toy Ornithopter"]},{"cards_removed":["Echo Form"],"damage_healed":12.0,"max_hp_gain":10.0,"max_hp_loss":0.0,"gold_gain":0.0,"event_name":"Bonfire Elementals","player_choice":"Offered Rare","floor":19.0,"gold_loss":0.0,"damage_taken":0.0},{"damage_healed":0.0,"max_hp_gain":0.0,"max_hp_loss":0.0,"gold_gain":0.0,"event_name":"Masked Bandits","player_choice":"Fought Bandits","floor":27.0,"gold_loss":0.0,"damage_taken":0.0},{"damage_healed":0,"gold_gain":0,"player_choice":"Gave Potion","damage_taken":0,"relics_obtained":["MawBank"],"max_hp_gain":0,"max_hp_loss":0,"event_name":"WeMeetAgain","floor":48,"gold_loss":0}],"is_beta":false,"boss_relics":[{"not_picked":["Ectoplasm","Snecko Eye"],"picked":"Empty Cage"},{"not_picked":[]},{"not_picked":["Calling Bell","Velvet Choker"],"picked":"MagicMushroom"},{"not_picked":[]}],"items_purged_floors":[2,11,17,20,39,41,47],"is_endless":false,"potions_floor_spawned":[3,8,10,16,18,21,24,27,31,35,44],"ascension_level":0}}