{"host":"gopu3kmfaoww0llm","time":1613841287,"event":{"mods":["BaseMod","DeckTracker","Minty Spire (QoL Compilation)","Quick Restart","StSLib","SuperFastMode"],"gold_per_floor":[114,114,70,70,81,106,124,159,159,234,159,178,178,205,205,283,283,297,114,114,128,3,3,17,17,17,17,17,52,72,86,86,86,86],"floor_reached":33,"language":"KOR","playtime":562,"items_purged":["Strike_G","Strike_G","Strike_G"],"score":620,"play_id":"9ebe0ef7-f85d-4158-9ae4-9d163d561c46","local_time":"20210221021447","is_ascension_mode":true,"campfire_choices":[{"floor":13.0,"key":"REST"},{"data":"Deadly Poison","floor":15.0,"key":"SMITH"},{"floor":23.0,"key":"REST"},{"data":"Catalyst","floor":27.0,"key":"SMITH"},{"floor":32.0,"key":"REST"}],"circlet_count":0,"master_deck":["AscendersBane","Strike_G","Defend_G","Defend_G","Defend_G","Defend_G","Defend_G","Survivor","Neutralize+1","Backstab","Terror","Poisoned Stab","Blade Dance","Heel Hook","Dash","Deadly Poison+1","Envenom+1","Noxious Fumes+1","Tactician","Reflex+1","Catalyst+1","Wraith Form v2+1","Reflex+1","Concentrate"],"relics":["Ring of the Snake","Vajra","Blue Candle","Bronze Scales","Frozen Egg 2","Cursed Key","Nloth\u0027s Gift","Akabeko"],"acts_visited":["Exordium","TheCity"],"potions_floor_usage":[],"damage_taken":[{"damage":0.0,"enemies":"2 Louse","floor":1.0,"turns":1.0},{"damage":0.0,"enemies":"Cultist","floor":5.0,"turns":1.0},{"damage":0.0,"enemies":"3 Sentries","floor":6.0,"turns":1.0},{"damage":0.0,"enemies":"Small Slimes","floor":7.0,"turns":2.0},{"damage":21.0,"enemies":"Lagavulin","floor":8.0,"turns":6.0},{"damage":0.0,"enemies":"2 Fungi Beasts","floor":12.0,"turns":2.0},{"damage":14.0,"enemies":"3 Sentries","floor":14.0,"turns":8.0},{"damage":24.0,"enemies":"The Guardian","floor":16.0,"turns":9.0},{"damage":11.0,"enemies":"Spheric Guardian","floor":18.0,"turns":5.0},{"damage":6.0,"enemies":"2 Thieves","floor":21.0,"turns":4.0},{"damage":19.0,"enemies":"Snecko","floor":24.0,"turns":4.0},{"damage":0.0,"enemies":"Cultist and Chosen","floor":25.0,"turns":1.0},{"damage":2.0,"enemies":"Book of Stabbing","floor":29.0,"turns":5.0},{"damage":12.0,"enemies":"Shelled Parasite and Fungi","floor":30.0,"turns":6.0},{"damage":11.0,"enemies":"Snake Plant","floor":31.0,"turns":3.0},{"damage":41,"enemies":"Collector","floor":33,"turns":3}],"seed_played":"4338331184912787847","potions_obtained":[{"floor":1.0,"key":"Poison Potion"},{"floor":7.0,"key":"Poison Potion"},{"floor":12.0,"key":"Weak Potion"},{"floor":18.0,"key":"SmokeBomb"},{"floor":24.0,"key":"LiquidBronze"}],"is_trial":false,"path_per_floor":["M","?","$","?","M","E","M","E","T","?","$","M","R","E","R","B",null,"M","$","?","M","$","R","M","M","T","R","?","E","M","M","R","B"],"character_chosen":"THE_SILENT","items_purchased":["Terror","Tactician"],"campfire_rested":3,"item_purchase_floors":[3,19],"current_hp_per_floor":[59,59,59,52,52,52,52,31,31,20,20,20,39,25,25,1,50,39,39,39,33,33,52,33,33,33,33,33,31,19,8,27,0,0],"gold":86,"neow_bonus":"THREE_ENEMY_KILL","is_daily":false,"chose_seed":false,"campfire_upgraded":2,"win_rate":0.0,"timestamp":1613841287,"path_taken":["M","?","$","?","M","E","M","E","T","?","$","M","R","E","R","BOSS","M","$","?","M","?","R","M","M","T","R","?","E","?","M","R","BOSS"],"items_purchased_type":["Card","Card"],"build_version":"2020-12-22","purchased_purges":3,"victory":false,"max_hp_per_floor":[66,66,66,66,66,66,66,66,66,66,66,66,66,66,66,66,66,66,66,66,66,66,66,66,66,66,66,66,66,66,66,66,66,66],"card_choices":[{"not_picked":["Distraction","Blade Dance"],"picked":"Backstab","floor":1.0},{"not_picked":["Deflect","Quick Slash"],"picked":"Poisoned Stab","floor":5.0},{"not_picked":["Bane","PiercingWail"],"picked":"Blade Dance","floor":6.0},{"not_picked":["Dagger Throw","Outmaneuver"],"picked":"Heel Hook","floor":7.0},{"not_picked":["Slice","Storm of Steel","Flying Knee"],"picked":"SKIP","floor":8.0},{"not_picked":["Bane","Underhanded Strike"],"picked":"Dash","floor":12.0},{"not_picked":["Leg Sweep","Poisoned Stab"],"picked":"Deadly Poison","floor":14.0},{"not_picked":["Tools of the Trade+1","Bullet Time"],"picked":"Envenom+1","floor":16.0},{"not_picked":["Poisoned Stab","Prepared"],"picked":"Noxious Fumes+1","floor":18.0},{"not_picked":["Dodge and Roll","Slice"],"picked":"Reflex+1","floor":21.0},{"not_picked":["Expertise+1","Backflip"],"picked":"Catalyst","floor":24.0},{"not_picked":["Envenom+1","Eviscerate","Crippling Poison"],"picked":"SKIP","floor":29.0},{"not_picked":["Tactician","Outmaneuver"],"picked":"Reflex+1","floor":30.0},{"not_picked":["PiercingWail","Underhanded Strike"],"picked":"Concentrate","floor":31.0}],"player_experience":2918838,"relics_obtained":[{"floor":6.0,"key":"Vajra"},{"floor":8.0,"key":"Blue Candle"},{"floor":9.0,"key":"Bronze Scales"},{"floor":14.0,"key":"Frozen Egg 2"},{"floor":29.0,"key":"Akabeko"}],"event_choices":[{"damage_healed":0.0,"max_hp_gain":0.0,"max_hp_loss":0.0,"gold_gain":0.0,"event_name":"Upgrade Shrine","player_choice":"Upgraded","floor":2.0,"gold_loss":0.0,"damage_taken":0.0,"cards_upgraded":["Neutralize"]},{"cards_removed":["Strike_G"],"damage_healed":0.0,"max_hp_gain":0.0,"max_hp_loss":0.0,"gold_gain":0.0,"event_name":"Golden Wing","player_choice":"Card Removal","floor":4.0,"gold_loss":0.0,"damage_taken":7.0},{"damage_healed":0.0,"max_hp_gain":0.0,"max_hp_loss":0.0,"gold_gain":75.0,"event_name":"World of Goop","player_choice":"Gather Gold","floor":10.0,"gold_loss":0.0,"damage_taken":11.0},{"damage_healed":0.0,"max_hp_gain":0.0,"max_hp_loss":0.0,"gold_gain":0.0,"event_name":"N\u0027loth","player_choice":"Traded Relic","floor":20.0,"relics_lost":["NeowsBlessing"],"gold_loss":0.0,"damage_taken":0.0,"relics_obtained":["Nloth\u0027s Gift"]},{"damage_healed":0.0,"max_hp_gain":0.0,"max_hp_loss":0.0,"gold_gain":0.0,"event_name":"The Library","player_choice":"Read","floor":28.0,"gold_loss":0.0,"damage_taken":0.0,"cards_obtained":["Wraith Form v2"]}],"is_beta":false,"boss_relics":[{"not_picked":["Busted Crown","SlaversCollar"],"picked":"Cursed Key"}],"items_purged_floors":[11,19,22],"is_endless":false,"potions_floor_spawned":[1,7,12,14,18,24],"killed_by":"Collector","ascension_level":20}}