{"host":"nwd160me4iqdtr8u","time":1613836148,"event":{"mods":["AchievementEnabler","Act Like it!","BaseMod","Colored Map","DeckTracker","Keyboard Shortcuts","Minty Spire (QoL Compilation)","Quick Restart","Rare Cards Sparkle","Smile Girya","StSLib","SuperFastMode","everything is the same but u backflip on backflip"],"gold_per_floor":[112,125,135,18,28,40,56,72,97,97,108,108,122,139,139,218,218,233,66,77,92,92,92,122,173,200,219,219,219,232,44,44,119,119,135,135,154,179,179,179,190,65,65,78,78,105,105,117,117,117,117],"floor_reached":50,"language":"KOR","playtime":2360,"items_purged":["Strike_G","Terror","Defend_G"],"score":940,"play_id":"5902474d-db7c-4350-b21f-5eb9d50a02b9","local_time":"20210221004908","is_ascension_mode":true,"campfire_choices":[{"floor":12.0,"key":"REST"},{"data":"Bouncing Flask","floor":15.0,"key":"SMITH"},{"floor":23.0,"key":"REST"},{"floor":29.0,"key":"REST"},{"data":"Concentrate","floor":32.0,"key":"SMITH"},{"floor":40.0,"key":"REST"},{"data":"Calculated Gamble","floor":45.0,"key":"SMITH"},{"data":"Glass Knife","floor":47.0,"key":"SMITH"},{"data":"Noxious Fumes","floor":49.0,"key":"SMITH"}],"circlet_count":0,"master_deck":["AscendersBane","Strike_G","Defend_G","Defend_G","Survivor","Neutralize","Backstab","Bouncing Flask+1","Poisoned Stab","Backflip","Venomology","Deadly Poison","Dash","Escape Plan","Corpse Explosion","Bullet Time+1","Deflect+1","Dagger Spray+1","Well Laid Plans","Leg Sweep","PiercingWail","Noxious Fumes+1","Acrobatics","Concentrate+1","PiercingWail","Calculated Gamble+1","Glass Knife+1","Flying Knee+1","Backflip+1","Flechettes"],"relics":["Ring of the Serpent","Snake Skull","Regal Pillow","Astrolabe","Red Mask","Boot","Bag of Marbles","Calipers","Eternal Feather","Letter Opener","Anchor"],"acts_visited":["Exordium","TheCity","TheBeyond"],"potions_floor_usage":[50,50,50],"damage_taken":[{"damage":3.0,"enemies":"Cultist","floor":1.0,"turns":5.0},{"damage":0.0,"enemies":"2 Louse","floor":2.0,"turns":3.0},{"damage":7.0,"enemies":"Jaw Worm","floor":3.0,"turns":4.0},{"damage":31.0,"enemies":"Exordium Thugs","floor":5.0,"turns":7.0},{"damage":2.0,"enemies":"Exordium Wildlife","floor":6.0,"turns":3.0},{"damage":11.0,"enemies":"2 Fungi Beasts","floor":7.0,"turns":4.0},{"damage":3.0,"enemies":"Blue Slaver","floor":8.0,"turns":4.0},{"damage":11.0,"enemies":"3 Louse","floor":11.0,"turns":2.0},{"damage":7.0,"enemies":"2 Fungi Beasts","floor":13.0,"turns":3.0},{"damage":3.0,"enemies":"Looter","floor":14.0,"turns":2.0},{"damage":5.0,"enemies":"The Guardian","floor":16.0,"turns":7.0},{"damage":0.0,"enemies":"Spheric Guardian","floor":18.0,"turns":2.0},{"damage":7.0,"enemies":"2 Thieves","floor":20.0,"turns":3.0},{"damage":20.0,"enemies":"Centurion and Healer","floor":21.0,"turns":6.0},{"damage":20.0,"enemies":"Masked Bandits","floor":24.0,"turns":5.0},{"damage":29.0,"enemies":"Cultist and Chosen","floor":27.0,"turns":6.0},{"damage":10.0,"enemies":"Sentry and Sphere","floor":30.0,"turns":3.0},{"damage":59.0,"enemies":"Collector","floor":33.0,"turns":9.0},{"damage":22.0,"enemies":"Orb Walker","floor":35.0,"turns":4.0},{"damage":23.0,"enemies":"3 Darklings","floor":37.0,"turns":5.0},{"damage":0.0,"enemies":"Mind Bloom Boss Battle","floor":38.0,"turns":6.0},{"damage":12.0,"enemies":"Maw","floor":41.0,"turns":7.0},{"damage":8.0,"enemies":"Writhing Mass","floor":44.0,"turns":7.0},{"damage":22.0,"enemies":"Reptomancer","floor":46.0,"turns":6.0},{"damage":10.0,"enemies":"4 Shapes","floor":48.0,"turns":3.0},{"damage":68,"enemies":"Time Eater","floor":50,"turns":11}],"seed_played":"-6453702683180939219","potions_obtained":[{"floor":5.0,"key":"SteroidPotion"},{"floor":7.0,"key":"SteroidPotion"},{"floor":8.0,"key":"CunningPotion"},{"floor":11.0,"key":"Weak Potion"},{"floor":13.0,"key":"Strength Potion"},{"floor":27.0,"key":"FairyPotion"},{"floor":30.0,"key":"Explosive Potion"},{"floor":37.0,"key":"Explosive Potion"},{"floor":48.0,"key":"Weak Potion"}],"is_trial":false,"path_per_floor":["M","M","M","$","M","M","M","M","T","?","M","R","M","M","R","B",null,"M","$","M","M","?","R","?","T","T","M","?","R","M","$","R","B",null,"M","?","M","?","T","R","M","$","T","M","R","E","R","M","R","B"],"character_chosen":"THE_SILENT","items_purchased":["Bouncing Flask","Well Laid Plans","Leg Sweep","Calculated Gamble"],"campfire_rested":4,"item_purchase_floors":[4,19,19,31],"current_hp_per_floor":[56,56,49,49,18,16,5,2,2,24,13,47,40,37,37,32,58,58,58,51,31,31,65,45,45,45,16,16,50,40,40,40,19,54,32,32,9,9,9,61,49,49,49,41,56,34,49,39,57,0,0],"gold":117,"neow_bonus":"RANDOM_COMMON_RELIC","is_daily":false,"chose_seed":false,"campfire_upgraded":5,"win_rate":0.0,"timestamp":1613836148,"path_taken":["M","M","M","$","M","M","?","M","T","?","M","R","M","M","R","BOSS","M","$","M","M","?","R","?","?","T","?","?","R","M","?","R","BOSS","BOSS","M","?","M","?","?","R","M","$","T","M","R","E","R","M","R","BOSS"],"items_purchased_type":["Card","Card","Card","Card"],"build_version":"2020-12-22","purchased_purges":3,"victory":false,"max_hp_per_floor":[66,66,66,66,66,66,66,66,66,66,66,66,66,66,66,66,66,66,66,66,66,66,66,66,66,66,66,66,66,66,66,66,66,66,66,66,66,66,66,66,66,66,66,66,66,66,66,66,66,66,66],"card_choices":[{"not_picked":["Sucker Punch","Deflect","Prepared"],"picked":"SKIP","floor":1.0},{"not_picked":["Backflip","Deflect"],"picked":"Backstab","floor":2.0},{"not_picked":["Eviscerate","Concentrate"],"picked":"Terror","floor":3.0},{"not_picked":["Underhanded Strike","Setup"],"picked":"Poisoned Stab","floor":5.0},{"not_picked":["Dagger Throw","Slice"],"picked":"Backflip","floor":6.0},{"not_picked":["Poisoned Stab","Dagger Throw"],"picked":"Venomology","floor":7.0},{"not_picked":["Poisoned Stab","Dodge and Roll"],"picked":"Deadly Poison","floor":8.0},{"not_picked":["Outmaneuver","Reflex","Quick Slash"],"picked":"SKIP","floor":11.0},{"not_picked":["Dagger Throw","Bane"],"picked":"Dash","floor":13.0},{"not_picked":["Underhanded Strike","Deadly Poison"],"picked":"Escape Plan","floor":14.0},{"not_picked":["Venomology","Adrenaline"],"picked":"Corpse Explosion","floor":16.0},{"not_picked":["Flying Knee","Masterful Stab"],"picked":"Dagger Spray+1","floor":18.0},{"not_picked":["Slice","Outmaneuver"],"picked":"PiercingWail","floor":20.0},{"not_picked":["Poisoned Stab","Blade Dance"],"picked":"Noxious Fumes","floor":21.0},{"not_picked":["Slice","Cloak And Dagger+1"],"picked":"PiercingWail","floor":27.0},{"not_picked":["Prepared","Dagger Spray","Cloak And Dagger"],"picked":"SKIP","floor":30.0},{"not_picked":["Night Terror","Bullet Time"],"picked":"Glass Knife","floor":33.0},{"not_picked":["Cloak And Dagger+1","Underhanded Strike+1","All Out Attack+1"],"picked":"SKIP","floor":35.0},{"not_picked":["Eviscerate","Escape Plan"],"picked":"Flying Knee+1","floor":37.0},{"not_picked":["Outmaneuver+1","Prepared"],"picked":"Backflip+1","floor":38.0},{"not_picked":["Deadly Poison","Concentrate","Eviscerate"],"picked":"SKIP","floor":41.0},{"not_picked":["Flying Knee","Backflip","Cloak And Dagger"],"picked":"SKIP","floor":44.0},{"not_picked":["Distraction","Terror","Caltrops+1"],"picked":"SKIP","floor":46.0},{"not_picked":["Dodge and Roll","Sucker Punch+1"],"picked":"Flechettes","floor":48.0}],"player_experience":433668,"relics_obtained":[{"floor":9.0,"key":"Regal Pillow"},{"floor":24.0,"key":"Red Mask"},{"floor":25.0,"key":"Boot"},{"floor":26.0,"key":"Bag of Marbles"},{"floor":38.0,"key":"Calipers"},{"floor":39.0,"key":"Eternal Feather"},{"floor":43.0,"key":"Letter Opener"},{"floor":46.0,"key":"Anchor"}],"event_choices":[{"damage_healed":22.0,"max_hp_gain":0.0,"max_hp_loss":0.0,"gold_gain":0.0,"event_name":"Big Fish","player_choice":"Banana","floor":10.0,"gold_loss":0.0,"damage_taken":0.0},{"damage_healed":0.0,"max_hp_gain":0.0,"max_hp_loss":0.0,"gold_gain":0.0,"cards_transformed":["Masterful Stab","Strike_G"],"event_name":"Drug Dealer","player_choice":"Became Test Subject","floor":22.0,"gold_loss":0.0,"damage_taken":0.0,"cards_obtained":["Acrobatics","Concentrate"]},{"damage_healed":0.0,"max_hp_gain":0.0,"max_hp_loss":0.0,"gold_gain":0.0,"event_name":"Masked Bandits","player_choice":"Fought Bandits","floor":24.0,"gold_loss":0.0,"damage_taken":0.0},{"cards_removed":["Defend_G"],"damage_healed":0.0,"max_hp_gain":0.0,"max_hp_loss":0.0,"gold_gain":0.0,"event_name":"Back to Basics","player_choice":"Elegance","floor":28.0,"gold_loss":0.0,"damage_taken":0.0},{"damage_healed":0.0,"max_hp_gain":0.0,"max_hp_loss":0.0,"gold_gain":0.0,"event_name":"Mysterious Sphere","player_choice":"Ignored","floor":36.0,"gold_loss":0.0,"damage_taken":0.0},{"damage_healed":0.0,"max_hp_gain":0.0,"max_hp_loss":0.0,"gold_gain":0.0,"event_name":"MindBloom","player_choice":"Fight","floor":38.0,"gold_loss":0.0,"damage_taken":0.0}],"is_beta":false,"boss_relics":[{"not_picked":["Philosopher\u0027s Stone","Coffee Dripper"],"picked":"Astrolabe"},{"not_picked":["Sozu","Snecko Eye"],"picked":"Ring of the Serpent"}],"items_purged_floors":[4,31,42],"is_endless":false,"potions_floor_spawned":[5,7,8,11,13,27,30,37,44,48],"killed_by":"Time Eater","ascension_level":20}}