{"host":"z39atn33tyek63fd","time":1613793816,"event":{"mods":["BaseMod","Minty Spire (QoL Compilation)","everything is the same but u backflip on backflip"],"gold_per_floor":[110,126,146,146,0,34,34,69,92,108,11,81,93,93,93,166,166,166,166],"floor_reached":18,"language":"ENG","playtime":969,"items_purged":[],"score":281,"play_id":"57cbc0b1-1223-4bd5-8f4d-ec7f83496ea9","local_time":"20210219220336","is_ascension_mode":true,"campfire_choices":[{"floor":7,"key":"REST"},{"floor":15,"key":"REST"}],"circlet_count":0,"master_deck":["AscendersBane","Strike_G","Strike_G","Strike_G","Strike_G","Strike_G","Defend_G","Defend_G","Defend_G","Defend_G","Defend_G","Survivor","Neutralize","Bullet Time+1","Slice","Dagger Spray","Quick Slash","Crippling Poison","Choke","Catalyst","Prepared","Envenom","Cloak And Dagger","Backflip","Poisoned Stab","Deadly Poison","A Thousand Cuts"],"relics":["Ring of the Snake","Dream Catcher","Oddly Smooth Stone","Juzu Bracelet","SlaversCollar"],"acts_visited":["Exordium","TheCity"],"potions_floor_usage":[6,16,16],"damage_taken":[{"damage":0,"enemies":"2 Louse","floor":1,"turns":2},{"damage":3,"enemies":"Jaw Worm","floor":2,"turns":6},{"damage":2,"enemies":"Small Slimes","floor":3,"turns":2},{"damage":28,"enemies":"3 Sentries","floor":6,"turns":12},{"damage":37,"enemies":"Lagavulin","floor":8,"turns":10},{"damage":6,"enemies":"Red Slaver","floor":10,"turns":5},{"damage":0,"enemies":"2 Fungi Beasts","floor":13,"turns":3},{"damage":21,"enemies":"The Guardian","floor":16,"turns":9},{"damage":58,"enemies":"Shell Parasite","floor":18,"turns":9}],"seed_played":"-7273944945126363543","potions_obtained":[{"floor":3,"key":"LiquidBronze"},{"floor":6,"key":"LiquidMemories"},{"floor":13,"key":"Regen Potion"},{"floor":16,"key":"GhostInAJar"}],"is_trial":false,"path_per_floor":["M","M","M","?","$","E","R","E","T","M","$","?","M","?","R","B",null,"M"],"character_chosen":"THE_SILENT","items_purchased":["Crippling Poison","Choke","Backflip","Poisoned Stab"],"campfire_rested":2,"item_purchase_floors":[5,5,11,11],"current_hp_per_floor":[63,60,58,58,58,30,51,14,14,8,8,8,8,8,29,23,58,0,0],"gold":166,"neow_bonus":"ONE_RANDOM_RARE_CARD","is_daily":false,"chose_seed":false,"campfire_upgraded":0,"win_rate":0.0,"timestamp":1613793816,"path_taken":["M","M","M","?","?","E","R","E","T","M","$","?","M","?","R","BOSS","M"],"items_purchased_type":["Card","Card","Card","Card"],"build_version":"2020-12-22","purchased_purges":0,"victory":false,"max_hp_per_floor":[70,70,70,70,70,70,70,70,70,70,70,70,70,70,70,70,70,70,70],"card_choices":[{"not_picked":["Endless Agony","Bane"],"picked":"Slice","floor":1},{"not_picked":["Dodge and Roll","PiercingWail"],"picked":"Dagger Spray","floor":2},{"not_picked":["Deflect","Dagger Throw"],"picked":"Quick Slash","floor":3},{"not_picked":["Sucker Punch","Glass Knife"],"picked":"Catalyst","floor":6},{"not_picked":["Sucker Punch","Dagger Throw"],"picked":"Prepared","floor":7},{"not_picked":["Quick Slash","Slice"],"picked":"Envenom","floor":8},{"not_picked":["Blur","Sucker Punch"],"picked":"Cloak And Dagger","floor":10},{"not_picked":["Crippling Poison","Skewer"],"picked":"Deadly Poison","floor":13},{"not_picked":["Tools of the Trade","Venomology"],"picked":"A Thousand Cuts","floor":16}],"player_experience":819115,"relics_obtained":[{"floor":6,"key":"Dream Catcher"},{"floor":8,"key":"Oddly Smooth Stone"},{"floor":9,"key":"Juzu Bracelet"}],"event_choices":[{"damage_healed":0,"gold_gain":0,"player_choice":"Grow","damage_taken":0,"max_hp_gain":0,"max_hp_loss":0,"event_name":"Living Wall","floor":4,"gold_loss":0,"cards_upgraded":["Bullet Time"]},{"damage_healed":0,"gold_gain":70,"player_choice":"Gained Gold","damage_taken":0,"max_hp_gain":0,"max_hp_loss":0,"event_name":"Golden Wing","floor":12,"gold_loss":0},{"damage_healed":0,"gold_gain":0,"player_choice":"Ignored","damage_taken":0,"max_hp_gain":0,"max_hp_loss":0,"event_name":"Liars Game","floor":14,"gold_loss":0}],"is_beta":false,"boss_relics":[{"not_picked":["Snecko Eye","Pandora\u0027s Box"],"picked":"SlaversCollar"}],"items_purged_floors":[],"is_endless":false,"potions_floor_spawned":[3,6,13,16],"killed_by":"Shell Parasite","ascension_level":13}}