{"host":"udyc8f81k2jocuhg","time":1613829660,"event":{"mods":["2.2 Compatiblity","BaseMod","Better Third Choice","Colored Powertips","Conspire","Custom Start","GifTheSpireLib","Hermit","Minty Spire (QoL Compilation)","Permanent Neow","Quick Restart","Relic Filter","Relic Stats","Replay The Spire","Shop Mod","Spikes Relics","StSLib","Stuff the Spire"],"gold_per_floor":[165,175,193,206,79,104,104,104,128,156,175,6,37,49,49,126,126,139,153,163,82,82,82,82],"floor_reached":23,"language":"ENG","playtime":1094,"items_purged":[],"score":426,"play_id":"d2cb45e5-3a8e-4c60-94f0-04de0637dd1c","local_time":"20210220150100","is_ascension_mode":true,"campfire_choices":[{"data":"Echo Form","floor":7.0,"key":"SMITH"},{"data":"Conserve Battery","floor":15.0,"key":"SMITH"}],"circlet_count":0,"master_deck":["AscendersBane","Strike_B+1","Strike_B","Strike_B+1","Strike_B","Defend_B","Defend_B","Defend_B","Defend_B","Zap+1","Dualcast","Doom and Gloom","Steam","Cold Snap","Ball Lightning","Chill","Echo Form+1","Stack","Coolheaded","Cold Snap","Leap","Steam","Conserve Battery+1","Seek","Consume","Conserve Battery","StuffTheSpire:Vigor"],"relics":["Tiny House","Prayer Wheel","StuffTheSpire:RubySignet","Simple Rune","Raider\u0027s Mask","CherryCoatedStake","Inserter"],"acts_visited":["Exordium","TheCity"],"potions_floor_usage":[23,23],"damage_taken":[{"damage":9.0,"enemies":"Small Slimes","floor":1.0,"turns":4.0},{"damage":0.0,"enemies":"Cultist","floor":2.0,"turns":3.0},{"damage":2.0,"enemies":"2 Louse","floor":3.0,"turns":2.0},{"damage":0.0,"enemies":"Looter","floor":4.0,"turns":3.0},{"damage":22.0,"enemies":"3 Sentries","floor":6.0,"turns":10.0},{"damage":17.0,"enemies":"Gremlin Nob","floor":10.0,"turns":4.0},{"damage":7.0,"enemies":"Exordium Wildlife","floor":11.0,"turns":4.0},{"damage":1.0,"enemies":"3 Sentries","floor":13.0,"turns":5.0},{"damage":0.0,"enemies":"2 Fungi Beasts","floor":14.0,"turns":3.0},{"damage":39.0,"enemies":"Slime Boss","floor":16.0,"turns":11.0},{"damage":10.0,"enemies":"Spheric Guardian","floor":18.0,"turns":8.0},{"damage":20.0,"enemies":"Shell Parasite","floor":19.0,"turns":10.0},{"damage":22.0,"enemies":"Snecko","floor":20.0,"turns":9.0},{"damage":25,"enemies":"Gremlin Leader","floor":23,"turns":5}],"seed_played":"809109940507995797","potions_obtained":[{"floor":0.0,"key":"Reflective Coating"},{"floor":3.0,"key":"Strength Potion"},{"floor":10.0,"key":"Explosive Potion"},{"floor":16.0,"key":"Fire Potion"}],"is_trial":false,"path_per_floor":["M","M","M","M","$","E","R","?","T","E","M","$","E","M","R","B",null,"M","M","M","?","?","E"],"character_chosen":"DEFECT","items_purchased":["ReplayTheSpireMod:Fabricate Wheel+1","Raider\u0027s Mask"],"campfire_rested":0,"item_purchase_floors":[5,12],"current_hp_per_floor":[60,60,58,58,58,36,36,76,76,61,54,54,53,57,57,25,63,53,33,19,19,15,0,0],"gold":82,"neow_bonus":"BOSS_RELIC","is_daily":false,"chose_seed":false,"campfire_upgraded":2,"win_rate":0.0,"timestamp":1613829660,"path_taken":["M","M","M","M","$","E","R","?","T","E","M","?","E","M","R","BOSS","M","M","M","?","?","E"],"items_purchased_type":["Card","Relic"],"build_version":"2020-12-22","purchased_purges":0,"victory":false,"max_hp_per_floor":[76,76,76,76,76,76,76,76,76,76,76,76,76,76,76,76,76,76,76,76,76,76,76,76],"relic_stats":{"Inserter":[16],"counters":[14,81],"Prayer Wheel":6,"obtain_stats":[{"Tiny House":0,"Inserter":17,"CherryCoatedStake":13,"Prayer Wheel":6,"Simple Rune":10,"StuffTheSpire:RubySignet":6,"Raider\u0027s Mask":12,"Cracked Core":0},{"Tiny House":0,"Inserter":10,"CherryCoatedStake":8,"Prayer Wheel":5,"Simple Rune":6,"StuffTheSpire:RubySignet":5,"Raider\u0027s Mask":7,"Cracked Core":0},{"Tiny House":0,"Inserter":49,"CherryCoatedStake":35,"Prayer Wheel":21,"Simple Rune":26,"StuffTheSpire:RubySignet":22,"Raider\u0027s Mask":30,"Cracked Core":0}]},"card_choices":[{"not_picked":["Streamline","Turbo"],"picked":"Doom and Gloom","floor":0.0},{"not_picked":["Redo","Barrage"],"picked":"Steam","floor":1.0},{"not_picked":["Stack","Reinforced Body"],"picked":"Cold Snap","floor":2.0},{"not_picked":["StuffTheSpire:NuclearReactor","StuffTheSpire:LoadUp"],"picked":"Ball Lightning","floor":3.0},{"not_picked":["BasicCrystalCard","Hologram"],"picked":"Chill","floor":4.0},{"not_picked":["Double Energy","Streamline","StuffTheSpire:Plugnplay"],"picked":"SKIP","floor":6.0},{"not_picked":["Sweeping Beam","Ball Lightning"],"picked":"Stack","floor":10.0},{"not_picked":["BasicCrystalCard","Barrage"],"picked":"Coolheaded","floor":11.0},{"not_picked":["Thunder Strike","Compile Driver"],"picked":"Cold Snap","floor":11.0},{"not_picked":["Rebound","ReplaySort"],"picked":"Leap","floor":13.0},{"not_picked":["Lockon","Hologram"],"picked":"Steam","floor":14.0},{"not_picked":["Ball Lightning","Turbo"],"picked":"Conserve Battery","floor":14.0},{"not_picked":["Core Surge","StuffTheSpire:LaunchingStrike"],"picked":"Seek","floor":16.0},{"not_picked":["Go for the Eyes","Sweeping Beam","Reprogram"],"picked":"SKIP","floor":18.0},{"not_picked":["Sweeping Beam","Steam","StuffTheSpire:NuclearReactor"],"picked":"SKIP","floor":18.0},{"not_picked":["Storm","Streamline"],"picked":"Consume","floor":19.0},{"not_picked":["ReplayGash+1","Ball Lightning","Redo"],"picked":"SKIP","floor":19.0},{"not_picked":["ReplayGash","Panic Button"],"picked":"Conserve Battery","floor":20.0},{"not_picked":["Heatsinks","StuffTheSpire:LoadUp","Reboot"],"picked":"SKIP","floor":20.0}],"player_experience":2043821,"relics_obtained":[{"floor":6.0,"key":"StuffTheSpire:RubySignet"},{"floor":10.0,"key":"Simple Rune"},{"floor":13.0,"key":"CherryCoatedStake"}],"event_choices":[{"damage_healed":40.0,"max_hp_gain":0.0,"max_hp_loss":0.0,"gold_gain":0.0,"event_name":"Wheel of Change","player_choice":"Full Heal","floor":8.0,"gold_loss":0.0,"damage_taken":0.0},{"damage_healed":0.0,"max_hp_gain":0.0,"max_hp_loss":0.0,"gold_gain":0.0,"event_name":"conspire:Investor","player_choice":"Leave","floor":22.0,"gold_loss":0.0,"damage_taken":0.0}],"is_beta":false,"boss_relics":[{"not_picked":["StuffTheSpire:RunicHypercube","Painkiller Herb"],"picked":"Inserter"}],"items_purged_floors":[],"is_endless":false,"potions_floor_spawned":[3,6,10,14,16],"killed_by":"Gremlin Leader","ascension_level":20}}