{"host":"2i0myh7fqij2ti1z","time":1613800604,"event":{"mods":["Aspiration","BaseMod","Better Third Choice","Colored Powertips","Conspire","Evolution","FoggyMod","GifTheSpireLib","Highlight Path","Hubris","Minty Spire (QoL Compilation)","Permanent Neow","Quick Restart","Random Character Button","Random Character Mod","Replay The Spire","Shop Mod","Spicy Shops","StSLib","Stuff the Spire","Wandering Minibosses","óô»ðÖ¸ÄÏ"],"gold_per_floor":[110,110,110,110,0,0,34,34,34,34,34,63,63,89,89,192,192,203,302,302,59,84,110,110,110,110,110,212,17,170,263,263,570,570,1385,1385,1385,1385,1385,1486,1581,1581,1581,1581,1581,1581,897,897,897,1072,1072,1262,1262,1262,569,673,788],"floor_reached":58,"language":"ENG","playtime":3298,"items_purged":["conspire:GhostlyDefend","conspire:GhostlyDefend","StuffTheSpire:Ambrosia","Iron Wave+1"],"score":2509,"play_id":"323ed697-ecaf-42ef-bd89-1906a9e5a680","local_time":"20210220135644","is_ascension_mode":true,"campfire_choices":[{"data":"Metallicize","floor":6,"key":"SMITH"},{"data":"StuffTheSpire:Slingshot","floor":15,"key":"SMITH"},{"data":"Dual Wield","floor":25,"key":"SMITH"},{"data":"Metallicize+1","floor":32,"key":"SMITH"},{"data":"Metallicize+2","floor":46,"key":"SMITH"},{"data":"Metallicize+3","floor":51,"key":"SMITH"},{"data":"Metallicize+4","floor":54,"key":"SMITH"}],"circlet_count":1,"master_deck":["AscendersBane","StuffTheSpire:Slingshot+1","Eruption+1","Sword Boomerang+1","Corruption","Flex+1","Dual Wield+1","Dagger Spray+1","Sucker Punch+1","Metallicize+5","Offering","ReplayTheSpireMod:Limb From Limb+1","Bloodletting+1","Armaments+1","Dark Embrace","Body Slam+1"],"relics":["EVO:Axolotl","Abe\u0027s Treasure","Black Star","Juzu Bracelet","hubris:Towel","The Courier","Molten Egg 2","Omamori","StuffTheSpire:ForceGauntlet","Circlet","WarpedTongs","Bottled Tornado","Oddly Smooth Stone","hubris:TenFootPole","ReplayTheSpireMod:TigerMarble","Mark of Pain","conspire:Boomerang","King of Hearts","StuffTheSpire:DullRazor","StuffTheSpire:HeavyRock","Replay:Bandana","Matryoshka","WingedGreaves","StuffTheSpire:Mouthbags","Bottled Lightning","Replay:PocketPolymizer","StuffTheSpire:RubySignet","conspire:InfiniteJournal","hubris:Zylophone","Replay:Mystery Machine","Chameleon Ring","Mummified Hand","hubris:VirtuousBlindfold","wanderingMiniBosses:MasterThiefsPresence","StuffTheSpire:Expresso","Bag of Marbles","Replay:Wax Seal","Red Skull","WingedGreaves","Pet Ghost","Garlic","Chemical X","hubris:DuctTape","Calipers","hubris:Icosahedron","Happy Flower","Replay:Rubber Ducky","Bronze Scales","Sling","StuffTheSpire:Gunfinga","Torii"],"acts_visited":["Exordium","TheCity","TheBeyond","TheEnding"],"potions_floor_usage":[7,33,35],"damage_taken":[{"damage":6,"enemies":"Cultist","floor":1,"turns":3},{"damage":12,"enemies":"Gremlin Nob","floor":7,"turns":3},{"damage":0,"enemies":"Lagavulin","floor":12,"turns":3},{"damage":0,"enemies":"3 Sentries","floor":14,"turns":7},{"damage":21,"enemies":"The Guardian","floor":16,"turns":9},{"damage":0,"enemies":"Chosen","floor":18,"turns":4},{"damage":0,"enemies":"Book of Stabbing","floor":23,"turns":5},{"damage":0,"enemies":"Gremlin Leader","floor":28,"turns":4},{"damage":0,"enemies":"Book of Stabbing","floor":30,"turns":6},{"damage":17,"enemies":"conspire:SneckoGhost","floor":31,"turns":7},{"damage":22,"enemies":"Champ","floor":33,"turns":11},{"damage":6,"enemies":"Orb Walker","floor":35,"turns":6},{"damage":6,"enemies":"Nemesis","floor":40,"turns":3},{"damage":9,"enemies":"R_Hoarder","floor":41,"turns":4},{"damage":10,"enemies":"Giant Head","floor":50,"turns":6},{"damage":12,"enemies":"Awakened One","floor":52,"turns":8},{"damage":7,"enemies":"Shield and Spear","floor":56,"turns":4},{"damage":7,"enemies":"The Heart","floor":57,"turns":8}],"seed_played":"3837423991337017375","potions_obtained":[{"floor":1,"key":"LifebloodPotion"},{"floor":16,"key":"ColorlessPotion"},{"floor":30,"key":"PowerPotion"},{"floor":33,"key":"HeartOfIron"},{"floor":37,"key":"Death Potion"}],"is_trial":false,"path_per_floor":["M","T","?","?","$","R","E","?","T","?","?","E","?","E","R","B",null,"M","?","?","$","T","E","?","R","T","?","E","$","E","E","R","B",null,"M","?","?","?","?","E","E","?","PTL","PTL","T","R","$","?","?","E","R","B",null,"R","$","E","B",null],"character_chosen":"IRONCLAD","items_purchased":["Metallicize","King of Hearts","StuffTheSpire:DullRazor","conspire:InfiniteJournal","Chemical X","hubris:DuctTape","Calipers","Armaments+1","Bronze Scales","hubris:ReadiedAction","Sling","StuffTheSpire:RockThrow+1","Hemokinesis+1","Heavy Blade+1","Body Slam+1"],"campfire_rested":0,"item_purchase_floors":[5,21,21,29,47,47,47,47,55,55,55,55,55,55,55],"current_hp_per_floor":[66,66,66,66,66,66,54,54,54,54,54,54,47,47,47,26,67,67,67,67,67,67,67,67,67,67,58,58,58,58,45,45,31,68,62,62,62,62,62,57,49,49,49,49,49,49,49,49,49,40,40,29,64,64,64,57,52],"gold":788,"neow_bonus":"BOSS_RELIC","is_daily":false,"chose_seed":false,"campfire_upgraded":7,"win_rate":0.0,"timestamp":1613800604,"path_taken":["M","?","?","?","?","R","E","?","T","?","?","E","?","E","R","BOSS","M","?","?","$","?","E","?","R","T","?","E","$","E","E","R","BOSS","M","?","?","?","?","E","E","?","PTL","PTL","T","R","?","?","?","E","R","BOSS","R","$","E","BOSS"],"items_purchased_type":["Card","Relic","Relic","Relic","Relic","Relic","Relic","Card","Relic","Card","Relic","Card","Card","Card","Card"],"build_version":"2020-12-22","purchased_purges":4,"victory":true,"max_hp_per_floor":[80,80,80,80,80,80,80,80,80,80,80,80,80,80,80,80,80,80,80,80,80,80,80,80,80,80,80,80,80,80,80,80,80,80,80,80,80,80,80,81,82,74,74,74,74,74,74,74,74,75,75,76,76,76,76,76,76],"card_choices":[{"not_picked":["Combust","Uppercut"],"picked":"StuffTheSpire:Slingshot","floor":1},{"not_picked":["Armaments","StuffTheSpire:Incineration+1"],"picked":"Iron Wave+1","floor":7},{"not_picked":["conspire:ExplosiveBarrier","Clothesline+1","Burning Pact"],"picked":"SKIP","floor":12},{"not_picked":["True Grit","StuffTheSpire:Slingshot+1"],"picked":"Sword Boomerang+1","floor":14},{"not_picked":["Limit Break","Fiend Fire+1"],"picked":"Corruption","floor":16},{"not_picked":["Power Through","Clothesline+1"],"picked":"Flex+1","floor":18},{"not_picked":["Body Slam+1","Feel No Pain+1"],"picked":"Dual Wield","floor":23},{"not_picked":["Limit Break","Wild Strike+1","Iron Wave+1"],"picked":"SKIP","floor":28},{"not_picked":["Perfected Strike+1","Pommel Strike+1","Demonic Infusion"],"picked":"SKIP","floor":30},{"not_picked":["Clothesline+1","ReplayTheSpireMod:Stacked","hubris:ReadiedAction"],"picked":"SKIP","floor":31},{"not_picked":["Impervious","Corruption"],"picked":"Offering","floor":33},{"not_picked":["ReplayTheSpireMod:Corrosion Curse","Massacre+1","Perfected Strike+1"],"picked":"SKIP","floor":35},{"not_picked":["StuffTheSpire:Perfection","StuffTheSpire:Harmony"],"picked":"StuffTheSpire:Ambrosia","floor":36},{"not_picked":["Dual Wield+1","True Grit+1","Pommel Strike+1"],"picked":"SKIP","floor":40},{"not_picked":["Twin Strike+1","Havoc"],"picked":"Bloodletting+1","floor":41},{"not_picked":["hubris:CleavingFinish+1","StuffTheSpire:Slingshot+1"],"picked":"Dark Embrace","floor":50},{"not_picked":["Anger+1","conspire:ExplosiveBarrier","ReplayTheSpireMod:Strike From Hell+1"],"picked":"SKIP","floor":56}],"player_experience":334200,"relics_obtained":[{"floor":2,"key":"The Courier"},{"floor":7,"key":"ReplayFunnel"},{"floor":7,"key":"Omamori"},{"floor":9,"key":"StuffTheSpire:ForceGauntlet"},{"floor":12,"key":"Bottled Tornado"},{"floor":12,"key":"Oddly Smooth Stone"},{"floor":14,"key":"hubris:TenFootPole"},{"floor":14,"key":"ReplayTheSpireMod:TigerMarble"},{"floor":22,"key":"StuffTheSpire:HeavyRock"},{"floor":23,"key":"Replay:Bandana"},{"floor":23,"key":"Matryoshka"},{"floor":26,"key":"StuffTheSpire:Mouthbags"},{"floor":26,"key":"Bottled Lightning"},{"floor":28,"key":"Replay:PocketPolymizer"},{"floor":28,"key":"StuffTheSpire:RubySignet"},{"floor":30,"key":"hubris:Zylophone"},{"floor":30,"key":"Replay:Mystery Machine"},{"floor":31,"key":"Chameleon Ring"},{"floor":31,"key":"Mummified Hand"},{"floor":35,"key":"wanderingMiniBosses:MasterThiefsPresence"},{"floor":40,"key":"StuffTheSpire:Expresso"},{"floor":40,"key":"Bag of Marbles"},{"floor":41,"key":"Replay:Wax Seal"},{"floor":41,"key":"Red Skull"},{"floor":45,"key":"Pet Ghost"},{"floor":45,"key":"Garlic"},{"floor":50,"key":"Happy Flower"},{"floor":50,"key":"Replay:Rubber Ducky"},{"floor":56,"key":"StuffTheSpire:Gunfinga"},{"floor":56,"key":"Torii"}],"event_choices":[{"damage_healed":0,"gold_gain":0,"player_choice":"Agree","damage_taken":0,"max_hp_gain":0,"max_hp_loss":0,"event_name":"conspire:LoneGhost","floor":8,"gold_loss":0},{"damage_healed":0,"gold_gain":0,"player_choice":"Rummage","damage_taken":0,"relics_obtained":["WarpedTongs"],"max_hp_gain":0,"max_hp_loss":0,"event_name":"Accursed Blacksmith","floor":11,"gold_loss":0,"cards_obtained":["Pain"]},{"damage_healed":0,"gold_gain":99,"player_choice":"Steal","damage_taken":0,"max_hp_gain":0,"max_hp_loss":0,"event_name":"betterThird:BetterNest","floor":19,"gold_loss":0},{"damage_healed":0,"gold_gain":0,"player_choice":"Opened","damage_taken":0,"relics_obtained":["conspire:Boomerang"],"max_hp_gain":0,"max_hp_loss":0,"event_name":"The Mausoleum","floor":20,"gold_loss":0},{"damage_healed":0,"gold_gain":0,"player_choice":"Got Potions","damage_taken":0,"max_hp_gain":0,"max_hp_loss":0,"event_name":"Lab","floor":37,"gold_loss":0},{"damage_healed":0,"gold_gain":0,"cards_transformed":["All Out Attack"],"player_choice":"Transformed","damage_taken":0,"max_hp_gain":0,"max_hp_loss":0,"event_name":"Transmorgrifier","floor":38,"gold_loss":0,"cards_obtained":["ReplayTheSpireMod:Limb From Limb"]},{"damage_healed":0,"gold_gain":0,"player_choice":"Ignored","damage_taken":0,"max_hp_gain":0,"max_hp_loss":0,"event_name":"Tomb of Lord Red Mask","floor":49,"gold_loss":0}],"is_beta":false,"boss_relics":[{"not_picked":["StuffTheSpire:Kangaroo","Runic Dome"],"picked":"Mark of Pain"},{"not_picked":["Velvet Choker","Black Star"],"picked":"hubris:VirtuousBlindfold"}],"items_purged_floors":[29,47,55,55],"is_endless":false,"potions_floor_spawned":[1,16,30,31,33,50],"ascension_level":11}}