{"host":"snampf0t8p8psf53","time":1613858972,"event":{"mods":["AchievementEnabler","BaseMod","Bestiary","DeckTracker","Minty Spire (QoL Compilation)","Permanent Neow","SuperFastMode"],"gold_per_floor":[119,139,156,175,23,57,83,110,110,110,110],"floor_reached":10,"language":"ENG","playtime":348,"items_purged":[],"score":138,"play_id":"cc03f219-f727-4726-ada9-ce1021fa4621","local_time":"20210220140932","daily_mods":["Vintage","Heirloom","Time Dilation","Flight","DeadlyEvents","Elite Swarm"],"is_ascension_mode":false,"campfire_choices":[],"circlet_count":0,"master_deck":["Strike_R","Strike_R","Strike_R","Strike_R","Strike_R","Defend_R","Defend_R","Defend_R","Defend_R","Bash","Immolate","Rupture","Feed","Reaper"],"relics":["Burning Blood","Ice Cream","Gremlin Horn","Kunai","The Courier","Calipers","Darkstone Periapt","HornCleat","Bird Faced Urn","Champion Belt"],"acts_visited":["Exordium"],"potions_floor_usage":[7,7,8],"damage_taken":[{"damage":12,"enemies":"2 Louse","floor":1,"turns":3},{"damage":5,"enemies":"Cultist","floor":2,"turns":4},{"damage":11,"enemies":"Jaw Worm","floor":3,"turns":2},{"damage":8,"enemies":"Large Slime","floor":4,"turns":7},{"damage":34,"enemies":"Gremlin Nob","floor":6,"turns":5},{"damage":38,"enemies":"Lagavulin","floor":7,"turns":4},{"damage":16,"enemies":"3 Sentries","floor":8,"turns":6},{"damage":23,"enemies":"Lagavulin","floor":10,"turns":5}],"seed_played":"3552090736864344819","potions_obtained":[{"floor":1,"key":"Fire Potion"},{"floor":2,"key":"AttackPotion"},{"floor":7,"key":"Regen Potion"},{"floor":8,"key":"LiquidBronze"}],"is_trial":true,"path_per_floor":["M","M","M","M","$","E","E","E","T","E"],"character_chosen":"IRONCLAD","items_purchased":["Immolate","Rupture"],"campfire_rested":0,"item_purchase_floors":[5,5],"current_hp_per_floor":[74,75,70,68,68,40,8,15,15,0,0],"gold":110,"neow_bonus":"","is_daily":false,"chose_seed":false,"campfire_upgraded":0,"win_rate":0.0,"timestamp":1613858972,"path_taken":["M","M","M","M","$","E","E","E","T","E"],"items_purchased_type":["Card","Card"],"build_version":"2020-12-22","purchased_purges":0,"victory":false,"max_hp_per_floor":[80,80,80,80,80,80,80,83,83,83,83],"card_choices":[{"not_picked":["Bludgeon","Limit Break","Corruption"],"picked":"SKIP","floor":6},{"not_picked":["Double Tap","Offering"],"picked":"Feed","floor":7},{"not_picked":["Barricade","Exhume"],"picked":"Reaper","floor":8}],"player_experience":143748,"relics_obtained":[{"floor":1,"key":"Gremlin Horn"},{"floor":2,"key":"Kunai"},{"floor":3,"key":"The Courier"},{"floor":4,"key":"Calipers"},{"floor":6,"key":"Darkstone Periapt"},{"floor":7,"key":"HornCleat"},{"floor":8,"key":"Bird Faced Urn"},{"floor":9,"key":"Champion Belt"}],"event_choices":[],"is_beta":false,"boss_relics":[],"items_purged_floors":[],"is_endless":true,"potions_floor_spawned":[1,2,7,8],"killed_by":"Lagavulin","ascension_level":0}}