{"host":"27g79df0endkaa4r","time":1613814591,"event":{"mods":["Abigail Mod","AchievementEnabler","Act Like it!","Alarm Clock","BaseMod","Better Altar","Better Match","Better Skull","Better Third Choice","BetterRewards","Bossed Relics","CapriCore","Card Forge","Colored Map","Curses Come First","Disable Question Mark Monsters","Displayed Cursed Tome","Emptier Cage","Extra Virgin Snecko Oil","FoggyMod","Friendly Minions","Gold Saver","Good Game Mod","Grow up Mod","Highlight Path","Kratos Character Expansion","Minty Spire (QoL Compilation)","Permanent Neow","Poem Panic","Remilia??????","Ruina","Shop Mod","StSLib","The Immortal","The Servant 0.9.4","The Vixen","Transform Curses","Virulent Crown","????"],"gold_per_floor":[1363,1382,1382,1456,1183,1200,1200,1225,1225,1255,976,697,728,748,401,522,522,542,66,66,45,45,45,45,58,58,72,72,72,105,105,105,210,210,228,32,32,0,0,0,30,43,66,5,36,61,129,416,323,335,347,136,148,194,206],"floor_reached":56,"language":"ENG","playtime":2417,"items_purged":[],"score":1780,"play_id":"41bb1238-9f48-4288-a0ff-e375a3c4241e","local_time":"20210220104951","is_ascension_mode":false,"campfire_choices":[{"floor":7.0,"key":"RECALL"},{"floor":23.0,"key":"REST"},{"floor":32,"key":"REST"}],"circlet_count":0,"master_deck":["Vigilance+1","MokouMod:ExplosiveFlame+1","CutThroughFate+1","WaveOfTheHand+1","BattleHymn+1","Prostrate+1","ConjureBlade+1","Ragnarok+1","Protect+1","Prostrate+1","Devotion+1","ClearTheMind+1","Evaluate+1","Protect+1","MasterReality+1","LikeWater+1","PathToVictory+1","HandOfGreed+1","Alpha+1","ClearTheMind+1","ruina:SwordSharpened+1","PathToVictory+1","Ragnarok+1","Study+1","Doubt","ruina:LoveAndHate+1","CutThroughFate+1","Sadistic Nature+1","Ragnarok+1","ConjureBlade+1","PathToVictory+1","Fasting2+1","Clumsy","Devotion+1","Prostrate+1","Study+1"],"relics":["PureWater","Hammer of Thor","Seething Fire","Anvil of the Gods","REME:ComplimentaryCards","Membership Card","Kunai","MerchantsRug","KratosMod:amulet","HornCleat","WingedGreaves","KratosMod:minohorn","Melange","Gremlin Horn","Odd Mushroom","Sundial","Darkstone Periapt","Ornamental Fan","Bird Faced Urn","HandDrill","Frozen Egg 2","Boot","InkBottle","Cursed Key","Letter Opener","Matryoshka","Blood Vial","Bag of Marbles","Regal Pillow","Orichalcum","Lantern","Strawberry","Pen Nib","Coffee Dripper","Bottled Tornado","Bottled Flame","Red Mask","Torii","Gambling Chip","Shuriken","War Paint","Nunchaku","MawBank","Molten Egg 2","Bottled Lightning","Damaru","Centennial Puzzle","Medical Kit","Oddly Smooth Stone"],"acts_visited":["Exordium","ruina:Briah","TheBeyond","TheEnding"],"potions_floor_usage":[55],"damage_taken":[{"damage":0.0,"enemies":"Cultist","floor":1.0,"turns":4.0},{"damage":0.0,"enemies":"Small Slimes","floor":2.0,"turns":4.0},{"damage":0.0,"enemies":"Jaw Worm","floor":6.0,"turns":3.0},{"damage":2.0,"enemies":"The Mushroom Lair","floor":8.0,"turns":2.0},{"damage":0.0,"enemies":"Gremlin Nob","floor":10.0,"turns":3.0},{"damage":0.0,"enemies":"Lagavulin","floor":13.0,"turns":2.0},{"damage":0.0,"enemies":"Exordium Thugs","floor":14.0,"turns":3.0},{"damage":91.0,"enemies":"Hexaghost","floor":16.0,"turns":4.0},{"damage":7.0,"enemies":"ruina:BadWolf","floor":18.0,"turns":4.0},{"damage":12.0,"enemies":"ruina:3_Bats","floor":25.0,"turns":5.0},{"damage":7.0,"enemies":"ruina:KnightOfDespair","floor":27.0,"turns":4.0},{"damage":34,"enemies":"ruina:Mountain","floor":30,"turns":4},{"damage":27,"enemies":"ruina:Red_and_Wolf","floor":33,"turns":6},{"damage":5,"enemies":"Orb Walker","floor":35,"turns":3},{"damage":25,"enemies":"Reptomancer","floor":41,"turns":3},{"damage":16,"enemies":"3 Darklings","floor":42,"turns":2},{"damage":0,"enemies":"Giant Head","floor":45,"turns":6},{"damage":0,"enemies":"Transient","floor":46,"turns":5},{"damage":0,"enemies":"Reptomancer","floor":47,"turns":4},{"damage":43,"enemies":"Time Eater","floor":50,"turns":7},{"damage":31,"enemies":"Shield and Spear","floor":54,"turns":3},{"damage":56,"enemies":"The Heart","floor":55,"turns":7}],"seed_played":"-7955226557912595286","potions_obtained":[{"floor":2.0,"key":"Swift Potion"},{"floor":8.0,"key":"Weak Potion"},{"floor":16.0,"key":"SmokeBomb"},{"floor":25.0,"key":"ColorlessPotion"},{"floor":27.0,"key":"AttackPotion"},{"floor":35,"key":"Block Potion"},{"floor":41,"key":"PowerPotion"},{"floor":46,"key":"SpeedPotion"},{"floor":54,"key":"Energy Potion"}],"is_trial":false,"path_per_floor":["M","M","?","T","$","M","R","?","T","E","$","R","E","M","R","B",null,"M","$","?","$","?","R","$","M","T","M","?","M","E","?","R","B",null,"M","$","?","?","?","R","E","M","T","R","E","M","E","?","R","B",null,"R","$","E","B",null],"character_chosen":"WATCHER","items_purchased":["Membership Card","Kunai","CutThroughFate","MerchantsRug","WaveOfTheHand","BattleHymn","Prostrate","ConjureBlade","HornCleat","Melange","Gremlin Horn","Ragnarok","Devotion","Ornamental Fan","Potion Belt","Bird Faced Urn","HandDrill","ClearTheMind","Evaluate","LikeWater+1","Boot","InkBottle","PathToVictory","HandOfGreed","ruina:SwordSharpened","Letter Opener","Matryoshka","PathToVictory","Ragnarok","Study+1","ruina:LoveAndHate","Bottled Tornado","Bottled Flame","Nunchaku","Bottled Lightning","Damaru","Centennial Puzzle","Medical Kit"],"campfire_rested":2,"item_purchase_floors":[0,0,0,0,0,0,0,0,0,5,5,5,11,11,11,12,12,12,12,15,15,15,15,15,19,19,19,19,19,19,21,36,36,44,49,52,52,52],"current_hp_per_floor":[92,102,112,122,132,142,152,160,170,180,190,200,212,222,232,154,252,260,270,287,297,50,168,178,197,222,240,250,260,257,267,392,383,412,422,432,442,452,462,472,457,463,480,490,524,538,548,564,574,562,594,604,614,599,602],"gold":218,"neow_bonus":"","is_daily":false,"chose_seed":false,"campfire_upgraded":0,"win_rate":0.0,"timestamp":1613814591,"path_taken":["M","?","?","?","$","?","R","?","T","E","?","R","E","?","R","BOSS","M","$","?","?","?","R","$","?","T","?","?","?","E","?","R","BOSS","M","$","?","?","?","R","E","?","T","R","E","?","E","?","R","BOSS","R","$","E","BOSS"],"items_purchased_type":["Relic","Relic","Card","Relic","Card","Card","Card","Card","Relic","Relic","Relic","Card","Card","Relic","Relic","Relic","Relic","Card","Card","Card","Relic","Relic","Card","Card","Card","Relic","Relic","Card","Card","Card","Card","Relic","Relic","Relic","Relic","Relic","Relic","Relic"],"build_version":"2020-12-22","purchased_purges":0,"victory":true,"max_hp_per_floor":[92,102,112,122,132,142,152,162,172,182,192,202,212,222,232,242,252,262,272,288,298,308,318,328,338,361,371,352,362,372,382,392,402,412,422,432,442,452,462,472,482,492,508,518,528,538,548,564,574,584,594,604,614,624,644],"card_choices":[{"not_picked":["Perseverance","FlyingSleeves","ThirdEye"],"picked":"SKIP","floor":1.0},{"not_picked":["JustLucky","FlyingSleeves","CrushJoints"],"picked":"SKIP","floor":2.0},{"not_picked":["Meditate","Consecrate"],"picked":"Protect","floor":6.0},{"not_picked":["JustLucky","ForeignInfluence"],"picked":"Prostrate","floor":10.0},{"not_picked":["Meditate","EmptyFist"],"picked":"Protect","floor":13.0},{"not_picked":["Pray","EmptyFist"],"picked":"MasterReality+1","floor":14.0},{"not_picked":["DeusExMachina","Ragnarok"],"picked":"Alpha","floor":16.0},{"not_picked":["Evaluate+1","CutThroughFate"],"picked":"ClearTheMind","floor":18.0},{"not_picked":["ThirdEye+1","Evaluate","BowlingBash"],"picked":"SKIP","floor":25.0},{"not_picked":["WheelKick","FollowUp+1"],"picked":"CutThroughFate+1","floor":27.0},{"not_picked":["ruina:Nihil","ruina:HomingInstinct+1"],"picked":"ruina:BlindRage","floor":28.0},{"not_picked":["EmptyBody+1","SashWhip+1","SandsOfTime"],"picked":"SKIP","floor":30},{"not_picked":["The Bomb","Magnetism"],"picked":"Sadistic Nature","floor":31},{"not_picked":["Judgement","Blasphemy"],"picked":"Ragnarok","floor":31},{"not_picked":["LessonLearned","MasterReality+1"],"picked":"ConjureBlade","floor":33},{"not_picked":["InnerPeace+1","ClearTheMind"],"picked":"PathToVictory","floor":35},{"not_picked":["SashWhip+1","Collect+1","ClearTheMind"],"picked":"SKIP","floor":41},{"not_picked":["Evaluate","FearNoEvil+1"],"picked":"Fasting2+1","floor":42},{"not_picked":["Evaluate","CarveReality"],"picked":"Devotion+1","floor":45},{"not_picked":["FlyingSleeves+1","ClearTheMind+1"],"picked":"Prostrate","floor":46},{"not_picked":["Perseverance","Conclude+1"],"picked":"Study+1","floor":47},{"not_picked":["FollowUp+1","Vengeance+1","Consecrate+1"],"picked":"SKIP","floor":54}],"player_experience":15741,"relics_obtained":[{"floor":4.0,"key":"KratosMod:minohorn"},{"floor":8.0,"key":"Odd Mushroom"},{"floor":9.0,"key":"Sundial"},{"floor":10.0,"key":"Darkstone Periapt"},{"floor":13.0,"key":"Frozen Egg 2"},{"floor":26.0,"key":"Strawberry"},{"floor":30,"key":"Pen Nib"},{"floor":39,"key":"Torii"},{"floor":41,"key":"Gambling Chip"},{"floor":43,"key":"Shuriken"},{"floor":43,"key":"War Paint"},{"floor":45,"key":"MawBank"},{"floor":47,"key":"Molten Egg 2"},{"floor":54,"key":"Oddly Smooth Stone"}],"event_choices":[{"cards_removed":["Strike_P"],"damage_healed":0.0,"max_hp_gain":0.0,"max_hp_loss":0.0,"gold_gain":0.0,"event_name":"Living Wall","player_choice":"Forget","floor":3.0,"gold_loss":0.0,"damage_taken":0.0},{"damage_healed":0.0,"max_hp_gain":0.0,"max_hp_loss":0.0,"gold_gain":0.0,"event_name":"Mushrooms","player_choice":"Fought Mushrooms","floor":8.0,"gold_loss":0.0,"damage_taken":0.0},{"damage_healed":0.0,"max_hp_gain":0.0,"max_hp_loss":0.0,"gold_gain":0.0,"event_name":"betterSkull:BetterSkull","player_choice":"RE RE RE RE ","floor":22.0,"gold_loss":0.0,"damage_taken":265.0,"cards_upgraded":[],"relics_obtained":["Bag of Marbles","Regal Pillow","Orichalcum","Lantern"]},{"damage_healed":0,"gold_gain":0,"player_choice":"1","damage_taken":0,"max_hp_gain":0,"max_hp_loss":0,"event_name":"betterMatch:BetterMatch","floor":31,"gold_loss":0,"cards_obtained":["betterMatch:ColorlessRareCard","betterMatch:CommonCard","betterMatch:RareCard"]},{"cards_removed":["ruina:BlindRage"],"damage_healed":0,"gold_gain":0,"player_choice":"Removed Attack","damage_taken":0,"max_hp_gain":0,"max_hp_loss":0,"event_name":"Falling","floor":37,"gold_loss":0},{"damage_healed":0,"gold_gain":0,"player_choice":"Paid","damage_taken":0,"relics_obtained":["Red Mask"],"max_hp_gain":0,"max_hp_loss":0,"event_name":"Tomb of Lord Red Mask","floor":38,"gold_loss":32},{"damage_healed":0,"gold_gain":0,"player_choice":"Relic","damage_taken":0,"max_hp_gain":0,"max_hp_loss":0,"event_name":"Wheel of Change","floor":39,"gold_loss":0},{"damage_healed":0,"gold_gain":275,"player_choice":"Desecrate","damage_taken":0,"max_hp_gain":0,"max_hp_loss":0,"event_name":"Golden Shrine","floor":48,"gold_loss":0,"cards_obtained":["Regret"]}],"is_beta":false,"boss_relics":[{"not_picked":["Busted Crown","Calling Bell"],"picked":"Cursed Key"},{"not_picked":["PoemPanic:PoemPanicRelic","Velvet Choker"],"picked":"Coffee Dripper"}],"items_purged_floors":[],"is_endless":false,"potions_floor_spawned":[2,8,16,25,27,35,41,46,54],"ascension_level":0}}