{"host":"d54lcqy5t45er8jx","time":1613822557,"event":{"mods":["2.2 Compatiblity","BaseMod","CapriCore","Colored Powertips","Defuse TimeMaze Blight","Friendly Minions","Hermit","Hubris","Infinite Spire","KinomotoSakuraMod(ÙÊñýÜâ?)","Marisa£¨Ùöéë¡¡Øª×âÞÞ£©","Minty Spire (QoL Compilation)","Quick Restart","Railgun Mod","Rare Cards Sparkle","Relic Stats","Remilia£¨?Ú·×é?£©","StSLib","The Alterego","The Animator","The Cursed","The Immortal","The Servant 0.9.4","WarShipGirlsR/??á´Ò³R mod","Yakumo Yukari mod","Yohane!","Yuri Mod"],"gold_per_floor":[136,147,160,160,170,205,218,218,218,238,238,238,238,269,269,374,424,438,438,452,471,471,505,505,538,565,565,565,584,584,603,603,701,701,721,721,721,741,760,760,785,802,802,802,802,802,802,802,802,802],"floor_reached":51,"language":"ENG","playtime":2285,"items_purged":["Defend_purpleEX","Defend_purpleEX"],"score":750,"play_id":"84403d31-1b2d-4b95-b346-9eff0fd43073","local_time":"20210220210237","is_ascension_mode":false,"campfire_choices":[{"data":"Fantasy_PerpetualMotionMachine_purple","floor":8,"key":"SMITH"},{"data":"DarkRealmRedLine_purple","floor":11,"key":"SMITH"},{"data":"Line_surface_state_purple","floor":15,"key":"SMITH"},{"data":"ProofOfUnderstanding_purple","floor":28,"key":"SMITH"},{"data":"Charmbait_purple","floor":30,"key":"SMITH"},{"data":"ExistenceContinue_purple","floor":32,"key":"SMITH"},{"data":"Charmbait_purple","floor":40,"key":"SMITH"},{"data":"hubris:InfiniteBlow+3","floor":44,"key":"SMITH"},{"data":"hubris:InfiniteBlow+5","floor":49,"key":"SMITH"}],"circlet_count":0,"master_deck":["AT_purpleEX+1","AT_purpleEX+1","AT_purpleEX+1","Defend_purpleEX+1","Defend_purpleEX+1","Observe_purple_1+1","Observe_purple_2+1","Line_surface_state_purple+1","OmniscientAndOmnipotent_Monster_purple+1","Line_surface_state_purple+1","Strike_R+1","Mirror_FormAndEmptin_purple+1","StateErode_purple+1","Fantasy_PerpetualMotionMachine_purple+1","DarkRealmRedLine_purple+1","Worldmountain_purple+1","ProofOfUnderstanding_purple+1","Charmbait_purple+1","WangLiang_OokamiKakushi_purple+1","RuptureOfTimeAndSpace_purple+1","Photoelasticity_Doppler_Effect_purple+1","Mirror_WaveAndshot_purple+1","Charmbait_purple+1","Mirror_WaveAndshot_purple+1","ExistenceContinue_purple+1","Human_Monster_Realm_purple+1","RuleDissolution_purple+1","hubris:InfiniteBlow+6","Umbrella_purple+1","PositiveMatter_Antimatter_Universe_purple+1","Fancifulhole_purple+1","DistantPastFriend_purple+1","Necronomicurse","ExistenceContinue_purple"],"relics":["Boundary_crack","Memoryfragments_purpleEX","Anchor","Gremlin Horn","hubris:Towel","War Paint","Tiny House","Bottled Tornado","Boot","Coffee Dripper","infinitespire:Beetle Shell","Whetstone","Necronomicon","Philosopher\u0027s Stone","Tiny Chest","HornCleat","PreservedInsect","hubris:DeckOfHolding"],"acts_visited":["Exordium","TheCity","TheBeyond"],"potions_floor_usage":[6,6,25,25,46,50,50],"damage_taken":[{"damage":0,"enemies":"Cultist","floor":1,"turns":4},{"damage":0,"enemies":"2 Louse","floor":2,"turns":3},{"damage":1,"enemies":"Jaw Worm","floor":3,"turns":3},{"damage":0,"enemies":"2 Fungi Beasts","floor":5,"turns":4},{"damage":25,"enemies":"Gremlin Nob","floor":6,"turns":3},{"damage":2,"enemies":"Blue Slaver","floor":7,"turns":4},{"damage":0,"enemies":"Large Slime","floor":10,"turns":6},{"damage":24,"enemies":"Lagavulin","floor":14,"turns":5},{"damage":8,"enemies":"Hexaghost","floor":16,"turns":8},{"damage":0,"enemies":"3 Byrds","floor":18,"turns":2},{"damage":0,"enemies":"Chosen","floor":20,"turns":4},{"damage":3,"enemies":"Snecko","floor":21,"turns":4},{"damage":30,"enemies":"Book of Stabbing","floor":23,"turns":4},{"damage":20,"enemies":"Slavers","floor":25,"turns":3},{"damage":0,"enemies":"3 Cultists","floor":29,"turns":3},{"damage":4,"enemies":"Snake Plant","floor":31,"turns":3},{"damage":9,"enemies":"Collector","floor":33,"turns":4},{"damage":0,"enemies":"Orb Walker","floor":35,"turns":3},{"damage":0,"enemies":"3 Shapes","floor":38,"turns":3},{"damage":16,"enemies":"3 Darklings","floor":39,"turns":3},{"damage":16,"enemies":"Reptomancer","floor":41,"turns":3},{"damage":3,"enemies":"Sphere and 2 Shapes","floor":42,"turns":3},{"damage":35,"enemies":"Sphere and 2 Shapes","floor":46,"turns":8},{"damage":12,"enemies":"Donu and Deca","floor":50,"turns":4}],"seed_played":"5907466358849594778","potions_obtained":[{"floor":1,"key":"PanachePotion"},{"floor":3,"key":"SmokeBomb"},{"floor":5,"key":"EssenceOfSteel"},{"floor":6,"key":"LiquidBronze"},{"floor":17,"key":"LiquidMemories"},{"floor":20,"key":"Strength Potion"},{"floor":21,"key":"infinitespire:BlackPotion"},{"floor":31,"key":"SkillPotion"},{"floor":33,"key":"FearPotion"}],"is_trial":false,"path_per_floor":["M","M","M","?","M","E","M","R","T","M","R","?","?","E","R","B",null,"M","?","M","M","?","E","AVR","E","T","?","R","M","R","M","R","B",null,"M","AVR","?","M","M","R","E","M","T","R","?","?","T","?","R","B",null],"character_chosen":"Youkari","items_purchased":[],"campfire_rested":0,"item_purchase_floors":[],"current_hp_per_floor":[77,77,77,77,77,55,57,57,57,62,62,62,47,34,34,40,82,82,82,82,80,80,51,51,33,33,17,17,27,27,23,23,15,82,82,82,82,82,70,70,55,53,53,53,53,78,78,78,78,67],"gold":802,"neow_bonus":"TEN_PERCENT_HP_BONUS","is_daily":false,"chose_seed":false,"campfire_upgraded":9,"win_rate":0.0,"timestamp":1613822557,"path_taken":["M","M","M","?","M","E","M","R","T","?","R","?","?","E","R","BOSS","M","?","M","M","?","E","AVR","E","T","?","R","M","R","M","R","BOSS","M","AVR","?","M","M","R","E","M","T","R","?","?","?","?","R","BOSS"],"items_purchased_type":[],"build_version":"2020-12-22","purchased_purges":2,"victory":true,"max_hp_per_floor":[77,77,77,77,77,77,77,77,77,77,77,77,77,77,77,77,82,82,82,82,82,82,82,82,82,82,82,82,82,82,82,82,82,82,82,82,82,82,82,82,82,82,82,82,78,78,78,78,78,78],"relic_stats":{"Gremlin Horn":[17,17],"counters":[24,94],"Tiny Chest":1,"PreservedInsect":0,"Necronomicon":[22],"Whetstone":["WangLiang_OokamiKakushi_purple","Observe_purple_1"],"War Paint":["Defend_purpleEX","Line_surface_state_purple"],"Boot":[89],"obtain_stats":[{"Tiny House":17,"Gremlin Horn":9,"infinitespire:Beetle Shell":25,"PreservedInsect":43,"Boundary_crack":0,"Whetstone":26,"hubris:Towel":12,"War Paint":14,"Bottled Tornado":23,"Boot":24,"Anchor":6,"HornCleat":41,"Philosopher\u0027s Stone":34,"Tiny Chest":36,"hubris:DeckOfHolding":47,"Coffee Dripper":24,"Necronomicon":27,"Memoryfragments_purpleEX":0},{"Tiny House":9,"Gremlin Horn":6,"infinitespire:Beetle Shell":14,"PreservedInsect":22,"Boundary_crack":0,"Whetstone":14,"hubris:Towel":7,"War Paint":8,"Bottled Tornado":13,"Boot":13,"Anchor":5,"HornCleat":21,"Philosopher\u0027s Stone":17,"Tiny Chest":18,"hubris:DeckOfHolding":23,"Coffee Dripper":13,"Necronomicon":14,"Memoryfragments_purpleEX":0},{"Tiny House":40,"Gremlin Horn":21,"infinitespire:Beetle Shell":57,"PreservedInsect":82,"Boundary_crack":0,"Whetstone":57,"hubris:Towel":27,"War Paint":32,"Bottled Tornado":54,"Boot":54,"Anchor":17,"HornCleat":79,"Philosopher\u0027s Stone":67,"Tiny Chest":70,"hubris:DeckOfHolding":90,"Coffee Dripper":54,"Necronomicon":57,"Memoryfragments_purpleEX":0}]},"card_choices":[{"not_picked":["StateErode_purple","SfantasyHide_purple"],"picked":"Line_surface_state_purple","floor":1},{"not_picked":["Realm_recovery_purpleEX","Worldmountain_purple"],"picked":"OmniscientAndOmnipotent_Monster_purple","floor":2},{"not_picked":["MetroBOOM_purple","Shallow_ocean_purpleEX"],"picked":"Line_surface_state_purple","floor":3},{"not_picked":["OmniscientAndOmnipotent_Monster_purple","StateErode_purple"],"picked":"Mirror_FormAndEmptin_purple","floor":5},{"not_picked":["OmniscientAndOmnipotent_Monster_purple","DarkRealmRedLine_purple"],"picked":"StateErode_purple","floor":6},{"not_picked":["Bait_Toxicbait_purple","PurpleNeedle_purple"],"picked":"Fantasy_PerpetualMotionMachine_purple","floor":7},{"not_picked":["StateDuplicate_purple","MeetDecomposer_purple"],"picked":"DarkRealmRedLine_purple","floor":10},{"not_picked":["Mirror_Drifter_purple","WingOfChimera_purple"],"picked":"Worldmountain_purple","floor":14},{"not_picked":["UniverseChoice_purple","WasteWire_Metro_purple"],"picked":"ProofOfUnderstanding_purple","floor":16},{"not_picked":["DimensionStaggered_purple","Mirror_FormAndEmptin_purple"],"picked":"Charmbait_purple","floor":17},{"not_picked":["AdvanceAttack_purple","Yakumo_Ran_purple","MeetDecomposer_purple"],"picked":"SKIP","floor":18},{"not_picked":["SfantasyHide_purple","DimensionStaggered_purple"],"picked":"WangLiang_OokamiKakushi_purple","floor":20},{"not_picked":["OmniscientAndOmnipotent_Monster_purple","Boundary_LightAndDark_purple+1"],"picked":"RuptureOfTimeAndSpace_purple+1","floor":21},{"not_picked":["Boundary_LifeAndDeath_purple","Boundary_DynamicStaticEquilibrium_purple"],"picked":"Mirror_WaveAndshot_purple","floor":23},{"not_picked":["Realm_recovery_purpleEX","ExistenceContinue_purple"],"picked":"Charmbait_purple","floor":25},{"not_picked":["OmniscientAndOmnipotent_Monster_purple","MNeedle_purple"],"picked":"Mirror_WaveAndshot_purple","floor":29},{"not_picked":["ExternalForce_HighSpeedFlying_purple+1","Mirror_FormAndEmptin_purple+1"],"picked":"ExistenceContinue_purple","floor":31},{"not_picked":["ProofOfUnderstanding_purple","BarrageBoundary_PipeDream_purple"],"picked":"Human_Monster_Realm_purple","floor":33},{"not_picked":["Yakumo_Ran_purple","AdvanceAttack_purple+1"],"picked":"RuleDissolution_purple+1","floor":35},{"not_picked":["WangLiang_LineAndCurveDreams_purple","OmniscientAndOmnipotent_Monster_purple+1"],"picked":"Umbrella_purple","floor":38},{"not_picked":["Mirror_FormAndEmptin_purple","Charmbait_purple","SfantasyHide_purple+1"],"picked":"SKIP","floor":39},{"not_picked":["RuptureOfTimeAndSpace_purple","Mirror_FormAndEmptin_purple+1"],"picked":"PositiveMatter_Antimatter_Universe_purple+1","floor":41},{"not_picked":["Line_surface_state_purple+1","Shallow_ocean_purpleEX"],"picked":"Fancifulhole_purple","floor":42},{"not_picked":["WasteWire_Metro_purple","DimensionStaggered_purple+1"],"picked":"ExistenceContinue_purple","floor":46}],"player_experience":1011299,"relics_obtained":[{"floor":6,"key":"Anchor"},{"floor":9,"key":"Gremlin Horn"},{"floor":14,"key":"War Paint"},{"floor":23,"key":"Bottled Tornado"},{"floor":25,"key":"infinitespire:Beetle Shell"},{"floor":26,"key":"Whetstone"},{"floor":27,"key":"Necronomicon"},{"floor":41,"key":"HornCleat"},{"floor":43,"key":"PreservedInsect"},{"floor":47,"key":"hubris:DeckOfHolding"}],"event_choices":[{"cards_removed":["AT_purpleEX"],"damage_healed":0,"gold_gain":0,"player_choice":"Took Card","damage_taken":0,"max_hp_gain":0,"max_hp_loss":0,"event_name":"NoteForYourself","floor":4,"gold_loss":0,"cards_obtained":["Strike_R"]},{"damage_healed":0,"gold_gain":0,"player_choice":"Entered Light","damage_taken":15,"max_hp_gain":0,"max_hp_loss":0,"event_name":"Shining Light","floor":13,"gold_loss":0,"cards_upgraded":["AT_purpleEX","OmniscientAndOmnipotent_Monster_purple"]},{"damage_healed":0,"gold_gain":0,"player_choice":"Ignored","damage_taken":0,"max_hp_gain":0,"max_hp_loss":0,"event_name":"Ghosts","floor":19,"gold_loss":0},{"damage_healed":0,"gold_gain":0,"player_choice":"Read","damage_taken":0,"max_hp_gain":0,"max_hp_loss":0,"event_name":"TheLibraryeventEX","floor":22,"gold_loss":0,"cards_obtained":["Photoelasticity_Doppler_Effect_purple"]},{"damage_healed":0,"gold_gain":0,"player_choice":"Obtained Book","damage_taken":16,"max_hp_gain":0,"max_hp_loss":0,"event_name":"Cursed Tome","floor":27,"gold_loss":0},{"damage_healed":0,"gold_gain":0,"player_choice":"Max HP","damage_taken":0,"max_hp_gain":0,"max_hp_loss":4,"event_name":"Winding Halls","floor":45,"gold_loss":0}],"is_beta":false,"boss_relics":[{"not_picked":["hubris:BlackHole","SacredBark"],"picked":"Tiny House"},{"not_picked":["Snecko Eye","hubris:CrackedHourglass"],"picked":"Philosopher\u0027s Stone"}],"items_purged_floors":[24,36],"is_endless":false,"potions_floor_spawned":[1,3,5,6,18,20,21,31,33,35,41,46],"ascension_level":0}}