{"host":"Charlie","time":1613810730,"event":{"mods":["100% Spire Juice","Act Like it!","Aspiration","BaseMod","Better Match","Better Skull","Better Third Choice","BetterRewards","ChefMod","Colored Map","Colored Powertips","Conspire","Curses Come First","Dota2Spire","Downfall","Ekko","Evolution","Fox Events","Friendly Minions","Halation","Hermit","Hubris","Infinite Spire","Luminous","Melee Mod","Minty Spire (QoL Compilation)","Quick Restart","Rare Cards Sparkle","Relic Stats","Reliquary","Robot Space Explorer","Ruina","Shade Mod","Spicy Shops","Spire Arcade","StSLib","SuperFastMode","Synergy Search","The Animator","The Blue Laboratory","The Caster","The Cursed","The Dragon Tamer","The Gatherer","The Jungle","The Marked","The Necromancer","Unceasing Turn Reminder"],"gold_per_floor":[110,37,57,57,57,57,92,92,92,102,121,121,121,140,140,236,236,247,247,247,260,29,29,59,73,73,73,84,111,111,131,131,228,228,245,245,264,276,326,353,353,353,403,403,12,29,61,73,73,73],"floor_reached":51,"language":"ENG","playtime":2867,"items_purged":["Strike_P","Defend_P"],"score":895,"play_id":"81aa6f74-1633-4070-8e54-0de8ae7b0c32","local_time":"20210220004530","is_ascension_mode":false,"campfire_choices":[{"data":"LikeWater","floor":6,"key":"SMITH"},{"data":"Vigilance","floor":8,"key":"SMITH"},{"data":"Judgement","floor":12,"key":"SMITH"},{"data":"SandsOfTime","floor":15,"key":"SMITH"},{"data":"ruina:CrimsonScar","floor":23,"key":"SMITH"},{"floor":32,"key":"REST"},{"data":"hubris:Fate","floor":41,"key":"SMITH"},{"data":"infinitespire:Oblivion","floor":44,"key":"SMITH"},{"floor":49,"key":"REST"}],"circlet_count":0,"master_deck":["FollowUp","Strike_P+1","Strike_P","Defend_P","Defend_P+1","Defend_P","Eruption+1","Vigilance+1","LikeWater+1","Tantrum","SandsOfTime+1","Judgement+1","DevaForm+1","infinitespire:Oblivion+1","WaveOfTheHand+1","ruina:CrimsonScar+1","DevaForm+1","Scrawl","hubris:Fate+1"],"relics":["PureWater","EVO:Axolotl","NeowsBlessing","Singing Bowl","Unceasing Top","hubris:Stopwatch","hubris:TenFootPole","Black Star","Prayer Wheel","Dota2Spire:EchoSabre","Juzu Bracelet","infinitespire:CursedDice","StoneCalendar","Busted Crown","halation:Convergence","conspire:GiftBox","Shuriken","Dota2Spire:DivineRapier","hubris:Icosahedron","MealTicket","reliquary:HotPoker","HandDrill","reliquary:WeakTea","Dota2Spire:MaskOfMadness"],"acts_visited":["Exordium","Exordium","TheBeyond"],"potions_floor_usage":[18,21,21,28,28,29,31,46,50,50],"damage_taken":[{"damage":0,"enemies":"Cultist","floor":1,"turns":1},{"damage":0,"enemies":"Small Slimes","floor":3,"turns":2},{"damage":0,"enemies":"Gremlin Nob","floor":7,"turns":1},{"damage":0,"enemies":"Jaw Worm","floor":10,"turns":3},{"damage":0,"enemies":"Large Slime","floor":11,"turns":3},{"damage":11,"enemies":"Lots of Slimes","floor":14,"turns":3},{"damage":0,"enemies":"Slime Boss","floor":16,"turns":6},{"damage":32,"enemies":"ruina:3_Bats","floor":18,"turns":5},{"damage":11,"enemies":"ruina:Nosferatu","floor":21,"turns":4},{"damage":8,"enemies":"ruina:ServantOfWrath","floor":24,"turns":6},{"damage":0,"enemies":"ruina:KnightOfDespair","floor":25,"turns":4},{"damage":4,"enemies":"ruina:Nos_and_Bat","floor":28,"turns":4},{"damage":26,"enemies":"ruina:RoadHome","floor":29,"turns":5},{"damage":28,"enemies":"ruina:3_Scarecrows","floor":31,"turns":4},{"damage":17,"enemies":"ruina:Red_and_Wolf","floor":33,"turns":9},{"damage":12,"enemies":"3 Darklings","floor":35,"turns":4},{"damage":8,"enemies":"3 Shapes","floor":37,"turns":3},{"damage":2,"enemies":"Sphere and 2 Shapes","floor":38,"turns":4},{"damage":44,"enemies":"2 Orb Walkers","floor":39,"turns":3},{"damage":13,"enemies":"Giant Head","floor":40,"turns":7},{"damage":0,"enemies":"3 Darklings","floor":46,"turns":2},{"damage":0,"enemies":"Nemesis","floor":47,"turns":2},{"damage":12,"enemies":"Maw","floor":48,"turns":3},{"damage":98,"enemies":"conspire:OrnateMirror","floor":50,"turns":4}],"seed_played":"-840977102296228684","potions_obtained":[{"floor":1,"key":"blueLaboratory:BottleOfVodka"},{"floor":14,"key":"blueLaboratory:PolymorphPotion"},{"floor":16,"key":"conspire:TimeTravelPotion"},{"floor":21,"key":"FairyPotion"},{"floor":24,"key":"Weak Potion"},{"floor":25,"key":"blueLaboratory:PhilterOfMotion"},{"floor":28,"key":"blueLaboratory:EpiphanyPotion"},{"floor":29,"key":"Block Potion"},{"floor":35,"key":"blueLaboratory:NullPotion"},{"floor":40,"key":"ColorlessPotion"}],"is_trial":false,"path_per_floor":["M","$","M","$","?","R","E","R","T","M","M","R","?","M","R","B",null,"M","?","AVR","M","$","R","E","M","T","?","M","E","?","M","R","B",null,"M","AVR","M","M","?","E","R","?","T","R","$","M","E","M","R","B",null],"character_chosen":"WATCHER","items_purchased":["LikeWater","ruina:CrimsonScar","reliquary:HotPoker","HandDrill"],"campfire_rested":2,"item_purchase_floors":[2,22,45,45],"current_hp_per_floor":[72,72,72,72,72,72,74,74,74,74,74,74,59,50,50,50,76,65,49,49,40,40,40,34,38,38,26,26,51,51,27,55,38,96,88,88,84,86,46,35,35,35,35,35,50,54,56,63,100,26],"gold":73,"neow_bonus":"THREE_ENEMY_KILL","is_daily":false,"chose_seed":false,"campfire_upgraded":7,"win_rate":0.0,"timestamp":1613810730,"path_taken":["M","?","M","$","?","R","E","R","T","M","M","R","?","?","R","BOSS","M","?","AVR","?","$","R","E","M","T","?","M","E","?","M","R","BOSS","M","AVR","M","M","?","E","R","?","T","R","$","M","E","M","R","BOSS"],"items_purchased_type":["Card","Card","Relic","Relic"],"build_version":"2020-12-18","purchased_purges":2,"victory":true,"max_hp_per_floor":[72,72,72,72,72,72,74,74,74,74,74,74,74,76,76,76,76,78,78,78,80,80,80,82,86,86,86,90,92,92,96,96,96,96,100,100,104,108,112,114,114,114,114,114,114,118,120,124,124,124],"relic_stats":{"Busted Crown":30,"Singing Bowl":52,"counters":[24,91],"Shuriken":[5],"Prayer Wheel":9,"StoneCalendar":[21],"MealTicket":15,"Black Star":4,"Juzu Bracelet":1,"HandDrill":[6],"obtain_stats":[{"Dota2Spire:EchoSabre":24,"Dota2Spire:MaskOfMadness":47,"Singing Bowl":7,"StoneCalendar":29,"Juzu Bracelet":24,"EVO:Axolotl":0,"Frozen Eye":31,"reliquary:HotPoker":45,"hubris:Icosahedron":42,"hubris:Stopwatch":17,"Prayer Wheel":20,"MealTicket":43,"Dota2Spire:DivineRapier":40,"HandDrill":45,"NeowsBlessing":0,"infinitespire:CursedDice":29,"reliquary:WeakTea":47,"conspire:GiftBox":39,"Busted Crown":34,"Shuriken":40,"hubris:TenFootPole":19,"Black Star":20,"halation:Convergence":36,"PureWater":0,"Unceasing Top":9},{"Dota2Spire:EchoSabre":10,"Dota2Spire:MaskOfMadness":22,"Singing Bowl":3,"StoneCalendar":13,"Juzu Bracelet":10,"EVO:Axolotl":0,"Frozen Eye":13,"reliquary:HotPoker":20,"hubris:Icosahedron":20,"hubris:Stopwatch":7,"Prayer Wheel":8,"MealTicket":20,"Dota2Spire:DivineRapier":20,"HandDrill":20,"NeowsBlessing":0,"infinitespire:CursedDice":13,"reliquary:WeakTea":22,"conspire:GiftBox":19,"Busted Crown":15,"Shuriken":20,"hubris:TenFootPole":8,"Black Star":8,"halation:Convergence":16,"PureWater":0,"Unceasing Top":3},{"Dota2Spire:EchoSabre":33,"Dota2Spire:MaskOfMadness":84,"Singing Bowl":4,"StoneCalendar":46,"Juzu Bracelet":33,"EVO:Axolotl":0,"Frozen Eye":46,"reliquary:HotPoker":80,"hubris:Icosahedron":80,"hubris:Stopwatch":19,"Prayer Wheel":24,"MealTicket":80,"Dota2Spire:DivineRapier":80,"HandDrill":80,"NeowsBlessing":0,"infinitespire:CursedDice":46,"reliquary:WeakTea":84,"conspire:GiftBox":73,"Busted Crown":59,"Shuriken":80,"hubris:TenFootPole":24,"Black Star":24,"halation:Convergence":63,"PureWater":0,"Unceasing Top":4}],"Unceasing Top":[37]},"card_choices":[{"not_picked":["PathToVictory","ThirdEye","Crescendo"],"picked":"SKIP","floor":1},{"not_picked":["Halt","FlyingSleeves"],"picked":"Tantrum","floor":3},{"not_picked":["Weave","ThirdEye","Collect"],"picked":"Singing Bowl","floor":7},{"not_picked":["WaveOfTheHand","CrushJoints"],"picked":"SandsOfTime","floor":10},{"not_picked":["Halt","EmptyFist"],"picked":"Judgement","floor":11},{"not_picked":["BowlingBash","Evaluate","Protect"],"picked":"Singing Bowl","floor":14},{"not_picked":["Judgement","Vault"],"picked":"DevaForm","floor":16},{"not_picked":["CutThroughFate+1","FollowUp+1","Evaluate"],"picked":"Singing Bowl","floor":18},{"not_picked":["Protect","CutThroughFate","WreathOfFlame"],"picked":"Singing Bowl","floor":21},{"not_picked":["Protect","Tantrum"],"picked":"WaveOfTheHand+1","floor":21},{"not_picked":["ClearTheMind","DeceiveReality","FlurryOfBlows"],"picked":"Singing Bowl","floor":24},{"not_picked":["ThirdEye","ReachHeaven","InnerPeace+1"],"picked":"Singing Bowl","floor":25},{"not_picked":["Evaluate","ThirdEye","Crescendo+1"],"picked":"Singing Bowl","floor":25},{"not_picked":["Establishment","Study+1","CrushJoints"],"picked":"Singing Bowl","floor":28},{"not_picked":["Pray","ClearTheMind","Vengeance"],"picked":"Singing Bowl","floor":28},{"not_picked":["FlurryOfBlows","Fasting2","PathToVictory"],"picked":"Singing Bowl","floor":29},{"not_picked":["LikeWater","BowlingBash","CrushJoints"],"picked":"Singing Bowl","floor":31},{"not_picked":["BattleHymn","FlyingSleeves","Halt"],"picked":"Singing Bowl","floor":31},{"not_picked":["MasterReality","Brilliance"],"picked":"Scrawl","floor":33},{"not_picked":["DeceiveReality"],"picked":"Singing Bowl","floor":35},{"not_picked":["Consecrate"],"picked":"Singing Bowl","floor":35},{"not_picked":["WaveOfTheHand"],"picked":"Singing Bowl","floor":37},{"not_picked":["Swivel"],"picked":"Singing Bowl","floor":37},{"not_picked":["Vengeance+1"],"picked":"Singing Bowl","floor":38},{"not_picked":["Consecrate+1"],"picked":"Singing Bowl","floor":38},{"not_picked":["Judgement"],"picked":"Singing Bowl","floor":39},{"not_picked":["Swivel"],"picked":"Singing Bowl","floor":39},{"not_picked":["Perseverance"],"picked":"Singing Bowl","floor":40},{"not_picked":["Vengeance+1"],"picked":"Singing Bowl","floor":46},{"not_picked":["Fasting2"],"picked":"Singing Bowl","floor":46},{"not_picked":["DeceiveReality"],"picked":"Singing Bowl","floor":47},{"not_picked":["Collect+1"],"picked":"Singing Bowl","floor":48},{"not_picked":["Swivel+1"],"picked":"Singing Bowl","floor":48}],"player_experience":500004,"relics_obtained":[{"floor":7,"key":"Singing Bowl"},{"floor":9,"key":"Unceasing Top"},{"floor":24,"key":"Dota2Spire:EchoSabre"},{"floor":24,"key":"Juzu Bracelet"},{"floor":29,"key":"infinitespire:CursedDice"},{"floor":29,"key":"StoneCalendar"},{"floor":39,"key":"conspire:GiftBox"},{"floor":40,"key":"Shuriken"},{"floor":40,"key":"Dota2Spire:DivineRapier"},{"floor":43,"key":"MealTicket"},{"floor":47,"key":"reliquary:WeakTea"},{"floor":47,"key":"Dota2Spire:MaskOfMadness"}],"event_choices":[{"damage_healed":0,"gold_gain":0,"player_choice":"Grow","damage_taken":0,"max_hp_gain":0,"max_hp_loss":0,"event_name":"Living Wall","floor":5,"gold_loss":0,"cards_upgraded":["Eruption"]},{"damage_healed":74,"gold_gain":0,"player_choice":"Upgrade","damage_taken":15,"max_hp_gain":0,"max_hp_loss":74,"event_name":"betterThird:BetterShining","floor":13,"gold_loss":0,"cards_upgraded":["Strike_P","Defend_P"]},{"damage_healed":0,"gold_gain":0,"player_choice":"RE ","damage_taken":19,"relics_obtained":["hubris:TenFootPole"],"max_hp_gain":0,"max_hp_loss":0,"event_name":"betterSkull:BetterSkull","floor":19,"gold_loss":0,"cards_upgraded":[]},{"damage_healed":0,"gold_gain":0,"player_choice":"Leave","damage_taken":0,"max_hp_gain":0,"max_hp_loss":0,"event_name":"conspire:Investor","floor":30,"gold_loss":0},{"damage_healed":0,"gold_gain":0,"player_choice":"Fight","damage_taken":0,"max_hp_gain":0,"max_hp_loss":0,"event_name":"Mysterious Sphere","floor":39,"gold_loss":0}],"is_beta":true,"boss_relics":[{"not_picked":["conspire:RunicOctahedron","reliquary:Ember"],"picked":"hubris:Stopwatch"},{"not_picked":["hubris:Backtick","Astrolabe"],"picked":"Busted Crown"}],"items_purged_floors":[20,36],"is_endless":false,"potions_floor_spawned":[1,14,16,21,24,25,28,29,35,40],"ascension_level":0}}