{"host":"309cd6jyiw3t7f6r","time":1613802079,"event":{"mods":["100% Spire Juice","ATMod(阿瑾Mod)","Act Like it!","Arknights","BaseMod","CapriCore","Downfall","Gensokyo","KinomotoSakuraMod(木之本?)","Koishi","KomeijiMod","Marisa（霧雨　魔理沙）","Minty Spire (QoL Compilation)","Prisma Mod","READ ME - Guardian Mod","Remilia（蕾米莉?）","RumiaBox-露米?的神秘盒子","StSLib","The Administrix","The Immortal","The Marked","Yakumo Yukari mod","Youmu（魂魄妖?）","noobMod","【角色mod】十八桐人","?留之物"],"gold_per_floor":[117,117,117,136,136,164,164,181,181,181,61,72,88,98,98,202,82,92,92,92,112,125,142,22,22,75,75,0,17,17,35,35,137,17,37,48,48,63,79,79,92,92,92,92,108,122,122,132,12,12],"floor_reached":51,"language":"ZHS","playtime":2708,"items_purged":["Shame"],"score":730,"play_id":"63ab34ed-7895-46bb-9214-006b909875ac","local_time":"20210220142119","is_ascension_mode":false,"campfire_choices":[{"data":"Moonworks:EvilSpyWorkPreparation","floor":7,"key":"SMITH"},{"data":"AT_FamilyPortrait","floor":10,"key":"SMITH"},{"floor":15,"key":"REST"},{"floor":27,"key":"REST"},{"floor":32,"key":"REST"},{"data":"Moonworks:MeltingMemories","floor":40,"key":"SMITH"},{"floor":44,"key":"REST"},{"data":"Moonworks:BigBangBell","floor":49,"key":"SMITH"}],"circlet_count":0,"master_deck":["Moonworks:Strike+1","Moonworks:Strike","Moonworks:Strike","Moonworks:Strike","Moonworks:Defend","Moonworks:Defend","Moonworks:Defend","Moonworks:Defend","Moonworks:Ambush","Moonworks:LongDistanceShot","Moonworks:EvilSpyWorkPreparation+1","AT_FamilyPortrait+1","Moonworks:SakisCookie","Moonworks:EvilSpyWorkPreparation+1","Moonworks:IndiscriminateFireSupport+1","Moonworks:SweetBattle","Moonworks:NicePresent","Moonworks:ImOnFire","Moonworks:Wanted","Moonworks:StarBlastingFuse","Moonworks:WindyEnchantment","Moonworks:ForcedRevival+1","Moonworks:MeltingMemories+1","CurseOfTheBell","Moonworks:ShieldCounter","Moonworks:LuckyCharm+1","Moonworks:EvilSpyWorkPreparation+1","Moonworks:EvilSpyWorkPreparation+1","Madness","Parasite","Moonworks:BigBangBell+1"],"relics":["Moonworks:BrokenBomb","Moonworks:Homemark","AT_ATBox","ice","Gensokyo:LunaticRedEyes","Singing Bowl","SoulBox","Regal Pillow","Gensokyo:ConquerorOfFear","Calling Bell","AT_BellDemon","Ornamental Fan","AT_GoldPhoenixTree","Toy Ornithopter"],"acts_visited":["Gensokyo:Gensokyo","Gensokyo:Gensokyoer","TheBeyond"],"potions_floor_usage":[16,16,50,50],"damage_taken":[{"damage":6,"enemies":"Gensokyo:Python","floor":1,"turns":3},{"damage":2,"enemies":"Gensokyo:Gryphon","floor":4,"turns":3},{"damage":20,"enemies":"Gensokyo:Cirno","floor":6,"turns":6},{"damage":6,"enemies":"Gensokyo:3_Fairies","floor":8,"turns":2},{"damage":6,"enemies":"Gensokyo:VengefulSpirit","floor":12,"turns":6},{"damage":19,"enemies":"Gensokyo:Python_and_Kodama","floor":13,"turns":4},{"damage":0,"enemies":"Gensokyo:3_Kodama","floor":14,"turns":2},{"damage":9,"enemies":"Gensokyo:Kokoro","floor":16,"turns":9},{"damage":37,"enemies":"Gensokyo:AngelMirror","floor":18,"turns":3},{"damage":6,"enemies":"Gensokyo:Chomper","floor":21,"turns":4},{"damage":1,"enemies":"Gensokyo:Monolith_and_Dog","floor":22,"turns":4},{"damage":2,"enemies":"Gensokyo:Slime_Group","floor":23,"turns":4},{"damage":28,"enemies":"Gensokyo:Wraith","floor":29,"turns":5},{"damage":0,"enemies":"Gensokyo:Chomper_and_Gloop","floor":31,"turns":2},{"damage":27,"enemies":"Gensokyo:Eiki","floor":33,"turns":7},{"damage":0,"enemies":"Orb Walker","floor":35,"turns":2},{"damage":7,"enemies":"3 Shapes","floor":36,"turns":3},{"damage":9,"enemies":"3 Darklings","floor":38,"turns":3},{"damage":6,"enemies":"Sphere and 2 Shapes","floor":39,"turns":4},{"damage":27,"enemies":"Writhing Mass","floor":41,"turns":5},{"damage":33,"enemies":"Transient","floor":45,"turns":5},{"damage":10,"enemies":"Sphere and 2 Shapes","floor":46,"turns":3},{"damage":0,"enemies":"Writhing Mass","floor":48,"turns":4},{"damage":4,"enemies":"Time Eater","floor":50,"turns":6}],"seed_played":"310073915903215104","potions_obtained":[{"floor":4,"key":"Strength Potion"},{"floor":6,"key":"FairyPotion"},{"floor":8,"key":"Strength Potion"},{"floor":21,"key":"Ancient Potion"},{"floor":31,"key":"SpeedPotion"},{"floor":33,"key":"Fire Potion"},{"floor":36,"key":"ExcitationPotion"},{"floor":45,"key":"PanachePotion"}],"is_trial":false,"path_per_floor":["M","COS","?","M","?","E","R","M","T","R","?","M","M","M","R","B",null,"M","$","?","M","M","M","?","?","T","R","$","M","?","M","R","B",null,"M","M","$","M","M","R","M","$","T","R","M","M","?","M","R","B",null],"character_chosen":"THE_STARBREAKER","items_purchased":[],"campfire_rested":4,"item_purchase_floors":[],"current_hp_per_floor":[54,54,54,54,54,34,34,28,28,28,28,22,3,3,21,54,62,27,27,27,25,38,38,38,38,38,77,77,49,49,59,92,71,97,99,92,92,83,77,77,56,56,56,106,77,70,70,102,102,112],"gold":12,"neow_bonus":"THREE_CARDS","is_daily":false,"chose_seed":false,"campfire_upgraded":4,"win_rate":0.0,"timestamp":1613802079,"path_taken":["M","COS","?","M","?","E","R","?","T","R","?","M","M","M","R","BOSS","M","$","?","M","?","M","?","?","T","R","?","M","?","M","R","BOSS","M","M","?","M","?","R","M","$","T","R","M","M","?","M","R","BOSS"],"items_purchased_type":[],"build_version":"2020-12-22","purchased_purges":1,"victory":true,"max_hp_per_floor":[60,60,60,60,60,60,60,60,60,60,60,60,60,60,60,62,62,68,68,68,74,78,82,82,82,82,82,82,90,90,92,92,97,97,99,104,104,106,111,111,118,118,118,118,124,129,129,130,130,139],"card_choices":[{"not_picked":["Moonworks:TacticalRetreat","Moonworks:NicePresent"],"picked":"Moonworks:EvilSpyWorkPreparation","floor":0},{"not_picked":["Moonworks:AngelHand","Moonworks:LulusLuckyEgg"],"picked":"Moonworks:SakisCookie","floor":1},{"not_picked":["Moonworks:LulusLuckyEgg","Moonworks:MixPhenomenon"],"picked":"Moonworks:EvilSpyWorkPreparation","floor":4},{"not_picked":["Moonworks:LulusLuckyEgg","Moonworks:EvilSpyWorkPreparation"],"picked":"Moonworks:IndiscriminateFireSupport","floor":6},{"not_picked":["Moonworks:BigMagnum","Moonworks:SakisCookie"],"picked":"Moonworks:SweetBattle","floor":8},{"not_picked":["Moonworks:JonathanRush","Moonworks:CloudOfSeagulls"],"picked":"Moonworks:NicePresent","floor":12},{"not_picked":["Moonworks:JonathanRush","Moonworks:DeployBits"],"picked":"Moonworks:ImOnFire","floor":13},{"not_picked":["Moonworks:IndiscriminateFireSupport","Moonworks:Dinner"],"picked":"Moonworks:Wanted","floor":14},{"not_picked":["Moonworks:WeAreWaruda","Moonworks:EvilMastermind"],"picked":"Moonworks:StarBlastingFuse","floor":16},{"not_picked":["Moonworks:Assault","Moonworks:x16BigRocket","Moonworks:UnpaidWork"],"picked":"Singing Bowl","floor":18},{"not_picked":["Moonworks:EvilSpyWorkPreparation","Moonworks:SelfDestruct","Moonworks:JonathanRush"],"picked":"Singing Bowl","floor":21},{"not_picked":["Moonworks:MixPhenomenon+1","Moonworks:Assault","Moonworks:MiracleWalker"],"picked":"Singing Bowl","floor":22},{"not_picked":["Moonworks:RagingMadness","Moonworks:IndiscriminateFireSupport+1","Moonworks:StiffCrystal"],"picked":"Singing Bowl","floor":23},{"not_picked":["Moonworks:ExtendedPhotonRifle","Moonworks:DeployBits"],"picked":"Moonworks:ForcedRevival+1","floor":29},{"not_picked":["Moonworks:ForcedRevival","Moonworks:DeployBits","Moonworks:SelfDestruct"],"picked":"Singing Bowl","floor":31},{"not_picked":["Moonworks:SinkOrSwim","Moonworks:FinalBattle"],"picked":"Moonworks:MeltingMemories","floor":33},{"not_picked":["Moonworks:Poppoformation","Moonworks:BeyondHell+1","Moonworks:BigMagnum"],"picked":"Singing Bowl","floor":35},{"not_picked":["Moonworks:IndiscriminateFireSupport","Moonworks:SakisCookie"],"picked":"Moonworks:ShieldCounter","floor":36},{"not_picked":["Moonworks:SelfDestruct","Moonworks:TreasureThief+1"],"picked":"Moonworks:LuckyCharm+1","floor":38},{"not_picked":["Moonworks:SakisCookie","Moonworks:Assault"],"picked":"Moonworks:EvilSpyWorkPreparation+1","floor":39},{"not_picked":["Moonworks:Assault+1","Moonworks:LulusLuckyEgg+1","Moonworks:DeployBits"],"picked":"Singing Bowl","floor":41},{"not_picked":["Moonworks:LuckyCharm+1","Moonworks:SinkOrSwim","Moonworks:AwakeningOfTalent+1"],"picked":"Singing Bowl","floor":45},{"not_picked":["Moonworks:LulusLuckyEgg+1","Moonworks:MixPhenomenon+1"],"picked":"Moonworks:EvilSpyWorkPreparation+1","floor":46},{"not_picked":["Dark Shackles","AT_EmpoweredMortalDraw"],"picked":"Madness","floor":47},{"not_picked":["Moonworks:ImOnFire+1","Moonworks:CookingTime+1"],"picked":"Moonworks:BigBangBell","floor":48}],"player_experience":299248,"relics_obtained":[{"floor":9,"key":"Singing Bowl"},{"floor":26,"key":"Regal Pillow"},{"floor":31,"key":"Gensokyo:ConquerorOfFear"},{"floor":34,"key":"AT_BellDemon"},{"floor":34,"key":"Ornamental Fan"},{"floor":34,"key":"AT_GoldPhoenixTree"},{"floor":43,"key":"Toy Ornithopter"}],"event_choices":[{"damage_healed":0,"gold_gain":0,"player_choice":"Memory 1","damage_taken":0,"max_hp_gain":0,"max_hp_loss":0,"event_name":"SensoryStone","floor":47,"gold_loss":0}],"is_beta":false,"boss_relics":[{"not_picked":["Sozu","SlaversCollar"],"picked":"SoulBox"},{"not_picked":["Empty Cage","Pandora\u0027s Box"],"picked":"Calling Bell"}],"items_purged_floors":[28],"is_endless":false,"potions_floor_spawned":[4,6,8,12,14,21,31,33,36,45,46],"ascension_level":0}}