{"host":"6rz02yiipefhcw4r","time":1613803725,"event":{"mods":["2.2 Compatiblity","BaseMod","Block Reminder","Colored Map","Curses Come First","DeckTracker","Googly Eyes","Minty Spire (QoL Compilation)","Quick Restart","Rare Cards Sparkle","StSLib"],"gold_per_floor":[133,187,262,272,31,31,85,85,159,202,202,202,202,202,202,202,202],"floor_reached":16,"language":"ENG","playtime":402,"items_purged":["Shame"],"score":196,"play_id":"d183d57c-bed1-4bfd-b224-80312a688545","local_time":"20210220044845","is_ascension_mode":true,"campfire_choices":[{"data":"HandOfGreed","floor":6,"key":"SMITH"},{"floor":8,"key":"REST"},{"data":"Neutralize","floor":11,"key":"SMITH"},{"data":"Predator","floor":13,"key":"SMITH"},{"floor":15,"key":"REST"}],"circlet_count":0,"master_deck":["AscendersBane","Strike_G","Strike_G","Strike_G","Strike_G","Strike_G","Defend_G","Defend_G","Defend_G","Defend_G","Defend_G","Survivor","Neutralize+1","HandOfGreed+1","PiercingWail","Cloak And Dagger","Predator+1","Cloak And Dagger"],"relics":["Ring of the Snake","TwistedFunnel","Lantern","The Courier","WingedGreaves"],"acts_visited":["Exordium"],"potions_floor_usage":[7],"damage_taken":[{"damage":4,"enemies":"Small Slimes","floor":1,"turns":3},{"damage":0,"enemies":"2 Louse","floor":2,"turns":3},{"damage":1,"enemies":"Cultist","floor":4,"turns":3},{"damage":30,"enemies":"Lagavulin","floor":7,"turns":6},{"damage":3,"enemies":"Looter","floor":10,"turns":4},{"damage":25,"enemies":"Hexaghost","floor":16,"turns":11}],"seed_played":"-6888350586347075770","potions_obtained":[{"floor":2,"key":"ColorlessPotion"}],"is_trial":false,"path_per_floor":["M","M","?","M","$","R","E","R","T","M","R","?","R","?","R","B"],"character_chosen":"THE_SILENT","items_purchased":["TwistedFunnel"],"campfire_rested":2,"item_purchase_floors":[5],"current_hp_per_floor":[55,55,44,43,43,43,13,32,32,29,29,29,29,3,22,0,0],"gold":202,"neow_bonus":"RANDOM_COLORLESS_2","is_daily":false,"chose_seed":false,"campfire_upgraded":3,"win_rate":0.0,"timestamp":1613803725,"path_taken":["M","M","?","M","$","R","E","R","T","M","R","?","R","?","R","BOSS"],"items_purchased_type":["Relic"],"build_version":"2020-12-22","purchased_purges":1,"victory":false,"max_hp_per_floor":[66,66,66,66,66,66,66,66,66,66,66,66,66,66,66,66,66],"card_choices":[{"not_picked":["Chrysalis","Secret Weapon"],"picked":"HandOfGreed","floor":0},{"not_picked":["Blade Dance","Cloak And Dagger"],"picked":"PiercingWail","floor":1},{"not_picked":["Flechettes","Acrobatics"],"picked":"Cloak And Dagger","floor":2},{"not_picked":["Bane","Escape Plan","Skewer"],"picked":"SKIP","floor":4},{"not_picked":["Phantasmal Killer","Distraction"],"picked":"Predator","floor":7},{"not_picked":["Bane","Deflect"],"picked":"Cloak And Dagger","floor":10}],"player_experience":812766,"relics_obtained":[{"floor":7,"key":"Lantern"},{"floor":9,"key":"The Courier"}],"event_choices":[{"damage_healed":0,"gold_gain":75,"player_choice":"Gather Gold","damage_taken":11,"max_hp_gain":0,"max_hp_loss":0,"event_name":"World of Goop","floor":3,"gold_loss":0},{"damage_healed":0,"gold_gain":0,"player_choice":"Searched \u00270\u0027 times","damage_taken":0,"max_hp_gain":0,"max_hp_loss":0,"event_name":"Dead Adventurer","floor":12,"gold_loss":0},{"damage_healed":0,"gold_gain":0,"player_choice":"Success","damage_taken":26,"relics_obtained":["WingedGreaves"],"max_hp_gain":0,"max_hp_loss":0,"event_name":"Scrap Ooze","floor":14,"gold_loss":0}],"is_beta":false,"boss_relics":[],"items_purged_floors":[5],"is_endless":false,"potions_floor_spawned":[2],"killed_by":"Hexaghost","ascension_level":20}}