{"host":"f9ntswufr8mq3t4y","time":1613848974,"event":{"mods":["AchievementEnabler","BaseMod","Best Route Mod","Block Reminder","Colored Map","Colored Powertips","Curses Come First","DeckTracker","Displayed Cursed Tome","Highlight Path","Minty Spire (QoL Compilation)","Permanent Neow","Quick Restart","Slay-I","StSLib"],"gold_per_floor":[15,34,50,50,50,50,80,100,178,178,178],"floor_reached":10,"language":"ENG","playtime":595,"items_purged":[],"score":85,"play_id":"001c8cbe-4c67-43ce-9163-63af8142a4e4","local_time":"20210220222254","is_ascension_mode":true,"campfire_choices":[{"data":"Eruption","floor":6,"key":"SMITH"}],"circlet_count":0,"master_deck":["Strike_P","Strike_P","Strike_P","Defend_P","Defend_P","Defend_P","Defend_P","Eruption+1","Vigilance","Consecrate","Meditate","CrushJoints","LikeWater"],"relics":["PureWater","Ginger","Thread and Needle","PreservedInsect","Molten Egg 2"],"acts_visited":["Exordium"],"potions_floor_usage":[],"damage_taken":[{"damage":10,"enemies":"Jaw Worm","floor":1,"turns":8},{"damage":0,"enemies":"Small Slimes","floor":2,"turns":2},{"damage":8,"enemies":"2 Louse","floor":3,"turns":2},{"damage":12,"enemies":"Lagavulin","floor":7,"turns":5},{"damage":0,"enemies":"Large Slime","floor":8,"turns":5},{"damage":2,"enemies":"Gremlin Nob","floor":10,"turns":4}],"seed_played":"-2434107307075583119","potions_obtained":[{"floor":8,"key":"CultistPotion"}],"is_trial":false,"path_per_floor":["M","M","M","?","?","R","E","M","T","E"],"character_chosen":"WATCHER","items_purchased":[],"campfire_rested":0,"item_purchase_floors":[],"current_hp_per_floor":[62,62,54,47,40,40,28,28,28,26,26],"gold":178,"neow_bonus":"ONE_RARE_RELIC","is_daily":false,"chose_seed":false,"campfire_upgraded":1,"win_rate":0.0,"timestamp":1613848974,"path_taken":["M","M","M","?","?","R","E","M","T","E"],"items_purchased_type":[],"build_version":"2020-12-22","purchased_purges":0,"victory":false,"max_hp_per_floor":[72,72,72,72,72,72,72,72,72,72,72],"card_choices":[{"not_picked":["SashWhip","Pray"],"picked":"Consecrate","floor":1},{"not_picked":["Crescendo","FollowUp"],"picked":"Meditate","floor":2},{"not_picked":["JustLucky","Evaluate"],"picked":"CrushJoints","floor":3},{"not_picked":["JustLucky","Perseverance"],"picked":"LikeWater","floor":7},{"not_picked":["Nirvana","Crescendo","EmptyFist"],"picked":"SKIP","floor":8}],"player_experience":454194,"relics_obtained":[{"floor":7,"key":"PreservedInsect"},{"floor":9,"key":"Molten Egg 2"}],"event_choices":[{"cards_removed":["Strike_P"],"damage_healed":0,"gold_gain":0,"player_choice":"Card Removal","damage_taken":7,"max_hp_gain":0,"max_hp_loss":0,"event_name":"Golden Wing","floor":4,"gold_loss":0},{"damage_healed":0,"gold_gain":0,"player_choice":"Success","damage_taken":7,"relics_obtained":["Thread and Needle"],"max_hp_gain":0,"max_hp_loss":0,"event_name":"Scrap Ooze","floor":5,"gold_loss":0}],"is_beta":false,"boss_relics":[],"items_purged_floors":[],"is_endless":false,"potions_floor_spawned":[8],"killed_by":"Gremlin Nob","ascension_level":5}}