{"host":"8u1cu4kisw6g21am","time":1613791194,"event":{"mods":["AchievementEnabler","BaseMod","Bestiary","Better Note","BetterRewards","Marked Mod","Minty Spire (QoL Compilation)","Quick Restart","Shop Mod","Spicy Shops","StSLib"],"gold_per_floor":[109,121,121,121,137,172,172,172,172,137,155,172,172,188,188,287,287,301,145,158,174,449,449,449],"floor_reached":23,"language":"ENG","playtime":2780,"items_purged":[],"score":308,"play_id":"e8ad88a9-7044-4d95-9f8a-bc67167c8bee","local_time":"20210219221954","is_ascension_mode":true,"campfire_choices":[{"data":"Eruption","floor":7.0,"key":"SMITH"},{"floor":13.0,"key":"REST"},{"data":"Worship","floor":15.0,"key":"SMITH"}],"circlet_count":0,"master_deck":["Strike_P","Strike_P","Strike_P","Strike_P","Defend_P","Defend_P","Defend_P","Eruption+1","Vigilance","JustLucky","LikeWater","EmptyFist","Worship+1","CutThroughFate","Vault","CrushJoints+1","FlurryOfBlows"],"relics":["PureWater","Omamori","Medical Kit","GoldenEye","Bottled Flame","Gremlin Horn","VioletLotus","ClockworkSouvenir"],"acts_visited":["Exordium","TheCity"],"potions_floor_usage":[23,23,23],"damage_taken":[{"damage":0.0,"enemies":"Small Slimes","floor":1.0,"turns":2.0},{"damage":0.0,"enemies":"Jaw Worm","floor":2.0,"turns":3.0},{"damage":0.0,"enemies":"2 Louse","floor":5.0,"turns":2.0},{"damage":26.0,"enemies":"Gremlin Nob","floor":6.0,"turns":3.0},{"damage":8.0,"enemies":"2 Fungi Beasts","floor":11.0,"turns":2.0},{"damage":0.0,"enemies":"Looter","floor":12.0,"turns":4.0},{"damage":0.0,"enemies":"Large Slime","floor":14.0,"turns":2.0},{"damage":53.0,"enemies":"Hexaghost","floor":16.0,"turns":7.0},{"damage":3.0,"enemies":"2 Thieves","floor":18.0,"turns":4.0},{"damage":3.0,"enemies":"Chosen","floor":20.0,"turns":5.0},{"damage":21.0,"enemies":"Snake Plant","floor":21.0,"turns":4.0},{"damage":61,"enemies":"Book of Stabbing","floor":23,"turns":6}],"seed_played":"69948046064878912","potions_obtained":[{"floor":1.0,"key":"Strength Potion"},{"floor":2.0,"key":"Fire Potion"},{"floor":14.0,"key":"SkillPotion"},{"floor":20.0,"key":"EntropicBrew"}],"is_trial":false,"path_per_floor":["M","M","?","?","M","E","R","?","T","?","M","M","R","M","R","B",null,"M","$","M","M","?","E"],"character_chosen":"WATCHER","items_purchased":["Omamori","Fruit Juice","Medical Kit","ClockworkSouvenir"],"campfire_rested":1,"item_purchase_floors":[0,0,0,19],"current_hp_per_floor":[56,56,61,61,61,35,35,35,35,56,48,48,73,73,73,20,84,81,81,78,57,57,0,0],"gold":449,"neow_bonus":"","is_daily":false,"chose_seed":false,"campfire_upgraded":2,"win_rate":0.0,"timestamp":1613791194,"path_taken":["M","M","?","?","M","E","R","?","T","?","M","M","R","M","R","BOSS","M","$","M","M","?","E"],"items_purchased_type":["Relic","Potion","Relic","Relic"],"build_version":"2020-12-22","purchased_purges":0,"victory":false,"max_hp_per_floor":[79,79,84,84,84,84,84,84,84,84,84,84,84,84,84,84,84,84,84,84,84,84,84,84],"card_choices":[{"not_picked":["WreathOfFlame","DeceiveReality","Conclude"],"picked":"SKIP","floor":1.0},{"not_picked":["Fasting2","Sanctity"],"picked":"JustLucky","floor":2.0},{"not_picked":["Evaluate","Sanctity"],"picked":"EmptyFist","floor":5.0},{"not_picked":["CarveReality","Swivel","LikeWater"],"picked":"SKIP","floor":6.0},{"not_picked":["Evaluate","Protect","PathToVictory"],"picked":"SKIP","floor":11.0},{"not_picked":["Sanctity","EmptyBody"],"picked":"Worship","floor":12.0},{"not_picked":["Crescendo","Swivel"],"picked":"CutThroughFate","floor":14.0},{"not_picked":["MarkedMod:NorthStar","DeusExMachina"],"picked":"Vault","floor":16.0},{"not_picked":["Evaluate","ThirdEye+1"],"picked":"CrushJoints+1","floor":18.0},{"not_picked":["Tantrum","MarkedMod:GentlePulse+1","ClearTheMind"],"picked":"SKIP","floor":20.0},{"not_picked":["MarkedMod:FirstStrike+1","DeceiveReality"],"picked":"FlurryOfBlows","floor":21}],"player_experience":310867,"relics_obtained":[{"floor":6.0,"key":"Bottled Flame"},{"floor":9.0,"key":"Gremlin Horn"}],"event_choices":[{"damage_healed":0.0,"max_hp_gain":5.0,"max_hp_loss":0.0,"gold_gain":0.0,"event_name":"Big Fish","player_choice":"Donut","floor":3.0,"gold_loss":0.0,"damage_taken":0.0},{"damage_healed":0.0,"max_hp_gain":0.0,"max_hp_loss":0.0,"gold_gain":0.0,"cards_transformed":["Defend_P"],"event_name":"Living Wall","player_choice":"Change","floor":4.0,"gold_loss":0.0,"damage_taken":0.0,"cards_obtained":["LikeWater"]},{"damage_healed":0.0,"max_hp_gain":0.0,"max_hp_loss":0.0,"gold_gain":0.0,"event_name":"Golden Wing","player_choice":"Ignored","floor":8.0,"gold_loss":0.0,"damage_taken":0.0},{"damage_healed":21.0,"max_hp_gain":0.0,"max_hp_loss":0.0,"gold_gain":0.0,"event_name":"The Cleric","player_choice":"Healed","floor":10.0,"gold_loss":35.0,"damage_taken":0.0},{"damage_healed":0,"gold_gain":275,"player_choice":"Desecrate","damage_taken":0,"max_hp_gain":0,"max_hp_loss":0,"event_name":"Golden Shrine","floor":22,"gold_loss":0,"cards_obtained":["Regret"]}],"is_beta":false,"boss_relics":[{"not_picked":["SlaversCollar","Philosopher\u0027s Stone"],"picked":"VioletLotus"}],"items_purged_floors":[],"is_endless":false,"potions_floor_spawned":[1,2,14,20],"killed_by":"Book of Stabbing","ascension_level":1}}