{"host":"5sw3zovcv0q4yiho","time":1613813517,"event":{"mods":["BaseMod","Minty Spire (QoL Compilation)","Replay The Spire","StSLib"],"gold_per_floor":[118,72,83,97,97,128,146,146,172,187,205,216,236,254,254,358,358,377,391,159,177,177,203,215,215,241,259,107,107,107],"floor_reached":29,"language":"ENG","playtime":3792,"items_purged":["Strike_R","Strike_R"],"score":253,"play_id":"ba28edbc-96fe-41ee-8b39-a7eee6c68fbd","local_time":"20210220033157","is_ascension_mode":false,"campfire_choices":[{"floor":15,"key":"RECALL"},{"floor":25,"key":"REST"}],"circlet_count":0,"master_deck":["Strike_R","Strike_R","Strike_R","Defend_R","Defend_R","Defend_R","Defend_R","Bash","ReplayTheSpireMod:Stacked","Iron Wave","Pommel Strike","Cleave","Thunderclap","Metallicize","Clash","Demon Form","Barricade","Massacre+1","Sword Boomerang+1","Armaments+1","Flex+1"],"relics":["Burning Blood","Torii","Replay:Mystery Machine","Ring of Chaos","Lee\u0027s Waffle","PreservedInsect","Juzu Bracelet"],"acts_visited":["Exordium","TheCity"],"potions_floor_usage":[14,16,18,21,27],"damage_taken":[{"damage":2,"enemies":"2 Louse","floor":1,"turns":4},{"damage":1,"enemies":"Small Slimes","floor":3,"turns":3},{"damage":2,"enemies":"Jaw Worm","floor":4,"turns":4},{"damage":35,"enemies":"Lagavulin","floor":6,"turns":10},{"damage":7,"enemies":"2 Fungi Beasts","floor":7,"turns":3},{"damage":11,"enemies":"Exordium Thugs","floor":10,"turns":3},{"damage":1,"enemies":"Looter","floor":11,"turns":3},{"damage":1,"enemies":"3 Louse","floor":12,"turns":3},{"damage":1,"enemies":"2 Fungi Beasts","floor":13,"turns":3},{"damage":2,"enemies":"Looter","floor":14,"turns":3},{"damage":13,"enemies":"Fading Forest","floor":16,"turns":11},{"damage":11,"enemies":"3 Byrds","floor":18,"turns":4},{"damage":39,"enemies":"Spheric Guardian","floor":19,"turns":10},{"damage":20,"enemies":"Centurion and Healer","floor":21,"turns":3},{"damage":63,"enemies":"Gremlin Leader","floor":23,"turns":7},{"damage":7,"enemies":"Cultist and Chosen","floor":24,"turns":6},{"damage":23,"enemies":"Snake Plant","floor":27,"turns":4},{"damage":35,"enemies":"Book of Stabbing","floor":29,"turns":5}],"seed_played":"780935890295263505","potions_obtained":[{"floor":1,"key":"BlessingOfTheForge"},{"floor":4,"key":"Elixir"},{"floor":7,"key":"SkillPotion"},{"floor":10,"key":"Toxic Potion"},{"floor":14,"key":"BloodPotion"},{"floor":16,"key":"LiquidBronze"},{"floor":23,"key":"Venom Potion"},{"floor":27,"key":"Milkshake"}],"is_trial":false,"path_per_floor":["M","?","M","M","?","E","M","?","T","M","M","M","M","M","R","B",null,"M","M","$","M","?","E","M","R","T","M","$","E"],"character_chosen":"IRONCLAD","items_purchased":["Lee\u0027s Waffle","Energy Potion"],"campfire_rested":1,"item_purchase_floors":[20,28],"current_hp_per_floor":[60,60,65,69,74,45,44,44,44,39,44,49,54,75,75,78,85,80,47,92,78,78,21,20,47,47,30,30,0,0],"gold":107,"neow_bonus":"ONE_RARE_RELIC","is_daily":false,"chose_seed":false,"campfire_upgraded":0,"win_rate":0.0,"timestamp":1613813517,"path_taken":["M","?","M","M","?","E","M","?","T","M","?","M","M","M","R","BOSS","M","M","$","M","?","E","M","R","T","M","$","E"],"items_purchased_type":["Relic","Potion"],"build_version":"2020-12-22","purchased_purges":2,"victory":false,"max_hp_per_floor":[80,80,80,80,85,85,85,85,85,85,85,85,85,85,85,85,85,85,85,92,92,92,92,92,92,92,92,92,92,92],"card_choices":[{"not_picked":["Fire Breathing","Massacre"],"picked":"ReplayTheSpireMod:Stacked","floor":1},{"not_picked":["Bloodletting","Headbutt"],"picked":"Iron Wave","floor":3},{"not_picked":["Combust","Bloodletting"],"picked":"Pommel Strike","floor":4},{"not_picked":["Anger","Havoc"],"picked":"Cleave","floor":6},{"not_picked":["Replay:Many Hands","Warcry"],"picked":"Thunderclap","floor":7},{"not_picked":["Abandon","Clash"],"picked":"Metallicize","floor":10},{"not_picked":["Rupture","Dual Wield","Hemokinesis"],"picked":"SKIP","floor":11},{"not_picked":["True Grit","Dark Embrace"],"picked":"Clash","floor":12},{"not_picked":["Body Slam","ReplayTheSpireMod:Muscle Training"],"picked":"Demon Form","floor":13},{"not_picked":["ReplayTheSpireMod:Strike From Hell","Warcry","Hemokinesis"],"picked":"SKIP","floor":14},{"not_picked":["Corruption","Hemogenesis"],"picked":"Barricade","floor":16},{"not_picked":["Twin Strike","True Grit+1"],"picked":"Massacre+1","floor":18},{"not_picked":["Sentinel","Whirlwind+1"],"picked":"Sword Boomerang+1","floor":19},{"not_picked":["Sword Boomerang","Whirlwind","Reckless Charge"],"picked":"SKIP","floor":21},{"not_picked":["Hemokinesis+1","Havoc","Uppercut+1"],"picked":"SKIP","floor":23},{"not_picked":["Headbutt+1","Run Through"],"picked":"Armaments+1","floor":24},{"not_picked":["Defy Death","Perfected Strike"],"picked":"Flex+1","floor":27}],"player_experience":268037,"relics_obtained":[{"floor":6,"key":"Replay:Mystery Machine"},{"floor":23,"key":"PreservedInsect"},{"floor":26,"key":"Juzu Bracelet"}],"event_choices":[{"damage_healed":0,"gold_gain":0,"player_choice":"Left Gold","damage_taken":0,"max_hp_gain":0,"max_hp_loss":0,"event_name":"World of Goop","floor":2,"gold_loss":46},{"damage_healed":0,"gold_gain":0,"player_choice":"Donut","damage_taken":0,"max_hp_gain":5,"max_hp_loss":0,"event_name":"Big Fish","floor":5,"gold_loss":0},{"damage_healed":0,"gold_gain":0,"player_choice":"Ignored","damage_taken":0,"max_hp_gain":0,"max_hp_loss":0,"event_name":"Vampires","floor":22,"gold_loss":0}],"is_beta":false,"boss_relics":[{"not_picked":["Coffee Dripper","Replay:Grab Bag"],"picked":"Ring of Chaos"}],"items_purged_floors":[20,28],"is_endless":false,"potions_floor_spawned":[1,4,7,10,14,16,19,23,27],"killed_by":"Book of Stabbing","ascension_level":0}}