{"host":"tnuwi4l1p9i8nc6x","time":1613823023,"event":{"mods":["BaseMod","BetterRewards","Colored Map","Downfall","Friendly Minions","Hermit","Hubris","Infinite Spire","Marisa????????","Minty Spire (QoL Compilation)","Remilia??????","Replay The Spire","Shop Mod","StSLib","The Bug Knight","The Construct","The Cursed","The Disciple","The Jungle","The Necromancer","The Runesmith","The Senshi","The Servant 0.9.4"],"gold_per_floor":[99,119,119,44,44,54,54,4,23,23,37,37,37,49,63,161,161,161,161],"floor_reached":17,"language":"ENG","playtime":1001,"items_purged":[],"score":147,"play_id":"a1dea594-c80e-43e6-9ece-c028e3664837","local_time":"20210220071023","is_ascension_mode":false,"campfire_choices":[{"data":"Slimebound:Split","floor":1,"key":"SMITH"},{"data":"Slimebound:CorrosiveSpit","floor":8,"key":"SMITH"},{"data":"Slimebound:GoopSpray","floor":10,"key":"SMITH"},{"data":"Slimebound:ItLooksTasty","floor":12,"key":"SMITH"}],"circlet_count":0,"master_deck":["Slimebound:Strike_Slimebound","Slimebound:Strike_Slimebound","Slimebound:Strike_Slimebound","Slimebound:Defend_Slimebound","Slimebound:Defend_Slimebound","Slimebound:Defend_Slimebound","Slimebound:Split+1","Slimebound:CorrosiveSpit+1","Slimebound:LivingWall","Slimebound:SamplingLick","Slimebound:GoopSpray+1","Slimebound:ItLooksTasty+1","Slimebound:HauntingLick","Slimebound:ItLooksTasty","Slimebound:MassRepurpose"],"relics":["Slimebound:AbsorbEndCombat","Slimebound:GreedOozeRelic","infinitespire:FocusingShard","Replay:Bronze Core"],"acts_visited":["Exordium","TheCity"],"potions_floor_usage":[],"damage_taken":[{"damage":6,"enemies":"2 Louse","floor":2,"turns":2},{"damage":0,"enemies":"Cultist","floor":6,"turns":3},{"damage":0,"enemies":"Small Slimes","floor":9,"turns":3},{"damage":2,"enemies":"downfall:LooterAlt","floor":11,"turns":3},{"damage":3,"enemies":"Exordium Thugs","floor":14,"turns":3},{"damage":0,"enemies":"Blue Slaver","floor":15,"turns":2},{"damage":20,"enemies":"WA_ARCHETYPE_RETAIN","floor":16,"turns":9}],"seed_played":"7156188877239048239","potions_obtained":[{"floor":2,"key":"Adrenaline Potion"},{"floor":14,"key":"Dexterity Potion"},{"floor":16,"key":"SmokeBomb"}],"is_trial":false,"path_per_floor":["R","M","?","?","?","M","T","R","M","R","M","R","?","M","M","B",null],"character_chosen":"SLIMEBOUND","items_purchased":[],"campfire_rested":0,"item_purchase_floors":[],"current_hp_per_floor":[71,67,67,67,67,71,71,71,71,71,71,71,71,71,71,51,71,71,71],"gold":161,"neow_bonus":"TEN_PERCENT_HP_BONUS","is_daily":false,"chose_seed":false,"campfire_upgraded":4,"win_rate":0.0,"timestamp":1613823023,"path_taken":["R","M","?","?","?","M","T","R","M","R","?","R","?","?","M","BOSS"],"items_purchased_type":[],"build_version":"2020-12-22","purchased_purges":0,"victory":false,"max_hp_per_floor":[71,71,71,71,71,71,71,71,71,71,71,71,71,71,71,71,71,71,71],"card_choices":[{"not_picked":["Slimebound:ComboTackle","Slimebound:BestDefense"],"picked":"Slimebound:LivingWall","floor":2},{"not_picked":["Slimebound:Prepare","Slimebound:SplitBruiser"],"picked":"Slimebound:SamplingLick","floor":6},{"not_picked":["Slimebound:WasteNot","Slimebound:SplitBruiser"],"picked":"Slimebound:GoopSpray","floor":9},{"not_picked":["Slimebound:RollThrough","Slimebound:Gluttony"],"picked":"Slimebound:ItLooksTasty","floor":11},{"not_picked":["Slimebound:SplitMire","Slimebound:ComboTackle"],"picked":"Slimebound:HauntingLick","floor":14},{"not_picked":["Slimebound:RainOfGoop","Slimebound:SplitLeeching"],"picked":"Slimebound:ItLooksTasty","floor":15},{"not_picked":["Slimebound:SlimeSlap","Slimebound:OneTwoCombo"],"picked":"Slimebound:MassRepurpose","floor":16}],"player_experience":669369,"relics_obtained":[{"floor":7,"key":"infinitespire:FocusingShard"}],"event_choices":[{"cards_removed":["Slimebound:Tackle"],"damage_healed":0,"gold_gain":0,"player_choice":"Offered Basic","damage_taken":0,"max_hp_gain":0,"max_hp_loss":0,"event_name":"Bonfire Elementals","floor":5,"gold_loss":0}],"is_beta":false,"boss_relics":[{"not_picked":["Tiny House","hubris:Backtick"],"picked":"Replay:Bronze Core"}],"items_purged_floors":[],"is_endless":false,"potions_floor_spawned":[2,14,16],"ascension_level":0}}