{"host":"2qyxu97h6u4ukicb","time":1613786810,"event":{"mods":["AchievementEnabler","BaseMod","BetterRewards","Colored Map","Colored Powertips","Minty Spire (QoL Compilation)","Replay The Spire","Shop Mod","StSLib"],"gold_per_floor":[113,123,298,298,298,298,315,315,368,368,378,404,404,414,414,518,518,532,532,532,549,549,549,559,559,606,606,617,556,574,586,586,682,682,692,1042,952,963,978,978,990,990,990,1290,1324,1337,1350,1370,1370,1370,1370],"floor_reached":50,"language":"ENG","playtime":6283,"items_purged":[],"score":701,"play_id":"b1473cd9-a18b-4c8e-b9be-c2f76332e385","local_time":"20210219200650","is_ascension_mode":false,"campfire_choices":[{"data":"Twin Strike","floor":6,"key":"SMITH"},{"data":"Cleave","floor":13,"key":"SMITH"},{"floor":15,"key":"REST"},{"data":"ReplayUltimateDefense","floor":23,"key":"SMITH"},{"data":"Flex","floor":25,"key":"SMITH"},{"floor":27,"key":"REST"},{"data":"Limit Break","floor":32,"key":"SMITH"},{"data":"Demon Form","floor":40,"key":"SMITH"},{"floor":42,"key":"RECALL"},{"floor":49,"key":"REST"}],"circlet_count":0,"master_deck":["Strike_R","Strike_R","Strike_R","Strike_R","Strike_R","Defend_R","Defend_R","Defend_R","Defend_R","Bash","ReplayUltimateDefense+1","Twin Strike+1","Thunderclap","Doubt","Cleave+1","Flex+1","Limit Break+1","Run Through","Run Through+1","Demon Form+1","Parasite","Uppercut+1"],"relics":["Burning Blood","Ice Cream","ReplayTheSpireMod:ShopPack","CaptainsWheel","WarpedTongs","Pen Nib","Philosopher\u0027s Stone","Nilry\u0027s Codex","Mummified Hand","ReplayTheSpireMod:Lightbulb","Durian","Old Coin","Paper Frog","Counterbalance"],"acts_visited":["Exordium","TheCity","TheBeyond"],"potions_floor_usage":[1,1,2,12,16,28,33,46,47,50],"damage_taken":[{"damage":13,"enemies":"Jaw Worm","floor":1,"turns":3},{"damage":5,"enemies":"2 Louse","floor":2,"turns":3},{"damage":6,"enemies":"Cultist","floor":7,"turns":3},{"damage":8,"enemies":"2 Fungi Beasts","floor":11,"turns":4},{"damage":33,"enemies":"Lagavulin","floor":12,"turns":6},{"damage":8,"enemies":"3 Louse","floor":14,"turns":2},{"damage":91,"enemies":"Hexaghost","floor":16,"turns":10},{"damage":4,"enemies":"Shell Parasite","floor":18,"turns":4},{"damage":4,"enemies":"Chosen","floor":21,"turns":4},{"damage":25,"enemies":"Centurion and Healer","floor":24,"turns":5},{"damage":15,"enemies":"Snecko","floor":28,"turns":3},{"damage":15,"enemies":"Cultist and Chosen","floor":30,"turns":5},{"damage":16,"enemies":"Chosen and Byrds","floor":31,"turns":6},{"damage":42,"enemies":"Champ","floor":33,"turns":8},{"damage":14,"enemies":"3 Darklings","floor":35,"turns":6},{"damage":0,"enemies":"Mind Bloom Boss Battle","floor":36,"turns":4},{"damage":2,"enemies":"Orb Walker","floor":38,"turns":2},{"damage":11,"enemies":"3 Darklings","floor":39,"turns":5},{"damage":31,"enemies":"4 Shapes","floor":41,"turns":3},{"damage":17,"enemies":"Nemesis","floor":45,"turns":5},{"damage":18,"enemies":"Spire Growth","floor":46,"turns":5},{"damage":15,"enemies":"Writhing Mass","floor":47,"turns":6},{"damage":3,"enemies":"Sphere and 2 Shapes","floor":48,"turns":5},{"damage":52,"enemies":"Awakened One","floor":50,"turns":6}],"seed_played":"3826199914068187826","potions_obtained":[{"floor":1,"key":"EntropicBrew"},{"floor":7,"key":"BloodPotion"},{"floor":24,"key":"SkillPotion"},{"floor":31,"key":"Strength Potion"},{"floor":36,"key":"GamblersBrew"},{"floor":45,"key":"ColorlessPotion"},{"floor":48,"key":"Weak Potion"}],"is_trial":false,"path_per_floor":["M","M","?","?","$","R","M","$","T","?","M","E","R","M","R","B",null,"M","?","?","M","T","R","M","R","T","R","M","?","M","M","R","B",null,"M","?","?","M","M","R","M","R","T","?","E","M","M","M","R","B"],"character_chosen":"IRONCLAD","items_purchased":["ReplayTheSpireMod:ShopPack","CaptainsWheel"],"campfire_rested":3,"item_purchase_floors":[0,0],"current_hp_per_floor":[61,62,62,80,80,80,80,80,80,80,78,67,67,65,80,10,80,80,64,64,66,66,66,47,47,47,71,62,67,58,48,48,12,85,77,83,83,85,80,80,55,55,55,55,44,32,23,26,51,0,0],"gold":1370,"neow_bonus":"","is_daily":false,"chose_seed":false,"campfire_upgraded":6,"win_rate":0.0,"timestamp":1613786810,"path_taken":["M","M","?","?","$","R","M","$","T","?","?","E","R","M","R","BOSS","M","?","?","?","?","R","M","R","T","R","?","?","M","M","R","BOSS","M","?","?","M","M","R","?","R","T","?","E","M","M","?","R","BOSS"],"items_purchased_type":["Relic","Relic"],"build_version":"2020-12-22","purchased_purges":0,"victory":false,"max_hp_per_floor":[80,80,80,80,80,80,80,80,80,80,80,80,80,80,80,80,80,80,80,80,80,80,80,80,80,80,80,80,85,85,85,85,85,85,85,85,85,85,85,85,85,85,85,85,85,85,85,85,85,85,85],"card_choices":[{"not_picked":["Poisoned Strike","Thinking Ahead"],"picked":"ReplayUltimateDefense","floor":0},{"not_picked":["Massacre","Evolve"],"picked":"Twin Strike","floor":1},{"not_picked":["Perfected Strike","Iron Wave"],"picked":"Thunderclap","floor":2},{"not_picked":["Exhume","Pommel Strike","Perfected Strike"],"picked":"SKIP","floor":7},{"not_picked":["True Grit","Havoc","Twin Strike"],"picked":"SKIP","floor":11},{"not_picked":["Perfected Strike","Headbutt"],"picked":"Cleave","floor":12},{"not_picked":["Headbutt","Body Slam"],"picked":"Flex","floor":14},{"not_picked":["Barricade","Feed"],"picked":"Limit Break","floor":16},{"not_picked":["ReplayTheSpireMod:Strike From Hell+1","Life Link"],"picked":"Run Through","floor":18},{"not_picked":["Dark Embrace","Clothesline"],"picked":"Run Through","floor":21},{"not_picked":["Defy Death","Anger","Flame Barrier"],"picked":"SKIP","floor":24},{"not_picked":["Dual Wield","Entrench","Heavy Blade"],"picked":"SKIP","floor":28},{"not_picked":["Clash","Massacre","Shrug It Off"],"picked":"SKIP","floor":30},{"not_picked":["Feel No Pain","Bloodletting","Clash"],"picked":"SKIP","floor":31},{"not_picked":["Corruption","Bludgeon"],"picked":"Demon Form","floor":33},{"not_picked":["Rage+1","Pommel Strike+1","Abandon"],"picked":"SKIP","floor":35},{"not_picked":["ReplayTheSpireMod:Corrosion Curse+1","Run Through","Warcry"],"picked":"SKIP","floor":38},{"not_picked":["ReplayTheSpireMod:Strike From Hell+1","Armaments","Run Through+1"],"picked":"SKIP","floor":39},{"not_picked":["Cleave","Iron Wave+1","ReplayTheSpireMod:Muscle Training+1"],"picked":"SKIP","floor":41},{"not_picked":["True Grit","Thunderclap+1","Brutality"],"picked":"SKIP","floor":45},{"not_picked":["Metallicize+1","Twin Strike","ReplayTheSpireMod:Corrosion Curse+1"],"picked":"SKIP","floor":46},{"not_picked":["Dark Embrace","Clash"],"picked":"Uppercut+1","floor":47},{"not_picked":["Pommel Strike","ReplayTheSpireMod:Corrosion Curse+1","ReplayTheSpireMod:LeadingStrike"],"picked":"SKIP","floor":48}],"player_experience":840649,"relics_obtained":[{"floor":12,"key":"Pen Nib"},{"floor":19,"key":"Nilry\u0027s Codex"},{"floor":22,"key":"Mummified Hand"},{"floor":26,"key":"ReplayTheSpireMod:Lightbulb"},{"floor":36,"key":"Old Coin"},{"floor":43,"key":"Paper Frog"},{"floor":45,"key":"Counterbalance"}],"event_choices":[{"damage_healed":0,"gold_gain":175,"player_choice":"AGREE","damage_taken":0,"max_hp_gain":0,"max_hp_loss":0,"event_name":"Liars Game","floor":3,"gold_loss":0,"cards_obtained":["Doubt"]},{"damage_healed":26,"gold_gain":0,"player_choice":"Banana","damage_taken":0,"max_hp_gain":0,"max_hp_loss":0,"event_name":"Big Fish","floor":4,"gold_loss":0},{"damage_healed":0,"gold_gain":0,"player_choice":"Rummage","damage_taken":0,"relics_obtained":["WarpedTongs"],"max_hp_gain":0,"max_hp_loss":0,"event_name":"Accursed Blacksmith","floor":10,"gold_loss":0,"cards_obtained":["Pain"]},{"damage_healed":0,"gold_gain":0,"player_choice":"Obtained Book","damage_taken":16,"max_hp_gain":0,"max_hp_loss":0,"event_name":"Cursed Tome","floor":19,"gold_loss":0},{"damage_healed":0,"gold_gain":0,"player_choice":"Ignored","damage_taken":0,"max_hp_gain":0,"max_hp_loss":0,"event_name":"NoteForYourself","floor":20,"gold_loss":0},{"damage_healed":0,"gold_gain":0,"player_choice":"Paid Gold","damage_taken":0,"relics_obtained":["Durian"],"max_hp_gain":0,"max_hp_loss":0,"event_name":"WeMeetAgain","floor":29,"gold_loss":61},{"damage_healed":0,"gold_gain":0,"player_choice":"Fight","damage_taken":0,"max_hp_gain":0,"max_hp_loss":0,"event_name":"MindBloom","floor":36,"gold_loss":0},{"cards_removed":["Pain"],"damage_healed":0,"gold_gain":0,"player_choice":"Upgrade and Remove","damage_taken":0,"max_hp_gain":0,"max_hp_loss":0,"event_name":"Designer","floor":37,"gold_loss":90,"cards_upgraded":["Run Through"]},{"damage_healed":0,"gold_gain":300,"player_choice":"Gold","damage_taken":0,"max_hp_gain":0,"max_hp_loss":0,"event_name":"Wheel of Change","floor":44,"gold_loss":0}],"is_beta":false,"boss_relics":[{"not_picked":["Runic Dome","Painkiller Herb"],"picked":"Philosopher\u0027s Stone"},{"not_picked":["ReplayTheSpireMod:DimensionalGlitch","Runic Cube","ChewingGum"]}],"items_purged_floors":[],"is_endless":false,"potions_floor_spawned":[1,7,24,31,36,45,48],"killed_by":"Awakened One","ascension_level":0}}