{"host":"k0cm6nn9mnmji9h1","time":1613838151,"event":{"mods":["2.2 Compatiblity","AchievementEnabler","BaseMod","Colored Map","DeckTracker","Gremlin Skip","Highlight Path","Minty Spire (QoL Compilation)","Permanent Neow","StSLib","The Marked","Waifu the Spire"],"gold_per_floor":[113,130,143,162,177,209,228,228,276,294,312,327,327,347,347,442,442,454,454,472,472,328,328,341,167,192,207,262,280,280,295,295,391,391,405,405,424,80,93,93,42,57,128,128,139,159,159,159,159,159,159,159,7,7,7],"floor_reached":54,"language":"KOR","playtime":3454,"items_purged":["Defend_G","Defend_G","Deflect"],"score":744,"play_id":"0c163dac-cd2c-49b3-ae3d-95932d0270af","local_time":"20210221012231","is_ascension_mode":false,"campfire_choices":[{"floor":8,"key":"REST"},{"data":"Caltrops","floor":15,"key":"SMITH"},{"data":"Footwork","floor":30,"key":"SMITH"},{"floor":32,"key":"REST"},{"floor":40,"key":"RECALL"},{"floor":44,"key":"REST"},{"floor":49,"key":"REST"},{"data":"Concentrate","floor":52,"key":"SMITH"}],"circlet_count":0,"master_deck":["Strike_G","Strike_G","Defend_G","Defend_G","Defend_G","Survivor","Neutralize","The Bomb","Leg Sweep","PiercingWail","Caltrops+1","Escape Plan","Backflip","Concentrate+1","Heel Hook","Adrenaline","Caltrops+1","Dodge and Roll","After Image","Glass Knife","Footwork+1","All Out Attack","Noxious Fumes","Well Laid Plans+1","Reflex","Dodge and Roll","Calculated Gamble","Burst","CurseOfTheBell","Deadly Poison+1","Prepared","Caltrops","Backflip","Footwork","Blur+1","Reflex"],"relics":["Ring of the Serpent","Pocketwatch","MealTicket","Lantern","Unceasing Top","Calling Bell","Art of War","Shuriken","Prayer Wheel","Oddly Smooth Stone","Meat on the Bone","Bronze Scales"],"acts_visited":["Exordium","TheCity","TheBeyond","TheEnding"],"potions_floor_usage":[6,16,16,28,28,33,39,39,42,50,50,50,50,50,50],"damage_taken":[{"damage":3,"enemies":"Jaw Worm","floor":1,"turns":3},{"damage":0,"enemies":"Cultist","floor":2,"turns":4},{"damage":1,"enemies":"Small Slimes","floor":3,"turns":3},{"damage":3,"enemies":"Red Slaver","floor":4,"turns":7},{"damage":27,"enemies":"Gremlin Gang","floor":5,"turns":4},{"damage":0,"enemies":"3 Sentries","floor":6,"turns":3},{"damage":0,"enemies":"Exordium Wildlife","floor":7,"turns":7},{"damage":0,"enemies":"3 Louse","floor":10,"turns":4},{"damage":10,"enemies":"Exordium Thugs","floor":11,"turns":6},{"damage":0,"enemies":"Exordium Wildlife","floor":12,"turns":4},{"damage":4,"enemies":"3 Louse","floor":14,"turns":3},{"damage":13,"enemies":"Slime Boss","floor":16,"turns":11},{"damage":2,"enemies":"Chosen","floor":18,"turns":6},{"damage":3,"enemies":"Shell Parasite","floor":20,"turns":6},{"damage":10,"enemies":"Snake Plant","floor":24,"turns":3},{"damage":3,"enemies":"3 Cultists","floor":27,"turns":3},{"damage":21,"enemies":"Slavers","floor":28,"turns":4},{"damage":2,"enemies":"Shelled Parasite and Fungi","floor":29,"turns":5},{"damage":10,"enemies":"Chosen and Byrds","floor":31,"turns":6},{"damage":0,"enemies":"Collector","floor":33,"turns":11},{"damage":0,"enemies":"Orb Walker","floor":35,"turns":5},{"damage":0,"enemies":"3 Darklings","floor":37,"turns":4},{"damage":34,"enemies":"Jaw Worm Horde","floor":39,"turns":5},{"damage":26,"enemies":"Transient","floor":42,"turns":5},{"damage":2,"enemies":"Writhing Mass","floor":45,"turns":7},{"damage":0,"enemies":"3 Darklings","floor":46,"turns":5},{"damage":36,"enemies":"Time Eater","floor":50,"turns":13},{"damage":69,"enemies":"Shield and Spear","floor":54,"turns":6}],"seed_played":"-4674844114698827697","potions_obtained":[{"floor":4,"key":"BlessingOfTheForge"},{"floor":7,"key":"PowerPotion"},{"floor":10,"key":"Block Potion"},{"floor":11,"key":"Energy Potion"},{"floor":12,"key":"Block Potion"},{"floor":18,"key":"ColorlessPotion"},{"floor":20,"key":"CunningPotion"},{"floor":28,"key":"BlessingOfTheForge"},{"floor":31,"key":"GamblersBrew"},{"floor":35,"key":"SpeedPotion"},{"floor":37,"key":"Fruit Juice"},{"floor":45,"key":"EntropicBrew"},{"floor":46,"key":"Explosive Potion"}],"is_trial":false,"path_per_floor":["M","M","M","M","M","E","M","R","T","M","M","M","?","M","R","B",null,"M","T","M","?","$","?","M","$","T","M","E","M","R","M","R","B",null,"M","?","M","$","M","R","$","M","T","R","M","M","?","?","R","B",null,"R","$","E"],"character_chosen":"THE_SILENT","items_purchased":["Footwork","Noxious Fumes","Oddly Smooth Stone","Footwork","Block Potion","Bronze Scales"],"campfire_rested":4,"item_purchase_floors":[22,25,38,38,41,53],"current_hp_per_floor":[60,60,59,56,29,29,29,47,47,47,37,37,37,33,33,20,63,61,61,58,58,63,63,53,63,63,60,39,37,37,27,45,45,63,63,63,63,63,34,34,49,23,23,43,41,41,41,41,61,37,68,68,68,0,0],"gold":7,"neow_bonus":"RANDOM_COLORLESS_2","is_daily":false,"chose_seed":false,"campfire_upgraded":3,"win_rate":0.0,"timestamp":1613838151,"path_taken":["M","M","M","M","M","E","M","R","T","M","M","M","?","M","R","BOSS","M","?","M","?","$","?","M","$","T","M","E","?","R","?","R","BOSS","M","?","?","$","?","R","$","M","T","R","M","M","?","?","R","BOSS","R","$","E"],"items_purchased_type":["Card","Card","Relic","Card","Potion","Relic"],"build_version":"2020-12-22","purchased_purges":3,"victory":false,"max_hp_per_floor":[63,63,63,63,63,63,63,63,63,63,63,63,63,63,63,63,63,63,63,63,63,63,63,63,63,63,63,63,63,63,63,63,63,63,63,63,63,63,68,68,68,68,68,68,68,68,68,68,68,68,68,68,68,68,68],"card_choices":[{"not_picked":["Secret Technique","Metamorphosis"],"picked":"The Bomb","floor":0},{"not_picked":["Sucker Punch","Acrobatics"],"picked":"Leg Sweep","floor":1},{"not_picked":["Riddle With Holes","Outmaneuver"],"picked":"PiercingWail","floor":2},{"not_picked":["Deadly Poison","Acrobatics"],"picked":"Caltrops","floor":3},{"not_picked":["Outmaneuver","Choke","Acrobatics"],"picked":"SKIP","floor":4},{"not_picked":["Prepared","Dagger Spray"],"picked":"Escape Plan","floor":5},{"not_picked":["PiercingWail","Die Die Die"],"picked":"Deflect","floor":6},{"not_picked":["Noxious Fumes","Blade Dance"],"picked":"Backflip","floor":7},{"not_picked":["Expertise","Dagger Spray","PiercingWail"],"picked":"SKIP","floor":10},{"not_picked":["Concentrate","Bane","Bouncing Flask"],"picked":"SKIP","floor":11},{"not_picked":["Bane","Bouncing Flask"],"picked":"Concentrate","floor":11},{"not_picked":["Quick Slash","PiercingWail"],"picked":"Heel Hook","floor":12},{"not_picked":["Slice","Dagger Spray","Quick Slash"],"picked":"SKIP","floor":14},{"not_picked":["Burst","Night Terror"],"picked":"Adrenaline","floor":16},{"not_picked":["Dagger Spray","Deflect+1"],"picked":"Caltrops","floor":18},{"not_picked":["Choke","PiercingWail"],"picked":"Dodge and Roll","floor":20},{"not_picked":["All Out Attack","Dagger Spray","Dagger Throw"],"picked":"SKIP","floor":24},{"not_picked":["Backstab","Bane"],"picked":"Well Laid Plans+1","floor":27},{"not_picked":["Concentrate","Flechettes"],"picked":"Reflex","floor":28},{"not_picked":["Underhanded Strike","Quick Slash"],"picked":"Dodge and Roll","floor":29},{"not_picked":["Blade Dance","Concentrate+1"],"picked":"Calculated Gamble","floor":31},{"not_picked":["A Thousand Cuts","Unload"],"picked":"Burst","floor":33},{"not_picked":["Calculated Gamble","Outmaneuver"],"picked":"Deadly Poison+1","floor":35},{"not_picked":["Bane","Slice+1"],"picked":"Prepared","floor":35},{"not_picked":["Backstab+1","Flying Knee+1"],"picked":"Caltrops","floor":37},{"not_picked":["Quick Slash+1","Masterful Stab"],"picked":"Backflip","floor":37},{"not_picked":["Catalyst","Riddle With Holes+1"],"picked":"Blur+1","floor":39},{"not_picked":["Eviscerate","Caltrops","Flying Knee"],"picked":"SKIP","floor":39},{"not_picked":["Prepared+1","Envenom"],"picked":"Reflex","floor":42},{"not_picked":["Calculated Gamble+1","Acrobatics+1","Quick Slash"],"picked":"SKIP","floor":42},{"not_picked":["Predator","PiercingWail","Accuracy+1"],"picked":"SKIP","floor":45},{"not_picked":["Quick Slash","Dodge and Roll+1","PiercingWail"],"picked":"SKIP","floor":45},{"not_picked":["PiercingWail","Blade Dance+1","Quick Slash+1"],"picked":"SKIP","floor":46},{"not_picked":["Dodge and Roll","Caltrops","Sucker Punch+1"],"picked":"SKIP","floor":46}],"player_experience":524146,"relics_obtained":[{"floor":6,"key":"Pocketwatch"},{"floor":19,"key":"MealTicket"},{"floor":26,"key":"Lantern"},{"floor":28,"key":"Unceasing Top"},{"floor":34,"key":"Art of War"},{"floor":34,"key":"Shuriken"},{"floor":34,"key":"Prayer Wheel"},{"floor":43,"key":"Meat on the Bone"}],"event_choices":[{"damage_healed":0,"gold_gain":0,"player_choice":"Ignored","damage_taken":0,"max_hp_gain":0,"max_hp_loss":0,"event_name":"NoteForYourself","floor":13,"gold_loss":0},{"damage_healed":0,"gold_gain":0,"cards_transformed":["Strike_G","Strike_G"],"player_choice":"Became Test Subject","damage_taken":0,"max_hp_gain":0,"max_hp_loss":0,"event_name":"Drug Dealer","floor":21,"gold_loss":0,"cards_obtained":["After Image","Glass Knife"]},{"damage_healed":0,"gold_gain":0,"cards_transformed":["Strike_G"],"player_choice":"Transformed","damage_taken":0,"max_hp_gain":0,"max_hp_loss":0,"event_name":"Transmorgrifier","floor":23,"gold_loss":0,"cards_obtained":["All Out Attack"]},{"damage_healed":0,"gold_gain":0,"player_choice":"Forge","damage_taken":0,"max_hp_gain":0,"max_hp_loss":0,"event_name":"Accursed Blacksmith","floor":36,"gold_loss":0,"cards_upgraded":["Caltrops"]},{"damage_healed":0,"gold_gain":0,"player_choice":"Ignored","damage_taken":0,"max_hp_gain":0,"max_hp_loss":0,"event_name":"Mysterious Sphere","floor":47,"gold_loss":0},{"damage_healed":0,"gold_gain":0,"player_choice":"Ignored","damage_taken":0,"max_hp_gain":0,"max_hp_loss":0,"event_name":"SecretPortal","floor":48,"gold_loss":0}],"is_beta":false,"boss_relics":[{"not_picked":["Pandora\u0027s Box","Astrolabe"],"picked":"Ring of the Serpent"},{"not_picked":["Fusion Hammer","Empty Cage"],"picked":"Calling Bell"}],"items_purged_floors":[22,25,38],"is_endless":false,"potions_floor_spawned":[4,7,10,11,12,18,20,28,31,35,37,45,46],"killed_by":"Shield and Spear","ascension_level":0}}