{"host":"ue7jlgf7uv134an9","time":1613862990,"event":{"mods":["BaseMod","Better Third Choice","Colored Map","Defuse TimeMaze Blight","Minty Spire (QoL Compilation)","Quick Restart","Rare Cards Sparkle","Relic Stats","StSLib","UnlockEverythingMod"],"gold_per_floor":[118,133,133,156,180,180,198,163,186,221,233,283,93,137,137,263,263,286,118,118,136,161,196,209,54,101,226,226,250,250,268,268,398,398,418,418,439,464,183,183,207,207,254,131,154,197,197,218,218,218],"floor_reached":51,"language":"ENG","playtime":3507,"items_purged":["Strike_G","Defend_G","Strike_G","Defend_G"],"score":919,"play_id":"ebbedf44-22ad-4b6e-8aaf-3e39a830a43b","local_time":"20210220181630","is_ascension_mode":false,"campfire_choices":[{"data":"All Out Attack","floor":6,"key":"SMITH"},{"floor":11,"key":"REST"},{"data":"Malaise","floor":15,"key":"SMITH"},{"floor":28,"key":"REST"},{"floor":32,"key":"REST"},{"data":"Poisoned Stab","floor":40,"key":"SMITH"},{"data":"Caltrops","floor":42,"key":"SMITH"},{"floor":49,"key":"REST"}],"circlet_count":0,"master_deck":["Defend_G","Survivor","Neutralize","PiercingWail","Quick Slash","All Out Attack+1","PiercingWail","Crippling Poison","Wraith Form v2","Caltrops+1","Footwork","Cloak And Dagger","Malaise+1","Adrenaline","Flechettes+1","Acrobatics+1","Bouncing Flask+1","Skewer+1","Necronomicurse","Poisoned Stab","Predator","Dash","Poisoned Stab+1","Die Die Die","Dash","Adrenaline","PiercingWail","Terror+1","Footwork","Crippling Poison","Noxious Fumes","Sucker Punch"],"relics":["Velvet Choker","Golden Idol","Strawberry","MawBank","Orichalcum","Potion Belt","Astrolabe","Necronomicon","Happy Flower","Frozen Eye","Bag of Marbles","Bird Faced Urn","Mercury Hourglass","SlaversCollar","Smiling Mask","Paper Crane"],"acts_visited":["Exordium","TheCity","TheBeyond"],"potions_floor_usage":[5,10,23,23,24,33,50,50,50,50],"damage_taken":[{"damage":0,"enemies":"Small Slimes","floor":1,"turns":4},{"damage":0,"enemies":"Jaw Worm","floor":2,"turns":5},{"damage":0,"enemies":"2 Louse","floor":4,"turns":2},{"damage":0,"enemies":"Large Slime","floor":5,"turns":4},{"damage":13,"enemies":"Exordium Wildlife","floor":7,"turns":4},{"damage":19,"enemies":"Gremlin Nob","floor":10,"turns":5},{"damage":9,"enemies":"3 Sentries","floor":12,"turns":6},{"damage":12,"enemies":"Lagavulin","floor":14,"turns":10},{"damage":14,"enemies":"The Guardian","floor":16,"turns":16},{"damage":2,"enemies":"Shell Parasite","floor":18,"turns":5},{"damage":0,"enemies":"3 Byrds","floor":21,"turns":6},{"damage":7,"enemies":"Shelled Parasite and Fungi","floor":22,"turns":5},{"damage":17,"enemies":"Slavers","floor":23,"turns":6},{"damage":8,"enemies":"Centurion and Healer","floor":24,"turns":6},{"damage":3,"enemies":"Colosseum Slavers","floor":27,"turns":4},{"damage":1,"enemies":"Colosseum Nobs","floor":27,"turns":5},{"damage":0,"enemies":"Snake Plant","floor":29,"turns":3},{"damage":0,"enemies":"Snecko","floor":31,"turns":3},{"damage":1,"enemies":"Champ","floor":33,"turns":11},{"damage":2,"enemies":"3 Darklings","floor":35,"turns":5},{"damage":0,"enemies":"3 Shapes","floor":37,"turns":3},{"damage":0,"enemies":"Writhing Mass","floor":38,"turns":5},{"damage":0,"enemies":"Transient","floor":41,"turns":5},{"damage":5,"enemies":"Maw","floor":45,"turns":6},{"damage":23,"enemies":"Giant Head","floor":46,"turns":7},{"damage":4,"enemies":"3 Darklings","floor":48,"turns":3},{"damage":18,"enemies":"Donu and Deca","floor":50,"turns":7}],"seed_played":"1941802498709902910","potions_obtained":[{"floor":2,"key":"Swift Potion"},{"floor":5,"key":"Swift Potion"},{"floor":7,"key":"LiquidBronze"},{"floor":14,"key":"BlessingOfTheForge"},{"floor":16,"key":"Fire Potion"},{"floor":22,"key":"Weak Potion"},{"floor":27,"key":"Energy Potion"},{"floor":29,"key":"SteroidPotion"},{"floor":41,"key":"FairyPotion"},{"floor":45,"key":"Explosive Potion"},{"floor":48,"key":"ColorlessPotion"}],"is_trial":false,"path_per_floor":["M","M","?","M","M","R","M","?","T","E","R","E","$","E","R","B",null,"M","$","?","M","M","E","M","$","T","?","R","M","?","M","R","B",null,"M","?","M","M","$","R","M","R","T","$","M","E","$","M","R","B",null],"character_chosen":"THE_SILENT","items_purchased":["Footwork","Cloak And Dagger","Skewer","Frozen Eye","Footwork","Crippling Poison","Noxious Fumes"],"campfire_rested":4,"item_purchase_floors":[13,13,19,25,39,39,44],"current_hp_per_floor":[70,70,53,53,53,53,40,57,64,45,68,59,59,47,47,33,77,75,75,59,59,52,35,27,27,27,23,46,46,46,46,69,72,77,77,77,77,77,77,77,77,77,77,77,72,51,51,51,74,64],"gold":218,"neow_bonus":"BOSS_RELIC","is_daily":false,"chose_seed":false,"campfire_upgraded":4,"win_rate":0.0,"timestamp":1613862990,"path_taken":["M","M","?","M","M","R","M","?","T","E","R","E","$","E","R","BOSS","M","$","?","M","M","E","M","$","T","?","R","M","?","M","R","BOSS","M","?","M","M","$","R","M","R","T","$","?","E","$","?","R","BOSS"],"items_purchased_type":["Card","Card","Card","Relic","Card","Card","Card"],"build_version":"2020-12-22","purchased_purges":4,"victory":true,"max_hp_per_floor":[70,70,70,70,70,70,70,70,77,77,77,77,77,77,77,77,77,77,77,77,77,77,77,77,77,77,77,77,77,77,77,77,77,77,77,77,77,77,77,77,77,77,77,77,77,77,77,77,77,77],"relic_stats":{"Happy Flower":[24],"counters":[27,151],"Golden Idol":207,"Astrolabe":["Flechettes","Acrobatics","Bouncing Flask"],"Bird Faced Urn":[20],"Necronomicon":[42],"Orichalcum":[300],"MawBank":36,"Smiling Mask":100,"obtain_stats":[{"Potion Belt":14,"Happy Flower":23,"Golden Idol":3,"Astrolabe":17,"Velvet Choker":0,"Orichalcum":12,"Paper Crane":46,"MawBank":10,"Smiling Mask":43,"Mercury Hourglass":27,"Frozen Eye":25,"SlaversCollar":34,"Strawberry":9,"Bird Faced Urn":27,"Necronomicon":20,"Bag of Marbles":26,"Ring of the Snake":0},{"Potion Belt":8,"Happy Flower":13,"Golden Idol":2,"Astrolabe":9,"Velvet Choker":0,"Orichalcum":7,"Paper Crane":25,"MawBank":6,"Smiling Mask":23,"Mercury Hourglass":16,"Frozen Eye":14,"SlaversCollar":19,"Strawberry":5,"Bird Faced Urn":16,"Necronomicon":10,"Bag of Marbles":14,"Ring of the Snake":0},{"Potion Belt":40,"Happy Flower":78,"Golden Idol":9,"Astrolabe":56,"Velvet Choker":0,"Orichalcum":30,"Paper Crane":141,"MawBank":24,"Smiling Mask":128,"Mercury Hourglass":93,"Frozen Eye":84,"SlaversCollar":110,"Strawberry":19,"Bird Faced Urn":93,"Necronomicon":61,"Bag of Marbles":84,"Ring of the Snake":0}],"Mercury Hourglass":[177]},"card_choices":[{"not_picked":["Slice","Bane"],"picked":"PiercingWail","floor":1},{"not_picked":["Blade Dance","Finisher"],"picked":"Quick Slash","floor":2},{"not_picked":["Heel Hook","Riddle With Holes"],"picked":"All Out Attack","floor":4},{"not_picked":["Deflect","Tactician"],"picked":"PiercingWail","floor":5},{"not_picked":["Caltrops","Quick Slash"],"picked":"Crippling Poison","floor":7},{"not_picked":["Riddle With Holes","Deadly Poison"],"picked":"Wraith Form v2","floor":10},{"not_picked":["Dagger Spray","Burst"],"picked":"Caltrops","floor":12},{"not_picked":["Deflect","Poisoned Stab"],"picked":"Malaise","floor":14},{"not_picked":["Malaise","Night Terror"],"picked":"Adrenaline","floor":16},{"not_picked":["Accuracy+1","Underhanded Strike","Quick Slash"],"picked":"SKIP","floor":18},{"not_picked":["Cloak And Dagger","Envenom"],"picked":"Poisoned Stab","floor":21},{"not_picked":["Underhanded Strike","Masterful Stab","Dagger Spray"],"picked":"SKIP","floor":22},{"not_picked":["Dodge and Roll","Dagger Throw","Cloak And Dagger"],"picked":"SKIP","floor":23},{"not_picked":["Heel Hook","Bane","Escape Plan"],"picked":"SKIP","floor":24},{"not_picked":["Slice+1","Choke"],"picked":"Predator","floor":27},{"not_picked":["Concentrate+1","Blade Dance+1"],"picked":"Dash","floor":29},{"not_picked":["Reflex","Catalyst"],"picked":"Dash","floor":31},{"not_picked":["Night Terror","Unload"],"picked":"Adrenaline","floor":33},{"not_picked":["Acrobatics+1","Blade Dance+1"],"picked":"PiercingWail","floor":35},{"not_picked":["Deflect","Slice+1","Cloak And Dagger+1"],"picked":"SKIP","floor":37},{"not_picked":["Finisher+1","Quick Slash"],"picked":"Terror+1","floor":38},{"not_picked":["Footwork","Concentrate+1","Deadly Poison"],"picked":"SKIP","floor":41},{"not_picked":["Deflect","Quick Slash"],"picked":"Sucker Punch","floor":45},{"not_picked":["Escape Plan+1","All Out Attack+1","Noxious Fumes"],"picked":"SKIP","floor":46},{"not_picked":["Dash","Acrobatics","Deflect"],"picked":"SKIP","floor":48}],"player_experience":99604,"relics_obtained":[{"floor":9,"key":"Strawberry"},{"floor":10,"key":"MawBank"},{"floor":12,"key":"Orichalcum"},{"floor":14,"key":"Potion Belt"},{"floor":20,"key":"Necronomicon"},{"floor":23,"key":"Happy Flower"},{"floor":26,"key":"Bag of Marbles"},{"floor":27,"key":"Bird Faced Urn"},{"floor":27,"key":"Mercury Hourglass"},{"floor":43,"key":"Smiling Mask"},{"floor":46,"key":"Paper Crane"}],"event_choices":[{"damage_healed":0,"gold_gain":0,"player_choice":"Take Damage","damage_taken":17,"relics_obtained":["Golden Idol"],"max_hp_gain":0,"max_hp_loss":0,"event_name":"Golden Idol","floor":3,"gold_loss":0},{"damage_healed":17,"gold_gain":0,"player_choice":"Healed","damage_taken":0,"max_hp_gain":0,"max_hp_loss":0,"event_name":"The Cleric","floor":8,"gold_loss":35},{"damage_healed":0,"gold_gain":0,"player_choice":"Obtained Book","damage_taken":16,"max_hp_gain":0,"max_hp_loss":0,"event_name":"Cursed Tome","floor":20,"gold_loss":0},{"damage_healed":0,"gold_gain":0,"player_choice":"Fight","damage_taken":0,"max_hp_gain":0,"max_hp_loss":0,"event_name":"Colosseum","floor":27,"gold_loss":0},{"damage_healed":0,"gold_gain":0,"player_choice":"Fought Nobs","damage_taken":0,"max_hp_gain":0,"max_hp_loss":0,"event_name":"Colosseum","floor":27,"gold_loss":0},{"damage_healed":0,"gold_gain":0,"cards_transformed":["Strike_G","Defend_G"],"player_choice":"Became Test Subject","damage_taken":0,"max_hp_gain":0,"max_hp_loss":0,"event_name":"Drug Dealer","floor":30,"gold_loss":0,"cards_obtained":["Poisoned Stab","Die Die Die"]},{"damage_healed":0,"gold_gain":0,"player_choice":"Forge","damage_taken":0,"max_hp_gain":0,"max_hp_loss":0,"event_name":"Accursed Blacksmith","floor":36,"gold_loss":0,"cards_upgraded":["Skewer"]}],"is_beta":false,"boss_relics":[{"not_picked":["Ectoplasm","Fusion Hammer"],"picked":"Astrolabe"},{"not_picked":["Calling Bell","Black Star"],"picked":"SlaversCollar"}],"items_purged_floors":[13,19,39,44],"is_endless":false,"potions_floor_spawned":[2,5,7,14,16,22,27,27,29,41,45,48],"ascension_level":0}}