{"host":"vk2xyavtylxbvrfq","time":1613860619,"event":{"mods":["Bard","BaseMod","Bestiary","Better Altar","Better Match","Better Note","Better Sensory Stone","Better Skull","Better Vampires","Block Reminder","Bossed Relics","Colored Map","Curses Come First","Displayed Cursed Tome","Downfall","Extra Virgin Snecko Oil","Fox Events","Hermit","Ironclad Rager","Marked Mod","Minty Spire (QoL Compilation)","Quick Restart","Rare Cards Sparkle","Relic Sorter","Reliquary","Robot Space Explorer","Shapeshifter Mod","StSLib","The Hayseed","The Marked","The Runesmith","Unceasing Turn Reminder"],"gold_per_floor":[112,112,0,0,19,58,58,58,58,58,83,0,39,63,63,187,187,207,227,227,227,227],"floor_reached":21,"language":"ENG","playtime":936,"items_purged":[],"score":212,"play_id":"d35fcc7c-d2e8-4792-803f-8e9ba0a2ff64","local_time":"20210220173659","is_ascension_mode":false,"campfire_choices":[{"data":"theMarked:SoldierOfQuellstein","floor":7,"key":"SMITH"},{"floor":15,"key":"REST"}],"circlet_count":0,"master_deck":["theMarked:Strike","theMarked:Strike","theMarked:Strike","theMarked:Strike","theMarked:Strike","theMarked:Defend","theMarked:Defend","theMarked:Defend","theMarked:Defend","theMarked:SoldierOfQuellstein+1","theMarked:TakeCover","theMarked:MuscleMemory+1","theMarked:Electrocute+1","theMarked:SwordAndMagic","theMarked:Abjuration","theMarked:Overcharge","theMarked:StartUp","theMarked:Memento","theMarked:Seal+1","theMarked:WardOff","theMarked:BindingBlade","theMarked:RogueSparks","theMarked:StartUp+1","theMarked:StartUp+1"],"relics":["theMarked:ArtifactOfAir","NeowsBlessing","Golden Idol","theMarked:VonisonLock","theMarked:KettuFlask","reliquary:Buckler","Black Star"],"acts_visited":["Exordium","TheCity"],"potions_floor_usage":[],"damage_taken":[{"damage":0,"enemies":"Jaw Worm","floor":1,"turns":1},{"damage":0,"enemies":"2 Louse","floor":5,"turns":1},{"damage":0,"enemies":"Gremlin Nob","floor":6,"turns":1},{"damage":0,"enemies":"Small Slimes","floor":11,"turns":2},{"damage":3,"enemies":"3 Sentries","floor":13,"turns":7},{"damage":14,"enemies":"Blue Slaver","floor":14,"turns":3},{"damage":23,"enemies":"The Guardian","floor":16,"turns":10},{"damage":17,"enemies":"Spheric Guardian","floor":18,"turns":4},{"damage":12,"enemies":"Shell Parasite","floor":19,"turns":4},{"damage":26,"enemies":"Snake Plant","floor":21,"turns":4}],"seed_played":"1980634095383264613","potions_obtained":[{"floor":1,"key":"Explosive Potion"}],"is_trial":false,"path_per_floor":["M","?","$","?","M","E","R","?","T","$","M","$","E","M","R","B",null,"M","M","?","M"],"character_chosen":"THE_DEFAULT","items_purchased":["theMarked:MuscleMemory","theMarked:Electrocute","theMarked:StartUp","theMarked:Memento"],"campfire_rested":1,"item_purchase_floors":[3,3,12,12],"current_hp_per_floor":[72,54,54,54,54,54,54,51,51,51,51,51,48,34,55,32,72,55,43,43,17,17],"gold":227,"neow_bonus":"THREE_ENEMY_KILL","is_daily":false,"chose_seed":false,"campfire_upgraded":1,"win_rate":0.0,"timestamp":1613860619,"path_taken":["M","?","$","?","M","E","R","?","T","?","M","$","E","M","R","BOSS","M","M","?","?"],"items_purchased_type":["Card","Card","Card","Card"],"build_version":"2020-12-22","purchased_purges":0,"victory":false,"max_hp_per_floor":[72,72,72,72,72,72,72,72,72,72,72,72,72,72,72,72,72,72,72,72,72,72],"card_choices":[{"not_picked":["theMarked:TheMission","theMarked:RepellingDischarge"],"picked":"theMarked:TakeCover","floor":1},{"not_picked":["theMarked:ResourceFulStrike","theMarked:HeightenedSenses"],"picked":"theMarked:SwordAndMagic","floor":5},{"not_picked":["theMarked:Seal","theMarked:Aftermath"],"picked":"theMarked:Abjuration","floor":6},{"not_picked":["theMarked:ElectricStrings","theMarked:Determination"],"picked":"theMarked:Overcharge","floor":11},{"not_picked":["theMarked:WastefulAttack","theMarked:Frustration"],"picked":"theMarked:Seal","floor":13},{"not_picked":["theMarked:TwofoldDefense","theMarked:Parkour"],"picked":"theMarked:WardOff","floor":14},{"not_picked":["theMarked:Challenge","theMarked:TurnInvisible"],"picked":"theMarked:BindingBlade","floor":16},{"not_picked":["theMarked:Aftermath","theMarked:Improvise+1"],"picked":"theMarked:RogueSparks","floor":18},{"not_picked":["theMarked:SwordAndMagic+1","theMarked:EmpowerWeapon"],"picked":"theMarked:StartUp+1","floor":19}],"player_experience":1451436,"relics_obtained":[{"floor":6,"key":"theMarked:VonisonLock"},{"floor":13,"key":"reliquary:Buckler"}],"event_choices":[{"damage_healed":0,"gold_gain":0,"player_choice":"Take Damage","damage_taken":18,"relics_obtained":["Golden Idol"],"max_hp_gain":0,"max_hp_loss":0,"event_name":"Golden Idol","floor":2,"gold_loss":0},{"damage_healed":0,"gold_gain":0,"player_choice":"Grow","damage_taken":0,"max_hp_gain":0,"max_hp_loss":0,"event_name":"Living Wall","floor":4,"gold_loss":0,"cards_upgraded":["theMarked:Electrocute"]},{"damage_healed":0,"gold_gain":0,"player_choice":"Success","damage_taken":3,"relics_obtained":["theMarked:KettuFlask"],"max_hp_gain":0,"max_hp_loss":0,"event_name":"Scrap Ooze","floor":8,"gold_loss":0},{"damage_healed":0,"gold_gain":0,"player_choice":"Copied","damage_taken":0,"max_hp_gain":0,"max_hp_loss":0,"event_name":"Duplicator","floor":20,"gold_loss":0,"cards_obtained":["theMarked:StartUp"]}],"is_beta":false,"boss_relics":[{"not_picked":["Empty Cage","Fusion Hammer"],"picked":"Black Star"}],"items_purged_floors":[],"is_endless":false,"potions_floor_spawned":[1],"killed_by":"Snake Plant","ascension_level":0}}