{"host":"t1puqh5lxz8sp6fn","time":1613863870,"event":{"mods":["AchievementEnabler","BaseMod","Colored Powertips","Minty Spire (QoL Compilation)","Rare Cards Sparkle","Relic Stats","StSLib"],"gold_per_floor":[113,113,131,147,164,184,184,149,149,149,59,91,109,32,32,105,105,125,142,160,30,30,30,60,60,60],"floor_reached":25,"playtime":762,"items_purged":[],"score":434,"play_id":"0d8d3f8b-6b28-4cdc-95ff-9c2b5c7c6451","local_time":"20210220203110","is_ascension_mode":true,"campfire_choices":[{"data":"Sweeping Beam","floor":7,"key":"SMITH"},{"data":"Streamline","floor":10,"key":"SMITH"},{"data":"Defragment","floor":15,"key":"SMITH"},{"floor":23,"key":"REST"}],"circlet_count":0,"master_deck":["AscendersBane","Strike_B","Strike_B","Strike_B","Strike_B","Defend_B+1","Defend_B","Defend_B+1","Defend_B","Zap","Dualcast","Go for the Eyes","Sweeping Beam+1","Conserve Battery","Streamline+1","FTL","Defragment+1","Electrodynamics+1","Ball Lightning","Defragment+1","Seek","Cold Snap","Cold Snap","Go for the Eyes+1","Loop+1","Consume"],"relics":["SacredBark","Incense Burner","Frozen Egg 2","Inserter","MutagenicStrength","TungstenRod"],"acts_visited":["Exordium","TheCity"],"potions_floor_usage":[12,16,16,20,24],"damage_taken":[{"damage":0,"enemies":"Small Slimes","floor":1,"turns":4},{"damage":7,"enemies":"Jaw Worm","floor":3,"turns":4},{"damage":2,"enemies":"Cultist","floor":4,"turns":5},{"damage":14,"enemies":"Large Slime","floor":5,"turns":6},{"damage":4,"enemies":"Blue Slaver","floor":6,"turns":4},{"damage":0,"enemies":"3 Sentries","floor":12,"turns":4},{"damage":1,"enemies":"Exordium Thugs","floor":13,"turns":3},{"damage":6,"enemies":"Hexaghost","floor":16,"turns":9},{"damage":24,"enemies":"Shell Parasite","floor":18,"turns":5},{"damage":17,"enemies":"Chosen","floor":19,"turns":6},{"damage":15,"enemies":"Centurion and Healer","floor":20,"turns":4},{"damage":23,"enemies":"Book of Stabbing","floor":24,"turns":7},{"damage":4,"enemies":"Chosen and Byrds","floor":25,"turns":1}],"seed_played":"-2720682854157856267","potions_obtained":[{"floor":6,"key":"Block Potion"},{"floor":13,"key":"Block Potion"},{"floor":16,"key":"Swift Potion"},{"floor":24,"key":"BlessingOfTheForge"}],"is_trial":false,"path_per_floor":["M","?","M","M","M","M","R","?","T","R","$","E","M","$","R","B",null,"M","M","M","$","?","R","E","M"],"character_chosen":"DEFECT","items_purchased":["Strength Potion","Defragment","Defragment+1","Loop+1","Dexterity Potion"],"campfire_rested":1,"item_purchase_floors":[11,11,14,21,21],"current_hp_per_floor":[64,43,36,34,20,16,16,33,33,33,33,33,32,32,32,26,60,36,19,4,4,4,25,2,0,0],"gold":60,"neow_bonus":"BOSS_RELIC","is_daily":false,"chose_seed":false,"campfire_upgraded":3,"win_rate":0.0,"timestamp":1613863870,"path_taken":["M","?","M","M","M","M","R","?","T","R","$","E","M","?","R","BOSS","M","?","M","$","?","R","E","M"],"items_purchased_type":["Potion","Card","Card","Card","Potion"],"build_version":"2020-12-13","purchased_purges":0,"victory":false,"max_hp_per_floor":[71,71,71,71,71,71,71,71,71,71,71,71,71,71,71,71,71,71,71,71,71,71,71,71,71,71],"relic_stats":{"Inserter":[11],"counters":[13,62],"obtain_stats":[{"Inserter":17,"SacredBark":0,"MutagenicStrength":22,"Incense Burner":9,"Frozen Egg 2":12,"Cracked Core":0,"TungstenRod":24},{"Inserter":8,"SacredBark":0,"MutagenicStrength":11,"Incense Burner":5,"Frozen Egg 2":6,"Cracked Core":0,"TungstenRod":12},{"Inserter":39,"SacredBark":0,"MutagenicStrength":54,"Incense Burner":23,"Frozen Egg 2":27,"Cracked Core":0,"TungstenRod":61}],"TungstenRod":1},"card_choices":[{"not_picked":["Coolheaded","Redo"],"picked":"Go for the Eyes","floor":1},{"not_picked":["Reprogram","Coolheaded"],"picked":"Sweeping Beam","floor":3},{"not_picked":["Capacitor","Sweeping Beam"],"picked":"Conserve Battery","floor":4},{"not_picked":["Scrape","Blizzard"],"picked":"Streamline","floor":5},{"not_picked":["Streamline","Conserve Battery"],"picked":"FTL","floor":6},{"not_picked":["Hello World+1","Hologram"],"picked":"Electrodynamics+1","floor":12},{"not_picked":["Doom and Gloom","Glacier"],"picked":"Ball Lightning","floor":13},{"not_picked":["Meteor Strike","Multi-Cast"],"picked":"Seek","floor":16},{"not_picked":["Blizzard","Turbo"],"picked":"Cold Snap","floor":18},{"not_picked":["Blizzard+1","Coolheaded"],"picked":"Cold Snap","floor":19},{"not_picked":["Compile Driver+1","Barrage"],"picked":"Go for the Eyes+1","floor":20},{"not_picked":["Rebound","Reprogram"],"picked":"Consume","floor":24}],"player_experience":548664,"relics_obtained":[{"floor":9,"key":"Incense Burner"},{"floor":12,"key":"Frozen Egg 2"},{"floor":24,"key":"TungstenRod"}],"event_choices":[{"damage_healed":0,"gold_gain":0,"player_choice":"Entered Light","damage_taken":21,"max_hp_gain":0,"max_hp_loss":0,"event_name":"Shining Light","floor":2,"gold_loss":0,"cards_upgraded":["Defend_B","Defend_B"]},{"damage_healed":17,"gold_gain":0,"player_choice":"Healed","damage_taken":0,"max_hp_gain":0,"max_hp_loss":0,"event_name":"The Cleric","floor":8,"gold_loss":35},{"damage_healed":0,"gold_gain":0,"player_choice":"Inject Mutagens","damage_taken":0,"relics_obtained":["MutagenicStrength"],"max_hp_gain":0,"max_hp_loss":0,"event_name":"Drug Dealer","floor":22,"gold_loss":0}],"is_beta":false,"boss_relics":[{"not_picked":["Pandora\u0027s Box","Sozu"],"picked":"Inserter"}],"items_purged_floors":[],"is_endless":false,"potions_floor_spawned":[6,13,16,24],"killed_by":"Chosen and Byrds","ascension_level":15}}