{"host":"cf2ctvg4l7smc7k1","time":1613844014,"event":{"mods":["AchievementEnabler","Aspiration","BaseMod","BetterRewards","Challenge The Spire","Chen","Colored Map","Conspire","Downfall","Duelist Mod","Hubris","Ironclad Rager","Magitek Elite","Marisa????????","Minty Spire (QoL Compilation)","Replay The Spire","StSLib","The Bladedancer","The Bug Knight","The Cursed","The Jungle","The Poker Player","The Vixen","Wandering Minibosses","[IsaacMod]????"],"gold_per_floor":[99,112,97,97,97,97,129,129,129],"floor_reached":8,"language":"DEU","playtime":289,"items_purged":[],"score":42,"play_id":"8752c1c6-b1ab-49c9-9cc5-f2402e1a29ac","local_time":"20210220190014","is_ascension_mode":false,"campfire_choices":[],"circlet_count":0,"master_deck":["Slimebound:Strike_Slimebound","Slimebound:Strike_Slimebound","Slimebound:Strike_Slimebound","Slimebound:Tackle","Slimebound:Defend_Slimebound","Slimebound:Defend_Slimebound","Slimebound:Defend_Slimebound","Slimebound:Defend_Slimebound","Slimebound:Split","Slimebound:CorrosiveSpit","BloodyBrimstone","Slimebound:SlimeSpikes","Slimebound:GrowthPunch","Slimebound:Prepare","Slimebound:SamplingLick"],"relics":["Slimebound:AbsorbEndCombat","HushsDoor","Chaos","FossilizedHelix","downfall:BrokenWingStatue","HollowMod:QueensCombRelic"],"acts_visited":["Exordium"],"potions_floor_usage":[8],"damage_taken":[{"damage":0,"enemies":"conspire:RoseBush","floor":2,"turns":4},{"damage":4,"enemies":"downfall:FleeingMerchant","floor":3,"turns":4},{"damage":50,"enemies":"Gremlin Nob","floor":8,"turns":5}],"seed_played":"3471535220129102585","potions_obtained":[{"floor":1,"key":"Slimebound:SlimedPotion"},{"floor":1,"key":"Slimebound:SlimyTonguePotion"},{"floor":7,"key":"Reflective Coating"}],"is_trial":false,"path_per_floor":["R_BF","M","$","?","PTL","PTL","?","E"],"character_chosen":"SLIMEBOUND","items_purchased":[],"campfire_rested":0,"item_purchase_floors":[],"current_hp_per_floor":[65,65,65,65,65,65,42,0,0],"gold":129,"neow_bonus":"RANDOM_COMMON_RELIC","is_daily":false,"chose_seed":false,"campfire_upgraded":0,"win_rate":0.0,"timestamp":1613844014,"path_taken":["R_BF","M","$","?","PTL","PTL","?","E"],"items_purchased_type":[],"build_version":"2020-12-22","purchased_purges":0,"victory":false,"max_hp_per_floor":[65,65,65,65,65,65,42,42,42],"card_choices":[{"not_picked":[],"picked":"BloodyBrimstone","floor":0},{"not_picked":["Slimebound:Gluttony","Bomb"],"picked":"Slimebound:SlimeSpikes","floor":2},{"not_picked":["Slimebound:ComboTackle","Slimebound:Gluttony"],"picked":"Slimebound:GrowthPunch","floor":3},{"not_picked":["Slimebound:DivideAndConquer","Slimebound:SplitSpecialist"],"picked":"Slimebound:Prepare","floor":7},{"not_picked":["Slimebound:SplitLeeching","Slimebound:ComboTackle"],"picked":"Slimebound:SamplingLick","floor":7}],"player_experience":563571,"relics_obtained":[{"floor":7,"key":"HollowMod:QueensCombRelic"}],"event_choices":[],"is_beta":false,"boss_relics":[],"items_purged_floors":[],"is_endless":false,"potions_floor_spawned":[],"killed_by":"Gremlin Nob","ascension_level":0}}