{"host":"ox77rn1xcurm2t5a","time":1613854241,"event":{"mods":["2.2 Compatiblity","AchievementEnabler","Act Like it!","Aspiration","BaseMod","Best Route Mod","Better Match","Better Note","Better Sensory Stone","Block Reminder","Colored Map","Colored Powertips","Conjunction","Conspire","Custom Start","Energized Spire","GifTheSpireLib","Gold Saver","Gremlin Skip","Halation","Highlight Path","Hubris","Infinite Spire","Minty Spire (QoL Compilation)","Pale of the Ancients","Quick Restart","Reliquary","Replay The Spire","Reworked Bosses","ShortenTheSpire","Spire Exporter","StSLib","Stuff the Spire","Wandering Minibosses"],"gold_per_floor":[738,757,757,383,383,413,5,15,39,39,55,55,74,41,41,145,145,160,61,80,80,92,92,92],"floor_reached":23,"language":"ENG","playtime":2000,"items_purged":["Strike_R","Strike_R"],"score":277,"play_id":"da44d523-8743-48af-9f11-506b321ccb8f","local_time":"20210220225041","is_ascension_mode":true,"campfire_choices":[{"floor":10,"key":"RECALL"},{"data":"Inflame","floor":12,"key":"SMITH"},{"data":"Uppercut","floor":15,"key":"SMITH"}],"circlet_count":0,"master_deck":["Strike_R","Strike_R","Strike_R","Defend_R","Defend_R","Defend_R","Defend_R","Bash","Clash","Uppercut+1","Thunderclap","Inflame+1","Anger","Pummel","Flex","Flex","Clash","Anger+1","Thunderclap"],"relics":["Burning Blood","MealTicket","infinitespire:Broken Mirror","reliquary:Crutches","Turnip"],"acts_visited":["Exordium","TheCity"],"potions_floor_usage":[6,6,11,16,19,22],"damage_taken":[{"damage":10,"enemies":"Cultist","floor":1,"turns":4},{"damage":8,"enemies":"Jaw Worm","floor":2,"turns":5},{"damage":35,"enemies":"3 Sentries","floor":6,"turns":6},{"damage":0,"enemies":"Small Slimes","floor":8,"turns":3},{"damage":4,"enemies":"Blue Slaver","floor":11,"turns":3},{"damage":20,"enemies":"Exordium Thugs","floor":13,"turns":4},{"damage":46,"enemies":"Hexaghost","floor":16,"turns":8},{"damage":17,"enemies":"3 Byrds","floor":18,"turns":6},{"damage":28,"enemies":"Spheric Guardian","floor":20,"turns":4},{"damage":33,"enemies":"Snake Plant","floor":22,"turns":3},{"damage":31,"enemies":"Slavers","floor":23,"turns":4}],"seed_played":"-6652599628308203702","potions_obtained":[{"floor":2,"key":"SteroidPotion"},{"floor":5,"key":"CultistPotion"},{"floor":5,"key":"Doom Potion"},{"floor":6,"key":"Swift Potion"},{"floor":8,"key":"Weak Potion"},{"floor":20,"key":"Ancient Potion"}],"is_trial":false,"path_per_floor":["M","M","?","$","?","E","$","M","T","R","M","R","M","$","R","B",null,"M","$","M","?","M","E"],"character_chosen":"IRONCLAD","items_purchased":["Thunderclap","infinitespire:Broken Mirror","Turnip","Flex","Fruit Juice"],"campfire_rested":0,"item_purchase_floors":[4,4,7,14,19],"current_hp_per_floor":[68,66,66,80,80,51,66,72,72,72,74,74,60,75,75,35,69,58,78,56,56,29,0,0],"gold":92,"neow_bonus":"RANDOM_COMMON_RELIC","is_daily":false,"chose_seed":false,"campfire_upgraded":2,"win_rate":0.0,"timestamp":1613854241,"path_taken":["M","M","?","$","?","E","$","M","T","R","?","R","M","?","R","BOSS","M","$","M","?","M","E"],"items_purchased_type":["Card","Relic","Relic","Card","Potion"],"build_version":"2020-12-22","purchased_purges":2,"victory":false,"max_hp_per_floor":[80,80,80,80,80,80,80,80,80,80,80,80,80,80,80,80,80,80,85,85,85,85,85,85],"card_choices":[{"not_picked":["Iron Wave","Body Slam"],"picked":"Clash","floor":1},{"not_picked":["Dark Embrace","Dropkick"],"picked":"Uppercut","floor":2},{"not_picked":["Body Slam","Blood for Blood"],"picked":"Inflame","floor":6},{"not_picked":["hubris:StunningStrike","Rupture","hubris:ReadiedAction"],"picked":"SKIP","floor":8},{"not_picked":["Havoc","Feel No Pain"],"picked":"Anger","floor":11},{"not_picked":["Body Slam","Twin Strike"],"picked":"Pummel","floor":13},{"not_picked":["StuffTheSpire:RockThrow","Armaments+1"],"picked":"Clash","floor":18},{"not_picked":["Body Slam","Evolve"],"picked":"Anger+1","floor":20},{"not_picked":["StuffTheSpire:RockThrow","Sword Boomerang"],"picked":"Thunderclap","floor":22}],"player_experience":3209474,"relics_obtained":[{"floor":6,"key":"reliquary:Crutches"}],"event_choices":[{"damage_healed":0,"gold_gain":0,"player_choice":"Got Potions","damage_taken":0,"max_hp_gain":0,"max_hp_loss":0,"event_name":"Lab","floor":5,"gold_loss":0},{"damage_healed":0,"gold_gain":0,"player_choice":"Ignored","damage_taken":0,"max_hp_gain":0,"max_hp_loss":0,"event_name":"betterNote:BetterNote","floor":21,"gold_loss":0,"cards_obtained":["Strike_P"]}],"is_beta":false,"boss_relics":[{"not_picked":["StuffTheSpire:ModemDavis","halation:HeavySnake","energizedSpire:RedRose"]}],"items_purged_floors":[4,7],"is_endless":false,"potions_floor_spawned":[2,6,8,20],"killed_by":"Slavers","ascension_level":9}}