{"host":"iuabd6oyvssc55aw","time":1613851501,"event":{"mods":["AchievementEnabler","BaseMod","Better Third Choice","Colored Map","DeckTracker","Minty Spire (QoL Compilation)","Rare Cards Sparkle","StSLib"],"gold_per_floor":[115,126,126,145,145,145,177,10,35,52,64,79,79,106,106,209,209,229,246,262,20,31,31,48,48,75,75,75,94,55,89,89,89,89],"floor_reached":33,"language":"ENG","playtime":1819,"items_purged":["Strike_R"],"score":321,"play_id":"2ccf1bfb-d9c2-4c97-a65b-707d26a96f3d","local_time":"20210220150501","is_ascension_mode":true,"campfire_choices":[{"data":"Armaments","floor":6.0,"key":"SMITH"},{"floor":13.0,"key":"REST"},{"floor":15.0,"key":"REST"},{"floor":23,"key":"REST"},{"floor":25,"key":"REST"},{"floor":32,"key":"REST"}],"circlet_count":0,"master_deck":["Strike_R","Strike_R+1","Strike_R","Defend_R","Defend_R+1","Defend_R","Defend_R+1","Bash","Twin Strike","Armaments+1","Pommel Strike","Shrug It Off","Uppercut","Cleave","Headbutt+1","Barricade","Double Tap","Rage","Warcry+1","Rage+1","Flame Barrier","Inflame"],"relics":["Runic Cube","Smiling Mask","Membership Card","Tiny Chest","War Paint","Philosopher\u0027s Stone","PreservedInsect","Whetstone","Strawberry","Toxic Egg 2"],"acts_visited":["TheCity"],"potions_floor_usage":[19,22,33],"damage_taken":[{"damage":3.0,"enemies":"2 Louse","floor":1.0,"turns":4.0},{"damage":1.0,"enemies":"Cultist","floor":2.0,"turns":3.0},{"damage":7.0,"enemies":"Jaw Worm","floor":4.0,"turns":4.0},{"damage":26.0,"enemies":"Gremlin Nob","floor":7.0,"turns":5.0},{"damage":0.0,"enemies":"Blue Slaver","floor":10.0,"turns":4.0},{"damage":4.0,"enemies":"Looter","floor":11.0,"turns":4.0},{"damage":1.0,"enemies":"Exordium Thugs","floor":12.0,"turns":4.0},{"damage":27.0,"enemies":"Lagavulin","floor":14.0,"turns":7.0},{"damage":28.0,"enemies":"The Guardian","floor":16.0,"turns":16.0},{"damage":9,"enemies":"2 Thieves","floor":18,"turns":4},{"damage":29,"enemies":"Chosen","floor":19,"turns":8},{"damage":22,"enemies":"Shelled Parasite and Fungi","floor":20,"turns":6},{"damage":8,"enemies":"Snake Plant","floor":22,"turns":5},{"damage":19,"enemies":"Centurion and Healer","floor":24,"turns":7},{"damage":23,"enemies":"Shelled Parasite and Fungi","floor":29,"turns":9},{"damage":30,"enemies":"Book of Stabbing","floor":31,"turns":5},{"damage":29,"enemies":"Collector","floor":33,"turns":3}],"seed_played":"-1411530823367529055","potions_obtained":[{"floor":2.0,"key":"Ancient Potion"},{"floor":4.0,"key":"BlessingOfTheForge"},{"floor":10.0,"key":"Block Potion"},{"floor":16.0,"key":"Block Potion"},{"floor":31,"key":"AttackPotion"}],"is_trial":false,"path_per_floor":["M","M","?","M","?","R","E","$","T","M","M","M","R","E","R","B",null,"M","M","M","$","M","R","M","R","T","?","?","M","$","E","R","B"],"character_chosen":"IRONCLAD","items_purchased":["Membership Card","Shrug It Off","Rage","PreservedInsect","Whetstone","Inflame"],"campfire_rested":5,"item_purchase_floors":[8,8,21,21,21,30],"current_hp_per_floor":[77,76,81,74,74,74,48,48,48,48,44,43,68,41,66,38,85,76,47,25,25,17,42,23,48,55,55,55,32,32,2,29,0,0],"gold":89,"neow_bonus":"BOSS_RELIC","is_daily":false,"chose_seed":false,"campfire_upgraded":1,"win_rate":0.0,"timestamp":1613851501,"path_taken":["M","M","?","M","?","R","E","$","T","M","M","M","R","E","R","BOSS","M","M","M","$","M","R","M","R","T","?","?","M","$","E","R","BOSS"],"items_purchased_type":["Relic","Card","Card","Relic","Relic","Card"],"build_version":"2020-12-22","purchased_purges":1,"victory":false,"max_hp_per_floor":[80,80,85,85,85,85,85,85,85,85,85,85,85,85,85,85,85,85,85,85,85,85,85,85,85,92,92,92,92,92,92,92,92,92],"card_choices":[{"not_picked":["True Grit","Sword Boomerang"],"picked":"Twin Strike","floor":1.0},{"not_picked":["Seeing Red","Iron Wave"],"picked":"Rage","floor":2.0},{"not_picked":["Bloodletting","Flex"],"picked":"Armaments","floor":4.0},{"not_picked":["Dual Wield","Dark Embrace"],"picked":"Pommel Strike","floor":7.0},{"not_picked":["Flex","Shrug It Off"],"picked":"Uppercut","floor":10.0},{"not_picked":["Juggernaut","Clothesline"],"picked":"Cleave","floor":11.0},{"not_picked":["Body Slam","Armaments"],"picked":"Headbutt","floor":12.0},{"not_picked":["Body Slam","Disarm"],"picked":"Barricade","floor":14.0},{"not_picked":["Exhume","Feed"],"picked":"Double Tap","floor":16.0},{"not_picked":["Dropkick","Pommel Strike","Armaments"],"picked":"SKIP","floor":18},{"not_picked":["True Grit+1","Combust","Heavy Blade"],"picked":"SKIP","floor":19},{"not_picked":["Armaments","Second Wind","Sword Boomerang"],"picked":"SKIP","floor":20},{"not_picked":["Rampage","Shrug It Off"],"picked":"Warcry+1","floor":22},{"not_picked":["Twin Strike","Clothesline"],"picked":"Rage+1","floor":24},{"not_picked":["Heavy Blade","Searing Blow+1","Second Wind"],"picked":"SKIP","floor":29},{"not_picked":["Carnage","Evolve","Pommel Strike"],"picked":"SKIP","floor":31}],"player_experience":266784,"relics_obtained":[{"floor":7.0,"key":"Smiling Mask"},{"floor":9.0,"key":"Tiny Chest"},{"floor":14.0,"key":"War Paint"},{"floor":26,"key":"Strawberry"},{"floor":31,"key":"Toxic Egg 2"}],"event_choices":[{"damage_healed":0.0,"max_hp_gain":5.0,"max_hp_loss":0.0,"gold_gain":0.0,"event_name":"Big Fish","player_choice":"Donut","floor":3.0,"gold_loss":0.0,"damage_taken":0.0},{"cards_removed":["Strike_R"],"damage_healed":0.0,"max_hp_gain":0.0,"max_hp_loss":0.0,"gold_gain":0.0,"event_name":"Bonfire Elementals","player_choice":"Offered Basic","floor":5.0,"gold_loss":0.0,"damage_taken":0.0},{"damage_healed":0,"gold_gain":0,"player_choice":"Ignored","damage_taken":0,"max_hp_gain":0,"max_hp_loss":0,"event_name":"Vampires","floor":27,"gold_loss":0},{"damage_healed":0,"gold_gain":0,"cards_transformed":["Rage"],"player_choice":"Transformed","damage_taken":0,"max_hp_gain":0,"max_hp_loss":0,"event_name":"Transmorgrifier","floor":28,"gold_loss":0,"cards_obtained":["Flame Barrier"]}],"is_beta":false,"boss_relics":[{"not_picked":["Tiny House","Coffee Dripper"],"picked":"Philosopher\u0027s Stone"}],"items_purged_floors":[21],"is_endless":false,"potions_floor_spawned":[2,4,10,16,18,31],"killed_by":"Collector","ascension_level":3}}