{"host":"lly094a91h6n5nv5","time":1613863915,"event":{"mods":["AchievementEnabler","BaseMod","Block Reminder","Colored Map","Minty Spire (QoL Compilation)","Permanent Neow"],"gold_per_floor":[115,190,202,214,234,234,184,184,229,259,273,273,273,302,302,376,376,388,407,114,133,48,76,76,103,103,121,153,153,75,90,90,163,163,173,173,173,188,188,213,213,539,617,43,58,89,114,125,125,125],"floor_reached":51,"language":"ENG","playtime":4071,"items_purged":["Strike_G","Strike_G"],"score":1590,"play_id":"54725ee2-b835-4907-a549-5742292dc28a","local_time":"20210220173155","is_ascension_mode":true,"campfire_choices":[{"data":"Terror","floor":6.0,"key":"SMITH"},{"data":"Neutralize","floor":8.0,"key":"SMITH"},{"floor":12.0,"key":"REST"},{"data":"Bouncing Flask","floor":15.0,"key":"SMITH"},{"data":"Footwork","floor":24.0,"key":"SMITH"},{"data":"Doppelganger","floor":29.0,"key":"SMITH"},{"data":"Well Laid Plans","floor":32.0,"key":"SMITH"},{"data":"Leg Sweep","floor":41,"key":"SMITH"},{"data":"Blur","floor":49,"key":"SMITH"}],"circlet_count":0,"master_deck":["AscendersBane","Strike_G","Defend_G","Defend_G","Defend_G","Survivor","Neutralize+1","Acrobatics+1","Leg Sweep+1","Terror+1","Blur+1","Bouncing Flask+1","Doppelganger+1","Adrenaline+1","Deadly Poison+1","Footwork+1","Escape Plan+1","Well Laid Plans+1","Malaise+1","Deadly Poison+1","Venomology+1","Corpse Explosion+1","CurseOfTheBell","Catalyst+1","Catalyst+1","Noxious Fumes+1","Dodge and Roll+1","Escape Plan+1"],"relics":["Ring of the Snake","Dream Catcher","PreservedInsect","Toxic Egg 2","Tingsha","Coffee Dripper","Lee\u0027s Waffle","Unceasing Top","Juzu Bracelet","Snake Skull","HornCleat","Pocketwatch","Calling Bell","Smiling Mask","Matryoshka","Ginger","Letter Opener","Bottled Lightning","Singing Bowl","Old Coin","Frozen Egg 2","StrikeDummy","Happy Flower","Cauldron","Lantern","Mango"],"acts_visited":["Exordium","TheCity","TheBeyond"],"potions_floor_usage":[35,40,44,45,45,45,47,48,50,50,50],"damage_taken":[{"damage":1.0,"enemies":"Small Slimes","floor":1.0,"turns":6.0},{"damage":3.0,"enemies":"Cultist","floor":3.0,"turns":5.0},{"damage":1.0,"enemies":"Jaw Worm","floor":4.0,"turns":5.0},{"damage":1.0,"enemies":"Blue Slaver","floor":5.0,"turns":5.0},{"damage":26.0,"enemies":"3 Sentries","floor":10.0,"turns":20.0},{"damage":7.0,"enemies":"3 Louse","floor":11.0,"turns":4.0},{"damage":5.0,"enemies":"Gremlin Nob","floor":14.0,"turns":4.0},{"damage":4.0,"enemies":"The Guardian","floor":16.0,"turns":10.0},{"damage":0.0,"enemies":"Spheric Guardian","floor":18.0,"turns":3.0},{"damage":16.0,"enemies":"2 Thieves","floor":19.0,"turns":5.0},{"damage":8.0,"enemies":"3 Cultists","floor":21.0,"turns":6.0},{"damage":15.0,"enemies":"Slavers","floor":23.0,"turns":6.0},{"damage":1.0,"enemies":"Gremlin Leader","floor":25.0,"turns":8.0},{"damage":0.0,"enemies":"Sentry and Sphere","floor":27.0,"turns":5.0},{"damage":15.0,"enemies":"Slavers","floor":28.0,"turns":4.0},{"damage":0.0,"enemies":"Centurion and Healer","floor":31.0,"turns":6.0},{"damage":0.0,"enemies":"Automaton","floor":33.0,"turns":10.0},{"damage":0,"enemies":"3 Darklings","floor":35,"turns":6},{"damage":0,"enemies":"Orb Walker","floor":38,"turns":3},{"damage":0,"enemies":"Reptomancer","floor":40,"turns":3},{"damage":0,"enemies":"Nemesis","floor":42,"turns":5},{"damage":13,"enemies":"4 Shapes","floor":45,"turns":3},{"damage":0,"enemies":"Giant Head","floor":46,"turns":4},{"damage":0,"enemies":"Mind Bloom Boss Battle","floor":47,"turns":2},{"damage":15,"enemies":"Jaw Worm Horde","floor":48,"turns":2},{"damage":6,"enemies":"Donu and Deca","floor":50,"turns":4}],"seed_played":"1420191455177801559","potions_obtained":[{"floor":3.0,"key":"Weak Potion"},{"floor":5.0,"key":"LiquidMemories"},{"floor":10.0,"key":"GhostInAJar"},{"floor":23.0,"key":"FearPotion"},{"floor":27.0,"key":"DuplicationPotion"},{"floor":33.0,"key":"ColorlessPotion"},{"floor":35,"key":"SkillPotion"},{"floor":42,"key":"CultistPotion"},{"floor":44,"key":"Fruit Juice"},{"floor":44,"key":"Ancient Potion"},{"floor":47,"key":"Energy Potion"}],"is_trial":false,"path_per_floor":["M","?","M","M","M","R","?","R","T","E","M","R","T","E","R","B",null,"M","M","$","M","?","E","R","E","T","M","E","R","$","M","R","B",null,"M","?","?","M","T","E","R","E","T","$","M","E","?","M","R","B",null],"character_chosen":"THE_SILENT","items_purchased":["Lee\u0027s Waffle","Footwork","Venomology+1","Happy Flower","Dodge and Roll+1","EntropicBrew","Ancient Potion","Cauldron"],"campfire_rested":1,"item_purchase_floors":[20,20,30,44,44,44,44,44],"current_hp_per_floor":[62,56,53,52,51,51,51,51,51,25,18,36,36,31,31,27,54,54,38,70,62,62,47,47,46,46,46,31,31,31,31,31,31,60,60,60,60,60,60,60,60,62,62,67,56,56,72,59,59,53],"gold":125,"neow_bonus":"REMOVE_TWO","is_daily":false,"chose_seed":false,"campfire_upgraded":8,"win_rate":0.0,"timestamp":1613863915,"path_taken":["M","?","M","M","?","R","?","R","T","E","M","R","?","E","R","BOSS","M","M","$","M","?","E","R","E","T","M","E","R","$","M","R","BOSS","M","?","?","M","?","E","R","E","T","$","M","E","?","M","R","BOSS"],"items_purchased_type":["Relic","Card","Card","Relic","Card","Potion","Potion","Relic"],"build_version":"2020-12-22","purchased_purges":2,"victory":true,"max_hp_per_floor":[63,63,63,63,63,63,63,63,63,63,63,63,63,63,63,63,63,63,63,70,70,70,70,70,70,70,70,70,70,70,70,70,70,70,70,70,70,70,70,70,70,72,72,77,79,79,95,97,97,97],"card_choices":[{"not_picked":["Outmaneuver","Cloak And Dagger"],"picked":"Acrobatics","floor":1.0},{"not_picked":["Escape Plan","Deflect"],"picked":"Leg Sweep","floor":3.0},{"not_picked":["Sucker Punch","Deflect"],"picked":"Terror","floor":4.0},{"not_picked":["Poisoned Stab","Heel Hook"],"picked":"Blur","floor":5.0},{"not_picked":["Deflect","Concentrate"],"picked":"Bouncing Flask","floor":10.0},{"not_picked":["Backstab","Masterful Stab"],"picked":"Doppelganger","floor":11.0},{"not_picked":["Dagger Throw","Heel Hook","Leg Sweep+1"],"picked":"SKIP","floor":14.0},{"not_picked":["Burst+1","Corpse Explosion+1"],"picked":"Adrenaline+1","floor":16.0},{"not_picked":["Concentrate+1","Dagger Throw"],"picked":"Deadly Poison+1","floor":18.0},{"not_picked":["Flying Knee","Terror+1","Blade Dance+1"],"picked":"SKIP","floor":19.0},{"not_picked":["Quick Slash","Bane"],"picked":"Escape Plan+1","floor":21.0},{"not_picked":["Quick Slash","Concentrate+1"],"picked":"Well Laid Plans","floor":23.0},{"not_picked":["Blade Dance+1","Slice"],"picked":"Malaise+1","floor":25.0},{"not_picked":["Dagger Spray","Acrobatics+1"],"picked":"Deadly Poison+1","floor":27.0},{"not_picked":["Quick Slash","Outmaneuver+1","Setup+1"],"picked":"SKIP","floor":28.0},{"not_picked":["Well Laid Plans","Heel Hook","Terror+1"],"picked":"SKIP","floor":31.0},{"not_picked":["Burst+1","Venomology+1"],"picked":"Corpse Explosion+1","floor":33.0},{"not_picked":["Bane","Dagger Throw"],"picked":"Catalyst+1","floor":35},{"not_picked":["Underhanded Strike+1","Prepared+1"],"picked":"Catalyst+1","floor":38},{"not_picked":["Masterful Stab+1","Die Die Die"],"picked":"Noxious Fumes+1","floor":40},{"not_picked":["Acrobatics+1","Prepared+1","Endless Agony+1"],"picked":"Singing Bowl","floor":42},{"not_picked":["Backstab","Blade Dance+1","Dash"],"picked":"Singing Bowl","floor":45},{"not_picked":["Eviscerate+1","Dagger Throw"],"picked":"Escape Plan+1","floor":46},{"not_picked":["Sucker Punch","Deflect+1","Choke"],"picked":"Singing Bowl","floor":47},{"not_picked":["Blade Dance+1","Sucker Punch","Dagger Spray"],"picked":"Singing Bowl","floor":48}],"player_experience":269788,"relics_obtained":[{"floor":9.0,"key":"Dream Catcher"},{"floor":10.0,"key":"PreservedInsect"},{"floor":13.0,"key":"Toxic Egg 2"},{"floor":14.0,"key":"Tingsha"},{"floor":23.0,"key":"Juzu Bracelet"},{"floor":25.0,"key":"Snake Skull"},{"floor":26.0,"key":"HornCleat"},{"floor":28.0,"key":"Pocketwatch"},{"floor":34,"key":"Smiling Mask"},{"floor":34,"key":"Matryoshka"},{"floor":34,"key":"Ginger"},{"floor":39,"key":"Letter Opener"},{"floor":39,"key":"Bottled Lightning"},{"floor":40,"key":"Singing Bowl"},{"floor":42,"key":"Old Coin"},{"floor":43,"key":"Frozen Egg 2"},{"floor":43,"key":"StrikeDummy"},{"floor":46,"key":"Lantern"},{"floor":47,"key":"Mango"}],"event_choices":[{"damage_healed":0.0,"max_hp_gain":0.0,"max_hp_loss":0.0,"gold_gain":75.0,"event_name":"FaceTrader","player_choice":"Touch","floor":2.0,"gold_loss":0.0,"damage_taken":6.0},{"cards_removed":["Defend_G"],"damage_healed":0.0,"max_hp_gain":0.0,"max_hp_loss":0.0,"gold_gain":0.0,"event_name":"The Cleric","player_choice":"Card Removal","floor":7.0,"gold_loss":50.0,"damage_taken":0.0},{"damage_healed":0.0,"max_hp_gain":0.0,"max_hp_loss":0.0,"gold_gain":0.0,"event_name":"Addict","player_choice":"Obtained Relic","floor":22.0,"gold_loss":85.0,"damage_taken":0.0,"relics_obtained":["Unceasing Top"]},{"damage_healed":0,"gold_gain":0,"player_choice":"Forge","damage_taken":0,"max_hp_gain":0,"max_hp_loss":0,"event_name":"Accursed Blacksmith","floor":36,"gold_loss":0,"cards_upgraded":["Acrobatics"]},{"cards_removed":["Strike_G"],"damage_healed":0,"gold_gain":0,"player_choice":"Purged","damage_taken":0,"max_hp_gain":0,"max_hp_loss":0,"event_name":"Purifier","floor":37,"gold_loss":0},{"damage_healed":0,"gold_gain":0,"player_choice":"Fight","damage_taken":0,"max_hp_gain":0,"max_hp_loss":0,"event_name":"MindBloom","floor":47,"gold_loss":0}],"is_beta":false,"boss_relics":[{"not_picked":["Black Star","SlaversCollar"],"picked":"Coffee Dripper"},{"not_picked":["WristBlade","Velvet Choker"],"picked":"Calling Bell"}],"items_purged_floors":[20,44],"is_endless":false,"potions_floor_spawned":[3,5,10,16,18,23,27,33,35,42,47,48],"ascension_level":13}}