{"host":"5dk97cf2ubw2v967","time":1613784475,"event":{"mods":["AlwaysNeverKeys","BaseMod","Better Altar","Better Vampires","Block Reminder","Card Filter","Colored Powertips","Downfall","Googly Eyes","Highlight Path","Minty Spire (QoL Compilation)","Permanent Neow","Potion Indicator Mod","Quick Restart","Relic Filter","Relic Stats","Say the Spire","Spicy Shops","StSLib","Waifu the Spire","everything is the same but u backflip on backflip"],"gold_per_floor":[110,385,21,34,109,109,140,140,194,194,223,123,146,160,160,237,237,256,270,545,46,62,90,90,107,188,1,35,47,47,66,66,143,143,155,172,51,51,67,67,97,116,116,116,141,141,141,141,141,141,141],"floor_reached":50,"language":"ENG","playtime":2008,"items_purged":["Regret","Strike_R","Strike_R","Defend_R","Regret","Strike_R","Defend_R"],"score":1271,"play_id":"ac6df78d-5811-4ae1-b964-af798483cc42","local_time":"20210220012755","is_ascension_mode":true,"campfire_choices":[{"data":"Inflame","floor":6.0,"key":"SMITH"},{"data":"Cleave","floor":10.0,"key":"SMITH"},{"data":"Spot Weakness","floor":15.0,"key":"SMITH"},{"floor":24.0,"key":"REST"},{"floor":30.0,"key":"REST"},{"floor":32.0,"key":"RECALL"},{"floor":40.0,"key":"REST"},{"floor":44.0,"key":"REST"},{"floor":49.0,"key":"REST"}],"circlet_count":0,"master_deck":["AscendersBane","Strike_R","Strike_R","Defend_R","Defend_R","Bash","Reckless Charge","Rage","Inflame+1","Shrug It Off","Cleave+1","Spot Weakness+1","Fire Breathing","Battle Trance","Offering","Ghostly Armor","Fire Breathing","Ghostly Armor","Flash of Steel","Cleave+1","Shockwave+1","Dropkick+1","Battle Trance","Metallicize","Shrug It Off","Berserk+1","Fire Breathing","Shrug It Off","Chrysalis","Pommel Strike+1","Dark Embrace+1","Fire Breathing"],"relics":["Burning Blood","Pantograph","Smiling Mask","InkBottle","Odd Mushroom","Fusion Hammer","Membership Card","White Beast Statue","FossilizedHelix","Pear","Shuriken","Mango","SlaversCollar","Toy Ornithopter","Sundial"],"acts_visited":["Exordium","TheCity","TheBeyond"],"potions_floor_usage":[],"damage_taken":[{"damage":2.0,"enemies":"2 Louse","floor":1.0,"turns":4.0},{"damage":6.0,"enemies":"Cultist","floor":4.0,"turns":3.0},{"damage":20.0,"enemies":"3 Sentries","floor":7.0,"turns":7.0},{"damage":15.0,"enemies":"Lagavulin","floor":11.0,"turns":6.0},{"damage":14.0,"enemies":"The Mushroom Lair","floor":13.0,"turns":3.0},{"damage":0.0,"enemies":"Jaw Worm","floor":14.0,"turns":3.0},{"damage":37.0,"enemies":"The Guardian","floor":16.0,"turns":12.0},{"damage":6.0,"enemies":"2 Thieves","floor":18.0,"turns":2.0},{"damage":9.0,"enemies":"Chosen","floor":19.0,"turns":3.0},{"damage":13.0,"enemies":"3 Cultists","floor":22.0,"turns":4.0},{"damage":6.0,"enemies":"Gremlin Leader","floor":23.0,"turns":4.0},{"damage":14.0,"enemies":"Shelled Parasite and Fungi","floor":25.0,"turns":3.0},{"damage":31.0,"enemies":"Book of Stabbing","floor":28.0,"turns":5.0},{"damage":0.0,"enemies":"Chosen and Byrds","floor":29.0,"turns":3.0},{"damage":22.0,"enemies":"Snake Plant","floor":31.0,"turns":3.0},{"damage":28.0,"enemies":"Champ","floor":33.0,"turns":11.0},{"damage":6.0,"enemies":"3 Shapes","floor":35.0,"turns":3.0},{"damage":0.0,"enemies":"Orb Walker","floor":36.0,"turns":3.0},{"damage":80.0,"enemies":"Spire Growth","floor":39.0,"turns":7.0},{"damage":0.0,"enemies":"Nemesis","floor":41.0,"turns":5.0},{"damage":7.0,"enemies":"Maw","floor":42.0,"turns":7.0},{"damage":43.0,"enemies":"Reptomancer","floor":45.0,"turns":4.0},{"damage":0.0,"enemies":"3 Darklings","floor":46.0,"turns":1.0},{"damage":111,"enemies":"Awakened One","floor":50,"turns":13}],"seed_played":"9214222084670643660","potions_obtained":[{"floor":4.0,"key":"AttackPotion"},{"floor":7.0,"key":"HeartOfIron"},{"floor":13.0,"key":"Weak Potion"},{"floor":14.0,"key":"FearPotion"},{"floor":22.0,"key":"SpeedPotion"},{"floor":23.0,"key":"Fire Potion"},{"floor":25.0,"key":"Explosive Potion"},{"floor":28.0,"key":"AttackPotion"},{"floor":29.0,"key":"EssenceOfSteel"},{"floor":31.0,"key":"DuplicationPotion"},{"floor":33.0,"key":"DuplicationPotion"},{"floor":35.0,"key":"Energy Potion"},{"floor":36.0,"key":"Explosive Potion"},{"floor":39.0,"key":"HeartOfIron"},{"floor":41.0,"key":"hexamod:SoulburnPotion"},{"floor":42.0,"key":"DistilledChaos"},{"floor":45.0,"key":"SmokeBomb"}],"is_trial":false,"path_per_floor":["M","?","$","M","?","R","E","?","T","R","E","$","?","M","R","B",null,"M","M","?","$","M","E","R","M","T","$","E","M","R","M","R","B",null,"M","M","$","?","M","R","E","M","T","R","E","M","?","?","R","B"],"character_chosen":"IRONCLAD","items_purchased":["Inflame","Shrug It Off","Cleave","Membership Card","Fire Breathing","Ghostly Armor","Flash of Steel","White Beast Statue","Shuriken","Fire Breathing","Shrug It Off"],"campfire_rested":5,"item_purchase_floors":[3,3,3,21,21,21,21,21,27,37,37],"current_hp_per_floor":[72,72,72,72,61,61,47,72,72,72,63,63,55,61,61,44,67,67,64,64,64,57,57,75,67,77,77,66,72,99,83,83,77,94,94,99,99,89,15,44,50,54,54,83,51,62,62,62,91,0,0],"gold":141,"neow_bonus":"THREE_CARDS","is_daily":false,"chose_seed":false,"campfire_upgraded":3,"win_rate":0.0,"timestamp":1613784475,"path_taken":["M","?","$","?","?","R","E","?","T","R","E","$","?","M","R","BOSS","M","M","?","?","M","E","R","?","T","$","E","M","R","M","R","BOSS","M","M","$","?","M","R","E","M","T","R","E","M","?","?","R","BOSS"],"items_purchased_type":["Card","Card","Card","Relic","Card","Card","Card","Relic","Relic","Card","Card"],"build_version":"2020-12-22","purchased_purges":7,"victory":false,"max_hp_per_floor":[75,75,75,75,75,75,75,75,75,75,75,75,75,75,75,75,75,75,75,75,75,75,75,75,75,85,85,99,99,99,99,99,99,99,99,99,99,99,99,99,99,99,99,99,99,99,99,99,99,99,99],"relic_stats":{"counters":[24,119],"Shuriken":[26],"Sundial":[2],"Pantograph":38,"Smiling Mask":326,"obtain_stats":[{"Pear":26,"Mango":28,"Odd Mushroom":13,"Smiling Mask":9,"Burning Blood":0,"White Beast Statue":21,"SlaversCollar":34,"Shuriken":27,"Sundial":45,"Pantograph":7,"Fusion Hammer":17,"Membership Card":21,"InkBottle":11,"FossilizedHelix":23,"Toy Ornithopter":41},{"Pear":12,"Mango":13,"Odd Mushroom":5,"Smiling Mask":3,"Burning Blood":0,"White Beast Statue":9,"SlaversCollar":16,"Shuriken":12,"Sundial":22,"Pantograph":3,"Fusion Hammer":7,"Membership Card":9,"InkBottle":4,"FossilizedHelix":11,"Toy Ornithopter":20},{"Pear":54,"Mango":59,"Odd Mushroom":23,"Smiling Mask":14,"Burning Blood":0,"White Beast Statue":43,"SlaversCollar":76,"Shuriken":54,"Sundial":105,"Pantograph":14,"Fusion Hammer":38,"Membership Card":43,"InkBottle":20,"FossilizedHelix":51,"Toy Ornithopter":94}],"Burning Blood":137,"InkBottle":[31],"Toy Ornithopter":15},"card_choices":[{"not_picked":["Clothesline","Pommel Strike"],"picked":"Reckless Charge","floor":0.0},{"not_picked":["Headbutt","Clothesline"],"picked":"Rage","floor":1.0},{"not_picked":["Searing Blow","Body Slam","Warcry"],"picked":"SKIP","floor":4.0},{"not_picked":["Carnage","Blood for Blood"],"picked":"Spot Weakness","floor":7.0},{"not_picked":["Perfected Strike","Berserk"],"picked":"Fire Breathing","floor":11.0},{"not_picked":["Sever Soul","Headbutt"],"picked":"Battle Trance","floor":14.0},{"not_picked":["Demon Form","Exhume"],"picked":"Offering","floor":16.0},{"not_picked":["Flex","True Grit","Iron Wave"],"picked":"SKIP","floor":18.0},{"not_picked":["Twin Strike+1","Perfected Strike"],"picked":"Ghostly Armor","floor":19.0},{"not_picked":["Clash","Headbutt"],"picked":"Cleave+1","floor":22.0},{"not_picked":["Spot Weakness","Demon Form"],"picked":"Shockwave+1","floor":23.0},{"not_picked":["Warcry+1","Clothesline+1"],"picked":"Dropkick+1","floor":25.0},{"not_picked":["Burning Pact","Wild Strike+1"],"picked":"Battle Trance","floor":28.0},{"not_picked":["Clash","Burning Pact"],"picked":"Metallicize","floor":29.0},{"not_picked":["Body Slam","Anger"],"picked":"Shrug It Off","floor":31.0},{"not_picked":["Juggernaut","Brutality"],"picked":"Berserk","floor":33.0},{"not_picked":["Headbutt","Sever Soul","Wild Strike"],"picked":"SKIP","floor":35.0},{"not_picked":["Wild Strike+1","Headbutt+1","Twin Strike"],"picked":"SKIP","floor":36.0},{"not_picked":["Jack Of All Trades","Metamorphosis"],"picked":"Chrysalis","floor":38.0},{"not_picked":["Impatience","Enlightenment"],"picked":"Magnetism","floor":38.0},{"not_picked":["Warcry","Ghostly Armor","True Grit+1"],"picked":"SKIP","floor":39.0},{"not_picked":["Battle Trance","Shrug It Off"],"picked":"Pommel Strike+1","floor":41.0},{"not_picked":["Body Slam","Headbutt"],"picked":"Dark Embrace+1","floor":42.0},{"not_picked":["Wild Strike+1","Sever Soul"],"picked":"Fire Breathing","floor":45.0}],"player_experience":1337251,"relics_obtained":[{"floor":7.0,"key":"Pantograph"},{"floor":9.0,"key":"Smiling Mask"},{"floor":11.0,"key":"InkBottle"},{"floor":13.0,"key":"Odd Mushroom"},{"floor":23.0,"key":"FossilizedHelix"},{"floor":26.0,"key":"Pear"},{"floor":28.0,"key":"Mango"},{"floor":41.0,"key":"Toy Ornithopter"},{"floor":45.0,"key":"Sundial"}],"event_choices":[{"damage_healed":0.0,"max_hp_gain":0.0,"max_hp_loss":0.0,"gold_gain":275.0,"event_name":"Golden Shrine","player_choice":"Desecrate","floor":2.0,"gold_loss":0.0,"damage_taken":0.0,"cards_obtained":["Regret"]},{"damage_healed":0.0,"max_hp_gain":0.0,"max_hp_loss":0.0,"gold_gain":75.0,"event_name":"World of Goop","player_choice":"Gather Gold","floor":5.0,"gold_loss":0.0,"damage_taken":11.0},{"damage_healed":25.0,"max_hp_gain":0.0,"max_hp_loss":0.0,"gold_gain":0.0,"event_name":"Big Fish","player_choice":"Banana","floor":8.0,"gold_loss":0.0,"damage_taken":0.0},{"damage_healed":0.0,"max_hp_gain":0.0,"max_hp_loss":0.0,"gold_gain":0.0,"event_name":"Mushrooms","player_choice":"Fought Mushrooms","floor":13.0,"gold_loss":0.0,"damage_taken":0.0},{"damage_healed":0.0,"max_hp_gain":0.0,"max_hp_loss":0.0,"gold_gain":275.0,"event_name":"Golden Shrine","player_choice":"Desecrate","floor":20.0,"gold_loss":0.0,"damage_taken":0.0,"cards_obtained":["Regret"]},{"damage_healed":0.0,"max_hp_gain":0.0,"max_hp_loss":0.0,"gold_gain":0.0,"event_name":"SensoryStone","player_choice":"Memory 3","floor":38.0,"gold_loss":0.0,"damage_taken":10.0},{"cards_removed":["Magnetism"],"damage_healed":0.0,"max_hp_gain":0.0,"max_hp_loss":0.0,"gold_gain":0.0,"event_name":"Falling","player_choice":"Removed Power","floor":47.0,"gold_loss":0.0,"damage_taken":0.0},{"damage_healed":0.0,"max_hp_gain":0.0,"max_hp_loss":0.0,"gold_gain":0.0,"event_name":"Upgrade Shrine","player_choice":"Upgraded","floor":48.0,"gold_loss":0.0,"damage_taken":0.0,"cards_upgraded":["Berserk"]}],"is_beta":false,"boss_relics":[{"not_picked":["Cursed Key","Ectoplasm"],"picked":"Fusion Hammer"},{"not_picked":["Sozu","Snecko Eye"],"picked":"SlaversCollar"}],"items_purged_floors":[3,3,12,12,21,27,37],"is_endless":false,"potions_floor_spawned":[4,7,13,14,22,23,25,28,29,31,33,35,36,39,41,42,45,46],"killed_by":"Awakened One","ascension_level":20}}