{"host":"yassvrowvc2yfwp2","time":1613821134,"event":{"mods":["2.2 Compatiblity","Act Like it!","BaseMod","Better Note","Curses Come First","Dota2Spire","Downfall","HololiveMod","Jorbs\u0027s Wanderer Trilogy","Minty Spire (QoL Compilation)","Prisma Mod","Rare Cards Sparkle","Reimu£®≤©¿ˆ¡È√Œ£©","Replay The Spire","Say the Spire","Spicy Shops","StSLib","The Bug Knight","The Cursed","The Servant 0.9.4"],"gold_per_floor":[117,117,117,49,70,111,132,107,153,153,213,247,266,280,280,401,401,425,425,449,474,474,474,508,508,508],"floor_reached":25,"language":"ZHS","playtime":933,"items_purged":[],"score":269,"play_id":"30804e1b-1ad2-4319-9310-7e58ff071751","local_time":"20210220193854","is_ascension_mode":true,"campfire_choices":[{"floor":10,"key":"REST"},{"data":"Strike_Lin:ReiMu","floor":15,"key":"PURGE"},{"floor":23,"key":"REST"}],"circlet_count":0,"master_deck":["Strike_Lin:ReiMu","Strike_Lin:ReiMu","Strike_Lin:ReiMu","Defend_Lin:ReiMu","Defend_Lin:ReiMu","Defend_Lin:ReiMu","NB:ReiMu","Stagnation:ReiMu","RainPray2:ReiMu","MikOfLucky:ReiMu","CareerPray:ReiMu","Dreaming:ReiMu","SafetyPray:ReiMu","FineLineFantasy:ReiMu","SpiritualOutbreak2:ReiMu","SealNeedle:ReiMu","RunawayExorcism:ReiMu","CleanRite:ReiMu","SafetyPray:ReiMu","ForcedLanding:ReiMu","YinYangSign:ReiMu","PrepareRite:ReiMu"],"relics":["FlyPower:ReiMu","Golden Idol","Ring of Panic","Ring of Hypnosis","StoneCalendar","Replay:Baseball","MealTicket","Mercury Hourglass","Ancient Tea Set","Sozu","Dota2Spire:OrchidMalevolence","Potion Belt"],"acts_visited":["Exordium","TheCity"],"potions_floor_usage":[21],"damage_taken":[{"damage":0,"enemies":"2 Louse","floor":1,"turns":4},{"damage":0,"enemies":"Small Slimes","floor":5,"turns":3},{"damage":12,"enemies":"3 Sentries","floor":6,"turns":7},{"damage":6,"enemies":"Jaw Worm","floor":7,"turns":3},{"damage":1,"enemies":"Replay:BlueRogue","floor":12,"turns":5},{"damage":4,"enemies":"Large Slime","floor":13,"turns":6},{"damage":0,"enemies":"2 Fungi Beasts","floor":14,"turns":2},{"damage":2,"enemies":"Hexaghost","floor":16,"turns":7},{"damage":36,"enemies":"2 Thieves","floor":18,"turns":5},{"damage":5,"enemies":"Spheric Guardian","floor":20,"turns":6},{"damage":23,"enemies":"Shelled Parasite and Fungi","floor":21,"turns":7},{"damage":0,"enemies":"Gremlin Leader","floor":24,"turns":7},{"damage":17,"enemies":"Snake Plant","floor":25,"turns":4}],"seed_played":"3024555152507276188","potions_obtained":[{"floor":7,"key":"SkillPotion"},{"floor":11,"key":"Toxic Potion"}],"is_trial":false,"path_per_floor":["M","?","?","$","M","E","M","$","T","R","?","E","M","M","R","B",null,"M","?","M","M","T","R","E","M"],"character_chosen":"REIMU","items_purchased":["StoneCalendar","SafetyPray:ReiMu"],"campfire_rested":2,"item_purchase_floors":[4,8],"current_hp_per_floor":[65,49,49,49,49,37,31,31,31,50,50,49,45,45,45,43,65,29,29,24,1,1,20,20,3,3],"gold":508,"neow_bonus":"REMOVE_CARD","is_daily":false,"chose_seed":false,"campfire_upgraded":0,"win_rate":0.0,"timestamp":1613821134,"path_taken":["M","?","?","?","M","E","M","$","T","R","?","E","M","M","R","BOSS","M","?","M","M","?","R","E","M"],"items_purchased_type":["Relic","Card"],"build_version":"2020-12-22","purchased_purges":0,"victory":false,"max_hp_per_floor":[65,65,65,65,65,65,65,65,65,65,65,65,65,65,65,65,65,65,65,65,65,65,65,65,65,65],"card_choices":[{"not_picked":["SubAcupoint:ReiMu","Enchanting:ReiMu"],"picked":"RainPray2:ReiMu","floor":1},{"not_picked":["SubcavityInstant:ReiMu","TightArray:ReiMu"],"picked":"MikOfLucky:ReiMu","floor":5},{"not_picked":["Amulet:ReiMu","RainPray2:ReiMu"],"picked":"CareerPray:ReiMu","floor":6},{"not_picked":["CareerPray:ReiMu","PrepareRite:ReiMu"],"picked":"Dreaming:ReiMu","floor":7},{"not_picked":["SpringWay:ReiMu","EmergencyTakeOff:ReiMu"],"picked":"FineLineFantasy:ReiMu","floor":11},{"not_picked":["AirStrike:ReiMu","Enchanting:ReiMu"],"picked":"SpiritualOutbreak2:ReiMu","floor":12},{"not_picked":["SpiritualOutbreak2:ReiMu","Mountainwind:ReiMu"],"picked":"SealNeedle:ReiMu","floor":13},{"not_picked":["Crusade:ReiMu","SpreadBorder2:ReiMu"],"picked":"RunawayExorcism:ReiMu","floor":14},{"not_picked":["CeremonyResonance:ReiMu","Determination:ReiMu"],"picked":"CleanRite:ReiMu","floor":16},{"not_picked":["SubAcupoint:ReiMu","TightArray:ReiMu"],"picked":"SafetyPray:ReiMu","floor":18},{"not_picked":["Intuition:ReiMu","Meditation:ReiMu"],"picked":"ForcedLanding:ReiMu","floor":20},{"not_picked":["SpringWay:ReiMu","RainPray2:ReiMu"],"picked":"YinYangSign:ReiMu","floor":21},{"not_picked":["WonderfulDomain:ReiMu+1","CareerPray:ReiMu"],"picked":"PrepareRite:ReiMu","floor":24}],"player_experience":2179373,"relics_obtained":[{"floor":3,"key":"Ring of Panic"},{"floor":3,"key":"Ring of Hypnosis"},{"floor":6,"key":"Replay:Baseball"},{"floor":9,"key":"MealTicket"},{"floor":11,"key":"Mercury Hourglass"},{"floor":12,"key":"Ancient Tea Set"},{"floor":22,"key":"Dota2Spire:OrchidMalevolence"},{"floor":24,"key":"Potion Belt"}],"event_choices":[{"damage_healed":0,"gold_gain":0,"player_choice":"Take Damage","damage_taken":16,"relics_obtained":["Golden Idol"],"max_hp_gain":0,"max_hp_loss":0,"event_name":"Golden Idol","floor":2,"gold_loss":0},{"cards_removed":["Defend_Lin:ReiMu"],"damage_healed":0,"gold_gain":0,"player_choice":"Give","damage_taken":0,"max_hp_gain":0,"max_hp_loss":0,"event_name":"betterNote:BetterNote","floor":19,"gold_loss":0,"cards_obtained":["PrismaMod:IllyaCommonDefend"]}],"is_beta":false,"boss_relics":[{"not_picked":["Astrolabe","Velvet Choker"],"picked":"Sozu"}],"items_purged_floors":[],"is_endless":false,"potions_floor_spawned":[7,12,16,18,20],"killed_by":"Snake Plant","ascension_level":1}}