{"host":"i0m6ffz3lpe3z1ky","time":1613851532,"event":{"mods":["Aspiration","BaseMod","Bestiary","BetterRewards","Colored Map","Conspire","Energized Spire","Highlight Path","Hubris","Ironclad Rager","Minty Spire (QoL Compilation)","Quick Restart","Reliquary","Shop Mod","Spicy Shops","StSLib","Thieving Mod"],"gold_per_floor":[115,77,77,87,99,133,133,163,163,163,175,193,210,8,8,104,104,119,119,47,59,59,94,94,107,107,125,159,176,202,202,202,305,305,324,324,343,343,253,279,293,32,32,66,77,87,103,119,119,119,119,119,119,145,145],"floor_reached":56,"language":"KOR","playtime":2774,"items_purged":["Strike_R","Strike_R","Decay"],"score":2377,"play_id":"284a321f-cd4d-4f0c-8a1b-82e1509ca9cc","local_time":"20210221050532","is_ascension_mode":true,"campfire_choices":[{"data":"Apotheosis","floor":7.0,"key":"SMITH"},{"data":"A Thousand Cuts","floor":15.0,"key":"SMITH"},{"data":"Corruption","floor":24.0,"key":"SMITH"},{"data":"Footwork","floor":32.0,"key":"SMITH"},{"floor":49,"key":"RECALL"},{"data":"Burst","floor":52,"key":"SMITH"}],"circlet_count":0,"master_deck":["Defend_R","Defend_R","Defend_R","Bash","Apotheosis+1","Corruption+1","Pummel","Riddle With Holes","Backflip","Dash","Choke","Blade Dance","A Thousand Cuts+1","Feed","Omniscience","Footwork+1","Study","Burst+1","Feel No Pain+1","Madness+1","Madness","Blade Dance+1","Crescendo+1","Blade Dance+1","Shrug It Off","Sadistic Nature","Metallicize","After Image"],"relics":["Burning Blood","hubris:EmptyBottle","reliquary:BrokenClock","PreservedInsect","Chemical X","aspiration:FrozenJewel","Turnip","TheAbacus","reliquary:Spinner","Membership Card","FossilizedHelix","Ice Cream","reliquary:MedicineBall","Letter Opener","reliquary:Tamtam","Darkstone Periapt","Sling","Pen Nib","Nunchaku","reliquary:Bookmark","conspire:DeflatedDodgeball","Oddly Smooth Stone","Lantern","HornCleat","reliquary:Crutches","Blood Vial","hubris:Metronome","Vajra","reliquary:PorcupineQuills","Bronze Scales","Torii","reliquary:CitrusReamer","ClockworkSouvenir","Happy Flower","reliquary:Knoch","reliquary:Boomerang","hubris:FunFungus","Eternal Feather","reliquary:NewFriend","reliquary:FingerTrap","OrangePellets","Pantograph","conspire:Boomerang","Mango","Frozen Eye","hubris:DisguiseKit","Kunai","PrismaticShard","Dream Catcher","conspire:TopHat","hubris:Teleporter","Mummified Hand","hubris:IronBody","aspiration:Nostalgia","Cracked Core","Ancient Tea Set","hubris:Towel","Sundial","hubris:CrystalStatue","reliquary:Stiletto","HandDrill","Cursed Key","Medical Kit","aspiration:HatOfInfinitePower","Art of War","aspiration:AnachronicSnailShell","hubris:ToyBattleship","aspiration:BursterCore","aspiration:FetidBarrel","reliquary:JackalopeAntler","hubris:TenFootPole","Incense Burner","Shuriken","Ginger","Ornamental Fan","reliquary:IridiumChain","hubris:SphereOfDissonance","reliquary:Sod","reliquary:BallBearing"],"acts_visited":["Exordium","TheCity","TheBeyond","TheEnding"],"potions_floor_usage":[53,53],"damage_taken":[{"damage":0.0,"enemies":"2 Louse","floor":1.0,"turns":2.0},{"damage":0.0,"enemies":"Small Slimes","floor":4.0,"turns":2.0},{"damage":0.0,"enemies":"Cultist","floor":5.0,"turns":2.0},{"damage":0.0,"enemies":"Lagavulin","floor":6.0,"turns":2.0},{"damage":0.0,"enemies":"3 Sentries","floor":8.0,"turns":2.0},{"damage":0.0,"enemies":"2 Fungi Beasts","floor":11.0,"turns":1.0},{"damage":0.0,"enemies":"Lots of Slimes","floor":12.0,"turns":1.0},{"damage":0.0,"enemies":"Blue Slaver","floor":13.0,"turns":1.0},{"damage":0.0,"enemies":"Slime Boss","floor":16.0,"turns":2.0},{"damage":0.0,"enemies":"3 Byrds","floor":18.0,"turns":2.0},{"damage":0.0,"enemies":"2 Thieves","floor":21.0,"turns":2.0},{"damage":0.0,"enemies":"Gremlin Leader","floor":23.0,"turns":2.0},{"damage":0.0,"enemies":"Cultist and Chosen","floor":25.0,"turns":3.0},{"damage":0.0,"enemies":"Snake Plant","floor":27.0,"turns":2.0},{"damage":0.0,"enemies":"Book of Stabbing","floor":28.0,"turns":2.0},{"damage":0.0,"enemies":"3 Cultists","floor":29.0,"turns":2.0},{"damage":0.0,"enemies":"Slavers","floor":30.0,"turns":1.0},{"damage":0.0,"enemies":"Champ","floor":33.0,"turns":3.0},{"damage":0.0,"enemies":"3 Darklings","floor":35.0,"turns":2.0},{"damage":0.0,"enemies":"3 Shapes","floor":37.0,"turns":2.0},{"damage":0.0,"enemies":"Nemesis","floor":40.0,"turns":3.0},{"damage":0.0,"enemies":"Maw","floor":41.0,"turns":2.0},{"damage":0,"enemies":"Reptomancer","floor":44,"turns":3},{"damage":0,"enemies":"Transient","floor":45,"turns":5},{"damage":0,"enemies":"Sphere and 2 Shapes","floor":46,"turns":1},{"damage":0,"enemies":"Maw","floor":47,"turns":4},{"damage":0,"enemies":"Jaw Worm Horde","floor":48,"turns":1},{"damage":0,"enemies":"conspire:OrnateMirror","floor":50,"turns":4},{"damage":0,"enemies":"Shield and Spear","floor":54,"turns":1},{"damage":0,"enemies":"The Heart","floor":55,"turns":4}],"seed_played":"7074940937802648651","potions_obtained":[],"is_trial":false,"path_per_floor":["M","$","?","M","M","E","R","E","T","?","M","M","M","$","R","B",null,"M","$","$","M","$","E","R","M","T","M","E","M","E","?","R","B",null,"M","?","M","?","?","E","M","$","T","E","M","M","M","M","R","B",null,"R","$","E","B",null],"character_chosen":"IRONCLAD","items_purchased":["ThievingMod:ThievingPotion","reliquary:Stiletto","HandDrill","Medical Kit","reliquary:JackalopeAntler","hubris:TenFootPole"],"campfire_rested":0,"item_purchase_floors":[0,14,14,20,42,42],"current_hp_per_floor":[58,58,58,67,76,84,90,94,94,94,94,94,94,94,94,94,94,94,94,94,98,98,98,98,98,104,108,108,112,112,112,112,112,112,112,112,115,101,101,115,115,115,115,115,115,115,115,118,118,118,118,118,118,118,118],"gold":145,"neow_bonus":"","is_daily":false,"chose_seed":false,"campfire_upgraded":5,"win_rate":0.0,"timestamp":1613851532,"path_taken":["M","$","?","M","M","E","R","E","T","?","M","M","M","$","R","BOSS","M","?","$","M","$","E","R","?","T","M","E","M","E","?","R","BOSS","M","?","M","?","?","E","M","$","T","E","M","M","?","M","R","BOSS","R","$","E","BOSS"],"items_purchased_type":["Potion","Relic","Relic","Relic","Relic","Relic"],"build_version":"2020-12-22","purchased_purges":3,"victory":true,"max_hp_per_floor":[94,94,94,94,94,94,94,94,94,94,94,94,94,94,94,94,94,94,94,94,98,98,98,98,98,104,108,108,112,112,112,112,112,112,112,112,115,115,115,115,115,115,115,115,115,115,115,118,118,118,118,118,118,118,118],"card_choices":[{"not_picked":["PiercingWail","WaveOfTheHand","BowlingBash","Slice"],"picked":"SKIP","floor":1.0},{"not_picked":["Vengeance","Burst","Ball Lightning","Finisher"],"picked":"SKIP","floor":4.0},{"not_picked":["Endless Agony","Static Discharge","Dagger Throw"],"picked":"Riddle With Holes","floor":5.0},{"not_picked":["Noxious Fumes","Feel No Pain","Dagger Throw"],"picked":"Backflip","floor":6.0},{"not_picked":["Flex","hubris:Ukulele","conspire:Charge","conspire:PoisonWeapons"],"picked":"SKIP","floor":8.0},{"not_picked":["Cloak And Dagger","CutThroughFate","WheelKick","Noxious Fumes"],"picked":"SKIP","floor":11.0},{"not_picked":["Cloak And Dagger","CutThroughFate","WheelKick","Noxious Fumes"],"picked":"SKIP","floor":11.0},{"not_picked":["Second Wind","EmptyFist","Blind","Acrobatics"],"picked":"SKIP","floor":12.0},{"not_picked":["Panacea","Whirlwind","Deadly Poison"],"picked":"A Thousand Cuts","floor":13.0},{"not_picked":["hubris:DoWhile","Apotheosis","Night Terror"],"picked":"Feed","floor":16.0},{"not_picked":["EmptyMind","Gash","Halt","Deadly Poison"],"picked":"SKIP","floor":18.0},{"not_picked":["Underhanded Strike","FlyingSleeves","Cloak And Dagger"],"picked":"Omniscience","floor":21.0},{"not_picked":["Warcry","Headbutt","Dodge and Roll+1","Bane"],"picked":"SKIP","floor":23.0},{"not_picked":["Auto Shields","Blade Dance","ThirdEye","Deflect"],"picked":"SKIP","floor":25.0},{"not_picked":["Flex","ClearTheMind","Dual Wield+1","Dagger Throw"],"picked":"SKIP","floor":27.0},{"not_picked":["Sentinel","FollowUp","Fiend Fire"],"picked":"Footwork","floor":28.0},{"not_picked":["Slice+1","Sweeping Beam","Ghostly Armor","Endless Agony"],"picked":"SKIP","floor":29.0},{"not_picked":["Heel Hook","Underhanded Strike","Setup"],"picked":"Study","floor":30.0},{"not_picked":["Fission","Mayhem","aspiration:Lunge"],"picked":"Burst","floor":33.0},{"not_picked":["Meditate","Rebound","Leap","Deflect"],"picked":"SKIP","floor":35.0},{"not_picked":["JustLucky","LessonLearned","Deflect"],"picked":"Feel No Pain+1","floor":37.0},{"not_picked":["Evolve","Consecrate","Outmaneuver"],"picked":"Blade Dance+1","floor":40.0},{"not_picked":["Blade Dance+1","Outmaneuver","Slice"],"picked":"Crescendo+1","floor":41.0},{"not_picked":["Turbo+1","Forethought","Fiend Fire","Crippling Poison"],"picked":"SKIP","floor":44},{"not_picked":["Halt+1","Reinforced Body+1","hubris:Insight+1","Calculated Gamble"],"picked":"SKIP","floor":45},{"not_picked":["Protect+1","PathToVictory","Infinite Blades"],"picked":"Blade Dance+1","floor":46},{"not_picked":["Conclude","Clothesline+1","Sword Boomerang","Dagger Spray"],"picked":"SKIP","floor":47},{"not_picked":["Hologram+1","Iron Wave+1","hubris:SlightOfHand"],"picked":"Shrug It Off","floor":48},{"not_picked":["Darkness","WheelKick","Blur+1"],"picked":"After Image","floor":54}],"player_experience":416326,"relics_obtained":[{"floor":6.0,"key":"Sundial"},{"floor":8.0,"key":"hubris:CrystalStatue"},{"floor":23.0,"key":"aspiration:HatOfInfinitePower"},{"floor":26.0,"key":"Art of War"},{"floor":28.0,"key":"aspiration:AnachronicSnailShell"},{"floor":30.0,"key":"hubris:ToyBattleship"},{"floor":40.0,"key":"aspiration:FetidBarrel"},{"floor":44,"key":"Incense Burner"},{"floor":54,"key":"reliquary:BallBearing"}],"event_choices":[{"damage_healed":0.0,"max_hp_gain":0.0,"max_hp_loss":0.0,"gold_gain":0.0,"event_name":"Ghosts","player_choice":"Ignored","floor":31.0,"gold_loss":0.0,"damage_taken":0.0},{"damage_healed":0.0,"max_hp_gain":0.0,"max_hp_loss":0.0,"gold_gain":0.0,"event_name":"conspire:Investor","player_choice":"Leave","floor":36.0,"gold_loss":0.0,"damage_taken":0.0},{"damage_healed":0.0,"max_hp_gain":0.0,"max_hp_loss":0.0,"gold_gain":0.0,"event_name":"Winding Halls","player_choice":"Embrace Madness","floor":38.0,"gold_loss":0.0,"damage_taken":14.0,"cards_obtained":["Madness","Madness"]},{"cards_removed":["Strike_R"],"damage_healed":0.0,"max_hp_gain":0.0,"max_hp_loss":0.0,"gold_gain":0.0,"event_name":"Designer","player_choice":"Upgrade and Remove","floor":39.0,"gold_loss":90.0,"damage_taken":0.0,"cards_upgraded":["Madness"]}],"is_beta":false,"boss_relics":[{"not_picked":["aspiration:PoetsPen_weak","energizedSpire:StickyHand"],"picked":"Cursed Key"},{"not_picked":["Mark of Pain","Runic Cube"],"picked":"aspiration:BursterCore"}],"items_purged_floors":[2,14,42],"is_endless":false,"potions_floor_spawned":[6,11,12,21,23,28,30,35,44,45,48,54],"ascension_level":9}}