{"host":"5dhwd44u3dydylwe","time":1613788982,"event":{"mods":["AchievementEnabler","BaseMod","BetterRewards","Dota2Spire","Duelist Mod","GifTheSpireLib","Hubris","Minty Spire (QoL Compilation)","Shop Mod","StSLib","Wandering Minibosses"],"gold_per_floor":[162,162,197,197,197,258,258,106,167,167,167,167,196,245,245,245,314,314,434,434,482,516,565,496,523,574,616,655,667,703,742,754,808,882,905,917,929,941,953,1062,1074,1125,1151,1163,1205,1217,1264,130,130,143,170,202,202,202,202,237,237,257,257,257,16,64,84],"floor_reached":64,"language":"ENG","playtime":6941,"items_purged":["theDuelist:FreezeToken","theDuelist:Sparks","theDuelist:Sparks","theDuelist:CastleWalls","theDuelist:CastleWalls","Writhe","theDuelist:ColossalFighter"],"score":2625,"play_id":"e138fbd5-0efb-449c-a2ab-0130d0a14802","local_time":"20210220104302","is_ascension_mode":true,"campfire_choices":[{"floor":7.0,"key":"REST"},{"floor":16.0,"key":"REST"},{"data":"theDuelist:Sogen","floor":18.0,"key":"SMITH"},{"floor":32.0,"key":"RECALL"},{"data":"theDuelist:SuperheavyGeneral","floor":36.0,"key":"SMITH"},{"floor":38.0,"key":"REST"},{"data":"theDuelist:MagnumShield+1","floor":39.0,"key":"SMITH"},{"data":"theDuelist:MagnumShield+2","floor":49.0,"key":"SMITH"},{"data":"theDuelist:Nameless:War:SpiralSpearStrike","floor":55,"key":"SMITH"},{"data":"theDuelist:Nameless:War:SpiralSpearStrike+1","floor":57,"key":"SMITH"},{"data":"theDuelist:Nameless:War:SpiralSpearStrike+2","floor":60,"key":"SMITH"}],"circlet_count":0,"master_deck":["Madness+1","theDuelist:SuperheavySoulshield+1","theDuelist:Metronome+1","theDuelist:SwordsConcealing+1","theDuelist:SuperheavyGeneral+1","theDuelist:SuperheavySoulbuster","theDuelist:ReinforcementsArmy+1","theDuelist:HerculeanPower+1","theDuelist:MagnumShield+3","theDuelist:ReinforceTruth+1","theDuelist:FeedbackWarrior","theDuelist:HardArmor+1","theDuelist:SuperheavySoulbuster+1","theDuelist:Flint+1","theDuelist:ComboMaster","theDuelist:CommandKnight+1","theDuelist:MillenniumShield+1","theDuelist:FeedbackWarrior","theDuelist:BetaMagnet","theDuelist:RainbowKuriboh+1","theDuelist:FightingSpirit+1","theDuelist:MightyWarrior","theDuelist:Sogen+1","theDuelist:ScrapFactory+1","theDuelist:HeartUnderdog+1","theDuelist:Nameless:Greed:BerserkerCrush","theDuelist:Nameless:War:SpiralSpearStrike+3","theDuelist:Wiretap+5"],"relics":["theDuelist:MillenniumPuzzle","theDuelist:CardPoolRelic","theDuelist:CardPoolBasicRelic","theDuelist:BoosterPackPoolRelic","theDuelist:CardPoolAddRelic","theDuelist:CardPoolMinusRelic","theDuelist:CardPoolSaveRelic","theDuelist:CardPoolOptionsRelic","Membership Card","Pear","theDuelist:MerchantNecklace","theDuelist:BoosterBetterBoostersRelic","theDuelist:AknamkanonsEssence","Toxic Egg 2","Dota2Spire:PhaseBoots","Sundial","hubris:Towel","TungstenRod","Nunchaku","Medical Kit","theDuelist:MillenniumPrayerbook","Kunai","Dota2Spire:AghanimScepter","Lantern","Frozen Egg 2","Dota2Spire:MagicBottle","theDuelist:GamblerChip","wanderingMiniBosses:AbyssPearl","MawBank","Potion Belt","White Beast Statue","Happy Flower","hubris:BallOfYels","Dota2Spire:CrimsonGuard","Philosopher\u0027s Stone","theDuelist:MillenniumRod","Toy Ornithopter","Dota2Spire:EyeOfSkadi","theDuelist:DuelistTeaSet","OrangePellets","Dota2Spire:EchoSabre","theDuelist:YugiMirror","Dota2Spire:ArcaneBoots","Lee\u0027s Waffle","Dota2Spire:PowerTreads","Oddly Smooth Stone","Dota2Spire:UrnOfShadows","Self Forming Clay","Bag of Marbles"],"acts_visited":["Exordium","TheCity","TheBeyond","TheEnding"],"potions_floor_usage":[63,63,63,63,63],"damage_taken":[{"damage":0.0,"enemies":"Cultist","floor":1.0,"turns":3.0},{"damage":0.0,"enemies":"2 Louse","floor":3.0,"turns":3.0},{"damage":4.0,"enemies":"Lagavulin","floor":6.0,"turns":6.0},{"damage":0.0,"enemies":"Gremlin Nob","floor":9.0,"turns":3.0},{"damage":0.0,"enemies":"Jaw Worm","floor":13.0,"turns":2.0},{"damage":0.0,"enemies":"Gremlin Gang","floor":14.0,"turns":4.0},{"damage":0.0,"enemies":"3 Sentries","floor":17.0,"turns":3.0},{"damage":0.0,"enemies":"The Guardian","floor":19.0,"turns":5.0},{"damage":0.0,"enemies":"Chosen","floor":21.0,"turns":5.0},{"damage":7.0,"enemies":"2 Thieves","floor":22.0,"turns":5.0},{"damage":0.0,"enemies":"Chosen and Byrds","floor":23.0,"turns":6.0},{"damage":8.0,"enemies":"Snake Plant","floor":25.0,"turns":4.0},{"damage":0.0,"enemies":"Gremlin Leader","floor":26.0,"turns":7.0},{"damage":7.0,"enemies":"Centurion and Healer","floor":27.0,"turns":5.0},{"damage":0.0,"enemies":"theDuelist:KaibaA2","floor":28.0,"turns":6.0},{"damage":6.0,"enemies":"Shelled Parasite and Fungi","floor":33.0,"turns":5.0},{"damage":0.0,"enemies":"Slavers","floor":34.0,"turns":10.0},{"damage":3.0,"enemies":"3 Cultists","floor":35.0,"turns":6.0},{"damage":27.0,"enemies":"Champ","floor":40.0,"turns":6.0},{"damage":7.0,"enemies":"3 Shapes","floor":42.0,"turns":6.0},{"damage":11.0,"enemies":"3 Darklings","floor":43.0,"turns":4.0},{"damage":33.0,"enemies":"Sphere and 2 Shapes","floor":45.0,"turns":9.0},{"damage":11.0,"enemies":"Reptomancer","floor":47.0,"turns":7.0},{"damage":0.0,"enemies":"4 Shapes","floor":50.0,"turns":5.0},{"damage":0,"enemies":"Giant Head","floor":52,"turns":4},{"damage":0,"enemies":"Spire Growth","floor":56,"turns":3},{"damage":24,"enemies":"Donu and Deca","floor":58,"turns":5},{"damage":0,"enemies":"Shield and Spear","floor":62,"turns":5},{"damage":0,"enemies":"The Heart","floor":63,"turns":8}],"seed_played":"-6546637597862908923","potions_obtained":[{"floor":3.0,"key":"theDuelist:OrbBottle"},{"floor":9.0,"key":"GamblersBrew"},{"floor":19.0,"key":"theDuelist:TokenPotionB"},{"floor":22.0,"key":"FearPotion"},{"floor":33.0,"key":"theDuelist:FreezingPotion"},{"floor":34.0,"key":"LiquidBronze"},{"floor":35.0,"key":"theDuelist:BurningPotion"},{"floor":45.0,"key":"theDuelist:SealedPackB"},{"floor":47.0,"key":"theDuelist:OrbBottle"},{"floor":52,"key":"LiquidMemories"},{"floor":62,"key":"CultistPotion"}],"is_trial":false,"path_per_floor":["M","?","M","?","?","E","R","$","E","$","T","T","M","M","?","R","E","R","B",null,"M","M","M","$","M","E","M","E","?","T","T","R","M","E","M","R","T","R","R","B",null,"M","M","?","M","?","E","$","R","M","T","E","?","?","R","M","R","B",null,"R","$","E","B",null],"character_chosen":"THE_DUELIST","items_purchased":["Membership Card","Pear","theDuelist:MerchantNecklace","theDuelist:Sogen","theDuelist:BoosterBetterBoostersRelic","theDuelist:BetaMagnet","theDuelist:AknamkanonsEssence","Toxic Egg 2","theDuelist:MonsterEggRelic","Dota2Spire:PhaseBoots","theDuelist:ReinforcementsArmy+1","Sundial","theDuelist:ReinforceTruth","theDuelist:HardArmor+1","theDuelist:MillenniumElixir","Nunchaku","Medical Kit","Dota2Spire:HealingSalve","Kunai","Dota2Spire:AghanimScepter","theDuelist:Flint+1","theDuelist:DestructPotionPot","Toy Ornithopter","Dota2Spire:EyeOfSkadi","theDuelist:DuelistTeaSet","OrangePellets","Dota2Spire:EchoSabre","theDuelist:YugiMirror","Dota2Spire:ArcaneBoots","Lee\u0027s Waffle","Dota2Spire:PowerTreads","Self Forming Clay"],"campfire_rested":3,"item_purchase_floors":[0,0,0,0,0,0,0,0,0,0,0,0,0,0,0,8,8,10,10,10,24,24,48,48,48,48,48,48,48,48,48,61],"current_hp_per_floor":[34,16,16,16,16,12,39,39,39,6,6,6,6,15,15,42,42,42,42,78,78,74,74,74,66,66,59,59,59,59,59,59,53,53,50,50,50,77,77,50,80,73,62,62,56,56,45,120,120,120,120,120,120,139,139,139,139,115,133,133,133,133,139],"gold":84,"neow_bonus":"","is_daily":false,"chose_seed":false,"campfire_upgraded":7,"win_rate":0.0,"timestamp":1613788982,"path_taken":["M","?","M","?","?","E","R","$","E","?","T","T","M","M","?","R","E","R","BOSS","M","M","?","$","M","E","M","E","?","T","T","R","M","E","M","R","?","R","R","BOSS","M","M","?","M","?","E","$","R","?","T","E","?","?","R","M","R","BOSS","R","$","E","BOSS"],"items_purchased_type":["Relic","Relic","Relic","Card","Relic","Card","Relic","Relic","Relic","Relic","Card","Relic","Card","Card","Potion","Relic","Relic","Potion","Relic","Relic","Card","Potion","Relic","Relic","Relic","Relic","Relic","Relic","Relic","Relic","Relic","Relic"],"build_version":"2020-12-22","purchased_purges":7,"victory":true,"max_hp_per_floor":[90,90,90,90,90,90,90,90,90,90,90,90,90,90,90,90,90,90,90,90,90,90,90,90,90,90,90,90,90,90,90,90,90,90,90,90,90,90,90,90,90,90,90,90,108,108,108,120,120,120,120,120,120,139,139,139,139,139,139,139,139,139,139],"card_choices":[{"not_picked":["theDuelist:HeroRing+1","theDuelist:GlowingCrossbow+1","theDuelist:SwordDragonSoul","theDuelist:LightningBlade","theDuelist:SuperheavyBenkei"],"picked":"SKIP","floor":1.0},{"not_picked":["theDuelist:BattleWarrior","theDuelist:SuperheavySwordsman","theDuelist:MeteorDestruction","theDuelist:MightyWarrior"],"picked":"theDuelist:ScrapFactory+1","floor":3.0},{"not_picked":["theDuelist:MeteorDestruction","theDuelist:CombinationAttack","theDuelist:EgoBoost+1","theDuelist:ElectromagneticShield"],"picked":"theDuelist:MagnumShield+1","floor":6.0},{"not_picked":["theDuelist:MeteorDestruction","theDuelist:MightyWarrior","theDuelist:BullBlader","theDuelist:SuperheavyOgre","theDuelist:MaxWarrior"],"picked":"SKIP","floor":9.0},{"not_picked":["theDuelist:MeteorDestruction","theDuelist:JudgeMan","theDuelist:CelticGuardian","theDuelist:AlphaMagnet","theDuelist:BattleWarrior"],"picked":"SKIP","floor":13.0},{"not_picked":["theDuelist:ColossalFighter","theDuelist:HardArmor+1","theDuelist:BullBlader","theDuelist:MagnumShield+1","theDuelist:PurplePainOni+1"],"picked":"SKIP","floor":14.0},{"not_picked":["theDuelist:MillenniumShield+1","theDuelist:LightLaser+1","theDuelist:GlowingCrossbow+1","theDuelist:SuperheavyBenkei"],"picked":"theDuelist:ComboMaster","floor":17.0},{"not_picked":["theDuelist:MillenniumShield+1","theDuelist:GravityLash","theDuelist:GlowingCrossbow+1","theDuelist:GladiatorReturn+1"],"picked":"theDuelist:SwordsConcealing+1","floor":19.0},{"not_picked":["theDuelist:SuperheavySwordsman","theDuelist:GoyoDefender+1","theDuelist:BetaMagnet+1","theDuelist:SuperheavyBlueBrawler"],"picked":"theDuelist:SuperheavySoulbuster+1","floor":21.0},{"not_picked":["theDuelist:BlueBloodedOni+1","theDuelist:GreenGraveOni+1","theDuelist:GreyGreedOni+1","theDuelist:RainbowOverdragon"],"picked":"theDuelist:RainbowKuriboh+1","floor":22.0},{"not_picked":["theDuelist:BladeArmorNinja","theDuelist:SteamTrainKing","theDuelist:PurplePainOni+1","theDuelist:GoyoEmperor+1"],"picked":"theDuelist:GammaMagnet+1","floor":23.0},{"not_picked":["theDuelist:RockstoneWarrior","theDuelist:ValkMagnet","theDuelist:BetaMagnet+1","theDuelist:AlphaMagnet+1"],"picked":"theDuelist:PotForbidden+1","floor":25.0},{"not_picked":["theDuelist:FortressWarrior","theDuelist:WarriorReturningAlive+1","theDuelist:ComboMaster+1","theDuelist:GoyoEmperor+1"],"picked":"theDuelist:MillenniumShield+1","floor":26.0},{"not_picked":["theDuelist:Flint+1","theDuelist:WeaponChange+1","theDuelist:Sogen+1"],"picked":"theDuelist:SuperheavySoulshield+1","floor":27.0},{"not_picked":["theDuelist:SwordsConcealing+1","theDuelist:HeartUnderdog+1","theDuelist:GoyoEmperor+1","theDuelist:HiddenArmory+1"],"picked":"theDuelist:HerculeanPower+1","floor":28.0},{"not_picked":["theDuelist:GilfordLegend+1","theDuelist:GreyGreedOni+1","theDuelist:Blockman","theDuelist:PotGenerosity+1"],"picked":"theDuelist:Metronome+1","floor":33.0},{"not_picked":["theDuelist:CelticGuardian+1","theDuelist:BattleWarrior","theDuelist:ArmorBreaker+1","theDuelist:DarkCrusader+1","theDuelist:MightyWarrior"],"picked":"SKIP","floor":34.0},{"not_picked":["theDuelist:CelticGuardian+1","theDuelist:BattleWarrior","theDuelist:ArmorBreaker+1","theDuelist:DarkCrusader+1","theDuelist:MightyWarrior"],"picked":"SKIP","floor":34.0},{"not_picked":["theDuelist:CrystalTree+1","theDuelist:ElfLight+1","theDuelist:HeroRing+1","theDuelist:MillenniumShield+1"],"picked":"theDuelist:SuperheavyGeneral","floor":35.0},{"not_picked":["theDuelist:SwordsConcealing+1","theDuelist:CrystalTree+1","theDuelist:LightLaser+1","theDuelist:SpiritForce+1"],"picked":"theDuelist:FightingSpirit+1","floor":40.0},{"not_picked":["theDuelist:AlphaMagnet","theDuelist:BattleWarrior","theDuelist:FeedbackWarrior","theDuelist:MightyWarrior+1","theDuelist:MeteorDestruction"],"picked":"SKIP","floor":42.0},{"not_picked":["theDuelist:CombinationAttack","theDuelist:BetaMagnet+1","theDuelist:SoldierLady+1","theDuelist:DarkBurningAttack+1","theDuelist:DarkCrusader+1"],"picked":"SKIP","floor":43.0},{"not_picked":["theDuelist:BlueBloodedOni+1","theDuelist:GreenGraveOni+1","theDuelist:RedHeadedOni+1","theDuelist:YellowBelliedOni+1"],"picked":"SKIP","floor":45.0},{"not_picked":["theDuelist:AssaultArmor+1","theDuelist:MeteorDestruction","theDuelist:DarkBurningAttack+1","theDuelist:MagnumShield+2","theDuelist:EulerCircuit+1"],"picked":"SKIP","floor":47.0},{"not_picked":["theDuelist:JudgeMan","theDuelist:FeedbackWarrior+1","theDuelist:MightyWarrior","theDuelist:SoldierLady","theDuelist:CrossAttack+1"],"picked":"SKIP","floor":50.0},{"not_picked":["theDuelist:FlameSwordsman+1","theDuelist:MillenniumShield+1","theDuelist:GoyoKing+1","theDuelist:HiddenArmory+1"],"picked":"theDuelist:HeartUnderdog+1","floor":52},{"not_picked":["theDuelist:CrossAttack","theDuelist:CombinationAttack+1","theDuelist:WarriorReturningAlive+1","theDuelist:LegendaryBlackBelt+1","theDuelist:Sogen+1"],"picked":"SKIP","floor":56},{"not_picked":["theDuelist:BattleguardKing+1","theDuelist:DestroyerGolem+1","theDuelist:FuryFire+4","theDuelist:GiantSoldierSteel+1"],"picked":"theDuelist:Wiretap+5","floor":62}],"player_experience":229371,"relics_obtained":[{"floor":6.0,"key":"TungstenRod"},{"floor":9.0,"key":"theDuelist:MillenniumPrayerbook"},{"floor":11.0,"key":"Lantern"},{"floor":12.0,"key":"Frozen Egg 2"},{"floor":17.0,"key":"Dota2Spire:MagicBottle"},{"floor":23.0,"key":"wanderingMiniBosses:AbyssPearl"},{"floor":26.0,"key":"MawBank"},{"floor":28.0,"key":"Potion Belt"},{"floor":30.0,"key":"Happy Flower"},{"floor":34.0,"key":"hubris:BallOfYels"},{"floor":37.0,"key":"Dota2Spire:CrimsonGuard"},{"floor":47.0,"key":"theDuelist:MillenniumRod"},{"floor":51.0,"key":"Oddly Smooth Stone"},{"floor":52,"key":"Dota2Spire:UrnOfShadows"},{"floor":62,"key":"Bag of Marbles"}],"event_choices":[{"damage_healed":0.0,"max_hp_gain":0.0,"max_hp_loss":0.0,"gold_gain":0.0,"event_name":"Shining Light","player_choice":"Entered Light","floor":2.0,"gold_loss":0.0,"damage_taken":18.0,"cards_upgraded":["theDuelist:CommandKnight","theDuelist:ReinforceTruth"]},{"damage_healed":0.0,"max_hp_gain":0.0,"max_hp_loss":0.0,"gold_gain":0.0,"event_name":"Battle City","player_choice":"Leave","duelist":true,"floor":4.0,"gold_loss":0.0,"damage_taken":0.0},{"damage_healed":0.0,"max_hp_gain":0.0,"max_hp_loss":0.0,"gold_gain":0.0,"event_name":"Tomb of the Nameless","player_choice":"Offering - offered Monster Egg Relic","duelist":true,"floor":15.0,"gold_loss":0.0,"damage_taken":0.0},{"damage_healed":0.0,"max_hp_gain":0.0,"max_hp_loss":0.0,"gold_gain":0.0,"event_name":"The Mausoleum","player_choice":"Opened","floor":29.0,"gold_loss":0.0,"damage_taken":0.0,"relics_obtained":["White Beast Statue"],"cards_obtained":["Writhe"]},{"damage_healed":0.0,"max_hp_gain":0.0,"max_hp_loss":0.0,"gold_gain":0.0,"event_name":"Relic Duplicator","player_choice":"Leave","duelist":true,"floor":44.0,"gold_loss":0.0,"damage_taken":0.0},{"damage_healed":0.0,"max_hp_gain":0.0,"max_hp_loss":0.0,"gold_gain":0.0,"event_name":"Egyptian Village","player_choice":"Leave","duelist":true,"floor":46.0,"gold_loss":0.0,"damage_taken":0.0},{"damage_healed":0,"gold_gain":0,"player_choice":"Leave","duelist":true,"damage_taken":0,"max_hp_gain":0,"max_hp_loss":0,"event_name":"Millennium Items","floor":53,"gold_loss":0},{"total_magic_score":105,"gold_gain":0,"greed_reward":4,"duelist":true,"damage_taken":0,"relics_obtained":[],"points":14,"war_reward":4,"max_hp_gain":19,"max_hp_loss":0,"spent_points":{"magic":2,"greed":4,"war":4,"power":0,"hunger":4},"event_name":"Nameless Tomb","hunger_reward":4,"floor":54,"gold_loss":0,"cards_obtained":["theDuelist:Nameless:Greed:BerserkerCrush","theDuelist:Nameless:War:SpiralSpearStrike"]}],"is_beta":false,"boss_relics":[{"not_picked":["SacredBark","theDuelist:ElectricKey"],"picked":"theDuelist:GamblerChip"},{"not_picked":["hubris:GrandSneckoEye","Empty Cage"],"picked":"Philosopher\u0027s Stone"}],"items_purged_floors":[0,0,0,0,0,48,61],"is_endless":false,"potions_floor_spawned":[3,6,9,19,22,27,33,34,35,40,42,43,45,47,50,52,56,62],"ascension_level":9}}