{"host":"5tzvto3beate6p8b","time":1613851486,"event":{"mods":["BaseMod","Colored Map","Minty Spire (QoL Compilation)","StSLib","SuperFastMode"],"gold_per_floor":[115,115,190,205,38,64,64,77,77,94,112,141,141,106,106,106,106],"floor_reached":16,"language":"JPN","playtime":420,"items_purged":["Strike_B"],"score":263,"play_id":"e79e2cf6-c54a-4c88-9ae6-5913a0685119","local_time":"20210221050446","is_ascension_mode":true,"campfire_choices":[{"data":"Electrodynamics","floor":7,"key":"SMITH"},{"data":"Tempest","floor":13,"key":"SMITH"},{"data":"Zap","floor":15,"key":"SMITH"}],"circlet_count":0,"master_deck":["AscendersBane","Strike_B","Strike_B","Defend_B","Defend_B","Defend_B","Defend_B","Zap+1","Dualcast","Melter","Doom and Gloom","Capacitor","Ball Lightning","Electrodynamics+1","Storm","Ball Lightning","Go for the Eyes","Tempest+1"],"relics":["Cracked Core","NeowsBlessing","Turnip","Symbiotic Virus","Vajra"],"acts_visited":["Exordium"],"potions_floor_usage":[12,16],"damage_taken":[{"damage":0,"enemies":"Cultist","floor":1,"turns":1},{"damage":0,"enemies":"Small Slimes","floor":4,"turns":1},{"damage":0,"enemies":"Gremlin Nob","floor":6,"turns":1},{"damage":0,"enemies":"2 Louse","floor":8,"turns":1},{"damage":6,"enemies":"Looter","floor":10,"turns":2},{"damage":2,"enemies":"3 Louse","floor":11,"turns":2},{"damage":8,"enemies":"Lagavulin","floor":12,"turns":5},{"damage":48,"enemies":"The Guardian","floor":16,"turns":8}],"seed_played":"936070738682563419","potions_obtained":[{"floor":8,"key":"SteroidPotion"},{"floor":10,"key":"Block Potion"},{"floor":12,"key":"Energy Potion"}],"is_trial":false,"path_per_floor":["M","?","?","M","$","E","R","M","T","M","M","E","R","?","R","B"],"character_chosen":"DEFECT","items_purchased":["Capacitor","Ball Lightning"],"campfire_rested":0,"item_purchase_floors":[5,5],"current_hp_per_floor":[64,57,46,46,46,46,46,46,46,40,38,30,30,47,47,0,0],"gold":106,"neow_bonus":"THREE_ENEMY_KILL","is_daily":false,"chose_seed":false,"campfire_upgraded":3,"win_rate":0.0,"timestamp":1613851486,"path_taken":["M","?","?","M","$","E","R","M","T","M","M","E","R","?","R","BOSS"],"items_purchased_type":["Card","Card"],"build_version":"2020-12-22","purchased_purges":1,"victory":false,"max_hp_per_floor":[71,71,71,71,71,71,71,71,71,71,71,71,71,71,71,71,71],"card_choices":[{"not_picked":["Turbo","Rebound"],"picked":"Melter","floor":1},{"not_picked":["Compile Driver","Rebound"],"picked":"Doom and Gloom","floor":4},{"not_picked":["Streamline","Cold Snap"],"picked":"Electrodynamics","floor":6},{"not_picked":["Skim","Cold Snap"],"picked":"Storm","floor":8},{"not_picked":["Aggregate","Hologram"],"picked":"Ball Lightning","floor":10},{"not_picked":["Beam Cell","Redo"],"picked":"Go for the Eyes","floor":11},{"not_picked":["Streamline","Fusion"],"picked":"Tempest","floor":12}],"player_experience":823125,"relics_obtained":[{"floor":6,"key":"Turnip"},{"floor":9,"key":"Symbiotic Virus"},{"floor":12,"key":"Vajra"}],"event_choices":[{"cards_removed":["Strike_B"],"damage_healed":0,"gold_gain":0,"player_choice":"Card Removal","damage_taken":7,"max_hp_gain":0,"max_hp_loss":0,"event_name":"Golden Wing","floor":2,"gold_loss":0},{"damage_healed":0,"gold_gain":75,"player_choice":"Gather Gold","damage_taken":11,"max_hp_gain":0,"max_hp_loss":0,"event_name":"World of Goop","floor":3,"gold_loss":0},{"damage_healed":17,"gold_gain":0,"player_choice":"Healed","damage_taken":0,"max_hp_gain":0,"max_hp_loss":0,"event_name":"The Cleric","floor":14,"gold_loss":35}],"is_beta":false,"boss_relics":[],"items_purged_floors":[5],"is_endless":false,"potions_floor_spawned":[8,10,12],"killed_by":"The Guardian","ascension_level":19}}