{"host":"0ueeacaatm8t6jyh","time":1613823644,"event":{"mods":["AchievementEnabler","BaseMod","Colored Powertips","Minty Spire (QoL Compilation)","Quick Restart","Rare Cards Sparkle","Shop Mod","StSLib"],"gold_per_floor":[113,38,52,52,52,82,94,94,145,145,161,61,61,79,79,79,79,79],"floor_reached":17,"language":"ZHS","playtime":440,"items_purged":["Defend_B","Strike_B"],"score":194,"play_id":"d050fb12-2e73-4f7e-b681-737dd0287fe6","local_time":"20210220202044","is_ascension_mode":true,"campfire_choices":[{"floor":8.0,"key":"REST"},{"data":"Coolheaded","floor":10.0,"key":"SMITH"},{"data":"Hologram","floor":13.0,"key":"SMITH"},{"floor":15,"key":"REST"},{"data":"Ball Lightning","floor":16,"key":"SMITH"}],"circlet_count":0,"master_deck":["AscendersBane","Strike_B","Strike_B","Defend_B","Defend_B+1","Defend_B","Zap","Dualcast+1","Blizzard","Multi-Cast","Coolheaded+1","Hologram+1","Ball Lightning+1"],"relics":["Cracked Core","War Paint","Regal Pillow","Bag of Preparation"],"acts_visited":["Exordium"],"potions_floor_usage":[14,17],"damage_taken":[{"damage":2.0,"enemies":"Jaw Worm","floor":1.0,"turns":3.0},{"damage":8.0,"enemies":"Small Slimes","floor":3.0,"turns":4.0},{"damage":42.0,"enemies":"Gremlin Nob","floor":6.0,"turns":5.0},{"damage":7.0,"enemies":"2 Louse","floor":7.0,"turns":2.0},{"damage":5.0,"enemies":"Looter","floor":11.0,"turns":4.0},{"damage":13,"enemies":"Large Slime","floor":14,"turns":6},{"damage":60,"enemies":"Slime Boss","floor":17,"turns":7}],"seed_played":"-1498413338164358831","potions_obtained":[{"floor":3.0,"key":"FearPotion"},{"floor":6.0,"key":"Strength Potion"},{"floor":11.0,"key":"EntropicBrew"}],"is_trial":false,"path_per_floor":["M","$","M","?","?","E","M","R","T","R","M","$","R","M","R","R","B"],"character_chosen":"DEFECT","items_purchased":[],"campfire_rested":2,"item_purchase_floors":[],"current_hp_per_floor":[62,62,54,54,54,12,5,41,41,41,36,36,36,23,59,59,20,20],"gold":79,"neow_bonus":"RANDOM_COMMON_RELIC","is_daily":false,"chose_seed":false,"campfire_upgraded":3,"win_rate":0.0,"timestamp":1613823644,"path_taken":["M","$","M","?","?","E","M","R","T","R","M","$","R","M","R","R","BOSS"],"items_purchased_type":[],"build_version":"2020-12-22","purchased_purges":2,"victory":false,"max_hp_per_floor":[71,71,71,71,71,71,71,71,71,71,71,71,71,71,71,71,71,71],"card_choices":[{"not_picked":["Compile Driver","Leap"],"picked":"Blizzard","floor":1.0},{"not_picked":["Beam Cell","Stack","Steam Power"],"picked":"SKIP","floor":3.0},{"not_picked":["BootSequence","Darkness","Static Discharge"],"picked":"SKIP","floor":6.0},{"not_picked":["Conserve Battery","Turbo"],"picked":"Coolheaded","floor":7.0},{"not_picked":["Barrage","Gash"],"picked":"Hologram","floor":11.0},{"not_picked":["Go for the Eyes","Leap"],"picked":"Ball Lightning","floor":14}],"player_experience":567221,"relics_obtained":[{"floor":6.0,"key":"Regal Pillow"},{"floor":9.0,"key":"Bag of Preparation"}],"event_choices":[{"damage_healed":0.0,"max_hp_gain":0.0,"max_hp_loss":0.0,"gold_gain":0.0,"event_name":"Liars Game","player_choice":"Ignored","floor":4.0,"gold_loss":0.0,"damage_taken":0.0},{"damage_healed":0.0,"max_hp_gain":0.0,"max_hp_loss":0.0,"gold_gain":0.0,"cards_transformed":["Strike_B"],"event_name":"Living Wall","player_choice":"Change","floor":5.0,"gold_loss":0.0,"damage_taken":0.0,"cards_obtained":["Multi-Cast"]}],"is_beta":false,"boss_relics":[],"items_purged_floors":[2,12],"is_endless":false,"potions_floor_spawned":[3,6,11],"killed_by":"Slime Boss","ascension_level":17}}