{"host":"am9dcwhv7hq2nlsk","time":1613820947,"event":{"mods":["ATMod(阿瑾Mod)","AchievementEnabler","Act Like it!","Aspiration","BaseMod","BetterRewards","Conspire","Custom Start","Dota2Spire","Marisa（F雨　魔理沙）","Minty Spire (QoL Compilation)","Reimu（博丽灵梦）","Remilia（蕾米莉亚）","Replay The Spire","RumiaBox-露米娅的神秘盒子","Shop Mod","Spicy Shops","StSLib","TestMod","The Cursed","The Hierophant","UnlockEverythingMod","[IsaacMod]以撒尖塔","noobMod","【遗物卡牌】REMEMod","篝火指南"],"gold_per_floor":[112,202,202,2,42,70,81,108,161,200,220,241,261,275,275,365,365,407,237,253,274,274,126,154,154,154,212,225,225,279,314,314,418,418,431,431,431,446,446,147,214,187,187,211,226,302,319,406,406,406,435,435,435,114,144,173],"floor_reached":57,"language":"ZHS","playtime":3589,"items_purged":["Strike_R","Strike_R"],"score":3840,"play_id":"643e088c-76b5-4d48-b725-4162db11356b","local_time":"20210220193547","is_ascension_mode":true,"campfire_choices":[{"floor":15,"key":"RECALL"},{"data":"conspire:Purge+1","floor":49,"key":"PURGE"},{"data":"Heavy Blade","floor":53,"key":"SMITH"}],"circlet_count":0,"master_deck":["AscendersBane","Bash","Feed","AT_DiedThrough+1","AT_FamilyPortrait+1","Battle Trance+1","Power Through+1","AT_CaressingTears+1","Whirlwind","Armaments+1","AT_ShrugMaster+1","Barricade+1","AT_ShrugMaster+1","REME_ACTH+1","Heavy Blade+1","AT_BodySlamDance+1","Entrench+1","REME_ProfessionalPlagiarism+1"],"relics":["Burning Blood","testmod-TestBox","HushsDoor","REME_ComplimentaryCards","AT_ATBox","ice","testmod-PortableAltar","BookOfRevelations","Dota2Spire:AssaultCuirass","Chemical X","Toxic Egg 2","ChaoDraw","Iron Hammer","Orrery","Lantern","EdensBlessing","Frozen Egg 2","AT_BellowingDragoncrestRing","Dota2Spire:LotusOrb","testmod-Acrobat","Dota2Spire:Vanguard","Sozu","aspiration:ArtOfWarUpgrade","testmod-Charity","AT_ChloranthyRing","Dota2Spire:HandOfMidas","ReplayTheSpireMod:TigerMarble","MutagenicStrength","Vajra","Mark of Pain","ReplayTheSpireMod:Ring of Challenge","Ring of Fury","Membership Card","Gremlin Horn","Replay:Bandana","AT_BladeRuinedKing","Sundial","CatCart","testmod-Hope","Dota2Spire:ShadowBlade","AT_EbonyIvory"],"acts_visited":["Exordium","TheCity","TheBeyond","TheEnding"],"potions_floor_usage":[10,18],"damage_taken":[{"damage":10.0,"enemies":"conspire:RoseBush","floor":1.0,"turns":1.0},{"damage":1.0,"enemies":"Gremlin Nob","floor":6.0,"turns":2.0},{"damage":0.0,"enemies":"Cultist","floor":7.0,"turns":1.0},{"damage":3,"enemies":"Replay:BlueRogue","floor":8,"turns":2},{"damage":3,"enemies":"3 Sentries","floor":10,"turns":5},{"damage":0,"enemies":"Jaw Worm","floor":11,"turns":1},{"damage":4,"enemies":"conspire:2 RoseBushes","floor":12,"turns":3},{"damage":0,"enemies":"3 Louse","floor":13,"turns":1},{"damage":3,"enemies":"Blue Slaver","floor":14,"turns":5},{"damage":0,"enemies":"Fading Forest","floor":16,"turns":10},{"damage":0,"enemies":"2 Thieves","floor":18,"turns":2},{"damage":5,"enemies":"Shell Parasite","floor":20,"turns":2},{"damage":0,"enemies":"Snake Plant","floor":21,"turns":1},{"damage":9,"enemies":"conspire:SneckoGhost","floor":24,"turns":3},{"damage":0,"enemies":"conspire:Head Lice","floor":27,"turns":1},{"damage":0,"enemies":"Snecko","floor":28,"turns":1},{"damage":5,"enemies":"REME_1_Revenger","floor":30,"turns":4},{"damage":8,"enemies":"3 Cultists","floor":31,"turns":3},{"damage":5,"enemies":"conspire:MysteriousRune","floor":33,"turns":4},{"damage":5,"enemies":"3 Darklings","floor":35,"turns":2},{"damage":0,"enemies":"Orb Walker","floor":38,"turns":2},{"damage":5,"enemies":"R_Hoarder","floor":41,"turns":7},{"damage":5,"enemies":"Reptomancer","floor":44,"turns":2},{"damage":5,"enemies":"Transient","floor":45,"turns":2},{"damage":0,"enemies":"Orin","floor":46,"turns":2},{"damage":0,"enemies":"Jaw Worm Horde","floor":47,"turns":2},{"damage":0,"enemies":"Giant Head","floor":48,"turns":3},{"damage":0,"enemies":"Awakened One","floor":50,"turns":2},{"damage":0,"enemies":"Time Eater","floor":51,"turns":3},{"damage":17,"enemies":"Shield and Spear","floor":55,"turns":2},{"damage":0,"enemies":"Delirium","floor":56,"turns":10}],"seed_played":"1268288889053736954","potions_obtained":[{"floor":1.0,"key":"Energy Potion"},{"floor":6.0,"key":"Explosive Potion"},{"floor":11,"key":"Fire Potion"}],"is_trial":false,"path_per_floor":["M","?","?","$","?","E","M","E","T","E","M","M","M","M","R","B",null,"M","$","M","M","?","R","E","R","T","E","M","?","E","M","R","B",null,"M","?","?","M","?","R","E","R","T","E","M","?","M","E","R","B","B",null,"R","$","E","B",null],"character_chosen":"IRONCLAD","items_purchased":["Chemical X","Toxic Egg 2","testmod-SpacePotion","Iron Hammer","Orrery","Lantern","EdensBlessing","Barricade+1","conspire:Purge+1","Art of War","AT_ShrugMaster+1","testmod-Charity","AT_ChloranthyRing","Membership Card","Gremlin Horn","Heavy Blade","testmod-Hope","Dota2Spire:ShadowBlade","REME_ProfessionalPlagiarism+1"],"campfire_rested":0,"item_purchase_floors":[0,0,0,0,0,4,4,17,17,19,19,23,23,40,40,42,54,54,54],"current_hp_per_floor":[52,37,30,30,30,35,72,73,72,74,73,75,77,80,79,78,70,73,72,71,70,69,68,70,70,70,72,74,73,92,117,117,134,133,137,136,135,147,146,145,163,162,161,180,213,228,246,271,270,288,315,314,313,312,317,424],"gold":173,"neow_bonus":"","is_daily":false,"chose_seed":false,"campfire_upgraded":1,"win_rate":0.0,"timestamp":1613820947,"path_taken":["M","?","?","?","?","E","M","E","T","E","M","M","M","M","R","BOSS","M","$","M","M","?","R","E","R","T","E","?","?","E","M","R","BOSS","M","?","?","M","?","R","E","R","T","E","M","?","M","E","R","BOSS","BOSS","R","$","E","BOSS"],"items_purchased_type":["Relic","Relic","Potion","Relic","Relic","Relic","Relic","Card","Card","Relic","Card","Relic","Relic","Relic","Relic","Card","Relic","Relic","Card"],"build_version":"2020-12-22","purchased_purges":2,"victory":true,"max_hp_per_floor":[78,77,76,75,74,73,72,73,72,74,73,75,77,80,79,78,70,73,72,71,70,69,68,73,72,71,72,74,73,92,118,117,134,133,137,136,135,147,146,145,163,162,161,180,213,228,246,271,270,288,315,314,313,312,328,424],"card_choices":[{"not_picked":[],"picked":"Bomb","floor":0.0},{"not_picked":["Heavy Blade","Iron Wave"],"picked":"Feed","floor":0.0},{"not_picked":["Heavy Blade","ReplayTheSpireMod:Strike From Hell"],"picked":"AT_DiedThrough+1","floor":0.0},{"not_picked":["Pommel Strike","conspire:HitWhereItHurts","ReplayTheSpireMod:Strike From Hell"],"picked":"SKIP","floor":1.0},{"not_picked":["REME_SingleHolding+1","Cleave"],"picked":"Battle Trance+1","floor":5.0},{"not_picked":["Havoc+1","Twin Strike"],"picked":"Wild Strike","floor":5.0},{"not_picked":["Shrug It Off+1","Iron Wave","Ghostly Armor+1"],"picked":"SKIP","floor":6.0},{"not_picked":["Heavy Blade","AT_IchimonjiDouble"],"picked":"Power Through+1","floor":7.0},{"not_picked":["ReplayReversal+1","AT_BodySlamDance+1"],"picked":"AT_CaressingTears+1","floor":8},{"not_picked":["AT_BodySlamDance+1","Heavy Blade","Spot Weakness+1","Rupture+1"],"picked":"Whirlwind","floor":10},{"not_picked":["Shrug It Off+1","Twin Strike","Sword Boomerang"],"picked":"SKIP","floor":11},{"not_picked":["Rupture+1","Abandon+1"],"picked":"Armaments+1","floor":12},{"not_picked":["REME_TheLastStrike","ReplayTheSpireMod:LeadingStrike","Heavy Blade"],"picked":"SKIP","floor":13},{"not_picked":["Sword Boomerang","Life Link+1"],"picked":"AT_ShrugMaster+1","floor":14},{"not_picked":["Clash","Intimidate+1","Iron Wave+1"],"picked":"SKIP","floor":18},{"not_picked":["Spot Weakness+1","Sword Boomerang","Havoc+1"],"picked":"SKIP","floor":20},{"not_picked":["Iron Wave","AT_GerminateFire+1","Replay:Undeath\u0027s Touch"],"picked":"SKIP","floor":21},{"not_picked":["Wild Strike+1","Rage+1","Headbutt"],"picked":"SKIP","floor":24},{"not_picked":["Hemogenesis","AT_IchimonjiDouble","Pummel"],"picked":"SKIP","floor":27},{"not_picked":["Flex+1","Armaments+1","Fire Breathing+1"],"picked":"SKIP","floor":28},{"not_picked":["Shrug It Off+1","Body Slam","Thunderclap"],"picked":"SKIP","floor":30},{"not_picked":["ReplayTheSpireMod:Strike From Hell","Warcry+1","Abandon+1"],"picked":"SKIP","floor":31},{"not_picked":["Reaper","AT_Dispersion+1"],"picked":"REME_ACTH+1","floor":33},{"not_picked":["Shrug It Off+1","Run Through","Spot Weakness+1"],"picked":"SKIP","floor":35},{"not_picked":["Uppercut","AT_IchimonjiDouble","Wild Strike+1"],"picked":"SKIP","floor":38},{"not_picked":["Whirlwind","Impervious+1","Headbutt"],"picked":"SKIP","floor":41},{"not_picked":["Sever Soul","Armaments+1"],"picked":"AT_BodySlamDance+1","floor":44},{"not_picked":["Heavy Blade+1","Replay:Undeath\u0027s Touch+1","AT_CaressingTears+1"],"picked":"SKIP","floor":45},{"not_picked":["Armaments+1","Clash"],"picked":"Entrench+1","floor":47},{"not_picked":["Wild Strike","Perfected Strike","conspire:HitWhereItHurts"],"picked":"SKIP","floor":48},{"not_picked":["conspire:HitWhereItHurts","Hemokinesis","Sword Boomerang+1"],"picked":"SKIP","floor":55}],"player_experience":542672,"relics_obtained":[{"floor":5.0,"key":"Frozen Egg 2"},{"floor":6.0,"key":"AT_BellowingDragoncrestRing"},{"floor":8,"key":"Dota2Spire:LotusOrb"},{"floor":9,"key":"testmod-Acrobat"},{"floor":10,"key":"Dota2Spire:Vanguard"},{"floor":24,"key":"Dota2Spire:HandOfMidas"},{"floor":27,"key":"ReplayTheSpireMod:TigerMarble"},{"floor":30,"key":"Vajra"},{"floor":39,"key":"ReplayTheSpireMod:Ring of Challenge"},{"floor":39,"key":"Ring of Fury"},{"floor":41,"key":"Replay:Bandana"},{"floor":43,"key":"AT_BladeRuinedKing"},{"floor":44,"key":"Sundial"},{"floor":46,"key":"CatCart"},{"floor":55,"key":"AT_EbonyIvory"}],"event_choices":[{"damage_healed":0,"gold_gain":0,"player_choice":"Ignored","damage_taken":0,"max_hp_gain":0,"max_hp_loss":0,"event_name":"Vampires","floor":22,"gold_loss":0},{"damage_healed":0,"gold_gain":0,"player_choice":"Inject Mutagens","damage_taken":0,"relics_obtained":["MutagenicStrength"],"max_hp_gain":0,"max_hp_loss":0,"event_name":"Drug Dealer","floor":29,"gold_loss":0},{"damage_healed":0,"gold_gain":0,"player_choice":"Ignored","damage_taken":0,"max_hp_gain":0,"max_hp_loss":0,"event_name":"给自己的盒子","floor":36,"gold_loss":0},{"damage_healed":0,"gold_gain":0,"player_choice":"Got Potions","damage_taken":0,"max_hp_gain":0,"max_hp_loss":0,"event_name":"Lab","floor":37,"gold_loss":0},{"damage_healed":0,"gold_gain":0,"player_choice":"Fight","damage_taken":0,"max_hp_gain":0,"max_hp_loss":0,"event_name":"OrinTheCat","floor":46,"gold_loss":0}],"is_beta":false,"boss_relics":[{"not_picked":["Runic Cube","SacredBark"],"picked":"Sozu"},{"not_picked":[]},{"not_picked":["Snecko Eye","testmod-Nine"],"picked":"Mark of Pain"},{"not_picked":[]}],"items_purged_floors":[0,0],"is_endless":false,"potions_floor_spawned":[1,6,11,13,16,18,20,30,33,35,44,48],"ascension_level":20}}