{"host":"72n3jwtrlpjobydj","time":1613838120,"event":{"mods":["AchievementEnabler","BaseMod","CapriCore","DeckTracker","Hermit","Koishi","KomeijiMod","Lobotomy","Marisa£¨Ùöéë¡¡Øª×âÞÞ£©","Minty Spire (QoL Compilation)","Permanent Neow","StSLib","SuperFastMode","The Cursed","The Hierophant","The Immortal"],"gold_per_floor":[118,118,132,146,146,20,54,54],"floor_reached":7,"language":"KOR","playtime":264,"items_purged":[],"score":54,"play_id":"02682202-e73d-4d41-ab8a-deedfbbb6b82","local_time":"20210221012200","is_ascension_mode":true,"campfire_choices":[],"circlet_count":0,"master_deck":["Strike_P","Strike_P","Strike_P","Defend_P","Defend_P","Defend_P","Defend_P","Eruption","Vigilance","EmptyFist","Meditate"],"relics":["PureWater","NeowsBlessing","Shuriken"],"acts_visited":["Exordium"],"potions_floor_usage":[7],"damage_taken":[{"damage":0,"enemies":"Small Slimes","floor":1,"turns":1},{"damage":0,"enemies":"Cultist","floor":3,"turns":1},{"damage":0,"enemies":"Jaw Worm","floor":4,"turns":1},{"damage":71,"enemies":"3 Sentries","floor":7,"turns":11}],"seed_played":"-1035071620011994145","potions_obtained":[{"floor":4,"key":"Ancient Potion"},{"floor":7,"key":"GamblersBrew"}],"is_trial":false,"path_per_floor":["M","?","M","M","?","$","E"],"character_chosen":"WATCHER","items_purchased":["EmptyFist","Meditate"],"campfire_rested":0,"item_purchase_floors":[6,6],"current_hp_per_floor":[72,72,72,72,72,72,1,1],"gold":54,"neow_bonus":"THREE_ENEMY_KILL","is_daily":false,"chose_seed":false,"campfire_upgraded":0,"win_rate":0.0,"timestamp":1613838120,"path_taken":["M","?","?","M","?","?","E"],"items_purchased_type":["Card","Card"],"build_version":"2020-12-22","purchased_purges":0,"victory":false,"max_hp_per_floor":[72,72,72,72,72,72,72,72],"card_choices":[{"not_picked":["PathToVictory","FlurryOfBlows","CrushJoints"],"picked":"SKIP","floor":1},{"not_picked":["Halt","Perseverance","FlyingSleeves"],"picked":"SKIP","floor":3},{"not_picked":["Halt","BowlingBash","Evaluate"],"picked":"SKIP","floor":4}],"player_experience":102432,"relics_obtained":[{"floor":7,"key":"Shuriken"}],"event_choices":[{"cards_removed":["Strike_P"],"damage_healed":0,"gold_gain":0,"player_choice":"Purged","damage_taken":0,"max_hp_gain":0,"max_hp_loss":0,"event_name":"Purifier","floor":2,"gold_loss":0},{"damage_healed":0,"gold_gain":0,"player_choice":"Ignored","damage_taken":0,"max_hp_gain":0,"max_hp_loss":0,"event_name":"Liars Game","floor":5,"gold_loss":0}],"is_beta":false,"boss_relics":[],"items_purged_floors":[],"is_endless":false,"potions_floor_spawned":[4,7],"killed_by":"3 Sentries","ascension_level":1}}