{"host":"7hppq3hpkrufijwt","time":1613862033,"event":{"mods":["AchievementEnabler","BaseMod","Colored Powertips","Minty Spire (QoL Compilation)","Quick Restart"],"gold_per_floor":[114,214,226,35,35,35,61,61,88,38,53,71,82,100,100,203,203,219,318,336,296,307,307,307],"floor_reached":23,"language":"ENG","playtime":1312,"items_purged":["Defend_G","Strike_G"],"score":218,"play_id":"269dc9ac-8320-4230-93de-e73b58724a95","local_time":"20210221000033","is_ascension_mode":false,"campfire_choices":[{"data":"Catalyst","floor":6,"key":"SMITH"},{"floor":8,"key":"REST"},{"floor":15,"key":"REST"}],"circlet_count":0,"master_deck":["Strike_G","Strike_G","Strike_G","Defend_G","Defend_G","Defend_G","Defend_G+1","Survivor","Neutralize","Catalyst+1","Noxious Fumes","Quick Slash","Catalyst","Noxious Fumes+1","Burst","Deadly Poison+1"],"relics":["Ring of the Snake","StoneCalendar","Smiling Mask","MealTicket","HoveringKite"],"acts_visited":["Exordium","TheCity"],"potions_floor_usage":[],"damage_taken":[{"damage":0,"enemies":"Small Slimes","floor":1,"turns":3},{"damage":0,"enemies":"Cultist","floor":3,"turns":4},{"damage":23,"enemies":"Lagavulin","floor":7,"turns":7},{"damage":2,"enemies":"2 Louse","floor":11,"turns":4},{"damage":13,"enemies":"Large Slime","floor":12,"turns":7},{"damage":14,"enemies":"2 Fungi Beasts","floor":13,"turns":4},{"damage":13,"enemies":"Exordium Thugs","floor":14,"turns":4},{"damage":21,"enemies":"Hexaghost","floor":16,"turns":8},{"damage":41,"enemies":"3 Byrds","floor":18,"turns":5},{"damage":5,"enemies":"Shell Parasite","floor":20,"turns":6},{"damage":35,"enemies":"Cultist and Chosen","floor":22,"turns":6},{"damage":16,"enemies":"Book of Stabbing","floor":23,"turns":3}],"seed_played":"-2537986525091982528","potions_obtained":[{"floor":1,"key":"FairyPotion"},{"floor":3,"key":"DistilledChaos"},{"floor":13,"key":"EssenceOfSteel"},{"floor":16,"key":"SmokeBomb"}],"is_trial":false,"path_per_floor":["M","?","M","$","?","R","E","R","T","$","M","M","M","M","R","B",null,"M","?","M","?","M","E"],"character_chosen":"THE_SILENT","items_purchased":["Catalyst","Noxious Fumes"],"campfire_rested":2,"item_purchase_floors":[4,4],"current_hp_per_floor":[49,49,49,49,42,42,19,40,40,55,53,40,26,13,34,13,70,29,29,24,24,14,0,0],"gold":307,"neow_bonus":"ONE_RARE_RELIC","is_daily":false,"chose_seed":false,"campfire_upgraded":1,"win_rate":0.0,"timestamp":1613862033,"path_taken":["M","?","?","?","?","R","E","R","T","$","M","M","M","M","R","BOSS","M","?","M","?","?","E"],"items_purchased_type":["Card","Card"],"build_version":"2020-12-22","purchased_purges":2,"victory":false,"max_hp_per_floor":[70,70,70,70,70,70,70,70,70,70,70,70,70,70,70,70,70,70,70,70,70,70,70,70],"card_choices":[{"not_picked":["Footwork","Flying Knee","Leg Sweep"],"picked":"SKIP","floor":1},{"not_picked":["Underhanded Strike","PiercingWail","All Out Attack"],"picked":"SKIP","floor":3},{"not_picked":["Expertise","PiercingWail"],"picked":"Quick Slash","floor":7},{"not_picked":["PiercingWail","Skewer"],"picked":"Catalyst","floor":11},{"not_picked":["Acrobatics","Expertise"],"picked":"Noxious Fumes","floor":12},{"not_picked":["Infinite Blades","Skewer","Slice"],"picked":"SKIP","floor":13},{"not_picked":["Reflex","Blur","Deflect"],"picked":"SKIP","floor":14},{"not_picked":["Tools of the Trade","Wraith Form v2"],"picked":"Burst","floor":16},{"not_picked":["Terror+1","Flying Knee","Endless Agony"],"picked":"SKIP","floor":18},{"not_picked":["Dagger Throw+1","Blade Dance"],"picked":"Deadly Poison+1","floor":20},{"not_picked":["Blade Dance+1","Cloak And Dagger","Skewer+1"],"picked":"SKIP","floor":22}],"player_experience":114739,"relics_obtained":[{"floor":7,"key":"Smiling Mask"},{"floor":9,"key":"MealTicket"}],"event_choices":[{"damage_healed":0,"gold_gain":100,"player_choice":"Pray","damage_taken":0,"max_hp_gain":0,"max_hp_loss":0,"event_name":"Golden Shrine","floor":2,"gold_loss":0},{"cards_removed":["Strike_G"],"damage_healed":0,"gold_gain":0,"player_choice":"Card Removal","damage_taken":7,"max_hp_gain":0,"max_hp_loss":0,"event_name":"Golden Wing","floor":5,"gold_loss":0},{"damage_healed":0,"gold_gain":99,"player_choice":"Stole From Cult","damage_taken":0,"max_hp_gain":0,"max_hp_loss":0,"event_name":"Nest","floor":19,"gold_loss":0},{"damage_healed":0,"gold_gain":0,"player_choice":"Upgraded Two","damage_taken":0,"max_hp_gain":0,"max_hp_loss":0,"event_name":"Designer","floor":21,"gold_loss":40,"cards_upgraded":["Defend_G","Noxious Fumes"]}],"is_beta":false,"boss_relics":[{"not_picked":["Coffee Dripper","Velvet Choker"],"picked":"HoveringKite"}],"items_purged_floors":[4,10],"is_endless":false,"potions_floor_spawned":[1,3,13,16,18,20],"killed_by":"Book of Stabbing","ascension_level":0}}