{"host":"cijwx898anu8dehj","time":1613833634,"event":{"mods":["AchievementEnabler","AlwaysNeverKeys","BaseMod","Colored Map","Colored Powertips","Highlight Path","Minty Spire (QoL Compilation)","Rare Cards Sparkle","Relic Stats","Slay-I"],"gold_per_floor":[114,129,144,159,174,174,204,204,204,219,219,234,249,249,249,349,349,364,379,404,419,449,449,464,494,569,569,569,599,614,629,629,729,729,744,352,367,367,717,717,117,117,167,182,197,197,212,227,227,227],"floor_reached":51,"language":"ENG","playtime":6453,"items_purged":[],"score":840,"play_id":"65dde0cc-afd0-460a-ae10-d444864e466c","local_time":"20210220130714","daily_mods":["Shiny","Red Cards","DeadlyEvents"],"is_ascension_mode":false,"campfire_choices":[{"data":"Buffer","floor":6.0,"key":"SMITH"},{"data":"Fission","floor":8.0,"key":"SMITH"},{"data":"Coolheaded","floor":15.0,"key":"SMITH"},{"floor":23,"key":"REST"},{"data":"Machine Learning","floor":28,"key":"SMITH"},{"floor":32,"key":"REST"},{"data":"Apotheosis","floor":40,"key":"SMITH"},{"floor":46,"key":"REST"},{"data":"Demon Form","floor":49,"key":"SMITH"}],"circlet_count":0,"master_deck":["Double Tap","Demon Form+1","Bludgeon","Feed","Limit Break","Barricade+1","Fiend Fire","Berserk","Impervious","Brutality","Reaper+1","Exhume","Offering","Immolate","Multi-Cast","Hyperbeam+1","Biased Cognition","Machine Learning+1","Electrodynamics","Buffer+1","Rainbow","Seek","Echo Form","All For One","Reboot","Amplify","Fission+1","Core Surge","Cold Snap","Clothesline","Conserve Battery","Conserve Battery+1","Sword Boomerang","Static Discharge","Power Through","Clothesline","Coolheaded+1","Core Surge","Battle Trance+1","Hemokinesis","Anger","Doom and Gloom","True Grit+1","RitualDagger","Ball Lightning","Turbo","Iron Wave","Fission","Flame Barrier+1","Metallicize+1","Twin Strike+1","Trip","Cold Snap+1","Trip","Apotheosis+1","Predator","Footwork+1"],"relics":["Cracked Core","Anchor","Oddly Smooth Stone","Mercury Hourglass","Empty Cage","Whetstone","Gambling Chip","Strawberry","Matryoshka","Centennial Puzzle","Astrolabe","Nunchaku","PrismaticShard","Old Coin","Bird Faced Urn","Shuriken","Letter Opener","MealTicket","Ornamental Fan","Blood Vial"],"acts_visited":["Exordium","TheCity","TheBeyond"],"potions_floor_usage":[24,29,33,33,45,50,50,50],"damage_taken":[{"damage":0.0,"enemies":"Cultist","floor":1.0,"turns":3.0},{"damage":7.0,"enemies":"Jaw Worm","floor":2.0,"turns":3.0},{"damage":0.0,"enemies":"Small Slimes","floor":3.0,"turns":4.0},{"damage":13.0,"enemies":"Looter","floor":4.0,"turns":4.0},{"damage":0.0,"enemies":"2 Fungi Beasts","floor":5.0,"turns":2.0},{"damage":0.0,"enemies":"3 Sentries","floor":7.0,"turns":4.0},{"damage":0.0,"enemies":"Large Slime","floor":10.0,"turns":4.0},{"damage":3.0,"enemies":"Exordium Wildlife","floor":12.0,"turns":3.0},{"damage":0.0,"enemies":"Blue Slaver","floor":13.0,"turns":2.0},{"damage":30.0,"enemies":"Hexaghost","floor":16.0,"turns":8.0},{"damage":12.0,"enemies":"Spheric Guardian","floor":18.0,"turns":4.0},{"damage":0.0,"enemies":"Chosen","floor":19.0,"turns":4.0},{"damage":21,"enemies":"Snecko","floor":21,"turns":4},{"damage":1,"enemies":"Slavers","floor":22,"turns":2},{"damage":12,"enemies":"Snake Plant","floor":24,"turns":4},{"damage":6,"enemies":"Gremlin Leader","floor":25,"turns":7},{"damage":28,"enemies":"Book of Stabbing","floor":29,"turns":4},{"damage":4,"enemies":"Cultist and Chosen","floor":30,"turns":4},{"damage":8,"enemies":"Centurion and Healer","floor":31,"turns":4},{"damage":51,"enemies":"Collector","floor":33,"turns":8},{"damage":0,"enemies":"3 Shapes","floor":35,"turns":3},{"damage":2,"enemies":"Orb Walker","floor":37,"turns":3},{"damage":7,"enemies":"Mind Bloom Boss Battle","floor":39,"turns":9},{"damage":38,"enemies":"Writhing Mass","floor":44,"turns":7},{"damage":33,"enemies":"Maw","floor":45,"turns":7},{"damage":28,"enemies":"Jaw Worm Horde","floor":47,"turns":2},{"damage":0,"enemies":"3 Darklings","floor":48,"turns":3},{"damage":80,"enemies":"Time Eater","floor":50,"turns":8}],"seed_played":"3618718455484561711","potions_obtained":[{"floor":4.0,"key":"Fire Potion"},{"floor":7.0,"key":"Explosive Potion"},{"floor":10.0,"key":"AttackPotion"},{"floor":12.0,"key":"Dexterity Potion"},{"floor":19.0,"key":"CultistPotion"},{"floor":22,"key":"ColorlessPotion"},{"floor":24,"key":"BlessingOfTheForge"},{"floor":30,"key":"Regen Potion"},{"floor":37,"key":"Ancient Potion"},{"floor":45,"key":"FearPotion"}],"is_trial":false,"path_per_floor":["M","M","M","M","M","R","E","R","T","M","?","M","M","T","R","B",null,"M","M","T","M","E","R","M","E","T","?","R","E","M","M","R","B",null,"M","$","M","?","?","R","$","T","T","M","M","R","M","M","R","B",null],"character_chosen":"DEFECT","items_purchased":["Trip","Nunchaku","PrismaticShard","Bird Faced Urn","Shuriken","Weak Potion"],"campfire_rested":3,"item_purchase_floors":[36,36,36,41,41,41],"current_hp_per_floor":[75,68,74,61,61,61,73,73,73,76,60,65,65,65,65,35,78,66,66,66,55,54,77,68,87,87,81,81,53,52,44,72,53,94,97,97,95,85,96,96,96,96,96,75,58,87,74,80,80,71],"gold":227,"neow_bonus":"","is_daily":true,"chose_seed":false,"campfire_upgraded":6,"win_rate":0.0,"timestamp":1613833634,"path_taken":["M","M","M","M","M","R","E","R","T","M","?","M","M","?","R","BOSS","M","M","?","M","?","R","M","E","T","?","R","E","M","M","R","BOSS","M","$","M","?","?","R","$","?","T","M","?","R","M","M","R","BOSS"],"items_purchased_type":["Card","Relic","Relic","Relic","Relic","Potion"],"build_version":"2020-12-22","purchased_purges":0,"victory":true,"max_hp_per_floor":[75,75,75,75,75,75,75,75,75,78,78,78,78,78,78,78,78,78,78,78,78,78,78,81,91,91,91,91,91,94,94,94,94,94,97,97,97,97,97,97,97,97,97,97,97,97,97,97,97,97],"relic_stats":{"counters":[28,124],"Astrolabe":["Flame Barrier","Metallicize","Twin Strike"],"Whetstone":["Reaper","Hyperbeam"],"Letter Opener":[15],"Mercury Hourglass":[349],"Blood Vial":9,"Centennial Puzzle":[27],"Nunchaku":[4],"Shuriken":[2],"Ornamental Fan":[8],"Gambling Chip":[20],"Bird Faced Urn":[50],"MealTicket":0,"obtain_stats":[{"Astrolabe":34,"Oddly Smooth Stone":9,"Whetstone":20,"Letter Opener":42,"Empty Cage":17,"PrismaticShard":36,"Mercury Hourglass":14,"Old Coin":39,"Blood Vial":43,"Anchor":7,"Centennial Puzzle":29,"Nunchaku":36,"Matryoshka":26,"Shuriken":41,"Ornamental Fan":43,"Gambling Chip":22,"Strawberry":25,"Bird Faced Urn":41,"MealTicket":42,"Cracked Core":0},{"Astrolabe":20,"Oddly Smooth Stone":6,"Whetstone":12,"Letter Opener":23,"Empty Cage":10,"PrismaticShard":21,"Mercury Hourglass":9,"Old Coin":23,"Blood Vial":23,"Anchor":6,"Centennial Puzzle":17,"Nunchaku":21,"Matryoshka":16,"Shuriken":23,"Ornamental Fan":23,"Gambling Chip":14,"Strawberry":16,"Bird Faced Urn":23,"MealTicket":23,"Cracked Core":0},{"Astrolabe":82,"Oddly Smooth Stone":20,"Whetstone":45,"Letter Opener":97,"Empty Cage":37,"PrismaticShard":85,"Mercury Hourglass":29,"Old Coin":97,"Blood Vial":97,"Anchor":20,"Centennial Puzzle":66,"Nunchaku":85,"Matryoshka":62,"Shuriken":97,"Ornamental Fan":97,"Gambling Chip":51,"Strawberry":62,"Bird Faced Urn":97,"MealTicket":97,"Cracked Core":0}]},"card_choices":[{"not_picked":["Gash","Intimidate"],"picked":"Cold Snap","floor":1.0},{"not_picked":["Dual Wield","Entrench"],"picked":"Clothesline","floor":2.0},{"not_picked":["Barrage","Hologram"],"picked":"Conserve Battery","floor":3.0},{"not_picked":["Redo","Brutality"],"picked":"Conserve Battery","floor":4.0},{"not_picked":["Static Discharge","Capacitor"],"picked":"Sword Boomerang","floor":5.0},{"not_picked":["Fission","Lockon"],"picked":"Static Discharge","floor":7.0},{"not_picked":["Conserve Battery","Loop"],"picked":"Power Through","floor":10.0},{"not_picked":["Twin Strike","Clash"],"picked":"Clothesline","floor":12.0},{"not_picked":["Turbo","Redo"],"picked":"Coolheaded","floor":13.0},{"not_picked":["Corruption","Electrodynamics"],"picked":"Core Surge","floor":16.0},{"not_picked":["Beam Cell","Seeing Red"],"picked":"Battle Trance+1","floor":18.0},{"not_picked":["Streamline","Genetic Algorithm"],"picked":"Hemokinesis","floor":19.0},{"not_picked":["Gash","Redo"],"picked":"Anger","floor":21},{"not_picked":["Dropkick","Clash"],"picked":"Doom and Gloom","floor":22},{"not_picked":["Consume","Burning Pact","Headbutt"],"picked":"SKIP","floor":24},{"not_picked":["Redo+1","Blizzard+1"],"picked":"True Grit+1","floor":25},{"not_picked":["Scrape+1","Headbutt"],"picked":"Ball Lightning","floor":29},{"not_picked":["Feel No Pain","Heavy Blade"],"picked":"Turbo","floor":30},{"not_picked":["Intimidate","Sweeping Beam"],"picked":"Iron Wave","floor":31},{"not_picked":["Feed","Core Surge"],"picked":"Fission","floor":33},{"not_picked":["Twin Strike+1","Thunderclap+1","Cleave+1"],"picked":"SKIP","floor":35},{"not_picked":["Ghostly Armor+1","Streamline"],"picked":"Cold Snap+1","floor":37},{"not_picked":["Magnetism","Jack Of All Trades"],"picked":"Trip","floor":38},{"not_picked":["Secret Technique","Impatience"],"picked":"Apotheosis","floor":38},{"not_picked":["Flex+1","Brilliance"],"picked":"Predator","floor":44},{"not_picked":["Consecrate+1","Adaptation","Forethought"],"picked":"SKIP","floor":45},{"not_picked":["Crescendo","Steam"],"picked":"Footwork+1","floor":47},{"not_picked":["Good Instincts","Combust+1","JustLucky+1"],"picked":"SKIP","floor":48}],"player_experience":1165214,"relics_obtained":[{"floor":7.0,"key":"Anchor"},{"floor":9.0,"key":"Oddly Smooth Stone"},{"floor":14.0,"key":"Mercury Hourglass"},{"floor":20.0,"key":"Whetstone"},{"floor":22,"key":"Gambling Chip"},{"floor":25,"key":"Strawberry"},{"floor":26,"key":"Matryoshka"},{"floor":29,"key":"Centennial Puzzle"},{"floor":39,"key":"Old Coin"},{"floor":42,"key":"Letter Opener"},{"floor":42,"key":"MealTicket"},{"floor":43,"key":"Ornamental Fan"},{"floor":43,"key":"Blood Vial"}],"event_choices":[{"damage_healed":0.0,"max_hp_gain":0.0,"max_hp_loss":0.0,"gold_gain":0.0,"event_name":"Shining Light","player_choice":"Entered Light","floor":11.0,"gold_loss":0.0,"damage_taken":16.0,"cards_upgraded":["Barricade","Conserve Battery"]},{"damage_healed":0,"gold_gain":0,"player_choice":"Joined the Cult","damage_taken":6,"max_hp_gain":0,"max_hp_loss":0,"event_name":"Nest","floor":27,"gold_loss":0,"cards_obtained":["RitualDagger"]},{"damage_healed":0,"gold_gain":0,"player_choice":"Memory 3","damage_taken":10,"max_hp_gain":0,"max_hp_loss":0,"event_name":"SensoryStone","floor":38,"gold_loss":0},{"damage_healed":0,"gold_gain":0,"player_choice":"Fight","damage_taken":0,"max_hp_gain":0,"max_hp_loss":0,"event_name":"MindBloom","floor":39,"gold_loss":0}],"is_beta":false,"boss_relics":[{"not_picked":["Tiny House","Runic Dome"],"picked":"Empty Cage"},{"not_picked":["Busted Crown","Cursed Key"],"picked":"Astrolabe"}],"items_purged_floors":[],"is_endless":false,"potions_floor_spawned":[4,7,10,12,19,22,24,30,31,37,45],"ascension_level":0}}