{"host":"°¶±ßÂ¶°é","time":1613816697,"event":{"mods":["AchievementEnabler","BaseMod","Downfall","Marisa£¨ìFÓê¡¡Ä§ÀíÉ³£©","Minty Spire (QoL Compilation)","StSLib","The Servant 0.9.4"],"gold_per_floor":[99,119,138,138,288,288,357,369,369,384,309,344,244,23,35,35,35,35],"floor_reached":16,"language":"ZHS","playtime":789,"items_purged":["downfall:Icky","Swivel"],"score":125,"play_id":"1cff9e76-ce48-4bc1-9cc0-dd8bbc97102d","local_time":"20210220182457","is_ascension_mode":false,"campfire_choices":[{"data":"sneckomod:DiceBoulder","floor":6.0,"key":"SMITH"},{"data":"sneckomod:DiceBoulder+2","floor":13,"key":"SMITH"}],"circlet_count":0,"master_deck":["sneckomod:Strike+1","sneckomod:Strike","sneckomod:Defend","sneckomod:Defend","sneckomod:Defend","sneckomod:TailWhip","sneckomod:SnekBite","sneckomod:Unknown","sneckomod:DiceBoulder+4","sneckomod:QuickMove","sneckomod:SoulDraw"],"relics":["sneckomod:SneckoSoul","The Courier","Regal Pillow","downfall:HeartBlessingGreen","Whetstone"],"acts_visited":["Exordium"],"potions_floor_usage":[],"damage_taken":[{"damage":6.0,"enemies":"Jaw Worm","floor":2.0,"turns":3.0},{"damage":0.0,"enemies":"2 Louse","floor":3.0,"turns":2.0},{"damage":0.0,"enemies":"Cultist","floor":8.0,"turns":2.0},{"damage":0,"enemies":"Large Slime","floor":10,"turns":3},{"damage":0,"enemies":"downfall:FleeingMerchant","floor":11,"turns":4},{"damage":0,"enemies":"Lagavulin","floor":12,"turns":3},{"damage":10,"enemies":"downfall:FleeingMerchant","floor":14,"turns":4},{"damage":13,"enemies":"Exordium Thugs","floor":15,"turns":4},{"damage":14,"enemies":"IC_STATUS_ARCHETYPE","floor":16,"turns":4}],"seed_played":"-3834912022189372199","potions_obtained":[{"floor":3.0,"key":"GamblersBrew"},{"floor":8.0,"key":"SpeedPotion"},{"floor":12,"key":"Dexterity Potion"}],"is_trial":false,"path_per_floor":["R","M","M","?","?","R","T","M","?","M","$","E","R","$","M","B"],"character_chosen":"THE_SNECKO","items_purchased":["Whetstone"],"campfire_rested":0,"item_purchase_floors":[14],"current_hp_per_floor":[99,93,93,93,93,93,93,93,93,93,93,93,93,83,70,56,56,56],"gold":35,"neow_bonus":"TEN_PERCENT_HP_BONUS","is_daily":false,"chose_seed":false,"campfire_upgraded":2,"win_rate":0.0,"timestamp":1613816697,"path_taken":["R","M","M","?","?","R","T","M","?","M","$","E","R","$","M","BOSS"],"items_purchased_type":["Relic"],"build_version":"2020-12-18","purchased_purges":2,"victory":false,"max_hp_per_floor":[99,99,99,99,99,99,99,99,99,99,99,99,99,99,99,99,99,99],"card_choices":[{"not_picked":["sneckomod:TrashToTreasure","sneckomod:IronFang"],"picked":"sneckomod:DiceBoulder","floor":2.0},{"not_picked":["sneckomod:ImprovisedAttack","sneckomod:UnknownBlock"],"picked":"sneckomod:QuickMove","floor":3.0},{"not_picked":["sneckomod:WideSting","sneckomod:UnknownCommonSkill","sneckomod:TrashToTreasure"],"picked":"SKIP","floor":8.0},{"not_picked":["sneckomod:Unknown0Cost","sneckomod:Unknown1Cost"],"picked":"sneckomod:SoulDraw","floor":10},{"not_picked":["sneckomod:QuickMove","sneckomod:UnknownDraw","sneckomod:UnknownCommonSkill"],"picked":"SKIP","floor":11},{"not_picked":["sneckomod:UnknownRareSkill","sneckomod:WideSting","sneckomod:UnknownCommonAttack"],"picked":"SKIP","floor":12},{"not_picked":["sneckomod:WideSting","sneckomod:UnknownCommonSkill","sneckomod:UnknownClassBLUE"],"picked":"SKIP","floor":14},{"not_picked":["sneckomod:IronFang","sneckomod:QuickBite","sneckomod:Unknown1Cost"],"picked":"SKIP","floor":15}],"player_experience":847031,"relics_obtained":[{"floor":7.0,"key":"The Courier"},{"floor":12,"key":"Regal Pillow"}],"event_choices":[{"damage_healed":0,"gold_gain":0,"player_choice":"Grow","damage_taken":0,"max_hp_gain":0,"max_hp_loss":0,"event_name":"Living Wall","floor":9,"gold_loss":0,"cards_upgraded":["sneckomod:DiceBoulder"]}],"is_beta":true,"boss_relics":[],"items_purged_floors":[11,14],"is_endless":false,"potions_floor_spawned":[3,8,12],"killed_by":"IC_STATUS_ARCHETYPE","ascension_level":0}}