{"host":"n2sr453jcjz6vvl4","time":1613838865,"event":{"mods":["BaseMod","Colored Map","Minty Spire (QoL Compilation)","Permanent Neow","Relic Stats","StSLib"],"gold_per_floor":[117,132,132,151,5,39,39,39,39],"floor_reached":8,"language":"ENG","playtime":897,"items_purged":[],"score":64,"play_id":"9c37e7ac-6613-41ff-b9da-da0072b5a9bc","local_time":"20210220123425","is_ascension_mode":true,"campfire_choices":[{"data":"Glacier","floor":7,"key":"SMITH"}],"circlet_count":0,"master_deck":["Strike_B","Strike_B","Strike_B","Defend_B","Defend_B","Defend_B","Defend_B","Zap","Dualcast","Reboot","White Noise","Glacier+1","Coolheaded","Amplify"],"relics":["Cracked Core","Runic Capacitor","Tiny Chest"],"acts_visited":["Exordium"],"potions_floor_usage":[8],"damage_taken":[{"damage":2,"enemies":"Jaw Worm","floor":1,"turns":3},{"damage":1,"enemies":"Cultist","floor":2,"turns":3},{"damage":0,"enemies":"2 Louse","floor":4,"turns":2},{"damage":9,"enemies":"Lagavulin","floor":6,"turns":9},{"damage":68,"enemies":"Gremlin Nob","floor":8,"turns":5}],"seed_played":"-8573382674389150103","potions_obtained":[{"floor":1,"key":"Swift Potion"},{"floor":4,"key":"Swift Potion"}],"is_trial":false,"path_per_floor":["M","M","?","M","$","E","R","E"],"character_chosen":"DEFECT","items_purchased":["Runic Capacitor"],"campfire_rested":0,"item_purchase_floors":[5],"current_hp_per_floor":[73,72,72,72,72,63,63,0,0],"gold":39,"neow_bonus":"ONE_RANDOM_RARE_CARD","is_daily":false,"chose_seed":false,"campfire_upgraded":1,"win_rate":0.0,"timestamp":1613838865,"path_taken":["M","M","?","M","?","E","R","E"],"items_purchased_type":["Relic"],"build_version":"2020-12-22","purchased_purges":0,"victory":false,"max_hp_per_floor":[75,75,75,75,75,75,75,75,75],"relic_stats":{"counters":[5,22],"Tiny Chest":0,"obtain_stats":[{"Tiny Chest":6,"Runic Capacitor":5,"Cracked Core":0},{"Tiny Chest":4,"Runic Capacitor":3,"Cracked Core":0},{"Tiny Chest":17,"Runic Capacitor":8,"Cracked Core":0}]},"card_choices":[{"not_picked":["Chaos","Tempest"],"picked":"White Noise","floor":1},{"not_picked":["Reinforced Body","Chaos"],"picked":"Glacier","floor":2},{"not_picked":["Reinforced Body","Redo"],"picked":"Coolheaded","floor":4},{"not_picked":["Rip and Tear","Hologram"],"picked":"Amplify","floor":6}],"player_experience":208386,"relics_obtained":[{"floor":6,"key":"Tiny Chest"}],"event_choices":[{"cards_removed":["Strike_B"],"damage_healed":0,"gold_gain":0,"player_choice":"Purged","damage_taken":0,"max_hp_gain":0,"max_hp_loss":0,"event_name":"Purifier","floor":3,"gold_loss":0}],"is_beta":false,"boss_relics":[],"items_purged_floors":[],"is_endless":false,"potions_floor_spawned":[1,4],"killed_by":"Gremlin Nob","ascension_level":3}}