{"host":"1n4zh8skucxnzijq","time":1613845647,"event":{"mods":["AchievementEnabler","BaseMod","Minty Spire (QoL Compilation)","Quick Restart"],"gold_per_floor":[117,117,192,203,218,218,246,246,246,41,53,68,82,107,107,107,107],"floor_reached":16,"language":"ENG","playtime":643,"items_purged":["Strike_B"],"score":224,"play_id":"35028b5f-0f80-462f-94d2-62e29a7a5fb1","local_time":"20210220182727","is_ascension_mode":true,"campfire_choices":[{"floor":6.0,"key":"REST"},{"data":"Zap","floor":8.0,"key":"SMITH"},{"floor":15,"key":"REST"}],"circlet_count":0,"master_deck":["AscendersBane","Strike_B","Strike_B","Defend_B","Defend_B","Defend_B","Defend_B","Zap+1","Dualcast","Double Energy","Cold Snap","White Noise","Go for the Eyes","Multi-Cast","Hologram","Creative AI+1","BootSequence"],"relics":["Cracked Core","Ice Cream","Torii","Frozen Egg 2","Membership Card","Juzu Bracelet"],"acts_visited":["Exordium"],"potions_floor_usage":[16],"damage_taken":[{"damage":9.0,"enemies":"2 Louse","floor":1.0,"turns":4.0},{"damage":0.0,"enemies":"Small Slimes","floor":4.0,"turns":2.0},{"damage":5.0,"enemies":"Jaw Worm","floor":5.0,"turns":3.0},{"damage":9.0,"enemies":"Lagavulin","floor":7.0,"turns":7.0},{"damage":1.0,"enemies":"Exordium Thugs","floor":11.0,"turns":4.0},{"damage":6.0,"enemies":"2 Fungi Beasts","floor":12.0,"turns":4.0},{"damage":6.0,"enemies":"Blue Slaver","floor":13.0,"turns":4.0},{"damage":12,"enemies":"3 Sentries","floor":14,"turns":10},{"damage":32,"enemies":"Slime Boss","floor":16,"turns":7}],"seed_played":"800441535820688245","potions_obtained":[{"floor":1.0,"key":"PowerPotion"},{"floor":7.0,"key":"AttackPotion"},{"floor":12.0,"key":"SneckoOil"}],"is_trial":false,"path_per_floor":["M","?","?","M","M","R","E","R","T","$","M","M","M","E","R","B"],"character_chosen":"DEFECT","items_purchased":["Membership Card"],"campfire_rested":2,"item_purchase_floors":[10],"current_hp_per_floor":[37,30,19,19,14,35,26,26,26,26,25,19,13,1,22,0,0],"gold":107,"neow_bonus":"ONE_RARE_RELIC","is_daily":false,"chose_seed":false,"campfire_upgraded":1,"win_rate":0.0,"timestamp":1613845647,"path_taken":["M","?","?","M","M","R","E","R","T","?","M","M","?","E","R","BOSS"],"items_purchased_type":["Relic"],"build_version":"2020-12-22","purchased_purges":1,"victory":false,"max_hp_per_floor":[71,71,71,71,71,71,71,71,71,71,71,71,71,71,71,71,71],"card_choices":[{"not_picked":["Darkness","Rebound"],"picked":"Double Energy","floor":1.0},{"not_picked":["Leap","Steam"],"picked":"Cold Snap","floor":4.0},{"not_picked":["Turbo","Defragment"],"picked":"White Noise","floor":5.0},{"not_picked":["Beam Cell","Genetic Algorithm"],"picked":"Go for the Eyes","floor":7.0},{"not_picked":["Hello World+1","Rebound"],"picked":"Multi-Cast","floor":11.0},{"not_picked":["Skim","Beam Cell"],"picked":"Hologram","floor":12.0},{"not_picked":["Beam Cell","Redo"],"picked":"Creative AI+1","floor":13.0},{"not_picked":["Steam","Sunder"],"picked":"BootSequence","floor":14}],"player_experience":1118586,"relics_obtained":[{"floor":7.0,"key":"Torii"},{"floor":9.0,"key":"Frozen Egg 2"},{"floor":14,"key":"Juzu Bracelet"}],"event_choices":[{"cards_removed":["Strike_B"],"damage_healed":0.0,"max_hp_gain":0.0,"max_hp_loss":0.0,"gold_gain":0.0,"event_name":"Golden Wing","player_choice":"Card Removal","floor":2.0,"gold_loss":0.0,"damage_taken":7.0},{"damage_healed":0.0,"max_hp_gain":0.0,"max_hp_loss":0.0,"gold_gain":75.0,"event_name":"World of Goop","player_choice":"Gather Gold","floor":3.0,"gold_loss":0.0,"damage_taken":11.0}],"is_beta":false,"boss_relics":[],"items_purged_floors":[10],"is_endless":false,"potions_floor_spawned":[1,7,12],"killed_by":"Slime Boss","ascension_level":20}}