{"host":"etdvqcaukayomjhd","time":1613779430,"event":{"mods":["AchievementEnabler","Act Like it!","BaseMod","BetterRewards","Colored Powertips","Hermit","Infinite Spire","Minty Spire (QoL Compilation)","Quick Restart","Replay The Spire","Spicy Shops","StSLib","The Animator","Waifu the Spire"],"gold_per_floor":[122,397,412,431,16,57,76,107,131,162,5,5,34,72,72,176,194,207,226,255,281,565,565,664,694,718,514,524,548,577,502,502,606,606,619,642,440,478,378,433,455,455,455,492,492,492,492,492,492,518,518,518,135,191,289],"floor_reached":56,"language":"ENG","playtime":1890,"items_purged":["Sickly","Strike_G","Decay","Defend_G","Defend_G","Defend_G","Strike_G"],"score":2508,"play_id":"af9bf357-b357-4e34-a373-84fbfd286b34","local_time":"20210220010350","is_ascension_mode":true,"campfire_choices":[{"data":"Strike_G","floor":12.0,"key":"PURGE"},{"data":"Strike_G","floor":15.0,"key":"PURGE"},{"data":"Regret","floor":23.0,"key":"PURGE"},{"floor":32,"key":"RECALL"},{"data":"Defend_G","floor":42,"key":"PURGE"},{"data":"Blade Dance","floor":46,"key":"SMITH"},{"data":"Blade Dance","floor":46,"key":"SMITH"},{"data":"Blade Dance","floor":49,"key":"SMITH"},{"data":"Blade Dance","floor":49,"key":"SMITH"},{"data":"Hidden Blade","floor":52,"key":"SMITH"},{"data":"Survivor","floor":52,"key":"SMITH"}],"circlet_count":0,"master_deck":["Strike_G","Survivor+1","Accuracy+1","Blade Dance+1","Blade Dance+1","Cloak And Dagger+1","Blade Dance+1","Blade Dance+1","Hidden Blade+1","Prepared+1","Blade Dance+1","Cloak And Dagger+1","Cloak And Dagger+1","Doppelganger+1","Accuracy+1","Accuracy+1","Prepared+1","Cloak And Dagger+1","Cloak And Dagger+1","Accuracy+1","Blade Dance+1"],"relics":["Ring of the Snake","Nunchaku","CeramicFish","infinitespire:WardingShard","Lee\u0027s Waffle","Bag of Marbles","Blue Doll","Kunai","Replay:Bottled Eggs","Strange Spoon","Peace Pipe","infinitespire:Magic Flask","ReplayTheSpireMod:Shallot","Mummified Hand","ReplayTheSpireMod:CursedCoin","Thread and Needle","Bronze Scales","Omamori","Replay:Rubber Ducky","Membership Card","Eternal Feather","Tiny Chest","TwistedFunnel","Frozen Eye","Onion Ring","Juzu Bracelet","Toxic Egg 2","Smiling Mask","Ice Cream","ReplayTheSpireMod:Ninjato","Replay:Wax Seal","OrangePellets","Bag of Preparation","CaptainsWheel","Replay:Ancient Bell","infinitespire:Beetle Shell","Ninja Scroll","infinitespire:Golems Mask","Vajra","Replay:Towering Pillar of Hats","Pen Nib","Pocketwatch","Frozen Egg 2","Ginger","Philosopher\u0027s Stone","Replay:Bandana","PreservedInsect","Sling","InkBottle","Replay:Mystery Machine","Replay:Arrowhead","Question Card","Oddly Smooth Stone","StoneCalendar","Strawberry","infinitespire:Satchel"],"acts_visited":["Exordium","TheCity","TheBeyond","TheEnding"],"potions_floor_usage":[55],"damage_taken":[{"damage":0.0,"enemies":"Jaw Worm","floor":1.0,"turns":1.0},{"damage":0.0,"enemies":"Cultist","floor":3.0,"turns":1.0},{"damage":0.0,"enemies":"Small Slimes","floor":4.0,"turns":1.0},{"damage":0.0,"enemies":"3 Sentries","floor":6.0,"turns":2.0},{"damage":0.0,"enemies":"Looter","floor":7.0,"turns":1.0},{"damage":0.0,"enemies":"Replay:BlueRogue","floor":8.0,"turns":1.0},{"damage":0.0,"enemies":"Gremlin Nob","floor":10.0,"turns":1.0},{"damage":0.0,"enemies":"Exordium Thugs","floor":13.0,"turns":1.0},{"damage":0.0,"enemies":"Lagavulin","floor":14.0,"turns":3.0},{"damage":0.0,"enemies":"Fading Forest","floor":16.0,"turns":5.0},{"damage":0.0,"enemies":"Spheric Guardian","floor":18.0,"turns":1.0},{"damage":0.0,"enemies":"Chosen","floor":19.0,"turns":1.0},{"damage":0.0,"enemies":"Sentry and Sphere","floor":20.0,"turns":1.0},{"damage":0.0,"enemies":"Gremlin Leader","floor":25.0,"turns":1.0},{"damage":0,"enemies":"Snake Plant","floor":28,"turns":1},{"damage":0,"enemies":"3 Cultists","floor":29,"turns":2},{"damage":0,"enemies":"Replay:Snechameleon","floor":30,"turns":1},{"damage":0,"enemies":"Automaton","floor":33,"turns":2},{"damage":0,"enemies":"3 Shapes","floor":35,"turns":1},{"damage":0,"enemies":"3 Darklings","floor":38,"turns":1},{"damage":0,"enemies":"R_Hoarder","floor":40,"turns":2},{"damage":0,"enemies":"Jaw Worm Horde","floor":41,"turns":1},{"damage":0,"enemies":"Nemesis","floor":44,"turns":1},{"damage":0,"enemies":"Time Eater","floor":50,"turns":2},{"damage":0,"enemies":"Shield and Spear","floor":54,"turns":1},{"damage":0,"enemies":"The Heart","floor":55,"turns":3}],"seed_played":"-8311479232422500844","potions_obtained":[{"floor":1.0,"key":"LifebloodPotion"},{"floor":6.0,"key":"Death Potion"},{"floor":7.0,"key":"SpeedPotion"},{"floor":16.0,"key":"LiquidBronze"},{"floor":28,"key":"EssenceOfSteel"},{"floor":30,"key":"CunningPotion"},{"floor":40,"key":"PowerPotion"}],"is_trial":false,"path_per_floor":["M","?","M","M","$","E","M","E","T","E","$","R","M","E","R","B",null,"M","M","M","T","?","R","?","E","T","$","M","M","E","?","R","B",null,"M","T","$","M","$","E","M","R","T","E","?","R","?","T","R","B",null,"R","$","E","B",null],"character_chosen":"THE_SILENT","items_purchased":["Nunchaku","CeramicFish","Accuracy","infinitespire:WardingShard","Lee\u0027s Waffle","Bag of Marbles","Blue Doll","Kunai","Blade Dance","Replay:Bottled Eggs","Strange Spoon","Peace Pipe","infinitespire:Magic Flask","ReplayTheSpireMod:Shallot","Blade Dance","Mummified Hand","ReplayTheSpireMod:CursedCoin","Thread and Needle","Bronze Scales","Omamori","Cloak And Dagger+1","Replay:Rubber Ducky","Membership Card","Blade Dance","Eternal Feather","Tiny Chest","TwistedFunnel","Blade Dance","Frozen Eye","Onion Ring","Juzu Bracelet","Toxic Egg 2","Replay:Wax Seal","OrangePellets","Bag of Preparation","Accuracy","Pocketwatch","Frozen Egg 2","PreservedInsect","Sling","Accuracy+1","Oddly Smooth Stone","StoneCalendar","Strawberry"],"campfire_rested":0,"item_purchase_floors":[0,0,0,0,0,0,0,0,0,0,0,0,0,0,0,0,0,0,0,0,0,0,0,0,0,0,0,0,5,5,5,5,11,11,11,27,27,27,37,37,53,53,53,53],"current_hp_per_floor":[77,77,77,77,77,77,77,77,77,77,77,77,77,77,77,77,77,77,77,77,77,77,77,77,77,77,77,77,77,77,77,77,77,77,77,77,77,77,77,77,77,77,77,77,77,77,77,77,77,77,77,77,84,84,84],"gold":289,"neow_bonus":"","is_daily":false,"chose_seed":false,"campfire_upgraded":6,"win_rate":0.0,"timestamp":1613779430,"path_taken":["M","?","?","M","$","E","M","E","T","E","?","R","M","E","R","BOSS","M","M","M","?","?","R","?","E","T","$","M","M","E","?","R","BOSS","M","?","?","M","$","E","M","R","T","E","?","R","?","?","R","BOSS","R","$","E","BOSS"],"items_purchased_type":["Relic","Relic","Card","Relic","Relic","Relic","Relic","Relic","Card","Relic","Relic","Relic","Relic","Relic","Card","Relic","Relic","Relic","Relic","Relic","Card","Relic","Relic","Card","Relic","Relic","Relic","Card","Relic","Relic","Relic","Relic","Relic","Relic","Relic","Card","Relic","Relic","Relic","Relic","Card","Relic","Relic","Relic"],"build_version":"2020-12-22","purchased_purges":7,"victory":true,"max_hp_per_floor":[77,77,77,77,77,77,77,77,77,77,77,77,77,77,77,77,77,77,77,77,77,77,77,77,77,77,77,77,77,77,77,77,77,77,77,77,77,77,77,77,77,77,77,77,77,77,77,77,77,77,77,77,84,84,84],"card_choices":[{"not_picked":["Predator","Noxious Fumes"],"picked":"Hidden Blade","floor":1.0},{"not_picked":["Deflect","Bane","Acrobatics"],"picked":"SKIP","floor":3.0},{"not_picked":["Setup","Eviscerate","Sneak Up"],"picked":"SKIP","floor":4.0},{"not_picked":["Poison Darts+1","Caltrops"],"picked":"Prepared+1","floor":6.0},{"not_picked":["Dash","Acrobatics+1"],"picked":"Blade Dance+1","floor":7.0},{"not_picked":["ReplayTheSpireMod:Scrap Shanks","Poisoned Stab","Dagger Spray"],"picked":"SKIP","floor":8.0},{"not_picked":["Sucker Punch","Dodge and Roll+1","Backflip+1"],"picked":"SKIP","floor":10.0},{"not_picked":["Dagger Throw","Replay:Poison Smokescreen+1"],"picked":"Cloak And Dagger+1","floor":13.0},{"not_picked":["ReplayTheSpireMod:Exploit Weakness+1","Heel Hook"],"picked":"Cloak And Dagger+1","floor":14.0},{"not_picked":["infinitespire:Neurotoxin+1","Storm of Steel+1"],"picked":"Doppelganger+1","floor":16.0},{"not_picked":["Parasite","CurseOfTheBell"],"picked":"Replay:Hysterical Blindness","floor":17.0},{"not_picked":["Voices","Overencumbered"],"picked":"Writhe","floor":17.0},{"not_picked":["animator:Curse_Greed","Spreading Infection"],"picked":"Decay","floor":17.0},{"not_picked":["Skewer","Underhanded Strike+1","Dodge and Roll+1"],"picked":"SKIP","floor":18.0},{"not_picked":["Expertise+1","Acrobatics+1","All Out Attack"],"picked":"SKIP","floor":19.0},{"not_picked":["Hidden Blade+1","Poisoned Stab"],"picked":"Accuracy","floor":20.0},{"not_picked":["Bane","Grand Finale","Malaise+1"],"picked":"SKIP","floor":25.0},{"not_picked":["Poisoned Stab","Fluid Movement+1","Outmaneuver+1"],"picked":"SKIP","floor":28},{"not_picked":["Hidden Blade+1","Slice+1"],"picked":"Prepared+1","floor":29},{"not_picked":["Deflect+1","Underhanded Strike","Quick Slash+1"],"picked":"SKIP","floor":30},{"not_picked":["Outmaneuver+1","Flying Knee+1","Dash+1"],"picked":"SKIP","floor":35},{"not_picked":["Dagger Throw","ReplayTheSpireMod:Scrap Shanks+1"],"picked":"Cloak And Dagger+1","floor":38},{"not_picked":["Replay:Poison Smokescreen+1","Predator+1"],"picked":"Cloak And Dagger+1","floor":40},{"not_picked":["Deflect+1","ReplayTheSpireMod:Scrap Shanks+1","Acrobatics+1"],"picked":"SKIP","floor":41},{"not_picked":["ReplayTheSpireMod:Speed Training+1","Poisoned Stab","Finisher"],"picked":"SKIP","floor":44},{"not_picked":["ReplayTheSpireMod:Exploit Weakness+1","Crippling Poison+1","ReplayTheSpireMod:Scrap Shanks+1"],"picked":"Blade Dance+1","floor":54}],"player_experience":396910,"relics_obtained":[{"floor":6.0,"key":"Smiling Mask"},{"floor":8.0,"key":"Ice Cream"},{"floor":10.0,"key":"ReplayTheSpireMod:Ninjato"},{"floor":14.0,"key":"CaptainsWheel"},{"floor":21.0,"key":"Vajra"},{"floor":25.0,"key":"Replay:Towering Pillar of Hats"},{"floor":26.0,"key":"Pen Nib"},{"floor":30,"key":"Ginger"},{"floor":36,"key":"Replay:Bandana"},{"floor":40,"key":"InkBottle"},{"floor":43,"key":"Replay:Mystery Machine"},{"floor":44,"key":"Replay:Arrowhead"},{"floor":48,"key":"Question Card"},{"floor":54,"key":"infinitespire:Satchel"}],"event_choices":[{"damage_healed":0.0,"max_hp_gain":0.0,"max_hp_loss":0.0,"gold_gain":275.0,"event_name":"Golden Shrine","player_choice":"Desecrate","floor":2.0,"gold_loss":0.0,"damage_taken":0.0,"cards_obtained":["Regret"]},{"damage_healed":0.0,"max_hp_gain":0.0,"max_hp_loss":0.0,"gold_gain":275.0,"event_name":"Golden Shrine","player_choice":"Desecrate","floor":22.0,"gold_loss":0.0,"damage_taken":0.0,"cards_obtained":["Regret"]},{"damage_healed":0.0,"max_hp_gain":0.0,"max_hp_loss":0.0,"gold_gain":99.0,"event_name":"Nest","player_choice":"Stole From Cult","floor":24.0,"gold_loss":0.0,"damage_taken":0.0},{"cards_removed":["Writhe"],"damage_healed":0,"gold_gain":0,"player_choice":"Gave Gold","damage_taken":0,"max_hp_gain":0,"max_hp_loss":0,"event_name":"Beggar","floor":31,"gold_loss":75},{"cards_removed":["Defend_G"],"damage_healed":0,"gold_gain":0,"player_choice":"Card Removal","damage_taken":0,"max_hp_gain":0,"max_hp_loss":0,"event_name":"Wheel of Change","floor":45,"gold_loss":0},{"cards_removed":["Neutralize"],"damage_healed":0,"gold_gain":0,"player_choice":"Removed Attack","damage_taken":0,"max_hp_gain":0,"max_hp_loss":0,"event_name":"Falling","floor":47,"gold_loss":0}],"is_beta":false,"boss_relics":[{"not_picked":["Snecko Scales","Cursed Key"],"picked":"Replay:Ancient Bell"},{"not_picked":["Dream Catcher","ReplayTheSpireMod:TigerMarble"],"picked":"infinitespire:Beetle Shell"},{"not_picked":["Letter Opener","Replay:Bottled Flurry"],"picked":"Ninja Scroll"},{"not_picked":["Pondfish Scales","infinitespire:Lychee Nut"],"picked":"infinitespire:Golems Mask"},{"not_picked":["Honey Jar","Busted Crown"],"picked":"Philosopher\u0027s Stone"}],"items_purged_floors":[0,5,27,37,39,39,53],"is_endless":false,"potions_floor_spawned":[1,6,7,16,20,28,30,33,35,40,44],"ascension_level":5}}