{"host":"xsuxkwaivmtd234a","time":1613856399,"event":{"mods":["BaseMod","Bestiary","Colored Map","Filter the Spire","Minty Spire (QoL Compilation)","Relic Stats","StSLib"],"gold_per_floor":[115,126,25,35,54,54,88,88,88,88,188,214,214,231,231,327,327,337,337,337,337,252,282,300,300,300,334,362,43,116,129,129,231,231,242,242,259,259,10,10,35,35,116,127,144,144,144,144],"floor_reached":47,"language":"ENG","playtime":2385,"items_purged":[],"score":789,"play_id":"bb11b42f-4dfd-41dd-b215-d033c881ab8b","local_time":"20210220162639","is_ascension_mode":true,"campfire_choices":[{"data":"Well Laid Plans","floor":6.0,"key":"SMITH"},{"floor":10.0,"key":"REST"},{"data":"Accuracy","floor":13.0,"key":"SMITH"},{"floor":15.0,"key":"REST"},{"data":"Dagger Spray","floor":25.0,"key":"SMITH"},{"floor":32.0,"key":"REST"},{"floor":40,"key":"REST"},{"floor":46,"key":"REST"}],"circlet_count":0,"master_deck":["AscendersBane","Strike_G+1","Defend_G+1","Defend_G+1","Defend_G+1","Defend_G+1","Survivor","Neutralize","Flying Knee+1","Skewer+1","Bane+1","Blade Dance","Dagger Spray+1","Blade Dance","Well Laid Plans+1","Calculated Gamble+1","Footwork","Noxious Fumes","Accuracy+1","Venomology","Crippling Poison+1","Distraction","Noxious Fumes","Outmaneuver+1","Body Slam","Barricade","True Grit+1","Deep Breath+1","Writhe","True Grit+1","Parasite","Exhume"],"relics":["Astrolabe","The Courier","Sundial","Kunai","Toy Ornithopter","Runic Pyramid","Orichalcum","War Paint","Juzu Bracelet","HornCleat","MawBank","Gremlin Horn","PrismaticShard","Paper Crane","Snecko Eye","TwistedFunnel","Art of War","StrikeDummy"],"acts_visited":["Exordium","TheCity","TheBeyond"],"potions_floor_usage":[41,41,41,45,47,47],"damage_taken":[{"damage":0.0,"enemies":"Cultist","floor":1.0,"turns":2.0},{"damage":3.0,"enemies":"Small Slimes","floor":2.0,"turns":3.0},{"damage":0.0,"enemies":"2 Louse","floor":4.0,"turns":2.0},{"damage":9.0,"enemies":"Blue Slaver","floor":5.0,"turns":4.0},{"damage":25.0,"enemies":"Lagavulin","floor":7.0,"turns":7.0},{"damage":20.0,"enemies":"Gremlin Nob","floor":12.0,"turns":4.0},{"damage":13.0,"enemies":"3 Louse","floor":14.0,"turns":3.0},{"damage":31.0,"enemies":"The Guardian","floor":16.0,"turns":11.0},{"damage":2.0,"enemies":"Chosen","floor":18.0,"turns":6.0},{"damage":21.0,"enemies":"Gremlin Leader","floor":23.0,"turns":7.0},{"damage":0.0,"enemies":"3 Byrds","floor":24.0,"turns":3.0},{"damage":19.0,"enemies":"Book of Stabbing","floor":27.0,"turns":5.0},{"damage":10.0,"enemies":"Shelled Parasite and Fungi","floor":28.0,"turns":5.0},{"damage":0.0,"enemies":"Snecko","floor":31.0,"turns":5.0},{"damage":17.0,"enemies":"Champ","floor":33.0,"turns":10.0},{"damage":18.0,"enemies":"3 Darklings","floor":35.0,"turns":4.0},{"damage":1,"enemies":"3 Shapes","floor":37,"turns":6},{"damage":60,"enemies":"Nemesis","floor":41,"turns":7},{"damage":3,"enemies":"Sphere and 2 Shapes","floor":44,"turns":5},{"damage":4,"enemies":"Writhing Mass","floor":45,"turns":9},{"damage":96,"enemies":"Giant Head","floor":47,"turns":10}],"seed_played":"-7025781320320940170","potions_obtained":[{"floor":7.0,"key":"PowerPotion"},{"floor":16.0,"key":"LiquidBronze"},{"floor":24.0,"key":"AttackPotion"},{"floor":28.0,"key":"Regen Potion"},{"floor":33.0,"key":"FairyPotion"},{"floor":44,"key":"Swift Potion"},{"floor":45,"key":"SkillPotion"}],"is_trial":false,"path_per_floor":["M","M","$","M","M","R","E","?","T","R","?","E","R","M","R","B",null,"M","?","?","?","?","E","M","R","T","E","M","$","T","M","R","B",null,"M","?","M","?","$","R","E","?","T","M","M","R","E"],"character_chosen":"THE_SILENT","items_purchased":["Blade Dance","Well Laid Plans","Gremlin Horn","PrismaticShard","TwistedFunnel","Art of War"],"campfire_rested":5,"item_purchase_floors":[3,3,29,29,39,39],"current_hp_per_floor":[63,60,60,60,51,51,26,23,23,44,44,24,24,11,32,6,54,52,52,52,52,52,41,41,41,41,27,17,17,17,37,58,56,67,49,49,48,48,48,69,15,33,33,30,31,52,0,0],"gold":144,"neow_bonus":"BOSS_RELIC","is_daily":false,"chose_seed":false,"campfire_upgraded":3,"win_rate":0.0,"timestamp":1613856399,"path_taken":["M","M","?","M","M","R","E","?","T","R","?","E","R","M","R","BOSS","M","?","?","?","?","E","M","R","T","E","M","$","?","M","R","BOSS","M","?","M","?","$","R","E","?","T","M","M","R","E"],"items_purchased_type":["Card","Card","Relic","Relic","Relic","Relic"],"build_version":"2020-12-22","purchased_purges":0,"victory":false,"max_hp_per_floor":[70,70,70,70,70,70,70,70,70,70,70,70,70,70,70,70,70,70,70,70,70,70,70,70,70,70,70,70,70,70,70,70,70,70,70,70,70,70,70,70,70,70,70,70,70,70,70,70],"relic_stats":{"Gremlin Horn":[3,3],"counters":[21,118],"Astrolabe":["Flying Knee","Skewer","Bane"],"Juzu Bracelet":0,"Orichalcum":[114],"War Paint":["Crippling Poison","Calculated Gamble"],"MawBank":24,"Sundial":[14],"Snecko Eye":[69,64,78,64],"Art of War":[8],"Kunai":[37],"obtain_stats":[{"TwistedFunnel":39,"Gremlin Horn":29,"Astrolabe":0,"The Courier":7,"Juzu Bracelet":23,"Orichalcum":21,"War Paint":22,"Paper Crane":30,"MawBank":27,"PrismaticShard":29,"HornCleat":26,"Sundial":8,"Snecko Eye":34,"Art of War":39,"Kunai":9,"StrikeDummy":41,"Toy Ornithopter":12,"Ring of the Snake":0,"Runic Pyramid":17},{"TwistedFunnel":17,"Gremlin Horn":13,"Astrolabe":0,"The Courier":5,"Juzu Bracelet":10,"Orichalcum":9,"War Paint":9,"Paper Crane":13,"MawBank":12,"PrismaticShard":13,"HornCleat":11,"Sundial":5,"Snecko Eye":15,"Art of War":17,"Kunai":5,"StrikeDummy":18,"Toy Ornithopter":6,"Ring of the Snake":0,"Runic Pyramid":8},{"TwistedFunnel":87,"Gremlin Horn":62,"Astrolabe":0,"The Courier":18,"Juzu Bracelet":49,"Orichalcum":42,"War Paint":42,"Paper Crane":62,"MawBank":57,"PrismaticShard":62,"HornCleat":52,"Sundial":18,"Snecko Eye":77,"Art of War":87,"Kunai":18,"StrikeDummy":94,"Toy Ornithopter":22,"Ring of the Snake":0,"Runic Pyramid":36}],"Toy Ornithopter":61},"card_choices":[{"not_picked":["Flying Knee","Acrobatics"],"picked":"Blade Dance","floor":1.0},{"not_picked":["Choke","Dash"],"picked":"Dagger Spray","floor":2.0},{"not_picked":["Dodge and Roll","Predator"],"picked":"Calculated Gamble","floor":4.0},{"not_picked":["Tactician","Sucker Punch"],"picked":"Footwork","floor":5.0},{"not_picked":["Leg Sweep","Underhanded Strike"],"picked":"Noxious Fumes","floor":7.0},{"not_picked":["Heel Hook","Deflect"],"picked":"Accuracy","floor":12.0},{"not_picked":["Backflip","Envenom"],"picked":"Dash","floor":14.0},{"not_picked":["Phantasmal Killer","A Thousand Cuts"],"picked":"Venomology","floor":16.0},{"not_picked":["Deadly Poison","Finisher"],"picked":"Crippling Poison","floor":18.0},{"not_picked":["Dash","Calculated Gamble+1"],"picked":"Outmaneuver+1","floor":23.0},{"not_picked":["Prepared","Outmaneuver","Blade Dance"],"picked":"SKIP","floor":24.0},{"not_picked":["Underhanded Strike","Quick Slash","Endless Agony"],"picked":"SKIP","floor":27.0},{"not_picked":["Skewer","Distraction","Flying Knee"],"picked":"SKIP","floor":28.0},{"not_picked":["Pommel Strike","Stack"],"picked":"Body Slam","floor":31.0},{"not_picked":["Judgement","Rainbow"],"picked":"Barricade","floor":33.0},{"not_picked":["Sucker Punch+1","Ghostly Armor"],"picked":"True Grit+1","floor":35.0},{"not_picked":["Reprogram+1","Beam Cell"],"picked":"Deep Breath+1","floor":37},{"not_picked":["Havoc","Quick Slash+1","Vengeance+1"],"picked":"SKIP","floor":41},{"not_picked":["Bane","Stack+1"],"picked":"True Grit+1","floor":44},{"not_picked":["Evolve","Twin Strike"],"picked":"Exhume","floor":45}],"player_experience":1322182,"relics_obtained":[{"floor":7.0,"key":"The Courier"},{"floor":9.0,"key":"Kunai"},{"floor":12.0,"key":"Toy Ornithopter"},{"floor":23.0,"key":"Juzu Bracelet"},{"floor":26.0,"key":"HornCleat"},{"floor":27.0,"key":"MawBank"},{"floor":30.0,"key":"Paper Crane"},{"floor":41,"key":"StrikeDummy"}],"event_choices":[{"damage_healed":0.0,"max_hp_gain":0.0,"max_hp_loss":0.0,"gold_gain":0.0,"event_name":"Scrap Ooze","player_choice":"Success","floor":8.0,"gold_loss":0.0,"damage_taken":3.0,"relics_obtained":["Sundial"]},{"damage_healed":0.0,"max_hp_gain":0.0,"max_hp_loss":0.0,"gold_gain":100.0,"event_name":"Golden Shrine","player_choice":"Pray","floor":11.0,"gold_loss":0.0,"damage_taken":0.0},{"damage_healed":0.0,"max_hp_gain":0.0,"max_hp_loss":0.0,"gold_gain":0.0,"event_name":"Back to Basics","player_choice":"Simplicity","floor":19.0,"gold_loss":0.0,"damage_taken":0.0,"cards_upgraded":["Strike_G","Strike_G","Strike_G","Defend_G","Defend_G","Defend_G","Defend_G"]},{"damage_healed":0.0,"max_hp_gain":0.0,"max_hp_loss":0.0,"gold_gain":0.0,"cards_transformed":["Strike_G","Strike_G"],"event_name":"Drug Dealer","player_choice":"Became Test Subject","floor":20.0,"gold_loss":0.0,"damage_taken":0.0,"cards_obtained":["Distraction","Noxious Fumes"]},{"damage_healed":0.0,"max_hp_gain":0.0,"max_hp_loss":0.0,"gold_gain":0.0,"event_name":"The Mausoleum","player_choice":"Opened","floor":21.0,"gold_loss":0.0,"damage_taken":0.0,"relics_obtained":["Orichalcum"]},{"damage_healed":0.0,"max_hp_gain":0.0,"max_hp_loss":0.0,"gold_gain":0.0,"event_name":"Addict","player_choice":"Obtained Relic","floor":22.0,"gold_loss":85.0,"damage_taken":0.0,"relics_obtained":["War Paint"]},{"damage_healed":0,"gold_gain":0,"player_choice":"Ignored","damage_taken":0,"max_hp_gain":0,"max_hp_loss":0,"event_name":"Mysterious Sphere","floor":36,"gold_loss":0},{"cards_removed":["Dash"],"damage_healed":0,"gold_gain":0,"player_choice":"Removed Attack","damage_taken":0,"max_hp_gain":0,"max_hp_loss":0,"event_name":"Falling","floor":38,"gold_loss":0},{"damage_healed":18,"gold_gain":0,"player_choice":"Writhe","damage_taken":0,"max_hp_gain":0,"max_hp_loss":0,"event_name":"Winding Halls","floor":42,"gold_loss":0,"cards_obtained":["Writhe"]}],"is_beta":false,"boss_relics":[{"not_picked":["Runic Dome","Velvet Choker"],"picked":"Runic Pyramid"},{"not_picked":["HoveringKite","Sozu"],"picked":"Snecko Eye"}],"items_purged_floors":[],"is_endless":false,"potions_floor_spawned":[7,16,24,28,31,33,37,44,45],"killed_by":"Giant Head","ascension_level":10}}