{"host":"xsfbp1yx1f2ea5z7","time":1613829358,"event":{"mods":["100% Spire Juice","AchievementEnabler","Act Like it!","Bard","BaseMod","Beaked The Cultist","Better Altar","Better Match","Better Note","Better Sensory Stone","Better Skull","Better Third Choice","BetterRewards","Block Reminder","ChefMod","Colored Map","Colored Powertips","Conspire","DeckTracker","Downfall","GifTheSpireLib","Halation","Hermit","Hubris","Infinite Spire","Jedi Mod","Jorbs\u0027s Wanderer Trilogy","Marked Mod","Mimic Mod","Minty Spire (QoL Compilation)","Replay The Spire","Robot Space Explorer","Shade Mod","Spicy Shops","StSLib","The Blackbeard","The Hierophant","The Jungle","The Marked","The Mystic","The Runesmith","TheBandit","Unceasing Turn Reminder","Wandering Minibosses","everything is the same but u backflip on backflip"],"gold_per_floor":[99,111,111,124,139,172,172,97,132,42,27,27,27,42,56,158,158,158,172,172,172],"floor_reached":20,"language":"ENG","playtime":906,"items_purged":["champ:Strike"],"score":182,"play_id":"d145e56c-9f0e-4fbe-b34b-657397f7941b","local_time":"20210220215558","is_ascension_mode":false,"campfire_choices":[{"data":"champ:Taunt","floor":13,"key":"SMITH"},{"data":"champ:StrikeOfGenius","floor":18,"key":"SMITH"}],"circlet_count":0,"master_deck":["champ:Strike","champ:Strike","champ:Strike","champ:Defend","champ:Defend","champ:Defend","champ:Defend","champ:Execute","champ:Taunt+1","champ:FlashCut","champ:Lariat","champ:SetATrap","champ:FalseCounter","champ:ShieldWall","champ:ShieldWall","champ:PreemptiveStrike","champ:TornadoPunch","champ:BringItOn+1","champ:StrikeOfGenius+1"],"relics":["champ:ChampionCrown","Counterbalance","Toxic Egg 2","hubris:Towel","Coffee Dripper"],"acts_visited":["Exordium","TheCity"],"potions_floor_usage":[4,14,16],"damage_taken":[{"damage":39,"enemies":"Jaw Worm","floor":2,"turns":5},{"damage":10,"enemies":"Small Slimes","floor":4,"turns":3},{"damage":10,"enemies":"Cultist","floor":5,"turns":3},{"damage":32,"enemies":"Gremlin Nob","floor":6,"turns":5},{"damage":31,"enemies":"3 Sentries","floor":9,"turns":9},{"damage":10,"enemies":"downfall:FleeingMerchant","floor":10,"turns":4},{"damage":1,"enemies":"downfall:FleeingMerchant","floor":11,"turns":4},{"damage":17,"enemies":"Blue Slaver","floor":14,"turns":3},{"damage":8,"enemies":"Red Slaver","floor":15,"turns":3},{"damage":7,"enemies":"WA_ARCHETYPE_RETAIN","floor":16,"turns":6},{"damage":15,"enemies":"Chosen","floor":19,"turns":6},{"damage":16,"enemies":"3 Byrds","floor":20,"turns":3}],"seed_played":"-1713314837761939631","potions_obtained":[{"floor":2,"key":"Regen Potion"},{"floor":9,"key":"BlessingOfTheForge"},{"floor":15,"key":"jedi:StrikingPotion"},{"floor":16,"key":"FearPotion"}],"is_trial":false,"path_per_floor":["R_BF","M","?","M","M","E","T","?","E","$","$","?","R","M","M","B",null,"R","M","M"],"character_chosen":"THE_CHAMP","items_purchased":[],"campfire_rested":0,"item_purchase_floors":[],"current_hp_per_floor":[104,95,95,104,104,72,72,72,51,51,50,50,50,43,35,28,104,104,99,83,83],"gold":172,"neow_bonus":"TEN_PERCENT_HP_BONUS","is_daily":false,"chose_seed":false,"campfire_upgraded":2,"win_rate":0.0,"timestamp":1613829358,"path_taken":["R_BF","M","?","M","M","E","T","?","E","?","$","?","R","?","M","BOSS","R","M","M"],"items_purchased_type":[],"build_version":"2020-12-22","purchased_purges":1,"victory":false,"max_hp_per_floor":[104,104,104,104,104,104,104,104,104,104,104,104,104,104,104,104,104,104,104,104,104],"card_choices":[{"not_picked":["champ:Shatter","champ:GutPunch"],"picked":"champ:FlashCut","floor":2},{"not_picked":["champ:BerserkersShout","champ:Circumvent"],"picked":"champ:Lariat","floor":4},{"not_picked":["champ:BerserkersShout","champ:AdrenalArmor"],"picked":"champ:SetATrap","floor":5},{"not_picked":["champ:Haymaker","champ:CrownThrow"],"picked":"champ:FalseCounter","floor":6},{"not_picked":["champ:RisingSlash","champ:IgnorePain+1"],"picked":"champ:ShieldWall","floor":9},{"not_picked":["champ:GladiatorStyle","champ:FalseCounter+1"],"picked":"champ:ShieldWall","floor":10},{"not_picked":["champ:CrookedStrike","champ:SteelEdge"],"picked":"champ:PreemptiveStrike","floor":11},{"not_picked":["champ:Endure+1","champ:GutPunch"],"picked":"champ:TornadoPunch","floor":14},{"not_picked":["champ:EndlessRage","champ:FancyFootwork+1"],"picked":"champ:BringItOn+1","floor":15},{"not_picked":["champ:IgnorePain+1","champ:VampiricStrike"],"picked":"champ:StrikeOfGenius","floor":16},{"not_picked":["champ:EnragedBash","champ:PreciseThrust","champ:TornadoPunch"],"picked":"SKIP","floor":19}],"player_experience":107875,"relics_obtained":[{"floor":6,"key":"Counterbalance"},{"floor":9,"key":"Toxic Egg 2"}],"event_choices":[{"damage_healed":0,"gold_gain":0,"player_choice":"Donut","damage_taken":0,"max_hp_gain":5,"max_hp_loss":0,"event_name":"Big Fish","floor":1,"gold_loss":0},{"damage_healed":0,"gold_gain":0,"player_choice":"3","damage_taken":0,"max_hp_gain":0,"max_hp_loss":0,"event_name":"betterMatch:BetterMatch","floor":8,"gold_loss":0,"cards_obtained":[]}],"is_beta":false,"boss_relics":[{"not_picked":["halation:CatFaceCupcake","hubris:Stopwatch"],"picked":"Coffee Dripper"}],"items_purged_floors":[10],"is_endless":false,"potions_floor_spawned":[2,9,15,16],"killed_by":"3 Byrds","ascension_level":0}}