{"host":"t9vqxmgmtrdkt9v9","time":1613787870,"event":{"mods":["AchievementEnabler","BaseMod","Colored Map","Minty Spire (QoL Compilation)","Permanent Neow","Relic Stats","StSLib"],"gold_per_floor":[111,111,126,140,7,7,40,40,40,40,40,40,53,72,72,149,149,166,166,166,166,166,166,178,178,178,178,178],"floor_reached":27,"language":"ENG","playtime":639,"items_purged":[],"score":518,"play_id":"b2c3e785-ff44-4112-85aa-c1dc258ef4a2","local_time":"20210220122430","is_ascension_mode":true,"campfire_choices":[{"data":"Spot Weakness","floor":6,"key":"SMITH"},{"data":"Immolate","floor":8,"key":"SMITH"},{"data":"Bash","floor":10,"key":"SMITH"},{"data":"Clothesline","floor":12,"key":"SMITH"},{"data":"Uppercut","floor":15,"key":"SMITH"},{"data":"Rupture","floor":23,"key":"SMITH"}],"circlet_count":0,"master_deck":["AscendersBane","Strike_R+1","Strike_R+1","Strike_R+1","Defend_R+1","Defend_R+1","Defend_R+1","Bash+1","Dual Wield","Anger","Clothesline+1","Pommel Strike","Spot Weakness+1","Immolate+1","Twin Strike","Uppercut+1","Immolate","Rupture+1","J.A.X."],"relics":["Burning Blood","Ice Cream","Torii","NlothsMask","Empty Cage","Nilry\u0027s Codex"],"acts_visited":["Exordium","TheCity"],"potions_floor_usage":[7,13,16,24],"damage_taken":[{"damage":8,"enemies":"2 Louse","floor":1,"turns":4},{"damage":12,"enemies":"Small Slimes","floor":3,"turns":4},{"damage":1,"enemies":"Cultist","floor":4,"turns":3},{"damage":15,"enemies":"3 Sentries","floor":7,"turns":7},{"damage":10,"enemies":"Exordium Thugs","floor":13,"turns":4},{"damage":16,"enemies":"Blue Slaver","floor":14,"turns":3},{"damage":0,"enemies":"Slime Boss","floor":16,"turns":4},{"damage":25,"enemies":"Spheric Guardian","floor":18,"turns":4},{"damage":21,"enemies":"Shell Parasite","floor":24,"turns":2},{"damage":24,"enemies":"Snake Plant","floor":27,"turns":3}],"seed_played":"-1087274561947713291","potions_obtained":[{"floor":3,"key":"Dexterity Potion"},{"floor":7,"key":"BloodPotion"},{"floor":13,"key":"DistilledChaos"},{"floor":18,"key":"AttackPotion"}],"is_trial":false,"path_per_floor":["M","?","M","M","$","R","E","R","T","R","?","R","M","M","R","B",null,"M","?","?","$","?","R","M","?","T","M"],"character_chosen":"IRONCLAD","items_purchased":["Spot Weakness","Fire Potion"],"campfire_rested":0,"item_purchase_floors":[5,5],"current_hp_per_floor":[66,71,65,70,70,70,61,61,61,61,61,61,73,63,63,69,77,58,58,37,37,37,37,22,22,22,0,0],"gold":178,"neow_bonus":"TRANSFORM_CARD","is_daily":false,"chose_seed":false,"campfire_upgraded":6,"win_rate":0.0,"timestamp":1613787870,"path_taken":["M","?","M","M","$","R","E","R","T","R","?","R","M","?","R","BOSS","M","?","?","$","?","R","M","?","T","?"],"items_purchased_type":["Card","Potion"],"build_version":"2020-12-22","purchased_purges":0,"victory":false,"max_hp_per_floor":[75,80,80,80,80,80,80,80,80,80,80,80,80,80,80,80,80,80,80,80,80,80,80,80,80,80,80,80],"relic_stats":{"Torii":4,"counters":[10,38],"obtain_stats":[{"Ice Cream":7,"Torii":9,"Nilry\u0027s Codex":20,"Empty Cage":17,"Burning Blood":0,"NlothsMask":11},{"Ice Cream":4,"Torii":4,"Nilry\u0027s Codex":8,"Empty Cage":7,"Burning Blood":0,"NlothsMask":4},{"Ice Cream":18,"Torii":18,"Nilry\u0027s Codex":33,"Empty Cage":29,"Burning Blood":0,"NlothsMask":18}],"Burning Blood":54},"card_choices":[{"not_picked":["Dark Embrace","Clothesline"],"picked":"Anger","floor":1},{"not_picked":["Havoc","Perfected Strike"],"picked":"Clothesline","floor":3},{"not_picked":["Infernal Blade","Entrench"],"picked":"Pommel Strike","floor":4},{"not_picked":["Shrug It Off","Heavy Blade"],"picked":"Immolate","floor":7},{"not_picked":["Evolve","Body Slam"],"picked":"Twin Strike","floor":13},{"not_picked":["Pommel Strike","Twin Strike"],"picked":"Uppercut","floor":14},{"not_picked":["Brutality","Exhume"],"picked":"Immolate","floor":16},{"not_picked":["Carnage","Rage"],"picked":"Rupture","floor":18},{"not_picked":["Body Slam+1","Thunderclap","Carnage"],"picked":"SKIP","floor":24}],"player_experience":457204,"relics_obtained":[{"floor":7,"key":"Ice Cream"},{"floor":9,"key":"Torii"},{"floor":20,"key":"Nilry\u0027s Codex"}],"event_choices":[{"damage_healed":0,"gold_gain":0,"player_choice":"Donut","damage_taken":0,"max_hp_gain":5,"max_hp_loss":0,"event_name":"Big Fish","floor":2,"gold_loss":0},{"damage_healed":0,"gold_gain":0,"player_choice":"Trade","damage_taken":0,"relics_obtained":["NlothsMask"],"max_hp_gain":0,"max_hp_loss":0,"event_name":"FaceTrader","floor":11,"gold_loss":0},{"damage_healed":0,"gold_gain":0,"player_choice":"Obtain J.A.X.","damage_taken":0,"max_hp_gain":0,"max_hp_loss":0,"event_name":"Drug Dealer","floor":19,"gold_loss":0,"cards_obtained":["J.A.X."]},{"damage_healed":0,"gold_gain":0,"player_choice":"Obtained Book","damage_taken":21,"max_hp_gain":0,"max_hp_loss":0,"event_name":"Cursed Tome","floor":20,"gold_loss":0},{"damage_healed":0,"gold_gain":0,"player_choice":"Ignored","damage_taken":0,"max_hp_gain":0,"max_hp_loss":0,"event_name":"Vampires","floor":22,"gold_loss":0},{"damage_healed":0,"gold_gain":0,"player_choice":"Simplicity","damage_taken":0,"max_hp_gain":0,"max_hp_loss":0,"event_name":"Back to Basics","floor":25,"gold_loss":0,"cards_upgraded":["Strike_R","Strike_R","Strike_R","Defend_R","Defend_R","Defend_R"]}],"is_beta":false,"boss_relics":[{"not_picked":["Philosopher\u0027s Stone","Runic Cube"],"picked":"Empty Cage"}],"items_purged_floors":[],"is_endless":false,"potions_floor_spawned":[3,7,13,18],"killed_by":"Snake Plant","ascension_level":20}}