{"host":"pm6tps78s2qrawcb","time":1613781612,"event":{"mods":["BaseMod","BetterRewards","Colored Map","Downfall","Hubris","Infinite Spire","Mimic Mod","Minty Spire (QoL Compilation)","Reliquary","Replay The Spire","Shop Mod","StSLib"],"gold_per_floor":[209,209,209,209,57,57,57,84,110,135,149,160,175,208,208,311,311,325,325,336,22,22,22,36,71,105,133,57,85,85,85,85,180,230,250,269,71,71,71,98,111,157,188,188,188,216,236,249,249,249],"floor_reached":51,"language":"ENG","playtime":3526,"items_purged":["Sickly","Strike_G","hubris:TrickCloak+1"],"score":1025,"play_id":"dfad7dd9-dff6-4c41-9d14-d0f8ec3ac347","local_time":"20210220004012","is_ascension_mode":true,"campfire_choices":[{"data":"infinitespire:Collect","floor":6,"key":"SMITH"},{"floor":15,"key":"REST"},{"data":"Neutralize","floor":23,"key":"SMITH"},{"data":"Catalyst","floor":30,"key":"SMITH"},{"data":"Replay:Bag of Tricks","floor":32,"key":"SMITH"},{"floor":45,"key":"RECALL"},{"data":"Outmaneuver","floor":49,"key":"SMITH"}],"circlet_count":0,"master_deck":["Strike_G+1","Strike_G+1","Strike_G+1","Strike_G+1","Defend_G+1","Defend_G+1","Defend_G+1","Defend_G+1","Defend_G+1","Survivor+1","Neutralize+1","infinitespire:Collect+1","Corpse Explosion+1","Outmaneuver+1","Backflip+1","Masterful Stab+1","Grand Finale+1","Quick Slash+1","Masterful Stab+1","Replay:Bag of Tricks+1","ReplayTheSpireMod:Scrap Shanks+1","Adrenaline+1","Catalyst+1","Poison Darts+1","Infinite Blades+1","Toxin Wave+1","Outmaneuver+1","Acrobatics+1","Hidden Blade+1","Outmaneuver+1"],"relics":["Ring of the Snake","Centennial Puzzle","MerchantsRug","hubris:GlazedTorus","Smiling Mask","ReplayFunnel","hubris:FunFungus","ChewingGum","Membership Card","reliquary:Firecrackers","hubris:Spice","Mercury Hourglass","hubris:DeckOfHolding","ReplayTheSpireMod:CursedCoin","Blue Candle","Tiny House","hubris:Icosahedron","Mark of the Bloom","FossilizedHelix","WristBlade","Turnip","Peace Pipe"],"acts_visited":["Exordium","TheCity","TheBeyond"],"potions_floor_usage":[14,16,25,25,33,50],"damage_taken":[{"damage":2,"enemies":"Cultist","floor":1,"turns":4},{"damage":23,"enemies":"Gremlin Nob","floor":8,"turns":6},{"damage":1,"enemies":"3 Sentries","floor":10,"turns":10},{"damage":2,"enemies":"2 Louse","floor":11,"turns":2},{"damage":8,"enemies":"Jaw Worm","floor":12,"turns":3},{"damage":10,"enemies":"Large Slime","floor":13,"turns":5},{"damage":0,"enemies":"Gremlin Nob","floor":14,"turns":3},{"damage":0,"enemies":"The Guardian","floor":16,"turns":10},{"damage":0,"enemies":"Shell Parasite","floor":18,"turns":5},{"damage":0,"enemies":"Spheric Guardian","floor":20,"turns":2},{"damage":0,"enemies":"3 Cultists","floor":24,"turns":2},{"damage":14,"enemies":"Gremlin Leader","floor":25,"turns":8},{"damage":0,"enemies":"Snecko","floor":26,"turns":4},{"damage":9,"enemies":"Replay:Snechameleon","floor":27,"turns":6},{"damage":5,"enemies":"Gremlin Leader","floor":29,"turns":5},{"damage":20,"enemies":"Automaton","floor":33,"turns":11},{"damage":0,"enemies":"Orb Walker","floor":35,"turns":3},{"damage":0,"enemies":"3 Darklings","floor":36,"turns":2},{"damage":0,"enemies":"R_Hoarder","floor":40,"turns":5},{"damage":0,"enemies":"Jaw Worm Horde","floor":41,"turns":2},{"damage":0,"enemies":"2 Orb Walkers","floor":42,"turns":3},{"damage":0,"enemies":"Spire Growth","floor":43,"turns":4},{"damage":0,"enemies":"Giant Head","floor":46,"turns":4},{"damage":0,"enemies":"Spire Growth","floor":47,"turns":2},{"damage":0,"enemies":"Writhing Mass","floor":48,"turns":2},{"damage":0,"enemies":"Donu and Deca","floor":50,"turns":3}],"seed_played":"5810393053874008766","potions_obtained":[{"floor":1,"key":"FearPotion"},{"floor":10,"key":"Elixir"},{"floor":13,"key":"Weak Potion"},{"floor":16,"key":"Flashbang"},{"floor":18,"key":"Swift Potion"},{"floor":29,"key":"Explosive Potion"},{"floor":34,"key":"Death Potion"},{"floor":36,"key":"SkillPotion"},{"floor":40,"key":"infinitespire:BlackPotion"}],"is_trial":false,"path_per_floor":["M","?","?","?","$","R","$","E","T","E","M","M","M","E","R","B",null,"M","?","M","$","T","R","M","E","MIM","E","$","E","R","?","R","B",null,"M","M","$","?","?","E","M","?","MIM","AVR","R","E","M","M","R","B",null],"character_chosen":"THE_SILENT","items_purchased":["MerchantsRug","Membership Card","reliquary:Firecrackers","Masterful Stab","ReplayTheSpireMod:CursedCoin","Catalyst","hubris:Spice","hubris:Spice"],"campfire_rested":1,"item_purchase_floors":[5,21,21,21,28,28,28,37],"current_hp_per_floor":[68,61,45,50,50,50,50,27,27,26,24,16,6,6,28,35,75,75,75,75,75,83,83,83,71,72,68,76,73,73,68,68,54,88,88,88,80,80,80,72,72,56,56,56,56,56,56,56,56,56],"gold":249,"neow_bonus":"HUNDRED_GOLD","is_daily":false,"chose_seed":false,"campfire_upgraded":5,"win_rate":0.0,"timestamp":1613781612,"path_taken":["M","?","?","?","$","R","$","E","T","E","?","M","M","E","R","BOSS","M","?","M","$","?","R","M","E","MIM","E","$","E","R","?","R","BOSS","M","M","$","?","?","E","M","?","MIM","AVR","R","E","?","M","R","BOSS"],"items_purchased_type":["Relic","Relic","Relic","Card","Relic","Card","Relic","Relic"],"build_version":"2020-12-22","purchased_purges":3,"victory":true,"max_hp_per_floor":[70,70,70,75,75,75,75,75,75,75,75,75,75,75,75,75,75,75,75,75,75,83,83,83,83,83,83,91,83,83,83,83,83,88,88,88,80,80,80,72,72,56,56,56,56,56,56,56,56,56],"card_choices":[{"not_picked":["Distraction","Poisoned Stab","PiercingWail"],"picked":"SKIP","floor":1},{"not_picked":["infinitespire:TheBestDefense","infinitespire:Execution"],"picked":"infinitespire:Collect","floor":3},{"not_picked":["Dodge and Roll","Cloak And Dagger","Escape Plan"],"picked":"SKIP","floor":8},{"not_picked":["Blade Dance","ReplayTheSpireMod:Exploit Weakness"],"picked":"Corpse Explosion","floor":10},{"not_picked":["Acrobatics","hubris:SlightOfHand"],"picked":"Outmaneuver","floor":11},{"not_picked":["Deflect","Dodge and Roll","Masterful Stab"],"picked":"SKIP","floor":12},{"not_picked":["Crippling Poison","Deflect"],"picked":"Backflip","floor":13},{"not_picked":["Corpse Explosion","Outmaneuver"],"picked":"Masterful Stab","floor":14},{"not_picked":["Glass Knife","ReplayTheSpireMod:From All Sides"],"picked":"Grand Finale","floor":16},{"not_picked":["Bouncing Flask","Choke"],"picked":"Quick Slash+1","floor":18},{"not_picked":["hubris:Sniper","Distraction","Backflip"],"picked":"SKIP","floor":20},{"not_picked":["Underhanded Strike","Backflip","Dodge and Roll"],"picked":"SKIP","floor":24},{"not_picked":["Outmaneuver","Deflect"],"picked":"Replay:Bag of Tricks","floor":25},{"not_picked":["Backstab","Dodge and Roll+1"],"picked":"ReplayTheSpireMod:Scrap Shanks","floor":26},{"not_picked":["Replay:Poison Smokescreen+1","Backstab"],"picked":"Adrenaline","floor":27},{"not_picked":["Choke","Quick Slash","Dodge and Roll"],"picked":"SKIP","floor":29},{"not_picked":["Glass Knife","Wraith Form v2"],"picked":"Poison Darts","floor":33},{"not_picked":["Heel Hook","hubris:SpiceAddiction"],"picked":"Infinite Blades","floor":34},{"not_picked":["Deadly Poison","Underhanded Strike","Endless Agony+1"],"picked":"SKIP","floor":35},{"not_picked":["Deflect","Quick Slash"],"picked":"Toxin Wave","floor":36},{"not_picked":["hubris:SpiceAddiction","Hidden Blade"],"picked":"Outmaneuver","floor":40},{"not_picked":["Prepared","Deflect+1"],"picked":"hubris:TrickCloak+1","floor":41},{"not_picked":["Bouncing Flask","Reflex"],"picked":"hubris:SpiceAddiction","floor":42},{"not_picked":["Poisoned Stab","ReplayTheSpireMod:Tripwire+1"],"picked":"Acrobatics+1","floor":43},{"not_picked":["Calculated Gamble+1","Deadly Poison+1"],"picked":"Hidden Blade+1","floor":46},{"not_picked":["Masterful Stab+1","hubris:SpiceAddiction"],"picked":"Outmaneuver+1","floor":47},{"not_picked":["Quick Slash+1","Choke+1","Cloak And Dagger"],"picked":"SKIP","floor":48}],"player_experience":327709,"relics_obtained":[{"floor":8,"key":"hubris:GlazedTorus"},{"floor":9,"key":"Smiling Mask"},{"floor":10,"key":"ReplayFunnel"},{"floor":14,"key":"hubris:FunFungus"},{"floor":22,"key":"hubris:Spice"},{"floor":25,"key":"Mercury Hourglass"},{"floor":26,"key":"hubris:DeckOfHolding"},{"floor":29,"key":"hubris:Spice"},{"floor":40,"key":"hubris:Spice"},{"floor":42,"key":"hubris:Spice"},{"floor":43,"key":"FossilizedHelix"},{"floor":46,"key":"Peace Pipe"}],"event_choices":[{"damage_healed":0,"gold_gain":0,"player_choice":"Success","damage_taken":7,"relics_obtained":["Centennial Puzzle"],"max_hp_gain":0,"max_hp_loss":0,"event_name":"Scrap Ooze","floor":2,"gold_loss":0},{"damage_healed":0,"gold_gain":0,"player_choice":"Donut","damage_taken":0,"max_hp_gain":5,"max_hp_loss":0,"event_name":"Big Fish","floor":4,"gold_loss":0},{"damage_healed":0,"gold_gain":0,"player_choice":"Ignored","damage_taken":0,"max_hp_gain":0,"max_hp_loss":0,"event_name":"NoteForYourself","floor":19,"gold_loss":0},{"damage_healed":0,"gold_gain":0,"player_choice":"Upgrade","damage_taken":0,"relics_obtained":["Mark of the Bloom"],"max_hp_gain":0,"max_hp_loss":0,"event_name":"MindBloom","floor":39,"gold_loss":0,"cards_upgraded":["Strike_G","Strike_G","Strike_G","Strike_G","Defend_G","Defend_G","Defend_G","Defend_G","Survivor","Corpse Explosion","Outmaneuver","Backflip","Masterful Stab","Grand Finale","Masterful Stab","ReplayTheSpireMod:Scrap Shanks","Adrenaline","Poison Darts","Infinite Blades","Toxin Wave"]},{"damage_healed":0,"gold_gain":0,"player_choice":"Fight","damage_taken":0,"max_hp_gain":0,"max_hp_loss":0,"event_name":"Mysterious Sphere","floor":42,"gold_loss":0}],"is_beta":false,"boss_relics":[{"not_picked":["reliquary:Craggleroot","reliquary:Ember"],"picked":"ChewingGum"},{"not_picked":["hubris:Spice","hubris:Spice"],"picked":"Tiny House"}],"items_purged_floors":[28,37,44],"is_endless":false,"potions_floor_spawned":[1,10,13,16,18,24,29,36,40,41,47,48],"ascension_level":1}}