{"host":"m1hrbr0uwda4cktq","time":1613834829,"event":{"mods":["BaseMod","BetterRewards","Colored Map","Colored Powertips","Highlight Path","Minty Spire (QoL Compilation)","Shop Mod","SuperFastMode"],"gold_per_floor":[119,137,150,161,177,205,205,238,238,94,94,104,117,134,134,230,230,250,264,280,280,205,233,233,248,248,277,80,110,121,131,131,234,234,251,251,263,67,87,116,116,147,147,182,182,210,160,176,176,176],"floor_reached":51,"language":"ENG","playtime":4494,"items_purged":["Defend_R","Defend_R","Defend_R","Whirlwind"],"score":883,"play_id":"7e91665a-b19a-4aa7-961a-e0589c835d83","local_time":"20210220122709","is_ascension_mode":true,"campfire_choices":[{"data":"Armaments","floor":7,"key":"SMITH"},{"data":"Bash","floor":11,"key":"SMITH"},{"data":"Rage","floor":15,"key":"SMITH"},{"data":"Dual Wield","floor":24,"key":"SMITH"},{"floor":32,"key":"REST"},{"floor":41,"key":"REST"},{"floor":49,"key":"REST"}],"circlet_count":0,"master_deck":["Strike_R","Strike_R","Strike_R","Strike_R","Strike_R","Bash+1","Flex+1","Cleave","Armaments+1","Rage+1","Headbutt","Thunderclap","Pommel Strike","Inflame","Battle Trance","Inflame","Barricade","Clothesline","Dual Wield+1","Headbutt","Pommel Strike","Rage+1","Pummel","Flex+1","Spot Weakness+1","Pommel Strike+1","Limit Break","Power Through+1","PanicButton"],"relics":["Burning Blood","Incense Burner","Velvet Choker","Darkstone Periapt","Bottled Flame","Bottled Lightning","Sling","Runic Pyramid","Smiling Mask","Mummified Hand","Prayer Wheel","Lantern","Omamori","Sozu","Frozen Eye","War Paint","Red Skull","Regal Pillow","Molten Egg 2","Paper Frog"],"acts_visited":["Exordium","TheCity","TheBeyond"],"potions_floor_usage":[23],"damage_taken":[{"damage":0,"enemies":"Small Slimes","floor":1,"turns":3},{"damage":1,"enemies":"Cultist","floor":2,"turns":3},{"damage":0,"enemies":"2 Louse","floor":3,"turns":2},{"damage":5,"enemies":"Looter","floor":4,"turns":3},{"damage":0,"enemies":"Exordium Wildlife","floor":5,"turns":3},{"damage":4,"enemies":"3 Sentries","floor":6,"turns":6},{"damage":13,"enemies":"Lagavulin","floor":8,"turns":6},{"damage":0,"enemies":"3 Louse","floor":12,"turns":2},{"damage":3,"enemies":"Large Slime","floor":13,"turns":5},{"damage":0,"enemies":"2 Fungi Beasts","floor":14,"turns":2},{"damage":39,"enemies":"Hexaghost","floor":16,"turns":8},{"damage":17,"enemies":"Spheric Guardian","floor":18,"turns":4},{"damage":0,"enemies":"Chosen","floor":19,"turns":3},{"damage":9,"enemies":"3 Cultists","floor":20,"turns":4},{"damage":34,"enemies":"Gremlin Leader","floor":23,"turns":5},{"damage":21,"enemies":"Sentry and Sphere","floor":25,"turns":5},{"damage":13,"enemies":"Slavers","floor":27,"turns":3},{"damage":26,"enemies":"Book of Stabbing","floor":29,"turns":4},{"damage":0,"enemies":"Centurion and Healer","floor":30,"turns":4},{"damage":16,"enemies":"Snake Plant","floor":31,"turns":3},{"damage":29,"enemies":"Automaton","floor":33,"turns":10},{"damage":9,"enemies":"Orb Walker","floor":35,"turns":4},{"damage":18,"enemies":"3 Shapes","floor":37,"turns":3},{"damage":8,"enemies":"Sphere and 2 Shapes","floor":39,"turns":4},{"damage":21,"enemies":"Giant Head","floor":40,"turns":5},{"damage":40,"enemies":"Nemesis","floor":42,"turns":5},{"damage":0,"enemies":"Reptomancer","floor":44,"turns":2},{"damage":19,"enemies":"Nemesis","floor":46,"turns":3},{"damage":19,"enemies":"Maw","floor":48,"turns":5},{"damage":40,"enemies":"Donu and Deca","floor":50,"turns":6}],"seed_played":"3574027179772978004","potions_obtained":[{"floor":3,"key":"BlessingOfTheForge"},{"floor":6,"key":"LiquidMemories"},{"floor":8,"key":"BloodPotion"},{"floor":14,"key":"FearPotion"},{"floor":23,"key":"Fire Potion"},{"floor":27,"key":"FairyPotion"}],"is_trial":false,"path_per_floor":["M","M","M","M","M","E","R","E","T","$","R","M","M","M","R","B",null,"M","M","M","?","$","E","R","M","T","E","$","E","M","M","R","B",null,"M","?","M","$","M","E","R","E","T","E","?","E","$","M","R","B",null],"character_chosen":"IRONCLAD","items_purchased":["Incense Burner","Sling","Lantern","Frozen Eye"],"campfire_rested":3,"item_purchase_floors":[0,10,28,38],"current_hp_per_floor":[80,80,80,80,80,80,80,73,73,73,73,79,80,80,80,47,80,69,75,72,72,72,60,60,45,45,38,38,18,24,14,38,15,80,77,77,65,65,63,48,72,38,38,44,44,31,31,18,57,23],"gold":176,"neow_bonus":"","is_daily":false,"chose_seed":false,"campfire_upgraded":4,"win_rate":0.0,"timestamp":1613834829,"path_taken":["M","M","M","M","M","E","R","E","T","$","R","M","M","M","R","BOSS","M","M","M","?","$","E","R","M","T","E","?","E","M","M","R","BOSS","M","?","M","$","M","E","R","E","T","E","?","E","$","M","R","BOSS"],"items_purchased_type":["Relic","Relic","Relic","Relic"],"build_version":"2020-12-22","purchased_purges":4,"victory":true,"max_hp_per_floor":[80,80,80,80,80,80,80,80,80,80,80,80,80,80,80,80,80,80,80,80,80,80,80,80,80,80,80,80,80,80,80,80,80,80,80,80,80,80,80,80,80,80,80,80,80,80,80,80,80,80],"card_choices":[{"not_picked":["Sword Boomerang","Shrug It Off"],"picked":"Cleave","floor":1},{"not_picked":["Feel No Pain","Clash"],"picked":"Armaments","floor":2},{"not_picked":["Pummel","Body Slam"],"picked":"Iron Wave","floor":3},{"not_picked":["Whirlwind","True Grit"],"picked":"Rage","floor":4},{"not_picked":["Carnage","Iron Wave"],"picked":"Headbutt","floor":5},{"not_picked":["Burning Pact","Exhume"],"picked":"Thunderclap","floor":6},{"not_picked":["Body Slam","Shockwave"],"picked":"Pommel Strike","floor":8},{"not_picked":["Flex","Flame Barrier"],"picked":"Inflame","floor":12},{"not_picked":["Heavy Blade","Havoc"],"picked":"Battle Trance","floor":13},{"not_picked":["Entrench","Thunderclap"],"picked":"Inflame","floor":14},{"not_picked":["Fiend Fire","Immolate"],"picked":"Barricade","floor":16},{"not_picked":["Clash","Iron Wave"],"picked":"Clothesline","floor":18},{"not_picked":["Sword Boomerang+1","Iron Wave+1"],"picked":"Dual Wield","floor":19},{"not_picked":["Bloodletting","Thunderclap"],"picked":"Whirlwind","floor":20},{"not_picked":["Twin Strike+1","Warcry+1"],"picked":"Headbutt","floor":23},{"not_picked":["Entrench","Searing Blow"],"picked":"Pommel Strike","floor":25},{"not_picked":["Blood for Blood","Whirlwind"],"picked":"Rage+1","floor":27},{"not_picked":["Body Slam","Brutality"],"picked":"Pummel","floor":29},{"not_picked":["Twin Strike","Anger"],"picked":"Flex","floor":30},{"not_picked":["Clash+1","Clothesline","Hemokinesis+1"],"picked":"SKIP","floor":30},{"not_picked":["Dark Embrace","Entrench+1","Iron Wave"],"picked":"SKIP","floor":31},{"not_picked":["Havoc+1","Sever Soul","Iron Wave"],"picked":"SKIP","floor":31},{"not_picked":["Iron Wave","Sever Soul+1"],"picked":"Spot Weakness+1","floor":35},{"not_picked":["Sword Boomerang+1","Anger+1","Cleave"],"picked":"SKIP","floor":35},{"not_picked":["Warcry+1","Hemokinesis+1"],"picked":"Pommel Strike+1","floor":37},{"not_picked":["Iron Wave+1","Wild Strike","Dark Embrace"],"picked":"SKIP","floor":37},{"not_picked":["Sentinel","Second Wind+1"],"picked":"Limit Break","floor":39},{"not_picked":["Body Slam","Pommel Strike+1","Rampage"],"picked":"SKIP","floor":39},{"not_picked":["Sword Boomerang+1","Dark Embrace+1","Warcry"],"picked":"SKIP","floor":40},{"not_picked":["Infernal Blade","Body Slam","Clash+1"],"picked":"SKIP","floor":42},{"not_picked":["Clothesline+1","Bloodletting"],"picked":"Power Through+1","floor":44},{"not_picked":["Purity","Enlightenment"],"picked":"PanicButton","floor":45},{"not_picked":["Power Through+1","Clothesline+1","Flex+1"],"picked":"SKIP","floor":46},{"not_picked":["Pommel Strike+1","Corruption","Flame Barrier"],"picked":"SKIP","floor":48},{"not_picked":["Intimidate","Evolve+1","Wild Strike+1"],"picked":"SKIP","floor":48}],"player_experience":112660,"relics_obtained":[{"floor":6,"key":"Darkstone Periapt"},{"floor":8,"key":"Bottled Flame"},{"floor":9,"key":"Bottled Lightning"},{"floor":23,"key":"Smiling Mask"},{"floor":26,"key":"Mummified Hand"},{"floor":27,"key":"Prayer Wheel"},{"floor":29,"key":"Omamori"},{"floor":40,"key":"War Paint"},{"floor":42,"key":"Red Skull"},{"floor":43,"key":"Regal Pillow"},{"floor":44,"key":"Molten Egg 2"},{"floor":46,"key":"Paper Frog"}],"event_choices":[{"cards_removed":["Defend_R"],"damage_healed":0,"gold_gain":0,"player_choice":"Purged","damage_taken":0,"max_hp_gain":0,"max_hp_loss":0,"event_name":"Purifier","floor":21,"gold_loss":0},{"cards_removed":["Iron Wave"],"damage_healed":0,"gold_gain":0,"player_choice":"Removed Attack","damage_taken":0,"max_hp_gain":0,"max_hp_loss":0,"event_name":"Falling","floor":36,"gold_loss":0},{"damage_healed":0,"gold_gain":0,"player_choice":"Memory 1","damage_taken":0,"max_hp_gain":0,"max_hp_loss":0,"event_name":"SensoryStone","floor":45,"gold_loss":0}],"is_beta":false,"boss_relics":[{"not_picked":["Calling Bell","SacredBark"],"picked":"Runic Pyramid"},{"not_picked":["Fusion Hammer","Coffee Dripper"],"picked":"Sozu"}],"items_purged_floors":[22,28,38,47],"is_endless":false,"potions_floor_spawned":[3,6,8,14,19,23,25,27,35,44,46,48],"ascension_level":1}}