{"host":"d52brwsy6af8zvaq","time":1613791550,"event":{"mods":["AchievementEnabler","BaseMod","Bestiary","Highlight Path","Minty Spire (QoL Compilation)","Quick Restart","Relic Stats","ojb\u0027s Better Paths Mod"],"gold_per_floor":[118,43,57,57,57,57,91,91,117,158,183,210,250,271,271,365,365,385,71,71,91,91,91,115,158,204,204,25,58,81,131,131,224,224,238,238,263,288,301,301,344,344,344,358,358,358,689,727,727,727,727],"floor_reached":50,"language":"ENG","playtime":2362,"items_purged":["Pain","Strike_B"],"score":1187,"play_id":"45afd369-0853-432d-bf25-c1a4035d7b46","local_time":"20210219202550","is_ascension_mode":true,"campfire_choices":[{"data":"Zap","floor":6.0,"key":"SMITH"},{"floor":8.0,"key":"REST"},{"floor":15.0,"key":"REST"},{"data":"Buffer","floor":23.0,"key":"SMITH"},{"floor":27.0,"key":"REST"},{"floor":32.0,"key":"REST"},{"floor":40.0,"key":"RECALL"},{"floor":42.0,"key":"REST"},{"data":"Sunder","floor":46.0,"key":"SMITH"},{"data":"Enlightenment","floor":49.0,"key":"SMITH"}],"circlet_count":0,"master_deck":["AscendersBane","Defend_B","Defend_B","Defend_B","Defend_B","Zap+1","Dualcast","Echo Form","Cold Snap","Streamline","Compile Driver","Melter","Reinforced Body","Steam","Buffer+1","Coolheaded","Rebound","Leap","Sunder+1","Turbo","Machine Learning","Meteor Strike+1","Melter+1","Blizzard+1","Conserve Battery","Biased Cognition","Echo Form","Enlightenment+1","Multi-Cast","Sunder+1"],"relics":["Cracked Core","Bag of Preparation","Golden Idol","StrikeDummy","Bronze Scales","Strawberry","Happy Flower","Snecko Eye","Ice Cream","Dream Catcher","Regal Pillow","PreservedInsect","Astrolabe","Art of War","Akabeko","Old Coin","Cables"],"acts_visited":["Exordium","TheCity","TheBeyond"],"potions_floor_usage":[],"damage_taken":[{"damage":6.0,"enemies":"2 Louse","floor":1.0,"turns":3.0},{"damage":5.0,"enemies":"Small Slimes","floor":3.0,"turns":4.0},{"damage":37.0,"enemies":"Gremlin Nob","floor":7.0,"turns":4.0},{"damage":20.0,"enemies":"3 Sentries","floor":10.0,"turns":6.0},{"damage":2.0,"enemies":"Jaw Worm","floor":11.0,"turns":3.0},{"damage":8.0,"enemies":"Gremlin Nob","floor":13.0,"turns":3.0},{"damage":6.0,"enemies":"Exordium Thugs","floor":14.0,"turns":4.0},{"damage":15.0,"enemies":"Hexaghost","floor":16.0,"turns":9.0},{"damage":0.0,"enemies":"Spheric Guardian","floor":18.0,"turns":4.0},{"damage":0.0,"enemies":"Chosen","floor":21.0,"turns":4.0},{"damage":0.0,"enemies":"Centurion and Healer","floor":24.0,"turns":6.0},{"damage":68.0,"enemies":"Slavers","floor":25.0,"turns":10.0},{"damage":18.0,"enemies":"Book of Stabbing","floor":29.0,"turns":5.0},{"damage":11.0,"enemies":"3 Cultists","floor":30.0,"turns":5.0},{"damage":3.0,"enemies":"Collector","floor":33.0,"turns":11.0},{"damage":0.0,"enemies":"Orb Walker","floor":35.0,"turns":2.0},{"damage":0.0,"enemies":"3 Shapes","floor":37.0,"turns":5.0},{"damage":6.0,"enemies":"Transient","floor":38.0,"turns":6.0},{"damage":2.0,"enemies":"Sphere and 2 Shapes","floor":39.0,"turns":6.0},{"damage":48.0,"enemies":"Reptomancer","floor":41.0,"turns":6.0},{"damage":8.0,"enemies":"Jaw Worm Horde","floor":44.0,"turns":4.0},{"damage":0.0,"enemies":"Mind Bloom Boss Battle","floor":47.0,"turns":3.0},{"damage":0.0,"enemies":"Giant Head","floor":48.0,"turns":6.0},{"damage":39,"enemies":"Time Eater","floor":50,"turns":5}],"seed_played":"-8962125823586666443","potions_obtained":[{"floor":3.0,"key":"Fruit Juice"},{"floor":7.0,"key":"Weak Potion"},{"floor":13.0,"key":"DuplicationPotion"},{"floor":18.0,"key":"FocusPotion"},{"floor":25.0,"key":"PowerPotion"},{"floor":30.0,"key":"Strength Potion"},{"floor":38.0,"key":"Fruit Juice"},{"floor":44.0,"key":"PowerPotion"}],"is_trial":false,"path_per_floor":["M","$","M","?","?","R","E","R","T","E","M","T","E","M","R","B",null,"M","$","?","M","?","R","M","E","T","R","$","E","M","?","R","B",null,"M","?","M","M","M","R","E","R","T","M","?","R","?","E","R","B"],"character_chosen":"DEFECT","items_purchased":["Ice Cream","Sunder"],"campfire_rested":5,"item_purchase_floors":[19,28],"current_hp_per_floor":[58,58,58,47,47,47,10,30,30,17,15,15,7,1,23,8,59,59,59,74,74,74,74,74,6,6,43,43,25,14,14,51,48,69,69,69,69,68,66,66,18,57,57,49,49,49,49,49,49,10,10],"gold":727,"neow_bonus":"THREE_RARE_CARDS","is_daily":false,"chose_seed":false,"campfire_upgraded":4,"win_rate":0.0,"timestamp":1613791550,"path_taken":["M","$","M","?","?","R","E","R","T","E","M","?","E","?","R","BOSS","M","$","?","M","?","R","M","E","T","R","$","E","M","?","R","BOSS","M","?","M","M","?","R","E","R","T","M","?","R","?","E","R","BOSS"],"items_purchased_type":["Relic","Card"],"build_version":"2020-12-22","purchased_purges":2,"victory":false,"max_hp_per_floor":[71,71,76,76,69,69,69,69,69,76,76,76,76,76,76,76,76,76,76,76,76,76,76,76,76,76,76,76,76,76,76,76,76,76,76,76,76,81,81,81,81,81,81,81,81,81,81,81,81,81,81],"relic_stats":{"Regal Pillow":45,"Happy Flower":[33],"counters":[24,124],"Golden Idol":146,"Astrolabe":["Meteor Strike","Melter","Blizzard"],"PreservedInsect":192,"Bag of Preparation":[44],"Cables":[4,0,0,0,4],"Dream Catcher":3,"Bronze Scales":[335],"Snecko Eye":[151,159,141,159],"Art of War":[3],"obtain_stats":[{"Ice Cream":19,"Regal Pillow":26,"Happy Flower":13,"Golden Idol":5,"Astrolabe":34,"PreservedInsect":29,"Bag of Preparation":4,"Akabeko":43,"Old Coin":47,"Cables":48,"Dream Catcher":25,"Bronze Scales":9,"Strawberry":10,"Snecko Eye":17,"Art of War":41,"Cracked Core":0,"StrikeDummy":7},{"Ice Cream":9,"Regal Pillow":12,"Happy Flower":6,"Golden Idol":2,"Astrolabe":15,"PreservedInsect":13,"Bag of Preparation":2,"Akabeko":20,"Old Coin":22,"Cables":23,"Dream Catcher":12,"Bronze Scales":3,"Strawberry":4,"Snecko Eye":8,"Art of War":20,"Cracked Core":0,"StrikeDummy":3},{"Ice Cream":40,"Regal Pillow":60,"Happy Flower":23,"Golden Idol":7,"Astrolabe":81,"PreservedInsect":65,"Bag of Preparation":7,"Akabeko":106,"Old Coin":113,"Cables":119,"Dream Catcher":60,"Bronze Scales":11,"Strawberry":17,"Snecko Eye":36,"Art of War":106,"Cracked Core":0,"StrikeDummy":11}]},"card_choices":[{"not_picked":["Machine Learning","Creative AI"],"picked":"Echo Form","floor":0.0},{"not_picked":["Loop","Melter"],"picked":"Cold Snap","floor":1.0},{"not_picked":["Cold Snap","Conserve Battery"],"picked":"Streamline","floor":3.0},{"not_picked":["Barrage","Force Field"],"picked":"Compile Driver","floor":7.0},{"not_picked":["Turbo","Tempest"],"picked":"Melter","floor":10.0},{"not_picked":["Beam Cell","Turbo"],"picked":"Reinforced Body","floor":11.0},{"not_picked":["Sweeping Beam","Hologram","Streamline"],"picked":"SKIP","floor":13.0},{"not_picked":["Streamline","Compile Driver"],"picked":"Steam","floor":14.0},{"not_picked":["Seek","Electrodynamics"],"picked":"Buffer","floor":16.0},{"not_picked":["Gash","Rebound"],"picked":"Coolheaded","floor":18.0},{"not_picked":["Chill","Turbo","FTL"],"picked":"SKIP","floor":21.0},{"not_picked":["Stack","Beam Cell"],"picked":"Rebound","floor":24.0},{"not_picked":["Stack","Cold Snap"],"picked":"Leap","floor":25.0},{"not_picked":["Hologram","All For One","Rebound"],"picked":"SKIP","floor":29.0},{"not_picked":["Reinforced Body","Double Energy","Sweeping Beam"],"picked":"SKIP","floor":30.0},{"not_picked":["Conserve Battery","Gash+1"],"picked":"Turbo","floor":32.0},{"not_picked":["Echo Form","Hyperbeam"],"picked":"Machine Learning","floor":33.0},{"not_picked":["Rebound","Go for the Eyes+1","Darkness+1"],"picked":"SKIP","floor":35.0},{"not_picked":["Go for the Eyes","Streamline","Gash"],"picked":"SKIP","floor":37.0},{"not_picked":["Turbo","Rebound"],"picked":"Conserve Battery","floor":38.0},{"not_picked":["Leap","Hologram"],"picked":"Biased Cognition","floor":39.0},{"not_picked":["Hello World+1","Cold Snap"],"picked":"Echo Form","floor":41.0},{"not_picked":["Sweeping Beam","Gash+1","Leap"],"picked":"SKIP","floor":44.0},{"not_picked":["Madness","Finesse"],"picked":"Enlightenment","floor":45.0},{"not_picked":["Leap","Consume"],"picked":"Multi-Cast","floor":47.0},{"not_picked":["Force Field","Stack+1"],"picked":"Sunder+1","floor":48.0}],"player_experience":2315923,"relics_obtained":[{"floor":7.0,"key":"StrikeDummy"},{"floor":9.0,"key":"Bronze Scales"},{"floor":10.0,"key":"Strawberry"},{"floor":13.0,"key":"Happy Flower"},{"floor":25.0,"key":"Dream Catcher"},{"floor":26.0,"key":"Regal Pillow"},{"floor":29.0,"key":"PreservedInsect"},{"floor":41.0,"key":"Art of War"},{"floor":43.0,"key":"Akabeko"},{"floor":47.0,"key":"Old Coin"},{"floor":48.0,"key":"Cables"}],"event_choices":[{"damage_healed":0.0,"max_hp_gain":0.0,"max_hp_loss":0.0,"gold_gain":0.0,"event_name":"Scrap Ooze","player_choice":"Success","floor":4.0,"gold_loss":0.0,"damage_taken":11.0,"relics_obtained":["Bag of Preparation"]},{"damage_healed":0.0,"max_hp_gain":0.0,"max_hp_loss":7.0,"gold_gain":0.0,"event_name":"Golden Idol","player_choice":"Lose Max HP","floor":5.0,"gold_loss":0.0,"damage_taken":0.0,"relics_obtained":["Golden Idol"]},{"damage_healed":15.0,"max_hp_gain":0.0,"max_hp_loss":0.0,"gold_gain":0.0,"event_name":"The Library","player_choice":"Heal","floor":20.0,"gold_loss":0.0,"damage_taken":0.0},{"damage_healed":0.0,"max_hp_gain":0.0,"max_hp_loss":0.0,"gold_gain":0.0,"event_name":"Vampires","player_choice":"Ignored","floor":22.0,"gold_loss":0.0,"damage_taken":0.0},{"damage_healed":0.0,"max_hp_gain":0.0,"max_hp_loss":0.0,"gold_gain":50.0,"event_name":"Golden Shrine","player_choice":"Pray","floor":31.0,"gold_loss":0.0,"damage_taken":0.0},{"damage_healed":0.0,"max_hp_gain":0.0,"max_hp_loss":0.0,"gold_gain":0.0,"event_name":"SecretPortal","player_choice":"Ignored","floor":36.0,"gold_loss":0.0,"damage_taken":0.0},{"damage_healed":0.0,"max_hp_gain":0.0,"max_hp_loss":0.0,"gold_gain":0.0,"event_name":"SensoryStone","player_choice":"Memory 1","floor":45.0,"gold_loss":0.0,"damage_taken":0.0},{"damage_healed":0.0,"max_hp_gain":0.0,"max_hp_loss":0.0,"gold_gain":0.0,"event_name":"MindBloom","player_choice":"Fight","floor":47.0,"gold_loss":0.0,"damage_taken":0.0}],"is_beta":false,"boss_relics":[{"not_picked":["Runic Dome","Philosopher\u0027s Stone"],"picked":"Snecko Eye"},{"not_picked":["Busted Crown","Sozu"],"picked":"Astrolabe"}],"items_purged_floors":[2,28],"is_endless":false,"potions_floor_spawned":[3,7,13,18,25,30,38,44,48],"killed_by":"Time Eater","ascension_level":20}}