{"host":"4xh8v5undae39mue","time":1613863312,"event":{"mods":["AchievementEnabler","BaseMod","Minty Spire (QoL Compilation)"],"gold_per_floor":[117,117,129,143,143,169,169,198,198,213,239,414,444,294,294,391,391,401,401,417,33,45,62,62,74,74,74,103,120,146,162,162,265,265,279,229,247,247,266,266,284,299,299,299,299,299],"floor_reached":45,"language":"ENG","playtime":3588,"items_purged":["Defend_P","Doubt","Defend_P"],"score":778,"play_id":"4431597a-18e3-44aa-b642-99952364ea07","local_time":"20210220182152","is_ascension_mode":true,"campfire_choices":[{"data":"Eruption","floor":7,"key":"SMITH"},{"data":"Wallop","floor":15,"key":"SMITH"},{"data":"Adaptation","floor":24,"key":"SMITH"},{"data":"Ghostly","floor":32,"key":"SMITH"},{"floor":40,"key":"RECALL"}],"circlet_count":0,"master_deck":["Strike_P","Strike_P","Strike_P","Defend_P","Defend_P","Eruption+1","Vigilance","FlurryOfBlows","CutThroughFate","Wallop+1","BowlingBash","Weave","Brilliance","Wireheading","Prostrate","Prostrate","Devotion","Perseverance","Eruption","Evaluate","EmptyFist+1","EmptyBody","Adaptation+1","Ghostly","Ghostly","Ghostly","Ghostly","Ghostly+1","Meditate","Wireheading+1","Devotion","Consecrate","CutThroughFate+1","Ghostly+1","SandsOfTime","WindmillStrike","Nirvana"],"relics":["HolyWater","Smiling Mask","Mercury Hourglass","Darkstone Periapt","Vajra","MealTicket","GoldenEye","StrikeDummy","Bottled Tornado","Gremlin Horn","Toxic Egg 2"],"acts_visited":["Exordium","TheCity","TheBeyond"],"potions_floor_usage":[6,8,20,22,28,30,33,33,39],"damage_taken":[{"damage":8,"enemies":"Small Slimes","floor":1,"turns":2},{"damage":5,"enemies":"2 Louse","floor":3,"turns":3},{"damage":4,"enemies":"Jaw Worm","floor":4,"turns":2},{"damage":0,"enemies":"3 Sentries","floor":6,"turns":3},{"damage":0,"enemies":"Lagavulin","floor":8,"turns":3},{"damage":2,"enemies":"Looter","floor":10,"turns":2},{"damage":0,"enemies":"Gremlin Nob","floor":11,"turns":3},{"damage":5,"enemies":"Lagavulin","floor":13,"turns":3},{"damage":0,"enemies":"Slime Boss","floor":16,"turns":5},{"damage":9,"enemies":"Shell Parasite","floor":18,"turns":4},{"damage":0,"enemies":"Spheric Guardian","floor":20,"turns":2},{"damage":0,"enemies":"Shelled Parasite and Fungi","floor":22,"turns":2},{"damage":2,"enemies":"Centurion and Healer","floor":23,"turns":3},{"damage":8,"enemies":"3 Cultists","floor":25,"turns":4},{"damage":3,"enemies":"Book of Stabbing","floor":28,"turns":5},{"damage":0,"enemies":"Shelled Parasite and Fungi","floor":29,"turns":3},{"damage":3,"enemies":"Slavers","floor":30,"turns":5},{"damage":6,"enemies":"Cultist and Chosen","floor":31,"turns":4},{"damage":0,"enemies":"Automaton","floor":33,"turns":7},{"damage":6,"enemies":"3 Darklings","floor":35,"turns":5},{"damage":1,"enemies":"Orb Walker","floor":37,"turns":3},{"damage":26,"enemies":"Spire Growth","floor":39,"turns":5},{"damage":1,"enemies":"Maw","floor":41,"turns":5},{"damage":2,"enemies":"4 Shapes","floor":42,"turns":3},{"damage":37,"enemies":"Nemesis","floor":45,"turns":2}],"seed_played":"3557235412991296687","potions_obtained":[{"floor":3,"key":"AttackPotion"},{"floor":4,"key":"AttackPotion"},{"floor":13,"key":"Ancient Potion"},{"floor":18,"key":"SteroidPotion"},{"floor":20,"key":"SneckoOil"},{"floor":22,"key":"FearPotion"},{"floor":31,"key":"SkillPotion"},{"floor":35,"key":"Swift Potion"},{"floor":39,"key":"BottledMiracle"}],"is_trial":false,"path_per_floor":["M","?","M","M","?","E","R","E","T","M","E","?","E","$","R","B",null,"M","?","M","$","M","M","R","M","T","?","E","M","E","M","R","B",null,"M","$","M","?","M","R","M","M","T","?","E"],"character_chosen":"WATCHER","items_purchased":["GamblersBrew","Prostrate","GoldenEye","EmptyBody"],"campfire_rested":0,"item_purchase_floors":[14,14,21,21],"current_hp_per_floor":[71,71,66,62,44,44,44,44,44,42,42,48,43,58,58,58,85,76,76,76,85,85,83,83,75,75,42,39,39,36,30,30,30,42,36,42,41,41,15,15,14,12,12,37,0,0],"gold":299,"neow_bonus":"TEN_PERCENT_HP_BONUS","is_daily":false,"chose_seed":false,"campfire_upgraded":4,"win_rate":0.0,"timestamp":1613863312,"path_taken":["M","?","M","M","?","E","R","E","T","M","E","?","E","?","R","BOSS","M","?","M","$","?","M","R","M","T","?","E","M","E","M","R","BOSS","M","$","M","?","?","R","M","M","T","?","E"],"items_purchased_type":["Potion","Card","Relic","Card"],"build_version":"2020-12-22","purchased_purges":3,"victory":false,"max_hp_per_floor":[79,79,79,79,79,79,79,79,79,79,79,85,85,85,85,85,85,85,85,85,85,85,85,85,85,85,42,42,42,42,42,42,42,42,42,42,42,42,42,42,42,42,42,37,37,37],"card_choices":[{"not_picked":["CrushJoints","Weave"],"picked":"FlurryOfBlows","floor":1},{"not_picked":["CutThroughFate","FlurryOfBlows"],"picked":"Wallop","floor":3},{"not_picked":["EmptyBody","Prostrate"],"picked":"BowlingBash","floor":4},{"not_picked":["CutThroughFate","MentalFortress"],"picked":"Weave","floor":6},{"not_picked":["Weave","Consecrate"],"picked":"Brilliance","floor":8},{"not_picked":["CrushJoints","Crescendo"],"picked":"Wireheading","floor":10},{"not_picked":["JustLucky","ForeignInfluence","Halt"],"picked":"SKIP","floor":11},{"not_picked":["FlurryOfBlows","InnerPeace"],"picked":"Prostrate","floor":13},{"not_picked":["Omniscience","DevaForm"],"picked":"Devotion","floor":16},{"not_picked":["WreathOfFlame","CarveReality"],"picked":"Perseverance","floor":18},{"not_picked":["WheelKick","PathToVictory"],"picked":"EmptyFist+1","floor":20},{"not_picked":["Wallop","Worship","EmptyBody"],"picked":"SKIP","floor":22},{"not_picked":["Worship","Consecrate"],"picked":"Adaptation","floor":23},{"not_picked":["Fasting2","Prostrate+1","Protect"],"picked":"SKIP","floor":25},{"not_picked":["WaveOfTheHand","BattleHymn+1","Swivel"],"picked":"SKIP","floor":28},{"not_picked":["Tantrum","SashWhip"],"picked":"Meditate","floor":29},{"not_picked":["FlyingSleeves","Halt","CrushJoints+1"],"picked":"SKIP","floor":30},{"not_picked":["WheelKick+1","CarveReality"],"picked":"Wireheading+1","floor":31},{"not_picked":["LessonLearned","Blasphemy"],"picked":"Devotion","floor":33},{"not_picked":["Sanctity+1","EmptyBody"],"picked":"Consecrate","floor":35},{"not_picked":["Crescendo+1","Evaluate"],"picked":"CutThroughFate+1","floor":37},{"not_picked":["CrushJoints","EmptyMind"],"picked":"SandsOfTime","floor":39},{"not_picked":["ThirdEye+1","WreathOfFlame+1"],"picked":"WindmillStrike","floor":41},{"not_picked":["BowlingBash","Crescendo+1"],"picked":"Nirvana","floor":42}],"player_experience":235154,"relics_obtained":[{"floor":6,"key":"Mercury Hourglass"},{"floor":8,"key":"Darkstone Periapt"},{"floor":11,"key":"Vajra"},{"floor":13,"key":"MealTicket"},{"floor":26,"key":"StrikeDummy"},{"floor":28,"key":"Bottled Tornado"},{"floor":30,"key":"Gremlin Horn"},{"floor":43,"key":"Toxic Egg 2"}],"event_choices":[{"damage_healed":0,"gold_gain":0,"cards_transformed":["Strike_P"],"player_choice":"Change","damage_taken":0,"max_hp_gain":0,"max_hp_loss":0,"event_name":"Living Wall","floor":2,"gold_loss":0,"cards_obtained":["CutThroughFate"]},{"damage_healed":0,"gold_gain":0,"player_choice":"Success","damage_taken":18,"relics_obtained":["Smiling Mask"],"max_hp_gain":0,"max_hp_loss":0,"event_name":"Scrap Ooze","floor":5,"gold_loss":0},{"damage_healed":0,"gold_gain":175,"player_choice":"AGREE","damage_taken":0,"max_hp_gain":0,"max_hp_loss":0,"event_name":"Liars Game","floor":12,"gold_loss":0,"cards_obtained":["Doubt"]},{"damage_healed":0,"gold_gain":0,"player_choice":"2 cards matched","damage_taken":0,"max_hp_gain":0,"max_hp_loss":0,"event_name":"Match and Keep!","floor":19,"gold_loss":0,"cards_obtained":["Eruption","Evaluate"]},{"damage_healed":0,"gold_gain":0,"player_choice":"Became a Ghost","damage_taken":0,"max_hp_gain":0,"max_hp_loss":43,"event_name":"Ghosts","floor":27,"gold_loss":0,"cards_obtained":["Ghostly","Ghostly","Ghostly","Ghostly","Ghostly"]},{"damage_healed":0,"gold_gain":0,"player_choice":"Copied","damage_taken":0,"max_hp_gain":0,"max_hp_loss":0,"event_name":"Duplicator","floor":38,"gold_loss":0,"cards_obtained":["Ghostly"]},{"damage_healed":37,"gold_gain":0,"player_choice":"Heal","damage_taken":0,"max_hp_gain":0,"max_hp_loss":5,"event_name":"The Moai Head","floor":44,"gold_loss":0}],"is_beta":false,"boss_relics":[{"not_picked":["Fusion Hammer","Busted Crown"],"picked":"HolyWater"},{"not_picked":["Runic Pyramid","Runic Dome","Velvet Choker"]}],"items_purged_floors":[14,21,36],"is_endless":false,"potions_floor_spawned":[3,4,13,18,20,22,31,35,39],"killed_by":"Nemesis","ascension_level":2}}