{"host":"cf2ctvg4l7smc7k1","time":1613847296,"event":{"mods":["AchievementEnabler","Aspiration","BaseMod","BetterRewards","Challenge The Spire","Chen","Colored Map","Conspire","Downfall","Duelist Mod","Hubris","Ironclad Rager","Magitek Elite","Marisa????????","Minty Spire (QoL Compilation)","Replay The Spire","StSLib","The Bladedancer","The Bug Knight","The Cursed","The Jungle","The Poker Player","The Vixen","Wandering Minibosses","[IsaacMod]????"],"gold_per_floor":[129,159,210,134,134,134,182,54,54,102,198,198,300,354,354,651,651,699,699,729,828,828,900,635,677,737,770,830,830,1145,1145,1205,1247,1209,1245,1275,1275,1344,1446,1446,1500,1127,1127,1127,1127,1127,872,968,968],"floor_reached":56,"language":"DEU","playtime":3217,"items_purged":["Voices"],"score":1584,"play_id":"0fba7290-b918-4e1c-a5aa-86e9fdac3dc5","local_time":"20210220195456","daily_mods":["SealedDeck","Midas"],"is_ascension_mode":false,"campfire_choices":[{"floor":6,"key":"RECALL"},{"floor":15,"key":"REST"},{"floor":24,"key":"REST"},{"floor":32,"key":"REST"},{"floor":42,"key":"REST"},{"floor":49,"key":"REST"},{"floor":52,"key":"REST"}],"circlet_count":0,"master_deck":["BloodyBrimstone","Slimebound:SplitLeeching","Slimebound:LivingWall","Slimebound:FinishingTackle","Slimebound:FinishingTackle","Slimebound:RollThrough","Slimebound:SplitAcid+1","Slimebound:SplitBruiser","Slimebound:SamplingLick","Slimebound:Nibble","Slimebound:Prepare","Slimebound:DouseInSlime","Slimebound:FlameTackle","Slimebound:SlimeTap","Slimebound:PrepareCrush","Slimebound:TongueLash","Slimebound:AcidTongue","Slimebound:TagTeam","Slimebound:OneTwoCombo","Slimebound:Nibble+1","Slimebound:RallyTheTroops","Injury","blademaster:WrongfulFootwork"],"relics":["Slimebound:AbsorbEndCombat","HushsDoor","SteamSale","aspiration:HummingbirdHeart","conspire:TopHat","hubris:Teleporter","Gem_Box","GuppysTail","Orichalcum","HornCleat","Anchor","ReplayFunnel","Toolbox","wanderingMiniBosses:OtherGremlinHorn","Replay:Ancient Bell","Blue Doll","Kunai","Prayer Wheel","Toxic Egg 2","Bag of Preparation","Counterbalance","Guardian:GemstoneGun","HandDrill","Replay:Baseball","BookOfRevelations","Chaos","Sundial"],"acts_visited":["Exordium","TheCity","TheBeyond","TheEnding"],"potions_floor_usage":[13,16,16,30,30,54,55,55],"damage_taken":[{"damage":7,"enemies":"Jaw Worm","floor":1,"turns":2},{"damage":0,"enemies":"Small Slimes","floor":2,"turns":3},{"damage":0,"enemies":"2 Louse","floor":3,"turns":3},{"damage":0,"enemies":"Looter","floor":7,"turns":2},{"damage":0,"enemies":"Large Slime","floor":10,"turns":4},{"damage":0,"enemies":"Lagavulin","floor":11,"turns":3},{"damage":8,"enemies":"Gremlin Nob","floor":13,"turns":4},{"damage":0,"enemies":"Lots of Slimes","floor":14,"turns":2},{"damage":23,"enemies":"Hexaghost","floor":16,"turns":6},{"damage":10,"enemies":"conspire:FuzzyDice","floor":18,"turns":3},{"damage":5,"enemies":"Shell Parasite","floor":21,"turns":3},{"damage":0,"enemies":"conspire:Head Lice","floor":23,"turns":5},{"damage":0,"enemies":"Snake Plant","floor":28,"turns":3},{"damage":8,"enemies":"Centurion and Healer","floor":29,"turns":4},{"damage":24,"enemies":"3 Cultists","floor":30,"turns":8},{"damage":0,"enemies":"Snake Plant","floor":31,"turns":2},{"damage":14,"enemies":"Pondfish","floor":33,"turns":6},{"damage":0,"enemies":"3 Darklings","floor":35,"turns":3},{"damage":0,"enemies":"3 Shapes","floor":36,"turns":2},{"damage":0,"enemies":"Transient","floor":39,"turns":5},{"damage":0,"enemies":"3 Darklings","floor":41,"turns":3},{"damage":6,"enemies":"Giant Head","floor":44,"turns":5},{"damage":0,"enemies":"Jaw Worm Horde","floor":47,"turns":2},{"damage":76,"enemies":"Time Eater","floor":50,"turns":12},{"damage":5,"enemies":"Shield and Spear","floor":54,"turns":4},{"damage":34,"enemies":"The Heart","floor":55,"turns":11}],"seed_played":"1534468634262935317","potions_obtained":[{"floor":1,"key":"Weak Potion"},{"floor":10,"key":"SteroidPotion"},{"floor":14,"key":"AttackPotion"},{"floor":16,"key":"Swift Potion"},{"floor":28,"key":"Milkshake"},{"floor":31,"key":"FearPotion"},{"floor":33,"key":"SteroidPotion"},{"floor":35,"key":"Fire Potion"},{"floor":44,"key":"bronze:BurnAndBuffPotion"},{"floor":46,"key":"Doom Potion"},{"floor":46,"key":"LiquidMemories"},{"floor":47,"key":"FairyPotion"}],"is_trial":true,"path_per_floor":["M","M","M","$","?","R","M","$","T","M","E","?","E","M","R","B",null,"M","?","M","E","R","T","$","M","M","M","M","R","B",null,"M","M","$","M","M","R","T","E","?","M","$","R","B",null,"R","$","E","B",null],"character_chosen":"SLIMEBOUND","items_purchased":["Slimebound:PrepareCrush","aspiration:HummingbirdHeart","GuppysTail","Anchor","ReplayFunnel","Toolbox","Regen Potion","Counterbalance","Guardian:GemstoneGun","HandDrill","Replay:Baseball","BookOfRevelations","Chaos","AttackPotion"],"campfire_rested":6,"item_purchase_floors":[4,8,17,27,27,27,27,48,48,48,53,53,53,53],"current_hp_per_floor":[58,60,60,60,60,60,64,64,64,65,65,65,63,65,65,46,55,47,47,48,55,55,55,55,55,49,42,44,55,41,55,55,55,55,55,55,55,55,51,51,51,51,55,16,55,55,55,47,19],"gold":968,"neow_bonus":"","is_daily":false,"chose_seed":false,"campfire_upgraded":0,"win_rate":0.0,"timestamp":1613847296,"path_taken":["M","M","M","$","?","R","M","$","T","M","E","?","E","M","R","BOSS","M","?","M","E","R","T","$","M","M","?","M","R","BOSS","M","M","$","M","M","R","T","E","?","M","$","R","BOSS","R","$","E","BOSS"],"items_purchased_type":["Card","Relic","Relic","Relic","Relic","Relic","Potion","Relic","Relic","Relic","Relic","Relic","Card","Potion"],"build_version":"2020-12-22","purchased_purges":1,"victory":true,"max_hp_per_floor":[65,65,65,65,65,65,65,65,65,65,65,65,65,65,65,65,55,55,55,55,55,55,55,55,55,55,55,55,55,55,55,55,55,55,55,55,55,55,55,55,55,55,55,55,55,55,55,52,52],"card_choices":[{"not_picked":[],"picked":"BloodyBrimstone","floor":0},{"not_picked":["Slimebound:GoopTackle","Slimebound:SplitBruiser"],"picked":"Slimebound:DouseInSlime","floor":1},{"not_picked":["Slimebound:HauntingLick","Slimebound:SplitLeeching"],"picked":"Slimebound:FlameTackle","floor":2},{"not_picked":["Slimebound:FinishingTackle","Slimebound:GoopTackle"],"picked":"Slimebound:SlimeTap","floor":3},{"not_picked":["Slimebound:RollThrough","Slimebound:MegaLick","Bomb"],"picked":"SKIP","floor":7},{"not_picked":["Slimebound:RainOfGoop","Slimebound:FlameTackle","Slimebound:LevelUp"],"picked":"SKIP","floor":10},{"not_picked":["Slimebound:Recollect","Slimebound:SlimeSpikes"],"picked":"Slimebound:TongueLash","floor":11},{"not_picked":["Slimebound:SamplingLick","Slimebound:ComboTackle"],"picked":"Slimebound:AcidTongue","floor":13},{"not_picked":["Slimebound:SplitAcid","Slimebound:HauntingLick"],"picked":"Slimebound:TagTeam","floor":14},{"not_picked":["Slimebound:PrepareCrush","Slimebound:TagTeam"],"picked":"Slimebound:OneTwoCombo","floor":16},{"not_picked":["Slimebound:SplitLeeching","Slimebound:BestDefense"],"picked":"Slimebound:Nibble+1","floor":18},{"not_picked":["Slimebound:ComboTackle+1","Slimebound:GrowthPunch","Slimebound:SplitAcid"],"picked":"SKIP","floor":21},{"not_picked":["Slimebound:LivingWall+1","Slimebound:LeechEnergy","Slimebound:RollThrough"],"picked":"SKIP","floor":23},{"not_picked":["Slimebound:SlimeSlap","Slimebound:LeechingTouch+1","Slimebound:HauntingLick+1"],"picked":"SKIP","floor":28},{"not_picked":["Slimebound:Recollect+1","Slimebound:SlimeSpikes","Slimebound:GoopSpray"],"picked":"SKIP","floor":29},{"not_picked":["Slimebound:SplitMire","Slimebound:SamplingLick","Slimebound:DuplicatedForm"],"picked":"SKIP","floor":30},{"not_picked":["Slimebound:SplitMire","Slimebound:SplitBruiser","Slimebound:ItLooksTasty+1"],"picked":"SKIP","floor":31},{"not_picked":["Slimebound:Teamwork","Slimebound:DouseInSlime"],"picked":"Slimebound:RallyTheTroops","floor":33},{"not_picked":["Overencumbered","downfall:Icky"],"picked":"Injury","floor":34},{"not_picked":["theDuelist:VampireCurse","hubris:Disease"],"picked":"Voices","floor":34},{"not_picked":["downfall:Icky","Spreading Infection"],"picked":"blademaster:WrongfulFootwork","floor":34},{"not_picked":["Slimebound:GoopTackle+1","Slimebound:Recollect+1","Slimebound:Replication"],"picked":"SKIP","floor":35},{"not_picked":["Slimebound:RejuvenatingLick","Slimebound:RollThrough","Slimebound:ServeAndProtect+1"],"picked":"SKIP","floor":35},{"not_picked":["Slimebound:LivingWall+1","Slimebound:GoopTackle","Slimebound:LevelUp"],"picked":"SKIP","floor":36},{"not_picked":["Slimebound:LeechEnergy","Slimebound:ItLooksTasty","Slimebound:SlimeBarrage"],"picked":"SKIP","floor":36},{"not_picked":["Slimebound:MassFeed","Slimebound:ViciousTackle","Slimebound:LeechingTouch+1"],"picked":"SKIP","floor":39},{"not_picked":["Slimebound:ComboTackle+1","Slimebound:SplitAcid+1","Slimebound:ItLooksTasty"],"picked":"SKIP","floor":39},{"not_picked":["Slimebound:SlimeSpikes","Slimebound:RollThrough","Slimebound:SamplingLick"],"picked":"SKIP","floor":41},{"not_picked":["Slimebound:GoopSpray+1","Slimebound:Repurpose+1","Slimebound:SamplingLick+1"],"picked":"SKIP","floor":41},{"not_picked":["Slimebound:TagTeam","Slimebound:LivingWall+1","Slimebound:GoopSpray+1"],"picked":"SKIP","floor":44},{"not_picked":["Slimebound:LeechEnergy+1","Slimebound:ComboTackle+1","Slimebound:SplitBruiser+1"],"picked":"SKIP","floor":47},{"not_picked":["Slimebound:SplitLeeching+1","Slimebound:GoopSpray+1","Slimebound:SlimeBrawl+1"],"picked":"SKIP","floor":47},{"not_picked":["Slimebound:SlimeBrawl+1","Slimebound:HauntingLick+1","Slimebound:SplitLeeching+1"],"picked":"SKIP","floor":54}],"player_experience":563860,"relics_obtained":[{"floor":11,"key":"conspire:TopHat"},{"floor":13,"key":"hubris:Teleporter"},{"floor":23,"key":"Orichalcum"},{"floor":26,"key":"HornCleat"},{"floor":30,"key":"wanderingMiniBosses:OtherGremlinHorn"},{"floor":43,"key":"Toxic Egg 2"},{"floor":44,"key":"Bag of Preparation"},{"floor":54,"key":"Sundial"}],"event_choices":[{"damage_healed":0,"gold_gain":0,"player_choice":"Ignored","damage_taken":0,"max_hp_gain":0,"max_hp_loss":0,"event_name":"Shining Light","floor":12,"gold_loss":0},{"damage_healed":0,"gold_gain":0,"player_choice":"Ignored","damage_taken":0,"max_hp_gain":0,"max_hp_loss":0,"event_name":"Ghosts","floor":20,"gold_loss":0},{"damage_healed":0,"gold_gain":0,"player_choice":"Got Potions","damage_taken":0,"max_hp_gain":0,"max_hp_loss":0,"event_name":"Lab","floor":46,"gold_loss":0}],"is_beta":false,"boss_relics":[{"not_picked":["aspiration:PoetsPen_weak","hubris:BlackHole"],"picked":"Gem_Box"},{"not_picked":[]},{"not_picked":["ReplayTheSpireMod:DimensionalGlitch","hubris:GrandSneckoEye"],"picked":"Replay:Ancient Bell"},{"not_picked":["Pet Ghost","Replay:Mystery Machine"],"picked":"Blue Doll"},{"not_picked":["Quantum Egg","Iron Hammer"],"picked":"Kunai"},{"not_picked":["Ice Cream","Replay:Towering Pillar of Hats"],"picked":"Prayer Wheel"},{"not_picked":[]}],"items_purged_floors":[38],"is_endless":false,"potions_floor_spawned":[1,10,14,16,28,31,33,35,39,44,47],"ascension_level":0}}