{"host":"1hv1kueuvc4r3rdp","time":1613816291,"event":{"mods":["BaseMod","DeckTracker","Highlight Path","Minty Spire (QoL Compilation)","Permanent Neow","StSLib"],"gold_per_floor":[112,131,144,161,178,178,205,221,221,236,263,263,318,336,336,436,436,454,466,466,174,174,174],"floor_reached":22,"language":"ENG","playtime":1918,"items_purged":["Strike_G"],"score":335,"play_id":"aff665bb-065e-4ba3-93c1-5bb3439ce0f2","local_time":"20210220041811","is_ascension_mode":true,"campfire_choices":[{"data":"Neutralize","floor":6,"key":"SMITH"},{"floor":15,"key":"REST"}],"circlet_count":0,"master_deck":["AscendersBane","Strike_G","Defend_G","Defend_G","Defend_G","Defend_G","Defend_G","Survivor","Neutralize+1","Dagger Throw","Infinite Blades","Well Laid Plans","Cloak And Dagger","Accuracy","Noxious Fumes","Storm of Steel","Tactician+1","All Out Attack+1","Predator+1","Footwork","Eviscerate","Backflip"],"relics":["HoveringKite","Orichalcum","Mango","Pear","Letter Opener","Astrolabe"],"acts_visited":["Exordium","TheCity"],"potions_floor_usage":[7,13,21],"damage_taken":[{"damage":1,"enemies":"Small Slimes","floor":1,"turns":6},{"damage":4,"enemies":"2 Louse","floor":2,"turns":4},{"damage":0,"enemies":"Jaw Worm","floor":3,"turns":6},{"damage":15,"enemies":"Exordium Thugs","floor":4,"turns":7},{"damage":9,"enemies":"Red Slaver","floor":5,"turns":4},{"damage":15,"enemies":"Lagavulin","floor":7,"turns":8},{"damage":9,"enemies":"3 Louse","floor":8,"turns":4},{"damage":10,"enemies":"Lots of Slimes","floor":10,"turns":6},{"damage":12,"enemies":"3 Sentries","floor":11,"turns":9},{"damage":14,"enemies":"Gremlin Nob","floor":13,"turns":5},{"damage":4,"enemies":"Red Slaver","floor":14,"turns":5},{"damage":53,"enemies":"Slime Boss","floor":16,"turns":14},{"damage":26,"enemies":"Shell Parasite","floor":18,"turns":6},{"damage":38,"enemies":"3 Byrds","floor":19,"turns":6},{"damage":13,"enemies":"Snake Plant","floor":22,"turns":1}],"seed_played":"402994916828267851","potions_obtained":[{"floor":2,"key":"Regen Potion"},{"floor":3,"key":"PowerPotion"},{"floor":4,"key":"FairyPotion"},{"floor":11,"key":"EssenceOfSteel"},{"floor":18,"key":"Swift Potion"}],"is_trial":false,"path_per_floor":["M","M","M","M","M","R","E","M","T","M","E","?","?","M","R","B",null,"M","M","?","$","M"],"character_chosen":"THE_SILENT","items_purchased":["Fruit Juice","Backflip","DuplicationPotion"],"campfire_rested":1,"item_purchase_floors":[21,21,21],"current_hp_per_floor":[62,58,58,43,34,34,28,19,33,23,21,21,7,3,31,6,72,46,8,8,13,0,0],"gold":174,"neow_bonus":"BOSS_RELIC","is_daily":false,"chose_seed":false,"campfire_upgraded":1,"win_rate":0.0,"timestamp":1613816291,"path_taken":["M","M","M","M","M","R","E","M","T","M","E","?","?","M","R","BOSS","M","M","?","$","M"],"items_purchased_type":["Potion","Card","Potion"],"build_version":"2020-12-22","purchased_purges":1,"victory":false,"max_hp_per_floor":[70,70,70,70,70,70,70,70,84,84,94,94,94,94,94,94,94,94,94,94,99,99,99],"card_choices":[{"not_picked":["Dodge and Roll","Slice","Catalyst"],"picked":"SKIP","floor":1},{"not_picked":["Deadly Poison","Slice"],"picked":"Prepared","floor":2},{"not_picked":["Poisoned Stab","Cloak And Dagger"],"picked":"Dagger Throw","floor":3},{"not_picked":["Dodge and Roll","Dagger Throw"],"picked":"Infinite Blades","floor":4},{"not_picked":["Predator","Caltrops"],"picked":"Well Laid Plans","floor":5},{"not_picked":["Slice","Terror","Poisoned Stab"],"picked":"SKIP","floor":7},{"not_picked":["Deflect","Concentrate"],"picked":"Cloak And Dagger","floor":8},{"not_picked":["Terror","Poisoned Stab"],"picked":"Accuracy","floor":10},{"not_picked":["Slice","Tactician","Concentrate"],"picked":"SKIP","floor":11},{"not_picked":["Flying Knee","Wraith Form v2"],"picked":"Noxious Fumes","floor":13},{"not_picked":["Bane","Dagger Spray","Backflip"],"picked":"SKIP","floor":14},{"not_picked":["Grand Finale","Glass Knife"],"picked":"Storm of Steel","floor":16},{"not_picked":["Noxious Fumes+1","Dagger Throw+1"],"picked":"Footwork","floor":18},{"not_picked":["Setup","Prepared"],"picked":"Eviscerate","floor":19}],"player_experience":1152226,"relics_obtained":[{"floor":7,"key":"Orichalcum"},{"floor":9,"key":"Mango"},{"floor":11,"key":"Pear"},{"floor":13,"key":"Letter Opener"}],"event_choices":[{"damage_healed":0,"gold_gain":0,"player_choice":"Ignored","damage_taken":0,"max_hp_gain":0,"max_hp_loss":0,"event_name":"Golden Idol","floor":12,"gold_loss":0},{"damage_healed":0,"gold_gain":0,"player_choice":"Searched \u00272\u0027 times","damage_taken":0,"max_hp_gain":0,"max_hp_loss":0,"event_name":"Dead Adventurer","floor":13,"gold_loss":0},{"cards_removed":["Strike_G"],"damage_healed":0,"gold_gain":0,"player_choice":"Purged","damage_taken":0,"max_hp_gain":0,"max_hp_loss":0,"event_name":"Purifier","floor":20,"gold_loss":0}],"is_beta":false,"boss_relics":[{"not_picked":["Calling Bell","Fusion Hammer"],"picked":"Astrolabe"}],"items_purged_floors":[21],"is_endless":false,"potions_floor_spawned":[2,3,4,5,11,18],"killed_by":"Snake Plant","ascension_level":11}}