{"host":"fbdlh90rovbiajun","time":1613796385,"event":{"mods":["AchievementEnabler","BaseMod","Colored Map","Keyboard Shortcuts","Minty Spire (QoL Compilation)","SuperFastMode"],"gold_per_floor":[16,31,43,10,10,10,27,27,53,70,70,88,99,118,118,118,118],"floor_reached":16,"language":"KOR","playtime":399,"items_purged":[],"score":110,"play_id":"4024b6e8-7fc6-4910-beb2-2397a2aa5e74","local_time":"20210220134625","is_ascension_mode":true,"campfire_choices":[{"data":"Adaptation","floor":6,"key":"SMITH"},{"data":"TalkToTheHand","floor":8,"key":"SMITH"},{"floor":11,"key":"REST"},{"data":"MentalFortress","floor":15,"key":"SMITH"}],"circlet_count":0,"master_deck":["Strike_P","Strike_P","Strike_P","Strike_P","Defend_P","Defend_P","Defend_P","Defend_P","Eruption+1","Vigilance","TalkToTheHand+1","Adaptation+1","MentalFortress+1"],"relics":["PureWater","Unceasing Top","Art of War"],"acts_visited":["Exordium"],"potions_floor_usage":[13,14],"damage_taken":[{"damage":12.0,"enemies":"Cultist","floor":1.0,"turns":3.0},{"damage":0.0,"enemies":"2 Louse","floor":2.0,"turns":2.0},{"damage":10,"enemies":"Jaw Worm","floor":3,"turns":5},{"damage":20,"enemies":"Blue Slaver","floor":7,"turns":3},{"damage":28,"enemies":"Gremlin Gang","floor":10,"turns":3},{"damage":10,"enemies":"Lots of Slimes","floor":12,"turns":4},{"damage":0,"enemies":"Large Slime","floor":13,"turns":4},{"damage":0,"enemies":"Exordium Wildlife","floor":14,"turns":1},{"damage":17,"enemies":"Hexaghost","floor":16,"turns":7}],"seed_played":"-4766702013520159452","potions_obtained":[{"floor":1.0,"key":"DuplicationPotion"},{"floor":2.0,"key":"SteroidPotion"},{"floor":7,"key":"LiquidMemories"}],"is_trial":false,"path_per_floor":["M","M","M","$","?","R","M","R","T","M","R","M","M","M","R","B"],"character_chosen":"WATCHER","items_purchased":["Adaptation"],"campfire_rested":1,"item_purchase_floors":[4],"current_hp_per_floor":[60,60,50,50,50,50,30,30,30,2,23,13,13,13,13,0,0],"gold":118,"neow_bonus":"ONE_RARE_RELIC","is_daily":false,"chose_seed":false,"campfire_upgraded":3,"win_rate":0.0,"timestamp":1613796385,"path_taken":["M","M","M","$","?","R","M","R","T","M","R","M","M","M","R","BOSS"],"items_purchased_type":["Card"],"build_version":"2020-12-22","purchased_purges":0,"victory":false,"max_hp_per_floor":[72,72,72,72,72,72,72,72,72,72,72,72,72,72,72,72,72],"card_choices":[{"not_picked":["Swivel","Consecrate"],"picked":"TalkToTheHand","floor":1.0},{"not_picked":["ForeignInfluence","BowlingBash","FollowUp"],"picked":"SKIP","floor":2.0},{"not_picked":["BowlingBash","ThirdEye","LikeWater"],"picked":"SKIP","floor":3},{"not_picked":["FlyingSleeves","SashWhip","Sanctity"],"picked":"SKIP","floor":7},{"not_picked":["SignatureMove","Prostrate","EmptyFist"],"picked":"SKIP","floor":10},{"not_picked":["InnerPeace","WheelKick"],"picked":"MentalFortress","floor":12},{"not_picked":["FlyingSleeves","MentalFortress","Prostrate"],"picked":"SKIP","floor":13},{"not_picked":["SashWhip","MentalFortress","Consecrate"],"picked":"SKIP","floor":14}],"player_experience":104996,"relics_obtained":[{"floor":9,"key":"Art of War"}],"event_choices":[{"damage_healed":0,"gold_gain":0,"player_choice":"Grow","damage_taken":0,"max_hp_gain":0,"max_hp_loss":0,"event_name":"Living Wall","floor":5,"gold_loss":0,"cards_upgraded":["Eruption"]}],"is_beta":false,"boss_relics":[],"items_purged_floors":[],"is_endless":false,"potions_floor_spawned":[1,2,7],"killed_by":"Hexaghost","ascension_level":3}}