{"host":"rb2p2z6v6vieend5","time":1613860616,"event":{"mods":["BaseMod","Block Reminder","Colored Map","DeckTracker","Highlight Path","Minty Spire (QoL Compilation)","Random Character Button","Relic Stats"],"gold_per_floor":[109,184,201,101,101,133,146,146,146,174,200,200,200,219,219,319,319,339,339,339,351,361,361,387,387,387,414,414,428,428,454,454,558,558,568,581,581,581,581,607,607,607,633,662,662,682,29,60,60,60],"floor_reached":51,"language":"ENG","playtime":2974,"items_purged":["Defend_B","Writhe"],"score":1166,"play_id":"156edf98-9238-4cc3-8291-2c973b89f173","local_time":"20210220233656","is_ascension_mode":true,"campfire_choices":[{"data":"Genetic Algorithm","floor":8,"key":"SMITH"},{"data":"Defragment","floor":13,"key":"SMITH"},{"floor":15,"key":"REST"},{"data":"Defragment","floor":23,"key":"SMITH"},{"data":"Zap","floor":25,"key":"SMITH"},{"data":"Go for the Eyes","floor":28,"key":"SMITH"},{"data":"Reinforced Body","floor":32,"key":"SMITH"},{"data":"Seek","floor":41,"key":"SMITH"},{"data":"Gash","floor":42,"key":"SMITH"},{"data":"Glacier","floor":45,"key":"SMITH"},{"floor":49,"key":"REST"}],"circlet_count":0,"master_deck":["Defend_B","Defend_B","Zap+1","Dualcast","All For One+1","Glacier+1","Gash+1","Leap","Reinforced Body+1","Genetic Algorithm+1","Defragment+1","Gash","Go for the Eyes+1","Sweeping Beam+1","Electrodynamics","Lockon+1","Rebound+1","All For One+1","Leap+1","BootSequence","Defragment+1","Genetic Algorithm","Conserve Battery","Seek+1","Hologram+1","Beam Cell+1","FTL+1","Steam+1","Machine Learning","Gash","Purity","Redo+1","Loop","Loop","Secret Weapon","Steam"],"relics":["Cracked Core","Prayer Wheel","Pantograph","Mummified Hand","Odd Mushroom","Bottled Flame","Astrolabe","Akabeko","WingedGreaves","StrikeDummy","Whetstone","Bottled Lightning","Runic Pyramid","Boot","DataDisk","Ancient Tea Set","Incense Burner","Ginger"],"acts_visited":["Exordium","TheCity","TheBeyond"],"potions_floor_usage":[6,11,14,27,31,40,50],"damage_taken":[{"damage":3,"enemies":"2 Louse","floor":1,"turns":3},{"damage":1,"enemies":"Jaw Worm","floor":3,"turns":4},{"damage":13,"enemies":"Gremlin Nob","floor":6,"turns":4},{"damage":0,"enemies":"Cultist","floor":7,"turns":2},{"damage":7,"enemies":"Lagavulin","floor":10,"turns":10},{"damage":12,"enemies":"The Mushroom Lair","floor":11,"turns":4},{"damage":0,"enemies":"Large Slime","floor":14,"turns":5},{"damage":13,"enemies":"Slime Boss","floor":16,"turns":7},{"damage":3,"enemies":"Spheric Guardian","floor":18,"turns":4},{"damage":4,"enemies":"3 Byrds","floor":21,"turns":4},{"damage":8,"enemies":"Snake Plant","floor":22,"turns":6},{"damage":3,"enemies":"Book of Stabbing","floor":24,"turns":6},{"damage":5,"enemies":"Slavers","floor":27,"turns":5},{"damage":0,"enemies":"Centurion and Healer","floor":29,"turns":5},{"damage":14,"enemies":"Gremlin Leader","floor":31,"turns":6},{"damage":50,"enemies":"Champ","floor":33,"turns":9},{"damage":0,"enemies":"Orb Walker","floor":35,"turns":4},{"damage":18,"enemies":"3 Darklings","floor":36,"turns":3},{"damage":10,"enemies":"Nemesis","floor":40,"turns":7},{"damage":0,"enemies":"Reptomancer","floor":44,"turns":5},{"damage":13,"enemies":"4 Shapes","floor":46,"turns":2},{"damage":0,"enemies":"Giant Head","floor":48,"turns":7},{"damage":2,"enemies":"Donu and Deca","floor":50,"turns":9}],"seed_played":"2896503233537720752","potions_obtained":[{"floor":1,"key":"Fire Potion"},{"floor":3,"key":"FearPotion"},{"floor":10,"key":"AttackPotion"},{"floor":11,"key":"Block Potion"},{"floor":16,"key":"Block Potion"},{"floor":18,"key":"Block Potion"},{"floor":29,"key":"SmokeBomb"},{"floor":35,"key":"Block Potion"},{"floor":44,"key":"EssenceOfSteel"}],"is_trial":false,"path_per_floor":["M","?","M","$","?","E","M","R","T","E","?","T","R","M","R","B",null,"M","?","?","M","M","R","E","R","T","E","R","M","?","E","R","B",null,"M","M","?","?","?","E","R","R","T","E","R","M","$","E","R","B",null],"character_chosen":"DEFECT","items_purchased":["Leap","Loop","Incense Burner","Secret Weapon","Steam"],"campfire_rested":2,"item_purchase_floors":[4,47,47,47,47],"current_hp_per_floor":[65,54,53,53,53,40,40,40,40,33,21,21,21,21,43,55,70,67,67,67,63,55,55,52,52,52,47,47,47,47,33,33,8,58,58,40,40,40,40,30,30,30,30,30,30,17,17,17,38,61],"gold":60,"neow_bonus":"ONE_RANDOM_RARE_CARD","is_daily":false,"chose_seed":false,"campfire_upgraded":9,"win_rate":0.0,"timestamp":1613860616,"path_taken":["M","?","M","$","?","E","?","R","T","E","?","?","R","M","R","BOSS","M","?","?","M","M","R","E","R","T","E","R","?","?","E","R","BOSS","M","M","?","?","?","E","R","R","T","E","R","M","$","E","R","BOSS"],"items_purchased_type":["Card","Card","Relic","Card","Card"],"build_version":"2020-12-22","purchased_purges":2,"victory":true,"max_hp_per_floor":[75,75,75,75,75,75,75,75,75,75,75,75,75,75,75,75,75,75,75,75,75,75,75,75,75,75,75,75,75,75,75,75,75,75,75,75,75,71,71,71,71,71,71,71,71,71,71,71,71,71],"relic_stats":{"counters":[23,120],"Mummified Hand":[48],"Pantograph":75,"Astrolabe":["Lockon","Rebound","All For One"],"Prayer Wheel":9,"Whetstone":["All For One","Sweeping Beam"],"Ginger":[0],"Boot":[14],"obtain_stats":[{"Astrolabe":17,"Incense Burner":47,"Whetstone":27,"Ginger":48,"Odd Mushroom":11,"Boot":40,"Ancient Tea Set":44,"Akabeko":20,"Bottled Flame":12,"DataDisk":43,"Mummified Hand":10,"Pantograph":9,"Prayer Wheel":6,"WingedGreaves":24,"Bottled Lightning":31,"Cracked Core":0,"StrikeDummy":26,"Runic Pyramid":34},{"Astrolabe":8,"Incense Burner":21,"Whetstone":13,"Ginger":22,"Odd Mushroom":6,"Boot":19,"Ancient Tea Set":20,"Akabeko":9,"Bottled Flame":6,"DataDisk":19,"Mummified Hand":5,"Pantograph":4,"Prayer Wheel":3,"WingedGreaves":12,"Bottled Lightning":15,"Cracked Core":0,"StrikeDummy":12,"Runic Pyramid":16},{"Astrolabe":39,"Incense Burner":105,"Whetstone":64,"Ginger":111,"Odd Mushroom":27,"Boot":98,"Ancient Tea Set":103,"Akabeko":43,"Bottled Flame":27,"DataDisk":98,"Mummified Hand":23,"Pantograph":13,"Prayer Wheel":11,"WingedGreaves":59,"Bottled Lightning":75,"Cracked Core":0,"StrikeDummy":59,"Runic Pyramid":84}]},"card_choices":[{"not_picked":["Reprogram","Hologram"],"picked":"Glacier","floor":1},{"not_picked":["Turbo","Beam Cell"],"picked":"Gash","floor":3},{"not_picked":["Static Discharge","Leap"],"picked":"Reinforced Body","floor":6},{"not_picked":["Rebound","Coolheaded"],"picked":"Genetic Algorithm","floor":7},{"not_picked":["Gash","Aggregate"],"picked":"Defragment","floor":7},{"not_picked":["Double Energy","Hologram"],"picked":"Gash","floor":10},{"not_picked":["Force Field","Rip and Tear"],"picked":"Go for the Eyes","floor":11},{"not_picked":["Rebound","Auto Shields"],"picked":"Sweeping Beam","floor":14},{"not_picked":["Leap","Hyperbeam","Turbo"],"picked":"SKIP","floor":14},{"not_picked":["Meteor Strike","Rainbow"],"picked":"Electrodynamics","floor":16},{"not_picked":["Steam+1","Redo"],"picked":"Leap+1","floor":18},{"not_picked":["Streamline+1","Reinforced Body"],"picked":"BootSequence","floor":18},{"not_picked":["Redo","Fusion+1"],"picked":"Defragment","floor":21},{"not_picked":["Conserve Battery","Barrage+1"],"picked":"Genetic Algorithm","floor":21},{"not_picked":["Lockon+1","Sweeping Beam"],"picked":"Conserve Battery","floor":22},{"not_picked":["Conserve Battery","Beam Cell"],"picked":"Seek","floor":22},{"not_picked":["Cold Snap","Stack"],"picked":"Hologram+1","floor":24},{"not_picked":["Genetic Algorithm","Gash+1"],"picked":"Beam Cell+1","floor":27},{"not_picked":["Cold Snap+1","Compile Driver"],"picked":"FTL+1","floor":29},{"not_picked":["Force Field","Sweeping Beam","Meteor Strike"],"picked":"SKIP","floor":29},{"not_picked":["Cold Snap","Ball Lightning"],"picked":"Steam+1","floor":31},{"not_picked":["Core Surge","Seek"],"picked":"Machine Learning","floor":33},{"not_picked":["Fusion+1","Barrage","Genetic Algorithm"],"picked":"SKIP","floor":35},{"not_picked":["Blizzard+1","Cold Snap+1","Conserve Battery+1"],"picked":"SKIP","floor":35},{"not_picked":["Rip and Tear","Turbo+1"],"picked":"Gash","floor":36},{"not_picked":["Consume","Beam Cell","FTL"],"picked":"SKIP","floor":36},{"not_picked":["PanicButton","Transmutation"],"picked":"Purity","floor":39},{"not_picked":["Beam Cell","Steam+1","All For One"],"picked":"SKIP","floor":40},{"not_picked":["Consume","Tempest+1","Fusion+1"],"picked":"SKIP","floor":44},{"not_picked":["Turbo","Go for the Eyes"],"picked":"Redo+1","floor":46},{"not_picked":["Conserve Battery","Chill+1"],"picked":"Loop","floor":46},{"not_picked":["Genetic Algorithm+1","Beam Cell","Meteor Strike"],"picked":"SKIP","floor":48}],"player_experience":787497,"relics_obtained":[{"floor":6,"key":"Prayer Wheel"},{"floor":9,"key":"Pantograph"},{"floor":10,"key":"Mummified Hand"},{"floor":11,"key":"Odd Mushroom"},{"floor":12,"key":"Bottled Flame"},{"floor":24,"key":"WingedGreaves"},{"floor":26,"key":"StrikeDummy"},{"floor":27,"key":"Whetstone"},{"floor":31,"key":"Bottled Lightning"},{"floor":40,"key":"Boot"},{"floor":43,"key":"DataDisk"},{"floor":44,"key":"Ancient Tea Set"},{"floor":48,"key":"Ginger"}],"event_choices":[{"damage_healed":0,"gold_gain":75,"player_choice":"Gather Gold","damage_taken":11,"max_hp_gain":0,"max_hp_loss":0,"event_name":"World of Goop","floor":2,"gold_loss":0},{"cards_removed":["Strike_B"],"damage_healed":0,"gold_gain":0,"player_choice":"Offered Basic","damage_taken":0,"max_hp_gain":0,"max_hp_loss":0,"event_name":"Bonfire Elementals","floor":5,"gold_loss":0},{"damage_healed":0,"gold_gain":0,"player_choice":"Fought Mushrooms","damage_taken":0,"max_hp_gain":0,"max_hp_loss":0,"event_name":"Mushrooms","floor":11,"gold_loss":0},{"cards_removed":["Defend_B"],"damage_healed":0,"gold_gain":0,"player_choice":"Elegance","damage_taken":0,"max_hp_gain":0,"max_hp_loss":0,"event_name":"Back to Basics","floor":19,"gold_loss":0},{"damage_healed":0,"gold_gain":0,"player_choice":"Opened","damage_taken":0,"relics_obtained":["Akabeko"],"max_hp_gain":0,"max_hp_loss":0,"event_name":"The Mausoleum","floor":20,"gold_loss":0,"cards_obtained":["Writhe"]},{"damage_healed":0,"gold_gain":0,"player_choice":"Ignored","damage_taken":0,"max_hp_gain":0,"max_hp_loss":0,"event_name":"Vampires","floor":30,"gold_loss":0},{"damage_healed":0,"gold_gain":0,"player_choice":"Ignored","damage_taken":0,"max_hp_gain":0,"max_hp_loss":0,"event_name":"Tomb of Lord Red Mask","floor":37,"gold_loss":0},{"damage_healed":0,"gold_gain":0,"player_choice":"Max HP","damage_taken":0,"max_hp_gain":0,"max_hp_loss":4,"event_name":"Winding Halls","floor":38,"gold_loss":0},{"damage_healed":0,"gold_gain":0,"player_choice":"Memory 1","damage_taken":0,"max_hp_gain":0,"max_hp_loss":0,"event_name":"SensoryStone","floor":39,"gold_loss":0}],"is_beta":false,"boss_relics":[{"not_picked":["Runic Dome","SacredBark"],"picked":"Astrolabe"},{"not_picked":["Sozu","Empty Cage"],"picked":"Runic Pyramid"}],"items_purged_floors":[4,47],"is_endless":false,"potions_floor_spawned":[1,3,10,11,16,18,21,29,35,44],"ascension_level":8}}