{"host":"i8q8fp9w5halxzhd","time":1613856903,"event":{"mods":["BaseMod","Curses Come First","Downfall","Infinite Spire","Minty Spire (QoL Compilation)","Replay The Spire","StSLib"],"gold_per_floor":[99,119,132,66,83,99,99,99,111,111,145,157,174,91,111,216,316,316,326,426,437,457,491,491,508,527,527,541,541,541,559,569,664,664,664,680,696,696,696,712,763,43,43,43,43,61,46,46,46,59,69,69,69,69],"floor_reached":52,"language":"ENG","playtime":4126,"items_purged":[],"score":509,"play_id":"b59e9cf6-0742-43e6-a3d9-3fc397cbbb91","local_time":"20210220223503","is_ascension_mode":false,"campfire_choices":[{"floor":1,"key":"DIG"},{"floor":8,"key":"REST"},{"data":"Slimebound:LevelUp","floor":18,"key":"SMITH"},{"floor":27,"key":"REST"},{"floor":30,"key":"REST"},{"data":"Slimebound:SplitBruiser","floor":35,"key":"SMITH"}],"circlet_count":0,"master_deck":["Slimebound:Tackle","Slimebound:Defend_Slimebound","Slimebound:Defend_Slimebound","Slimebound:Defend_Slimebound","Slimebound:Defend_Slimebound","Slimebound:Split","Slimebound:CorrosiveSpit","Slimebound:SlimeSpikes","Slimebound:Repurpose","Slimebound:LivingWall","Slimebound:SplitBruiser","Slimebound:SplitAcid","Slimebound:RainOfGoop","Slimebound:SamplingLick","Slimebound:SlimeBarrage","Slimebound:SplitMire","Slimebound:LeechEnergy","Slimebound:FlameTackle","Slimebound:LevelUp+1","Slimebound:Grow","Slimebound:SlimeBrawl+1","Slimebound:SlimeSpikes+1","Slimebound:Overexert","Slimebound:LivingWall","Slimebound:DisruptingSlam+1","Slimebound:RollThrough+1","Slimebound:Tackle+1","Slimebound:Tackle+1","Slimebound:Tackle+1","Slimebound:SplitBruiser+1","Slimebound:SplitLeeching+1","Slimebound:MassFeed","Slimebound:SlimeSpikes+1","Slimebound:Equalize+1","Slimebound:Prepare","Slimebound:Prepare","Slimebound:FormOfPuddle+1","Slimebound:Darklings+1","Slimebound:RainOfGoop","Slimebound:SplitAcid+1","Doubt","Slimebound:Prepare+1","Slimebound:SlimeTap+1"],"relics":["Slimebound:AbsorbEndCombat","Shuriken","Happy Flower","StrikeDummy","Toy Ornithopter","Replay:Wanted Poster","Replay:Accelerometer","Ornamental Fan","Ring of Chaos","Pet Ghost","infinitespire:WardingShard","Golden Egg","TheAbacus","Eternal Feather"],"acts_visited":["Exordium","TheCity","TheBeyond"],"potions_floor_usage":[16,19,23,26,28,33,33,40,47,51,52,52],"damage_taken":[{"damage":5,"enemies":"Cultist","floor":2,"turns":4},{"damage":2,"enemies":"2 Louse","floor":3,"turns":3},{"damage":11,"enemies":"downfall:FleeingMerchant","floor":4,"turns":4},{"damage":17,"enemies":"infinitespire:Voidling","floor":5,"turns":5},{"damage":3,"enemies":"Large Slime","floor":6,"turns":4},{"damage":7,"enemies":"Blue Slaver","floor":9,"turns":4},{"damage":7,"enemies":"Lagavulin","floor":11,"turns":5},{"damage":11,"enemies":"downfall:LooterAlt","floor":12,"turns":3},{"damage":9,"enemies":"2 Fungi Beasts","floor":13,"turns":3},{"damage":8,"enemies":"downfall:FleeingMerchant","floor":14,"turns":4},{"damage":12,"enemies":"Blue Slaver","floor":15,"turns":3},{"damage":19,"enemies":"IC_STATUS_ARCHETYPE","floor":16,"turns":6},{"damage":9,"enemies":"Shell Parasite","floor":19,"turns":4},{"damage":1,"enemies":"Chosen","floor":21,"turns":4},{"damage":22,"enemies":"Centurion and Healer","floor":22,"turns":8},{"damage":18,"enemies":"Slavers","floor":23,"turns":3},{"damage":26,"enemies":"3 Cultists","floor":25,"turns":5},{"damage":0,"enemies":"Snecko","floor":26,"turns":4},{"damage":30,"enemies":"Shelled Parasite and Fungi","floor":28,"turns":4},{"damage":24,"enemies":"Centurion and Healer","floor":31,"turns":6},{"damage":14,"enemies":"Snecko","floor":32,"turns":6},{"damage":29,"enemies":"WA_ARCHETYPE_CALM","floor":33,"turns":10},{"damage":16,"enemies":"3 Shapes","floor":36,"turns":4},{"damage":13,"enemies":"3 Darklings","floor":37,"turns":4},{"damage":44,"enemies":"Spire Growth","floor":40,"turns":5},{"damage":0,"enemies":"downfall:FleeingMerchant","floor":42,"turns":4},{"damage":24,"enemies":"Sphere and 2 Shapes","floor":46,"turns":5},{"damage":2,"enemies":"downfall:FleeingMerchant","floor":47,"turns":4},{"damage":45,"enemies":"infinitespire:Three Voidlings","floor":48,"turns":4},{"damage":40,"enemies":"Jaw Worm Horde","floor":50,"turns":6},{"damage":27,"enemies":"3 Darklings","floor":51,"turns":5},{"damage":50,"enemies":"DF_ARCHETYPE_ORBS","floor":52,"turns":5}],"seed_played":"444641275398968021","potions_obtained":[{"floor":2,"key":"Dexterity Potion"},{"floor":3,"key":"PowerPotion"},{"floor":6,"key":"Reflective Coating"},{"floor":12,"key":"Strength Potion"},{"floor":16,"key":"Flashbang"},{"floor":19,"key":"PowerPotion"},{"floor":22,"key":"LifebloodPotion"},{"floor":26,"key":"ColorlessPotion"},{"floor":28,"key":"Venom Potion"},{"floor":33,"key":"PowerPotion"},{"floor":37,"key":"champ:CounterPotion"},{"floor":41,"key":"Languid Potion"},{"floor":51,"key":"Fire Potion"}],"is_trial":false,"path_per_floor":["R","M","M","$","M","M","T","R","M","?","E","M","M","$","M","B",null,"R","M","?","M","M","E","T","M","M","R","M","?","R","M","M","B",null,"R","M","M","PTL","PTL","M","?","$","T","?","?","M","$","?","?","M","M","B"],"character_chosen":"SLIMEBOUND","items_purchased":["Slimebound:SplitBruiser","Slimebound:FlameTackle","infinitespire:WardingShard","Golden Egg","TheAbacus","hexamod:SoulburnPotion"],"campfire_rested":3,"item_purchase_floors":[4,14,42,42,42,42],"current_hp_per_floor":[71,67,65,58,52,51,51,71,66,66,65,56,51,47,37,29,71,71,64,64,67,53,40,40,18,25,46,29,29,50,34,28,17,71,71,58,51,51,51,35,6,25,25,25,65,45,65,44,65,42,26,0,0,0],"gold":69,"neow_bonus":"TEN_PERCENT_HP_BONUS","is_daily":false,"chose_seed":false,"campfire_upgraded":2,"win_rate":0.0,"timestamp":1613856903,"path_taken":["R","M","M","$","?","M","T","R","M","?","E","M","M","$","M","BOSS","R","M","?","M","M","E","T","M","?","R","M","?","R","M","M","BOSS","R","M","M","PTL","PTL","M","?","$","T","?","?","M","?","?","?","M","M","BOSS"],"items_purchased_type":["Card","Card","Relic","Relic","Relic","Potion"],"build_version":"2020-12-22","purchased_purges":0,"victory":false,"max_hp_per_floor":[71,71,71,71,71,71,71,71,71,71,71,71,71,71,71,71,71,71,71,71,71,71,71,71,71,71,71,71,71,71,71,71,71,71,71,74,74,74,74,74,74,74,74,74,65,65,65,65,65,65,65,65,65,65],"card_choices":[{"not_picked":["Slimebound:Schlurp","Slimebound:RollThrough"],"picked":"Slimebound:SlimeSpikes","floor":2},{"not_picked":["Slimebound:Schlurp","Slimebound:RainOfGoop"],"picked":"Slimebound:Repurpose","floor":3},{"not_picked":["Slimebound:Replication","Slimebound:SplitLeeching"],"picked":"Slimebound:LivingWall","floor":4},{"not_picked":["Slimebound:ComboTackle","Slimebound:FinishingTackle"],"picked":"Slimebound:SplitAcid","floor":5},{"not_picked":["Slimebound:BestDefense","Slimebound:FlameTackle"],"picked":"Slimebound:RainOfGoop","floor":6},{"not_picked":["Slimebound:SplitBruiser","Slimebound:FormOfPuddle"],"picked":"Slimebound:SamplingLick","floor":9},{"not_picked":["Slimebound:RejuvenatingLick","Slimebound:LeechingTouch","Slimebound:WasteNot"],"picked":"SKIP","floor":11},{"not_picked":["Slimebound:LeechingTouch","Slimebound:RejuvenatingLick"],"picked":"Slimebound:SlimeBarrage","floor":12},{"not_picked":["Slimebound:ViciousTackle","Slimebound:Replication"],"picked":"Slimebound:SplitMire","floor":13},{"not_picked":["Slimebound:LeadByExample","Slimebound:RallyTheTroops"],"picked":"Slimebound:LeechEnergy","floor":14},{"not_picked":["Slimebound:RainOfGoop","Slimebound:Dissolve"],"picked":"Slimebound:LevelUp","floor":15},{"not_picked":["Slimebound:FirmFortitude","Slimebound:WasteNot"],"picked":"Slimebound:Teamwork","floor":16},{"not_picked":["Slimebound:FinishingTackle","Slimebound:LeechingTouch+1"],"picked":"Slimebound:Grow","floor":19},{"not_picked":["Slimebound:SplitMire+1","Slimebound:SamplingLick"],"picked":"Slimebound:SlimeBrawl+1","floor":21},{"not_picked":["Slimebound:RainOfGoop","Slimebound:MegaLick+1"],"picked":"Slimebound:SlimeSpikes+1","floor":22},{"not_picked":["Slimebound:HauntingLick","Slimebound:AcidTongue+1"],"picked":"Slimebound:Overexert","floor":23},{"not_picked":["Slimebound:SlimeBrawl","Slimebound:Chomp"],"picked":"Slimebound:LivingWall","floor":25},{"not_picked":["Slimebound:LivingWall","Slimebound:Schlurp"],"picked":"Slimebound:DisruptingSlam+1","floor":26},{"not_picked":["Slimebound:ComboTackle","Slimebound:LivingWall"],"picked":"Slimebound:RollThrough+1","floor":28},{"not_picked":["Slimebound:SlimeTap","Slimebound:ItLooksTasty"],"picked":"Slimebound:SplitBruiser","floor":31},{"not_picked":["Slimebound:Dissolve+1","Slimebound:SamplingLick+1"],"picked":"Slimebound:SplitLeeching+1","floor":32},{"not_picked":["Slimebound:DouseInSlime","Slimebound:RallyTheTroops"],"picked":"Slimebound:MassFeed","floor":33},{"not_picked":["Slimebound:LivingWall","Slimebound:HauntingLick+1"],"picked":"Slimebound:SlimeSpikes+1","floor":36},{"not_picked":["Slimebound:Prepare+1","Slimebound:Repurpose+1"],"picked":"Slimebound:Equalize+1","floor":37},{"not_picked":["Slimebound:GoopSpray","Slimebound:Chomp","Slimebound:SplitAcid+1"],"picked":"SKIP","floor":40},{"not_picked":["Slimebound:LeechEnergy","Slimebound:SplitMire+1"],"picked":"Slimebound:Prepare","floor":41},{"not_picked":["Slimebound:SplitMire","Slimebound:SlimeSlap"],"picked":"Slimebound:Prepare","floor":41},{"not_picked":["Slimebound:PressTheAttack+1","Slimebound:ForwardTackle+1"],"picked":"Slimebound:FormOfPuddle+1","floor":42},{"not_picked":["Slimebound:GoopTackle","Slimebound:Prepare+1"],"picked":"Slimebound:RainOfGoop","floor":46},{"not_picked":["Slimebound:Repurpose+1","Slimebound:SlimeSpikes"],"picked":"Slimebound:SplitAcid+1","floor":47},{"not_picked":["Slimebound:AcidTongue","Slimebound:ItLooksTasty"],"picked":"Slimebound:Prepare+1","floor":50},{"not_picked":["Slimebound:LivingWall+1","Slimebound:Replication+1"],"picked":"Slimebound:SlimeTap+1","floor":51}],"player_experience":447173,"relics_obtained":[{"floor":1,"key":"Shuriken"},{"floor":7,"key":"Happy Flower"},{"floor":10,"key":"StrikeDummy"},{"floor":11,"key":"Toy Ornithopter"},{"floor":23,"key":"Replay:Accelerometer"},{"floor":24,"key":"Ornamental Fan"},{"floor":41,"key":"Pet Ghost"},{"floor":43,"key":"Eternal Feather"}],"event_choices":[],"is_beta":false,"boss_relics":[{"not_picked":["Astrolabe","Kintsugi"],"picked":"Replay:Wanted Poster"},{"not_picked":["Honey Jar","Replay:Drink Me"],"picked":"Ring of Chaos"}],"items_purged_floors":[],"is_endless":false,"potions_floor_spawned":[2,3,6,12,16,19,22,26,28,33,37,48,51],"killed_by":"DF_ARCHETYPE_ORBS","ascension_level":0}}