{"host":"3t6uby4o5waaq95r","time":1613848223,"event":{"mods":["AchievementEnabler","BaseMod","Bestiary","Colored Map","Highlight Path","Minty Spire (QoL Compilation)","Permanent Neow","Quick Restart","Random Character Button","SuperFastMode"],"gold_per_floor":[119,137,36,47,60,90,90,90,90,115,115,129,33,45,45,45,45],"floor_reached":16,"language":"ENG","playtime":778,"items_purged":["Defend_B"],"score":247,"play_id":"2e188c14-af65-4d49-b4f4-ee43da4bb093","local_time":"20210220131023","is_ascension_mode":true,"campfire_choices":[{"data":"Zap","floor":7,"key":"SMITH"},{"data":"Dualcast","floor":15,"key":"SMITH"}],"circlet_count":0,"master_deck":["AscendersBane","Strike_B","Strike_B","Strike_B","Defend_B","Defend_B","Defend_B","Zap+1","Dualcast+1","Bandage Up","Ball Lightning","Glacier","Leap","Compile Driver","Cold Snap","Steam","Amplify","Stack","Dramatic Entrance","Auto Shields"],"relics":["Cracked Core","Frozen Egg 2","Ice Cream","Turnip","Akabeko"],"acts_visited":["Exordium"],"potions_floor_usage":[6,10,14],"damage_taken":[{"damage":0,"enemies":"Cultist","floor":1,"turns":3},{"damage":2,"enemies":"Jaw Worm","floor":2,"turns":3},{"damage":7,"enemies":"Small Slimes","floor":4,"turns":3},{"damage":5,"enemies":"Exordium Thugs","floor":5,"turns":4},{"damage":8,"enemies":"Lagavulin","floor":6,"turns":8},{"damage":0,"enemies":"3 Sentries","floor":10,"turns":2},{"damage":9,"enemies":"Exordium Wildlife","floor":12,"turns":3},{"damage":6,"enemies":"Looter","floor":14,"turns":3},{"damage":37,"enemies":"Hexaghost","floor":16,"turns":14}],"seed_played":"4163681391570354132","potions_obtained":[{"floor":5,"key":"Block Potion"},{"floor":6,"key":"PowerPotion"},{"floor":12,"key":"Energy Potion"},{"floor":14,"key":"Fruit Juice"}],"is_trial":false,"path_per_floor":["M","M","$","M","M","E","R","?","T","E","?","M","$","M","R","B"],"character_chosen":"DEFECT","items_purchased":["Leap","Dramatic Entrance"],"campfire_rested":0,"item_purchase_floors":[3,13],"current_hp_per_floor":[68,69,69,64,63,59,59,33,33,37,37,32,32,31,31,0,0],"gold":45,"neow_bonus":"RANDOM_COLORLESS","is_daily":false,"chose_seed":false,"campfire_upgraded":2,"win_rate":0.0,"timestamp":1613848223,"path_taken":["M","?","?","M","?","E","R","?","T","E","?","M","$","M","R","BOSS"],"items_purchased_type":["Card","Card"],"build_version":"2020-12-22","purchased_purges":1,"victory":false,"max_hp_per_floor":[71,71,71,71,71,71,71,71,71,71,71,71,71,76,76,76,76],"card_choices":[{"not_picked":["Panacea","Forethought"],"picked":"Bandage Up","floor":0},{"not_picked":["Beam Cell","Blizzard"],"picked":"Ball Lightning","floor":1},{"not_picked":["Go for the Eyes","Streamline"],"picked":"Glacier","floor":2},{"not_picked":["Stack","Conserve Battery"],"picked":"Compile Driver","floor":4},{"not_picked":["Conserve Battery","Compile Driver"],"picked":"Cold Snap","floor":5},{"not_picked":["Doom and Gloom","Sunder"],"picked":"Steam","floor":6},{"not_picked":["Compile Driver","Streamline"],"picked":"Amplify","floor":10},{"not_picked":["Redo","Reprogram"],"picked":"Stack","floor":12},{"not_picked":["Reinforced Body","Skim"],"picked":"Auto Shields","floor":14}],"player_experience":814607,"relics_obtained":[{"floor":6,"key":"Frozen Egg 2"},{"floor":9,"key":"Turnip"},{"floor":10,"key":"Akabeko"}],"event_choices":[{"damage_healed":0,"gold_gain":0,"player_choice":"Success","damage_taken":26,"relics_obtained":["Ice Cream"],"max_hp_gain":0,"max_hp_loss":0,"event_name":"Scrap Ooze","floor":8,"gold_loss":0},{"cards_removed":["Strike_B"],"damage_healed":0,"gold_gain":0,"player_choice":"Offered Basic","damage_taken":0,"max_hp_gain":0,"max_hp_loss":0,"event_name":"Bonfire Elementals","floor":11,"gold_loss":0}],"is_beta":false,"boss_relics":[],"items_purged_floors":[3],"is_endless":false,"potions_floor_spawned":[5,6,12,14],"killed_by":"Hexaghost","ascension_level":16}}