{"host":"6xsbn6ynqlzwllfm","time":1613786340,"event":{"mods":["2.2 Compatiblity","BaseMod","Bestiary","Colored Map","Colored Powertips","Curses Come First","Downfall","Highlight Path","Keyboard Shortcuts","Minty Spire (QoL Compilation)","Quick Restart","Relic Stats","Slay the Relics Exporter","StSLib","SuperFastMode"],"gold_per_floor":[115,6,6,6,24,58,58,85,134,134,34,48,48,48,48,124,124,134,134,149,24,123,153,153,180,205,205,215,215,243,243,243,319,319,334,347,394,84,100,100,113,126,150,0,0,20,45,64,64,64,64,64],"floor_reached":50,"language":"ENG","playtime":1988,"items_purged":["bronze:Strike","bronze:Strike","bronze:Strike","bronze:Defend"],"score":911,"play_id":"0da1993a-c7db-428c-a16a-b58318deab71","local_time":"20210219205900","is_ascension_mode":true,"campfire_choices":[{"floor":7,"key":"REST"},{"floor":10,"key":"REST"},{"data":"bronze:Goto","floor":13,"key":"SMITH"},{"data":"bronze:Philosophize","floor":15,"key":"SMITH"},{"floor":24,"key":"REST"},{"data":"bronze:CutThrough","floor":27,"key":"SMITH"},{"floor":29,"key":"REST"},{"data":"bronze:CloningBeam","floor":32,"key":"SMITH"},{"floor":45,"key":"RECALL"},{"floor":49,"key":"REST"}],"circlet_count":0,"master_deck":["AscendersBane","bronze:Defend","bronze:Defend","bronze:Defend","bronze:Replicate","bronze:Goto+1","bronze:Overheat","bronze:ChosenStrike","bronze:Frontload","bronze:Deprecate+1","bronze:NullPointer","bronze:Philosophize+1","bronze:RecursiveStrike+1","bronze:Frontload+1","bronze:CutThrough+1","bronze:Shell","bronze:CloningBeam+1","downfall:Haunted","Parasite"],"relics":["Sozu","Bag of Preparation","Matryoshka","Orichalcum","Potion Belt","SlaversCollar","Darkstone Periapt","Lantern","bronze:ProtectiveGoggles","Strawberry","MealTicket","Kunai","Cursed Key","Peace Pipe","Girya","Vajra"],"acts_visited":["Exordium","TheCity","TheBeyond"],"potions_floor_usage":[],"damage_taken":[{"damage":1,"enemies":"Cultist","floor":1,"turns":3},{"damage":7,"enemies":"Small Slimes","floor":5,"turns":3},{"damage":26,"enemies":"Gremlin Nob","floor":6,"turns":4},{"damage":19,"enemies":"3 Sentries","floor":8,"turns":11},{"damage":0,"enemies":"Jaw Worm","floor":12,"turns":2},{"damage":15,"enemies":"Hexaghost","floor":16,"turns":7},{"damage":21,"enemies":"3 Byrds","floor":18,"turns":6},{"damage":1,"enemies":"Chosen","floor":20,"turns":4},{"damage":17,"enemies":"Slavers","floor":23,"turns":5},{"damage":7,"enemies":"Gremlin Leader","floor":25,"turns":7},{"damage":6,"enemies":"Centurion and Healer","floor":28,"turns":5},{"damage":7,"enemies":"Slavers","floor":30,"turns":6},{"damage":25,"enemies":"Champ","floor":33,"turns":9},{"damage":5,"enemies":"3 Shapes","floor":35,"turns":6},{"damage":0,"enemies":"3 Darklings","floor":36,"turns":5},{"damage":10,"enemies":"2 Orb Walkers","floor":37,"turns":6},{"damage":15,"enemies":"Sphere and 2 Shapes","floor":39,"turns":8},{"damage":23,"enemies":"4 Shapes","floor":41,"turns":5},{"damage":4,"enemies":"3 Darklings","floor":42,"turns":7},{"damage":8,"enemies":"Writhing Mass","floor":46,"turns":6},{"damage":16,"enemies":"Nemesis","floor":47,"turns":9},{"damage":9,"enemies":"Maw","floor":48,"turns":7},{"damage":38,"enemies":"Time Eater","floor":50,"turns":7}],"seed_played":"-6718190687801459880","potions_obtained":[],"is_trial":false,"path_per_floor":["M","$","$","?","M","E","R","E","T","R","$","M","R","?","R","B",null,"M","?","M","$","?","E","R","E","T","R","M","R","E","T","R","B",null,"M","M","?","$","M","?","M","M","T","$","R","M","E","M","R","B"],"character_chosen":"THE_AUTOMATON","items_purchased":["bronze:ChosenStrike","Girya"],"campfire_rested":5,"item_purchase_floors":[2,38],"current_hp_per_floor":[56,56,56,49,42,16,34,15,15,33,33,33,33,33,33,18,52,31,31,30,30,30,13,31,24,31,31,25,46,39,39,39,14,56,51,51,41,56,41,41,18,14,20,35,35,33,17,8,31,0,0,0],"gold":64,"neow_bonus":"BOSS_RELIC","is_daily":false,"chose_seed":false,"campfire_upgraded":4,"win_rate":0.0,"timestamp":1613786340,"path_taken":["M","?","$","?","M","E","R","E","T","R","$","M","R","?","R","BOSS","M","?","?","$","?","E","R","E","T","R","M","R","E","?","R","BOSS","M","M","?","$","M","?","M","M","T","$","R","M","E","M","R","BOSS"],"items_purchased_type":["Card","Relic"],"build_version":"2020-12-22","purchased_purges":4,"victory":false,"max_hp_per_floor":[63,63,63,63,63,63,63,63,63,63,63,63,63,63,63,63,63,63,63,63,63,63,63,63,63,70,70,70,70,70,70,70,70,70,70,70,70,70,70,66,66,66,72,72,72,78,78,78,78,78,78,78],"relic_stats":{"Sozu":9,"Darkstone Periapt":12,"Peace Pipe":0,"counters":[23,138],"MealTicket":30,"Bag of Preparation":[40],"Kunai":[38],"Orichalcum":[72],"Cursed Key":1,"obtain_stats":[{"Potion Belt":9,"Darkstone Periapt":23,"Girya":38,"Lantern":25,"bronze:BronzeCore":0,"Vajra":47,"Bag of Preparation":6,"Orichalcum":9,"Cursed Key":34,"Sozu":0,"Peace Pipe":37,"SlaversCollar":17,"Matryoshka":8,"bronze:ProtectiveGoggles":26,"Strawberry":26,"MealTicket":30,"Kunai":31},{"Potion Belt":4,"Darkstone Periapt":9,"Girya":16,"Lantern":10,"bronze:BronzeCore":0,"Vajra":21,"Bag of Preparation":3,"Orichalcum":4,"Cursed Key":13,"Sozu":0,"Peace Pipe":16,"SlaversCollar":6,"Matryoshka":4,"bronze:ProtectiveGoggles":10,"Strawberry":10,"MealTicket":12,"Kunai":12},{"Potion Belt":21,"Darkstone Periapt":45,"Girya":89,"Lantern":52,"bronze:BronzeCore":0,"Vajra":124,"Bag of Preparation":10,"Orichalcum":21,"Cursed Key":72,"Sozu":0,"Peace Pipe":89,"SlaversCollar":30,"Matryoshka":21,"bronze:ProtectiveGoggles":52,"Strawberry":52,"MealTicket":63,"Kunai":63}]},"card_choices":[{"not_picked":["bronze:Separator","bronze:BuggyMess"],"picked":"bronze:Overheat","floor":1},{"not_picked":["bronze:ForLoop","bronze:Turbo"],"picked":"bronze:Frontload","floor":5},{"not_picked":["bronze:Invalidate","bronze:BuggyMess"],"picked":"bronze:Deprecate","floor":6},{"not_picked":["bronze:CutThrough","bronze:BitShift"],"picked":"bronze:NullPointer","floor":8},{"not_picked":["bronze:Constructor","bronze:FineTuning"],"picked":"bronze:Philosophize","floor":12},{"not_picked":["bronze:TinkerersToolbox","bronze:Format"],"picked":"bronze:RecursiveStrike","floor":16},{"not_picked":["bronze:Return","bronze:Shield"],"picked":"bronze:Frontload+1","floor":20},{"not_picked":["bronze:WildBeam","bronze:Constructor"],"picked":"bronze:CutThrough","floor":23},{"not_picked":["bronze:DelayedSlice","bronze:BitShift","bronze:ItsAFeature"],"picked":"SKIP","floor":25},{"not_picked":["bronze:Overheat","bronze:HardenedForm"],"picked":"bronze:Shell","floor":28},{"not_picked":["bronze:Separator+1","bronze:Assembly"],"picked":"bronze:CloningBeam","floor":30}],"player_experience":1807142,"relics_obtained":[{"floor":6,"key":"Bag of Preparation"},{"floor":8,"key":"Matryoshka"},{"floor":9,"key":"Orichalcum"},{"floor":9,"key":"Potion Belt"},{"floor":23,"key":"Darkstone Periapt"},{"floor":25,"key":"Lantern"},{"floor":26,"key":"bronze:ProtectiveGoggles"},{"floor":26,"key":"Strawberry"},{"floor":30,"key":"MealTicket"},{"floor":31,"key":"Kunai"},{"floor":37,"key":"Peace Pipe"},{"floor":47,"key":"Vajra"}],"event_choices":[{"cards_removed":["bronze:Strike"],"damage_healed":0,"gold_gain":0,"player_choice":"Card Removal","damage_taken":7,"max_hp_gain":0,"max_hp_loss":0,"event_name":"Golden Wing","floor":4,"gold_loss":0},{"damage_healed":0,"gold_gain":0,"player_choice":"Grow","damage_taken":0,"max_hp_gain":0,"max_hp_loss":0,"event_name":"Living Wall","floor":14,"gold_loss":0,"cards_upgraded":["bronze:Deprecate"]},{"damage_healed":0,"gold_gain":0,"player_choice":"Upgraded","damage_taken":0,"max_hp_gain":0,"max_hp_loss":0,"event_name":"Upgrade Shrine","floor":19,"gold_loss":0,"cards_upgraded":["bronze:RecursiveStrike"]},{"damage_healed":0,"gold_gain":99,"player_choice":"Stole From Cult","damage_taken":0,"max_hp_gain":0,"max_hp_loss":0,"event_name":"Nest","floor":22,"gold_loss":0},{"damage_healed":0,"gold_gain":0,"player_choice":"Fight","damage_taken":0,"max_hp_gain":0,"max_hp_loss":0,"event_name":"Mysterious Sphere","floor":37,"gold_loss":0},{"damage_healed":0,"gold_gain":0,"player_choice":"Max HP","damage_taken":0,"max_hp_gain":0,"max_hp_loss":4,"event_name":"Winding Halls","floor":40,"gold_loss":0}],"is_beta":false,"boss_relics":[{"not_picked":["Runic Dome","Snecko Eye"],"picked":"SlaversCollar"},{"not_picked":["Tiny House","Pandora\u0027s Box"],"picked":"Cursed Key"}],"items_purged_floors":[2,11,21,44],"is_endless":false,"potions_floor_spawned":[6,8,20,28,33,36,39,47,48],"killed_by":"Time Eater","ascension_level":14}}