{"host":"y13mj1mxwnd5xx1x","time":1613791972,"event":{"mods":["AchievementEnabler","BaseMod","Minty Spire (QoL Compilation)"],"gold_per_floor":[117,132,57,57,57,57,91,91,91,91,109,9,85,116,116,245,245,269,289,289,18,18,57,57,57,57],"floor_reached":25,"language":"ENG","playtime":870,"items_purged":["Strike_B","Strike_B","Writhe"],"score":275,"play_id":"f39b3e25-5e37-4bfd-bade-67061831d141","local_time":"20210219213252","is_ascension_mode":true,"campfire_choices":[{"data":"Streamline","floor":6,"key":"SMITH"},{"data":"Cold Snap","floor":8,"key":"SMITH"},{"data":"Zap","floor":10,"key":"SMITH"},{"data":"Creative AI","floor":15,"key":"SMITH"},{"floor":24,"key":"REST"}],"circlet_count":0,"master_deck":["Strike_B+1","Strike_B+1","Defend_B","Defend_B","Defend_B","Defend_B","Zap+1","Dualcast","Cold Snap+1","Streamline+1","Sweeping Beam","Gash","Creative AI+1","Echo Form","Hologram","Chill+1","Gash","Auto Shields+1"],"relics":["Cracked Core","NeowsBlessing","Golden Idol","Pen Nib","Bronze Scales","Kunai","Whetstone","Black Star","Bag of Marbles","Vajra","Ornamental Fan"],"acts_visited":["Exordium","TheCity"],"potions_floor_usage":[16,18,21,25,25],"damage_taken":[{"damage":0,"enemies":"Cultist","floor":1,"turns":1},{"damage":0,"enemies":"2 Louse","floor":2,"turns":1},{"damage":0,"enemies":"3 Sentries","floor":7,"turns":1},{"damage":0,"enemies":"Small Slimes","floor":11,"turns":2},{"damage":10,"enemies":"Gremlin Nob","floor":14,"turns":3},{"damage":9,"enemies":"Slime Boss","floor":16,"turns":8},{"damage":8,"enemies":"3 Byrds","floor":18,"turns":3},{"damage":12,"enemies":"Chosen","floor":19,"turns":4},{"damage":48,"enemies":"Book of Stabbing","floor":23,"turns":6},{"damage":40,"enemies":"Gremlin Leader","floor":25,"turns":8}],"seed_played":"6629404897221339786","potions_obtained":[{"floor":2,"key":"Energy Potion"},{"floor":11,"key":"DuplicationPotion"},{"floor":14,"key":"Weak Potion"}],"is_trial":false,"path_per_floor":["M","M","$","?","?","R","E","R","T","R","M","$","?","E","R","B",null,"M","M","?","$","?","E","R","E"],"character_chosen":"DEFECT","items_purchased":["Swift Potion","Fruit Juice"],"campfire_rested":1,"item_purchase_floors":[21,21],"current_hp_per_floor":[75,75,75,57,45,45,45,45,45,45,45,45,45,35,35,26,75,67,55,55,60,60,12,36,0,0],"gold":57,"neow_bonus":"THREE_ENEMY_KILL","is_daily":false,"chose_seed":false,"campfire_upgraded":4,"win_rate":0.0,"timestamp":1613791972,"path_taken":["M","M","?","?","?","R","E","R","T","R","M","$","?","E","R","BOSS","M","M","?","$","?","E","R","E"],"items_purchased_type":["Potion","Potion"],"build_version":"2020-12-22","purchased_purges":3,"victory":false,"max_hp_per_floor":[75,75,75,75,75,75,75,75,75,75,75,75,75,75,75,75,75,75,75,75,80,80,80,80,80,80],"card_choices":[{"not_picked":["Melter","Beam Cell"],"picked":"Cold Snap","floor":1},{"not_picked":["Go for the Eyes","Reinforced Body"],"picked":"Streamline","floor":2},{"not_picked":["Gash","Force Field"],"picked":"Sweeping Beam","floor":7},{"not_picked":["Barrage","Tempest"],"picked":"Gash","floor":11},{"not_picked":["Leap","Steam Power"],"picked":"Creative AI","floor":14},{"not_picked":["Reboot","Electrodynamics"],"picked":"Echo Form","floor":16},{"not_picked":["Steam","Aggregate"],"picked":"Hologram","floor":18},{"not_picked":["Beam Cell","Storm+1"],"picked":"Chill+1","floor":19},{"not_picked":["Hologram","Stack"],"picked":"Auto Shields+1","floor":23}],"player_experience":178343,"relics_obtained":[{"floor":7,"key":"Bronze Scales"},{"floor":9,"key":"Kunai"},{"floor":14,"key":"Whetstone"},{"floor":23,"key":"Vajra"},{"floor":23,"key":"Ornamental Fan"}],"event_choices":[{"damage_healed":0,"gold_gain":0,"player_choice":"Take Damage","damage_taken":18,"relics_obtained":["Golden Idol"],"max_hp_gain":0,"max_hp_loss":0,"event_name":"Golden Idol","floor":4,"gold_loss":0},{"damage_healed":0,"gold_gain":0,"player_choice":"Success","damage_taken":12,"relics_obtained":["Pen Nib"],"max_hp_gain":0,"max_hp_loss":0,"event_name":"Scrap Ooze","floor":5,"gold_loss":0},{"damage_healed":0,"gold_gain":76,"player_choice":"Gained Gold","damage_taken":0,"max_hp_gain":0,"max_hp_loss":0,"event_name":"Golden Wing","floor":13,"gold_loss":0},{"damage_healed":0,"gold_gain":0,"player_choice":"Opened","damage_taken":0,"relics_obtained":["Bag of Marbles"],"max_hp_gain":0,"max_hp_loss":0,"event_name":"The Mausoleum","floor":20,"gold_loss":0,"cards_obtained":["Writhe"]},{"damage_healed":0,"gold_gain":0,"player_choice":"Read","damage_taken":0,"max_hp_gain":0,"max_hp_loss":0,"event_name":"The Library","floor":22,"gold_loss":0,"cards_obtained":["Gash"]}],"is_beta":false,"boss_relics":[{"not_picked":["SlaversCollar","Philosopher\u0027s Stone"],"picked":"Black Star"}],"items_purged_floors":[3,12,21],"is_endless":false,"potions_floor_spawned":[2,11,14],"killed_by":"Gremlin Leader","ascension_level":2}}