{"host":"p7cjtxxrilhp4dw7","time":1613798875,"event":{"mods":["BaseMod","Block Reminder","Colored Map","Curses Come First","Downfall","Highlight Path","Minty Spire (QoL Compilation)","StSLib"],"gold_per_floor":[99,112,131,131,144,144,168,168,168,189,206,356,256,275,290,385,385,385,404,416,416,27,37,91,107,107,107,107],"floor_reached":26,"language":"ENG","playtime":2599,"items_purged":["downfall:Icky"],"score":200,"play_id":"10279020-7920-49ae-9d24-235d586ce1ab","local_time":"20210219222755","is_ascension_mode":false,"campfire_choices":[{"data":"sneckomod:UnknownBoss","floor":1,"key":"SMITH"},{"data":"sneckomod:Nope","floor":6,"key":"SMITH"},{"floor":9,"key":"RECALL"},{"data":"sneckomod:TailWhip","floor":13,"key":"SMITH"}],"circlet_count":0,"master_deck":["sneckomod:TailWhip+1","sneckomod:SnekBite","sneckomod:Unknown","sneckomod:Unknown","sneckomod:UnknownBoss+1","sneckomod:Nope+1","sneckomod:Unknown0Cost+1","sneckomod:IronFang","sneckomod:UnknownRarePower+1","sneckomod:Cheat","sneckomod:Unknown3Cost","sneckomod:UnknownUncommonAttack+1","sneckomod:MasterEye","sneckomod:UnknownX","LessonLearned","sneckomod:TrashToTreasure+1","sneckomod:SlitherStrike+1","sneckomod:ImprovisedGuard","sneckomod:UnknownClassGREEN","sneckomod:UnknownUncommonSkill+1","sneckomod:SerpentIdol+1"],"relics":["sneckomod:SneckoSoul","Orichalcum","Odd Mushroom","downfall:HeartBlessingRed","Pandora\u0027s Box","sneckomod:SneckoCommon","Nunchaku","Toy Ornithopter"],"acts_visited":["Exordium","TheCity"],"potions_floor_usage":[10,16,19,25,26,26],"damage_taken":[{"damage":0,"enemies":"Small Slimes","floor":2,"turns":3},{"damage":0,"enemies":"2 Louse","floor":3,"turns":2},{"damage":1,"enemies":"Jaw Worm","floor":5,"turns":3},{"damage":16,"enemies":"The Mushroom Lair","floor":10,"turns":3},{"damage":5,"enemies":"Exordium Thugs","floor":11,"turns":3},{"damage":0,"enemies":"Gremlin Gang","floor":14,"turns":4},{"damage":12,"enemies":"Lots of Slimes","floor":15,"turns":6},{"damage":16,"enemies":"DF_ARCHETYPE_STREAMLINE","floor":16,"turns":9},{"damage":20,"enemies":"Spheric Guardian","floor":19,"turns":4},{"damage":20,"enemies":"3 Byrds","floor":20,"turns":5},{"damage":0,"enemies":"downfall:FleeingMerchant","floor":22,"turns":4},{"damage":16,"enemies":"Shelled Parasite and Fungi","floor":23,"turns":6},{"damage":12,"enemies":"Centurion and Healer","floor":25,"turns":6},{"damage":4,"enemies":"Gremlin Leader","floor":26,"turns":8}],"seed_played":"5555165554935687331","potions_obtained":[{"floor":3,"key":"sneckomod:DiceRollPotion"},{"floor":10,"key":"Strength Potion"},{"floor":14,"key":"DuplicationPotion"},{"floor":15,"key":"AttackPotion"},{"floor":19,"key":"SteroidPotion"},{"floor":23,"key":"LiquidMemories"},{"floor":25,"key":"Fire Potion"}],"is_trial":false,"path_per_floor":["R","M","M","?","M","R","T","?","R","?","M","?","R","M","M","B",null,"R","M","M","?","$","M","T","M","E"],"character_chosen":"THE_SNECKO","items_purchased":["sneckomod:SneckoCommon","Nunchaku"],"campfire_rested":0,"item_purchase_floors":[22,22],"current_hp_per_floor":[90,90,90,90,89,89,89,94,94,78,73,73,73,73,61,45,95,95,75,55,95,95,79,79,72,78,78,78],"gold":107,"neow_bonus":"THREE_RARE_CARDS","is_daily":false,"chose_seed":false,"campfire_upgraded":3,"win_rate":0.0,"timestamp":1613798875,"path_taken":["R","M","M","?","M","R","T","?","R","?","M","?","R","?","M","BOSS","R","M","M","?","$","?","T","M","E"],"items_purchased_type":["Relic","Relic"],"build_version":"2020-12-22","purchased_purges":1,"victory":false,"max_hp_per_floor":[90,90,90,90,90,90,90,95,95,95,95,95,95,95,95,95,95,95,95,95,95,95,95,95,95,95,95,95],"card_choices":[{"not_picked":["sneckomod:Cheat","sneckomod:SerpentMind"],"picked":"sneckomod:UnknownBoss","floor":0},{"not_picked":["sneckomod:UnknownBlock","sneckomod:UnknownExhaust"],"picked":"sneckomod:Nope","floor":2},{"not_picked":["sneckomod:DiceBlock","sneckomod:SoulCleanse","sneckomod:SoulRoll"],"picked":"SKIP","floor":3},{"not_picked":["sneckomod:DiceBlock","sneckomod:UnendingSupply"],"picked":"sneckomod:Unknown0Cost","floor":5},{"not_picked":["sneckomod:UnknownCommonSkill","sneckomod:MasterEye","sneckomod:Nope"],"picked":"SKIP","floor":11},{"not_picked":["sneckomod:CheapStock","sneckomod:UnendingSupply","sneckomod:UnknownBlock"],"picked":"SKIP","floor":14},{"not_picked":["sneckomod:UnknownBlock","sneckomod:DiceBlock"],"picked":"sneckomod:IronFang","floor":15},{"not_picked":["sneckomod:UnknownRareAttack","sneckomod:MorePower"],"picked":"sneckomod:UnknownRarePower","floor":16},{"not_picked":["sneckomod:SoulDraw+1","sneckomod:SoulRoll"],"picked":"sneckomod:TrashToTreasure+1","floor":19},{"not_picked":["sneckomod:SnakeSap","sneckomod:UnknownDraw+1"],"picked":"sneckomod:SlitherStrike+1","floor":20},{"not_picked":["sneckomod:UnknownBlock","sneckomod:Unknown0Cost"],"picked":"sneckomod:ImprovisedGuard","floor":22},{"not_picked":["sneckomod:SnekBeam","sneckomod:DiceBlock"],"picked":"sneckomod:UnknownUncommonSkill+1","floor":23},{"not_picked":["sneckomod:Unknown1Cost","sneckomod:UnknownCommonAttack"],"picked":"sneckomod:SerpentIdol+1","floor":25}],"player_experience":845819,"relics_obtained":[{"floor":7,"key":"Orichalcum"},{"floor":10,"key":"Odd Mushroom"},{"floor":24,"key":"Toy Ornithopter"}],"event_choices":[{"cards_removed":["Doubt"],"damage_healed":0,"gold_gain":0,"player_choice":"Card Removal","damage_taken":0,"max_hp_gain":0,"max_hp_loss":0,"event_name":"The Cleric","floor":4,"gold_loss":0},{"damage_healed":0,"gold_gain":0,"player_choice":"Donut","damage_taken":0,"max_hp_gain":5,"max_hp_loss":0,"event_name":"Big Fish","floor":8,"gold_loss":0},{"damage_healed":0,"gold_gain":0,"player_choice":"Fought Mushrooms","damage_taken":0,"max_hp_gain":0,"max_hp_loss":0,"event_name":"Mushrooms","floor":10,"gold_loss":0},{"damage_healed":40,"gold_gain":0,"player_choice":"Full Heal","damage_taken":0,"max_hp_gain":0,"max_hp_loss":0,"event_name":"Wheel of Change","floor":21,"gold_loss":0}],"is_beta":false,"boss_relics":[{"not_picked":["Coffee Dripper","Philosopher\u0027s Stone"],"picked":"Pandora\u0027s Box"}],"items_purged_floors":[22],"is_endless":false,"potions_floor_spawned":[3,10,14,15,19,23,25],"killed_by":"Gremlin Leader","ascension_level":0}}