{"host":"bpr07pynnqpe5ded","time":1613847111,"event":{"mods":["2.2 Compatiblity","Aspiration","BaseMod","Better Note","Better Third Choice","BetterRewards","Downfall","Jorbs\u0027s Wanderer Trilogy","Minty Spire (QoL Compilation)","Replay The Spire","Shop Mod","StSLib","The Marked","??????REMEMod"],"gold_per_floor":[111,147,158,172,191,191,191],"floor_reached":6,"language":"ENG","playtime":620,"items_purged":["stsjorbsmod:Strike_Wanderer","stsjorbsmod:Defend_Wanderer"],"score":40,"play_id":"0eb186f8-07c2-43a4-ace9-c4ebfe66191f","local_time":"20210220185151","is_ascension_mode":false,"campfire_choices":[],"circlet_count":0,"master_deck":["stsjorbsmod:ForbiddenGrimoire+1","stsjorbsmod:Strike_Wanderer","stsjorbsmod:Strike_Wanderer","stsjorbsmod:Strike_Wanderer","stsjorbsmod:Defend_Wanderer","stsjorbsmod:Defend_Wanderer","stsjorbsmod:Defend_Wanderer","stsjorbsmod:FreshAdventure","stsjorbsmod:EyeOfTheStorm","stsjorbsmod:Banish","stsjorbsmod:FindFamiliar","stsjorbsmod:Feast","REME_Flogging","stsjorbsmod:ChatteringStrike","stsjorbsmod:MistyStep","stsjorbsmod:LoseGrip"],"relics":["stsjorbsmod:GrimoireRelic","REME_ComplimentaryCards","Anchor"],"acts_visited":["Exordium"],"potions_floor_usage":[],"damage_taken":[{"damage":0,"enemies":"Small Slimes","floor":1,"turns":5},{"damage":0,"enemies":"2 Louse","floor":2,"turns":2},{"damage":0,"enemies":"Cultist","floor":3,"turns":4},{"damage":6,"enemies":"Lots of Slimes","floor":4,"turns":3},{"damage":3,"enemies":"Exordium Thugs","floor":5,"turns":6},{"damage":0,"enemies":"3 Sentries","floor":6,"turns":1}],"seed_played":"-3663135069450060068","potions_obtained":[{"floor":3,"key":"FairyPotion"},{"floor":5,"key":"GamblersBrew"}],"is_trial":false,"path_per_floor":["M","M","M","M","M","E"],"character_chosen":"WANDERER","items_purchased":["stsjorbsmod:FindFamiliar","Anchor","stsjorbsmod:Feast","REME_Flogging"],"campfire_rested":0,"item_purchase_floors":[0,0,0,0],"current_hp_per_floor":[37,39,45,43,48,48,48],"gold":191,"neow_bonus":"","is_daily":false,"chose_seed":false,"campfire_upgraded":0,"win_rate":0.0,"timestamp":1613847111,"path_taken":["M","M","M","M","M","E"],"items_purchased_type":["Card","Relic","Card","Card"],"build_version":"2020-12-22","purchased_purges":2,"victory":false,"max_hp_per_floor":[72,72,74,76,78,78,78],"card_choices":[{"not_picked":["stsjorbsmod:ArcaneWeapon","stsjorbsmod:UnseenServant"],"picked":"stsjorbsmod:ChatteringStrike","floor":1},{"not_picked":["stsjorbsmod:RefuseToForget","stsjorbsmod:BurningFlask","stsjorbsmod:BlackTentacles"],"picked":"SKIP","floor":2},{"not_picked":["stsjorbsmod:FranticSearch","stsjorbsmod:ParryingBlow"],"picked":"stsjorbsmod:MistyStep","floor":3},{"not_picked":["stsjorbsmod:FindFamiliar","stsjorbsmod:Patron"],"picked":"stsjorbsmod:LoseGrip","floor":4},{"not_picked":["stsjorbsmod:FlameWard","stsjorbsmod:Hibernate","stsjorbsmod:AnimateObjects"],"picked":"SKIP","floor":5}],"player_experience":1187065,"relics_obtained":[],"event_choices":[],"is_beta":false,"boss_relics":[],"items_purged_floors":[0,0],"is_endless":false,"potions_floor_spawned":[3,5],"killed_by":"3 Sentries","ascension_level":0}}