{"host":"ibckqdmmf9y74ymf","time":1613782425,"event":{"mods":["2.2 Compatiblity","BaseMod","Colored Map","Curses Come First","Highlight Path","Minty Spire (QoL Compilation)","Quick Restart","Rare Cards Sparkle","Relic Stats","StSLib"],"gold_per_floor":[112,112,112,128,128,128,158,178,178,193,229,229,256,279,279,362,362,374,346,356,281,18,18,18],"floor_reached":23,"language":"ENG","playtime":759,"items_purged":["Strike_B"],"score":456,"play_id":"f42a1ee3-dda6-49ed-8f7a-e05c712476b7","local_time":"20210220015345","is_ascension_mode":true,"campfire_choices":[{"data":"Ball Lightning","floor":6,"key":"SMITH"},{"floor":12,"key":"REST"},{"data":"Defragment","floor":15,"key":"SMITH"}],"circlet_count":0,"master_deck":["AscendersBane","Strike_B","Defend_B","Defend_B","Defend_B","Defend_B","Zap","Dualcast","Ball Lightning+1","Glacier","Reinforced Body","Defragment+1","Loop","Doom and Gloom","Machine Learning","Self Repair","Biased Cognition","Buffer","Recycle"],"relics":["Cracked Core","NeowsBlessing","Ornamental Fan","Bottled Flame","Bottled Tornado","CeramicFish","Velvet Choker"],"acts_visited":["Exordium","TheCity"],"potions_floor_usage":[18,20,23],"damage_taken":[{"damage":0,"enemies":"Jaw Worm","floor":1,"turns":1},{"damage":0,"enemies":"2 Louse","floor":4,"turns":1},{"damage":0,"enemies":"3 Sentries","floor":7,"turns":2},{"damage":0,"enemies":"Small Slimes","floor":8,"turns":3},{"damage":8,"enemies":"Red Slaver","floor":10,"turns":4},{"damage":2,"enemies":"Lagavulin","floor":11,"turns":10},{"damage":0,"enemies":"Large Slime","floor":13,"turns":5},{"damage":8,"enemies":"Exordium Wildlife","floor":14,"turns":3},{"damage":5,"enemies":"The Guardian","floor":16,"turns":12},{"damage":13,"enemies":"3 Byrds","floor":18,"turns":4},{"damage":8,"enemies":"2 Thieves","floor":19,"turns":5},{"damage":11,"enemies":"Centurion and Healer","floor":20,"turns":6},{"damage":52,"enemies":"Slavers","floor":23,"turns":6}],"seed_played":"8186047423702935944","potions_obtained":[{"floor":8,"key":"Energy Potion"},{"floor":10,"key":"Dexterity Potion"},{"floor":18,"key":"Block Potion"}],"is_trial":false,"path_per_floor":["M","?","?","M","?","R","E","M","T","M","E","R","M","M","R","B",null,"M","M","M","?","$","E"],"character_chosen":"DEFECT","items_purchased":["Buffer","Recycle"],"campfire_rested":1,"item_purchase_floors":[22,22],"current_hp_per_floor":[64,64,29,29,29,29,29,29,29,21,19,40,40,32,32,34,62,56,55,51,51,51,0,0],"gold":18,"neow_bonus":"THREE_ENEMY_KILL","is_daily":false,"chose_seed":false,"campfire_upgraded":2,"win_rate":0.0,"timestamp":1613782425,"path_taken":["M","?","?","M","?","R","E","?","T","M","E","R","M","M","R","BOSS","M","M","M","?","$","E"],"items_purchased_type":["Card","Card"],"build_version":"2020-12-22","purchased_purges":1,"victory":false,"max_hp_per_floor":[71,71,71,71,71,71,71,71,71,71,71,71,71,71,71,71,71,71,71,71,71,71,71,71],"relic_stats":{"counters":[13,62],"Ornamental Fan":[4],"CeramicFish":54,"obtain_stats":[{"Bottled Flame":7,"NeowsBlessing":0,"Ornamental Fan":3,"CeramicFish":11,"Velvet Choker":17,"Bottled Tornado":9,"Cracked Core":0},{"Bottled Flame":3,"NeowsBlessing":0,"Ornamental Fan":1,"CeramicFish":6,"Velvet Choker":9,"Bottled Tornado":4,"Cracked Core":0},{"Bottled Flame":4,"NeowsBlessing":0,"Ornamental Fan":1,"CeramicFish":21,"Velvet Choker":41,"Bottled Tornado":7,"Cracked Core":0}]},"card_choices":[{"not_picked":["Stack","Streamline"],"picked":"Ball Lightning","floor":1},{"not_picked":["Streamline","Heatsinks"],"picked":"Glacier","floor":4},{"not_picked":["Force Field","Beam Cell"],"picked":"Reinforced Body","floor":7},{"not_picked":["Sweeping Beam","Ball Lightning"],"picked":"Defragment","floor":8},{"not_picked":["Fission","Beam Cell"],"picked":"Loop","floor":10},{"not_picked":["Gash","Rebound"],"picked":"Doom and Gloom","floor":11},{"not_picked":["Rebound","Heatsinks"],"picked":"Machine Learning","floor":13},{"not_picked":["Coolheaded","Redo"],"picked":"Self Repair","floor":14},{"not_picked":["Meteor Strike","Machine Learning"],"picked":"Biased Cognition","floor":16},{"not_picked":["Go for the Eyes","Streamline","Gash"],"picked":"SKIP","floor":18},{"not_picked":["Streamline","Turbo","Redo"],"picked":"SKIP","floor":19},{"not_picked":["Heatsinks","Self Repair","Ball Lightning"],"picked":"SKIP","floor":20}],"player_experience":748650,"relics_obtained":[{"floor":7,"key":"Bottled Flame"},{"floor":9,"key":"Bottled Tornado"},{"floor":11,"key":"CeramicFish"}],"event_choices":[{"damage_healed":0,"gold_gain":0,"player_choice":"Ignored","damage_taken":0,"max_hp_gain":0,"max_hp_loss":0,"event_name":"Liars Game","floor":2,"gold_loss":0},{"damage_healed":0,"gold_gain":0,"player_choice":"Success","damage_taken":35,"relics_obtained":["Ornamental Fan"],"max_hp_gain":0,"max_hp_loss":0,"event_name":"Scrap Ooze","floor":3,"gold_loss":0},{"cards_removed":["Strike_B"],"damage_healed":0,"gold_gain":0,"player_choice":"Purged","damage_taken":0,"max_hp_gain":0,"max_hp_loss":0,"event_name":"Purifier","floor":5,"gold_loss":0},{"cards_removed":["Strike_B"],"damage_healed":0,"gold_gain":0,"player_choice":"Gave Gold","damage_taken":0,"max_hp_gain":0,"max_hp_loss":0,"event_name":"Beggar","floor":21,"gold_loss":75}],"is_beta":false,"boss_relics":[{"not_picked":["Astrolabe","Runic Pyramid"],"picked":"Velvet Choker"}],"items_purged_floors":[22],"is_endless":false,"potions_floor_spawned":[8,10,13,16,18],"killed_by":"Slavers","ascension_level":20}}