{"host":"qwv9nni2x0umspiu","time":1613800275,"event":{"mods":["BaseMod","Downfall","Minty Spire (QoL Compilation)","Replay The Spire","StSLib","The Hierophant","Wandering Minibosses"],"gold_per_floor":[112,132,57,57,57,99,121,121,169,170,170,211,211,238,238,311,311,327,347,358,358,381,377,377],"floor_reached":23,"language":"ENG","playtime":954,"items_purged":["hierophant:Strike_Hierophant"],"score":552,"play_id":"094ff506-5c44-4eb3-8f62-63b39a17080b","local_time":"20210219215115","is_ascension_mode":true,"campfire_choices":[{"data":"hierophant:Exaltation","floor":11,"key":"SMITH"},{"data":"hierophant:Punish","floor":13,"key":"SMITH"},{"data":"hierophant:Exaltation","floor":15,"key":"SMITH"}],"circlet_count":0,"master_deck":["AscendersBane","hierophant:Strike_Hierophant","hierophant:Strike_Hierophant","hierophant:Strike_Hierophant","hierophant:Punish+1","hierophant:Defend_Hierophant","hierophant:Defend_Hierophant","hierophant:Defend_Hierophant","hierophant:Defend_Hierophant","hierophant:ChurchCoffers+1","hierophant:Exaltation+1","hierophant:HammerAndAnvil","hierophant:Racketeering","hierophant:Exaltation+1","hierophant:Chorus","hierophant:Anathema","hierophant:Alms"],"relics":["hierophant:PropheticMaskRelic","NeowsBlessing","CeramicFish","ReplayTheSpireMod:TigerMarble","Replay:Bronze Core","Regal Pillow"],"acts_visited":["Exordium","TheCity"],"potions_floor_usage":[12,12,18,20],"damage_taken":[{"damage":0,"enemies":"Jaw Worm","floor":1,"turns":1},{"damage":0,"enemies":"2 Louse","floor":2,"turns":1},{"damage":0,"enemies":"Lagavulin","floor":6,"turns":2},{"damage":1,"enemies":"Small Slimes","floor":7,"turns":4},{"damage":6,"enemies":"Blue Slaver","floor":10,"turns":4},{"damage":0,"enemies":"3 Sentries","floor":12,"turns":1},{"damage":10,"enemies":"Exordium Wildlife","floor":14,"turns":5},{"damage":43,"enemies":"Hexaghost","floor":16,"turns":9},{"damage":6,"enemies":"2 Thieves","floor":18,"turns":2},{"damage":16,"enemies":"3 Byrds","floor":19,"turns":3},{"damage":16,"enemies":"Shelled Parasite and Fungi","floor":20,"turns":2},{"damage":15,"enemies":"Slavers","floor":23,"turns":2}],"seed_played":"4119758978251975853","potions_obtained":[{"floor":1,"key":"BlessingOfTheForge"},{"floor":2,"key":"Swift Potion"},{"floor":16,"key":"hexamod:SoulburnPotion"},{"floor":19,"key":"Toxic Potion"}],"is_trial":false,"path_per_floor":["M","M","$","?","?","E","M","?","T","M","R","E","R","M","R","B",null,"M","M","M","?","T","E"],"character_chosen":"HIEROPHANT","items_purchased":[],"campfire_rested":0,"item_purchase_floors":[],"current_hp_per_floor":[68,68,68,73,73,73,72,72,72,66,66,66,66,56,56,13,63,57,41,25,25,25,10,10],"gold":377,"neow_bonus":"THREE_ENEMY_KILL","is_daily":false,"chose_seed":false,"campfire_upgraded":3,"win_rate":0.0,"timestamp":1613800275,"path_taken":["M","M","$","?","?","E","M","?","T","M","R","E","R","M","R","BOSS","M","M","M","?","?","E"],"items_purchased_type":[],"build_version":"2020-12-22","purchased_purges":1,"victory":false,"max_hp_per_floor":[75,75,75,80,80,80,80,80,80,80,80,80,80,80,80,80,80,80,80,80,80,80,80,80],"card_choices":[{"not_picked":["hierophant:Prophecy","hierophant:HolyVerse","hierophant:MorningPrayer"],"picked":"SKIP","floor":1},{"not_picked":["hierophant:Bribe","hierophant:CoinFling","hierophant:AuricShield"],"picked":"SKIP","floor":2},{"not_picked":["hierophant:Patience","hierophant:CoinFling"],"picked":"hierophant:Exaltation","floor":6},{"not_picked":["hierophant:SealAway","hierophant:FaithHealing"],"picked":"hierophant:HammerAndAnvil","floor":7},{"not_picked":["hierophant:Encroach","hierophant:FieryStrike"],"picked":"hierophant:Racketeering","floor":10},{"not_picked":["hierophant:PassingBell","hierophant:AuricBeam"],"picked":"hierophant:Exaltation","floor":12},{"not_picked":["hierophant:PassingBell","hierophant:MorningPrayer"],"picked":"hierophant:Chorus","floor":14},{"not_picked":["hierophant:Generosity","hierophant:AuricForm"],"picked":"hierophant:Anathema","floor":16},{"not_picked":["hierophant:Doubloon","hierophant:Embezzle","hierophant:PassingBell"],"picked":"SKIP","floor":18},{"not_picked":["hierophant:HammerAndAnvil","hierophant:Doubloon"],"picked":"hierophant:Alms","floor":19},{"not_picked":["hierophant:Encroach","hierophant:SecretStash","hierophant:Refuge"],"picked":"SKIP","floor":20}],"player_experience":1373351,"relics_obtained":[{"floor":6,"key":"CeramicFish"},{"floor":12,"key":"ReplayTheSpireMod:TigerMarble"},{"floor":22,"key":"Regal Pillow"}],"event_choices":[{"damage_healed":0,"gold_gain":0,"player_choice":"Donut","damage_taken":0,"max_hp_gain":5,"max_hp_loss":0,"event_name":"Big Fish","floor":4,"gold_loss":0},{"damage_healed":0,"gold_gain":0,"player_choice":"Leave","damage_taken":0,"max_hp_gain":0,"max_hp_loss":0,"event_name":"The Cleric","floor":5,"gold_loss":0},{"damage_healed":0,"gold_gain":0,"player_choice":"Grow","damage_taken":0,"max_hp_gain":0,"max_hp_loss":0,"event_name":"Living Wall","floor":8,"gold_loss":0,"cards_upgraded":["hierophant:ChurchCoffers"]},{"damage_healed":0,"gold_gain":0,"player_choice":"Ignored","damage_taken":0,"max_hp_gain":0,"max_hp_loss":0,"event_name":"The Mausoleum","floor":21,"gold_loss":0}],"is_beta":false,"boss_relics":[{"not_picked":["Replay:Wanted Poster","Astrolabe"],"picked":"Replay:Bronze Core"}],"items_purged_floors":[3],"is_endless":false,"potions_floor_spawned":[1,2,7,16,19],"killed_by":"Slavers","ascension_level":20}}