{"host":"g7uq9uzahx9e0kti","time":1613819538,"event":{"mods":["100% Spire Juice","AchievementEnabler","Act Like it!","Arknights","BaseMod","CapriCore","Hermit","Koishi","Minty Spire (QoL Compilation)","Permanent Neow","Quick Restart","StSLib","SuperFastMode","The Bug Knight","The Cursed","The Hierophant","The Poker Player","Together in Spire","WarShipGirlsR/??á´Ò³R mod"],"gold_per_floor":[114,114,128,128,34,68,68,100,123,123,123,137,153,171,171,290,290,314,314,514,54,77,77,120,145,170,193,213,41,41,57,57,57,57],"floor_reached":33,"language":"KOR","playtime":1667,"items_purged":["Writhe"],"score":275,"play_id":"099f230b-024f-4f01-8d47-51365d0c606d","local_time":"20210220201218","is_ascension_mode":false,"campfire_choices":[{"floor":7,"key":"REST"},{"data":"hermit:Snapshot","floor":10,"key":"SMITH"},{"floor":15,"key":"REST"},{"data":"hermit:GoldenBullet","floor":23,"key":"SMITH"},{"floor":32,"key":"REST"}],"circlet_count":0,"master_deck":["hermit:Strike_Hermit","hermit:Strike_Hermit","hermit:Strike_Hermit","hermit:Strike_Hermit","hermit:Defend_Hermit+1","hermit:Defend_Hermit","hermit:Defend_Hermit","hermit:Snapshot+1","hermit:Covet","hermit:Ricochet+1","hermit:Snipe","Regret","Flash of Steel","hermit:Dissolve","hermit:GhostlyPresence","hermit:Quickdraw","hermit:Glare","hermit:GoldenBullet+1","hermit:RoundhouseKick","hermit:HighCaliber","hermit:Misfire+1","hermit:BodyArmor+1","hermit:HighCaliber+1"],"relics":["hermit:Momento","Centennial Puzzle","HollowMod:StagPassRelic","Tiny Chest","Nunchaku","Golden Idol","SlaversCollar","PreservedInsect","hermit:RyeStalk","Singing Bowl","Smiling Mask","Bag of Marbles","Orichalcum","HollowMod:PaleOreRelic"],"acts_visited":["Exordium","TheCity"],"potions_floor_usage":[6,27,33,33],"damage_taken":[{"damage":0,"enemies":"2 Louse","floor":1,"turns":3},{"damage":3,"enemies":"Small Slimes","floor":3,"turns":3},{"damage":20,"enemies":"Lagavulin","floor":6,"turns":4},{"damage":18,"enemies":"3 Sentries","floor":8,"turns":8},{"damage":6,"enemies":"Jaw Worm","floor":12,"turns":2},{"damage":0,"enemies":"3 Louse","floor":13,"turns":2},{"damage":0,"enemies":"Looter","floor":14,"turns":2},{"damage":33,"enemies":"The Guardian","floor":16,"turns":11},{"damage":20,"enemies":"Shell Parasite","floor":18,"turns":7},{"damage":20,"enemies":"Spheric Guardian","floor":22,"turns":4},{"damage":3,"enemies":"Book of Stabbing","floor":24,"turns":3},{"damage":0,"enemies":"Cultist and Chosen","floor":27,"turns":4},{"damage":0,"enemies":"Centurion and Healer","floor":28,"turns":2},{"damage":9,"enemies":"Snecko","floor":31,"turns":4},{"damage":73,"enemies":"Champ","floor":33,"turns":9}],"seed_played":"3004227001088502511","potions_obtained":[{"floor":3,"key":"BlessingOfTheForge"},{"floor":8,"key":"Strength Potion"},{"floor":12,"key":"FearPotion"},{"floor":16,"key":"AttackPotion"},{"floor":27,"key":"SteroidPotion"}],"is_trial":false,"path_per_floor":["M","?","M","?","$","E","R","E","T","R","?","M","M","M","R","B",null,"M","?","?","$","M","R","E","T","T","M","M","$","?","M","R","B"],"character_chosen":"HERMIT","items_purchased":["Flash of Steel","hermit:RyeStalk","Singing Bowl","HollowMod:PaleOreRelic","hermit:HighCaliber"],"campfire_rested":3,"item_purchase_floors":[5,21,21,29,29],"current_hp_per_floor":[75,60,57,57,57,37,59,41,41,41,23,17,17,17,39,6,75,55,55,55,55,35,35,32,32,32,34,36,36,36,29,53,0,0],"gold":57,"neow_bonus":"REMOVE_CARD","is_daily":false,"chose_seed":false,"campfire_upgraded":2,"win_rate":0.0,"timestamp":1613819538,"path_taken":["M","?","M","?","?","E","R","E","T","R","?","M","M","M","R","BOSS","M","?","?","$","M","R","E","?","T","?","M","$","?","M","R","BOSS"],"items_purchased_type":["Card","Relic","Relic","Relic","Card"],"build_version":"2020-12-22","purchased_purges":1,"victory":false,"max_hp_per_floor":[75,75,75,75,75,75,75,75,75,75,75,75,75,75,75,75,75,75,75,75,75,75,75,75,75,75,77,79,79,79,81,81,81,81],"card_choices":[{"not_picked":["hermit:Dive","hermit:PistolWhip"],"picked":"hermit:Ricochet","floor":1},{"not_picked":["hermit:Vantage","hermit:Midnight"],"picked":"hermit:Snipe","floor":3},{"not_picked":["hermit:Coalescence","hermit:Cheat"],"picked":"hermit:Dissolve","floor":6},{"not_picked":["hermit:Brawl","hermit:Spite"],"picked":"hermit:GhostlyPresence","floor":8},{"not_picked":["hermit:TakeCover","hermit:Scavenge"],"picked":"hermit:Quickdraw","floor":12},{"not_picked":["hermit:Virtue","hermit:FlashPowder"],"picked":"hermit:Glare","floor":13},{"not_picked":["hermit:Vantage","hermit:Dive"],"picked":"hermit:GoldenBullet","floor":14},{"not_picked":["hermit:FromBeyond","hermit:Adapt"],"picked":"hermit:RoundhouseKick","floor":16},{"not_picked":["hermit:Snipe","hermit:Virtue"],"picked":"hermit:HighCaliber","floor":18},{"not_picked":["hermit:LoneWolf","hermit:Headshot"],"picked":"hermit:Misfire+1","floor":22},{"not_picked":["hermit:Glare","hermit:TakeCover"],"picked":"hermit:BodyArmor+1","floor":24},{"not_picked":["hermit:TakeCover","hermit:Grudge","hermit:Headshot"],"picked":"Singing Bowl","floor":27},{"not_picked":["hermit:Brawl","hermit:WideOpen","hermit:Ricochet"],"picked":"Singing Bowl","floor":28},{"not_picked":["hermit:Combo","hermit:Quickdraw+1","hermit:WideOpen"],"picked":"Singing Bowl","floor":31}],"player_experience":143619,"relics_obtained":[{"floor":6,"key":"HollowMod:StagPassRelic"},{"floor":8,"key":"Tiny Chest"},{"floor":9,"key":"Nunchaku"},{"floor":24,"key":"Smiling Mask"},{"floor":25,"key":"Bag of Marbles"},{"floor":26,"key":"Orichalcum"}],"event_choices":[{"damage_healed":0,"gold_gain":0,"player_choice":"Entered Light","damage_taken":15,"max_hp_gain":0,"max_hp_loss":0,"event_name":"Shining Light","floor":2,"gold_loss":0,"cards_upgraded":["hermit:Defend_Hermit","hermit:Ricochet"]},{"damage_healed":0,"gold_gain":0,"player_choice":"Box","damage_taken":0,"relics_obtained":["Centennial Puzzle"],"max_hp_gain":0,"max_hp_loss":0,"event_name":"Big Fish","floor":4,"gold_loss":0,"cards_obtained":["Regret"]},{"damage_healed":0,"gold_gain":0,"player_choice":"Take Damage","damage_taken":18,"relics_obtained":["Golden Idol"],"max_hp_gain":0,"max_hp_loss":0,"event_name":"Golden Idol","floor":11,"gold_loss":0},{"damage_healed":0,"gold_gain":0,"player_choice":"Opened","damage_taken":0,"relics_obtained":["PreservedInsect"],"max_hp_gain":0,"max_hp_loss":0,"event_name":"The Mausoleum","floor":19,"gold_loss":0,"cards_obtained":["Writhe"]},{"damage_healed":0,"gold_gain":200,"player_choice":"Gold","damage_taken":0,"max_hp_gain":0,"max_hp_loss":0,"event_name":"Wheel of Change","floor":20,"gold_loss":0},{"damage_healed":0,"gold_gain":0,"player_choice":"Ignored","damage_taken":0,"max_hp_gain":0,"max_hp_loss":0,"event_name":"Ghosts","floor":30,"gold_loss":0}],"is_beta":false,"boss_relics":[{"not_picked":["Sozu","Fusion Hammer"],"picked":"SlaversCollar"}],"items_purged_floors":[21],"is_endless":false,"potions_floor_spawned":[3,8,12,16,27,28],"killed_by":"Champ","ascension_level":0}}