{"host":"o88u0awh8mkwl1l8","time":1613798612,"event":{"mods":["BaseMod","Colored Map","Highlight Path","Minty Spire (QoL Compilation)","Relic Sorter"],"gold_per_floor":[117,87,106,122,132,132,166,176,200,200,220,220,43,43,43,117,117,130,203,203,117,133,162,180,195,221,249,266,299,299,299,299,376,376,388,406,406,418,418,450,290,342,389,289,289],"floor_reached":44,"language":"JPN","playtime":3240,"items_purged":["Decay","Decay"],"score":1221,"play_id":"e4ce31f1-0d31-4041-bb59-833b05718e60","local_time":"20210220142332","is_ascension_mode":true,"campfire_choices":[{"floor":6.0,"key":"REST"},{"data":"A Thousand Cuts","floor":10.0,"key":"SMITH"},{"data":"Wraith Form v2","floor":12.0,"key":"SMITH"},{"data":"Leg Sweep","floor":15.0,"key":"SMITH"},{"data":"Wraith Form v2","floor":30.0,"key":"SMITH"},{"data":"Well Laid Plans","floor":32.0,"key":"SMITH"}],"circlet_count":0,"master_deck":["AscendersBane","Strike_G+1","Strike_G+1","Strike_G+1","Strike_G+1","Strike_G+1","Defend_G+1","Defend_G+1","Defend_G+1","Defend_G+1","Defend_G+1","Survivor+1","Neutralize+1","Adrenaline+1","Infinite Blades+1","A Thousand Cuts+1","Infinite Blades+1","Wraith Form v2+1","Cloak And Dagger+1","PiercingWail+1","Leg Sweep+1","Prepared+1","Infinite Blades+1","Adrenaline+1","Choke+1","Well Laid Plans+1","Caltrops+1","Corpse Explosion+1","PiercingWail+1","Wraith Form v2+1","Ghostly+1","Ghostly+1","Ghostly+1","After Image+1","Acrobatics+1","Crippling Poison+1","Noxious Fumes+1","Crippling Poison+1"],"relics":["Ring of the Snake","Matryoshka","Art of War","Lantern","Sozu","Bag of Marbles","Kunai","Blood Vial","FossilizedHelix","Bronze Scales","Cursed Key","Mark of the Bloom","CaptainsWheel","Snake Skull","Mango","Regal Pillow"],"acts_visited":["Exordium","TheCity","TheBeyond"],"potions_floor_usage":[],"damage_taken":[{"damage":8.0,"enemies":"Cultist","floor":1.0,"turns":5.0},{"damage":13.0,"enemies":"Small Slimes","floor":3.0,"turns":5.0},{"damage":1.0,"enemies":"Jaw Worm","floor":4.0,"turns":6.0},{"damage":8.0,"enemies":"Looter","floor":5.0,"turns":4.0},{"damage":19.0,"enemies":"3 Sentries","floor":7.0,"turns":6.0},{"damage":14.0,"enemies":"Blue Slaver","floor":8.0,"turns":6.0},{"damage":16.0,"enemies":"3 Louse","floor":11.0,"turns":3.0},{"damage":18.0,"enemies":"Slime Boss","floor":16.0,"turns":9.0},{"damage":0.0,"enemies":"Chosen","floor":18.0,"turns":6.0},{"damage":0.0,"enemies":"3 Byrds","floor":22.0,"turns":4.0},{"damage":3.0,"enemies":"Book of Stabbing","floor":23.0,"turns":7.0},{"damage":8.0,"enemies":"Centurion and Healer","floor":24.0,"turns":8.0},{"damage":3.0,"enemies":"Snake Plant","floor":25.0,"turns":4.0},{"damage":8.0,"enemies":"Gremlin Leader","floor":27.0,"turns":6.0},{"damage":0.0,"enemies":"Cultist and Chosen","floor":28.0,"turns":3.0},{"damage":8.0,"enemies":"Book of Stabbing","floor":29.0,"turns":5.0},{"damage":0.0,"enemies":"Automaton","floor":33.0,"turns":10.0},{"damage":0.0,"enemies":"Orb Walker","floor":35.0,"turns":4.0},{"damage":4,"enemies":"3 Darklings","floor":36,"turns":5},{"damage":0,"enemies":"4 Shapes","floor":38,"turns":7},{"damage":0,"enemies":"Reptomancer","floor":40,"turns":5},{"damage":11,"enemies":"2 Orb Walkers","floor":42,"turns":4}],"seed_played":"4249367827022899649","potions_obtained":[{"floor":2.0,"key":"Swift Potion"},{"floor":2.0,"key":"Fruit Juice"},{"floor":3.0,"key":"GamblersBrew"},{"floor":4.0,"key":"Regen Potion"}],"is_trial":false,"path_per_floor":["M","?","M","M","M","R","E","M","T","R","M","R","$","?","R","B",null,"M","T","?","$","M","E","M","M","T","E","M","E","R","?","R","B",null,"M","M","?","M","?","E","$","?","T","$"],"character_chosen":"THE_SILENT","items_purchased":["PiercingWail","Leg Sweep","Well Laid Plans","Snake Skull"],"campfire_rested":1,"item_purchase_floors":[13,13,21,41],"current_hp_per_floor":[51,51,43,42,34,55,51,37,37,37,21,21,21,21,21,3,54,54,54,54,54,54,51,45,44,44,38,40,34,34,34,34,35,35,35,31,31,33,33,33,33,22,22,22,22],"gold":289,"neow_bonus":"THREE_RARE_CARDS","is_daily":false,"chose_seed":false,"campfire_upgraded":5,"win_rate":0.0,"timestamp":1613798612,"path_taken":["M","?","M","M","?","R","E","?","T","R","M","R","$","?","R","BOSS","M","?","?","$","M","E","M","M","T","E","M","E","R","?","R","BOSS","M","M","?","M","?","E","$","?","T","$"],"items_purchased_type":["Card","Card","Card","Relic"],"build_version":"2020-12-22","purchased_purges":2,"victory":false,"max_hp_per_floor":[66,66,71,71,71,71,71,71,71,71,71,71,71,71,71,71,71,71,71,71,71,71,71,71,71,71,71,71,71,71,35,35,35,35,35,35,35,35,35,35,35,49,49,49,49],"card_choices":[{"not_picked":["Venomology","Burst"],"picked":"Adrenaline","floor":0.0},{"not_picked":["Acrobatics","Slice","Outmaneuver"],"picked":"SKIP","floor":1.0},{"not_picked":["Deflect","Poisoned Stab"],"picked":"Infinite Blades","floor":3.0},{"not_picked":["Blur","Quick Slash"],"picked":"A Thousand Cuts","floor":4.0},{"not_picked":["Tactician","Slice"],"picked":"Infinite Blades","floor":5.0},{"not_picked":["Bouncing Flask","Leg Sweep"],"picked":"Wraith Form v2","floor":7.0},{"not_picked":["Prepared","Quick Slash"],"picked":"Cloak And Dagger","floor":8.0},{"not_picked":["Underhanded Strike","Poisoned Stab","Skewer"],"picked":"SKIP","floor":11.0},{"not_picked":["Unload","Bullet Time"],"picked":"Adrenaline","floor":16.0},{"not_picked":["Prepared","Bouncing Flask"],"picked":"Choke","floor":18.0},{"not_picked":["Quick Slash+1","Dagger Throw"],"picked":"Caltrops","floor":22.0},{"not_picked":["Backstab","Quick Slash","Bane"],"picked":"SKIP","floor":23.0},{"not_picked":["Poisoned Stab","Reflex","Sucker Punch"],"picked":"SKIP","floor":24.0},{"not_picked":["Predator","Bouncing Flask","Outmaneuver"],"picked":"SKIP","floor":25.0},{"not_picked":["Finisher","Poisoned Stab"],"picked":"Corpse Explosion","floor":27.0},{"not_picked":["Acrobatics","Dash"],"picked":"PiercingWail","floor":28.0},{"not_picked":["PiercingWail","Reflex"],"picked":"Wraith Form v2","floor":29.0},{"not_picked":["Night Terror","Tools of the Trade"],"picked":"After Image","floor":33.0},{"not_picked":["Flying Knee","Endless Agony"],"picked":"Acrobatics","floor":35.0},{"not_picked":["Deadly Poison","Concentrate"],"picked":"Crippling Poison","floor":36},{"not_picked":["Outmaneuver+1","Flying Knee"],"picked":"Noxious Fumes","floor":38},{"not_picked":["Calculated Gamble+1","Expertise"],"picked":"Crippling Poison+1","floor":40}],"player_experience":1307103,"relics_obtained":[{"floor":7.0,"key":"Matryoshka"},{"floor":9.0,"key":"Art of War"},{"floor":9.0,"key":"Lantern"},{"floor":19.0,"key":"Bag of Marbles"},{"floor":19.0,"key":"Kunai"},{"floor":23.0,"key":"Blood Vial"},{"floor":27.0,"key":"FossilizedHelix"},{"floor":29.0,"key":"Bronze Scales"},{"floor":40,"key":"CaptainsWheel"},{"floor":42,"key":"Mango"},{"floor":43,"key":"Regal Pillow"}],"event_choices":[{"damage_healed":0.0,"max_hp_gain":0.0,"max_hp_loss":0.0,"gold_gain":0.0,"event_name":"The Woman in Blue","player_choice":"Bought 2 Potions","floor":2.0,"gold_loss":0.0,"damage_taken":0.0},{"damage_healed":0.0,"max_hp_gain":0.0,"max_hp_loss":0.0,"gold_gain":0.0,"event_name":"Match and Keep!","player_choice":"2 cards matched","floor":14.0,"gold_loss":0.0,"damage_taken":0.0,"cards_obtained":["Prepared","Infinite Blades"]},{"damage_healed":0.0,"max_hp_gain":0.0,"max_hp_loss":0.0,"gold_gain":0.0,"event_name":"Back to Basics","player_choice":"Simplicity","floor":20.0,"gold_loss":0.0,"damage_taken":0.0,"cards_upgraded":["Strike_G","Strike_G","Strike_G","Strike_G","Strike_G","Defend_G","Defend_G","Defend_G","Defend_G","Defend_G"]},{"damage_healed":0.0,"max_hp_gain":0.0,"max_hp_loss":36.0,"gold_gain":0.0,"event_name":"Ghosts","player_choice":"Became a Ghost","floor":31.0,"gold_loss":0.0,"damage_taken":0.0,"cards_obtained":["Ghostly","Ghostly","Ghostly"]},{"damage_healed":0,"gold_gain":0,"player_choice":"Ignored","damage_taken":0,"max_hp_gain":0,"max_hp_loss":0,"event_name":"Tomb of Lord Red Mask","floor":37,"gold_loss":0},{"damage_healed":0,"gold_gain":0,"player_choice":"Upgrade","damage_taken":0,"relics_obtained":["Mark of the Bloom"],"max_hp_gain":0,"max_hp_loss":0,"event_name":"MindBloom","floor":39,"gold_loss":0,"cards_upgraded":["Survivor","Neutralize","Adrenaline","Infinite Blades","Infinite Blades","Cloak And Dagger","PiercingWail","Prepared","Infinite Blades","Adrenaline","Choke","Caltrops","Corpse Explosion","PiercingWail","Ghostly","Ghostly","Ghostly","After Image","Acrobatics","Crippling Poison","Noxious Fumes"]},{"damage_healed":0,"gold_gain":0,"player_choice":"Fight","damage_taken":0,"max_hp_gain":0,"max_hp_loss":0,"event_name":"Mysterious Sphere","floor":42,"gold_loss":0}],"is_beta":false,"boss_relics":[{"not_picked":["WristBlade","Empty Cage"],"picked":"Sozu"},{"not_picked":["Calling Bell","SacredBark"],"picked":"Cursed Key"}],"items_purged_floors":[13,44],"is_endless":false,"potions_floor_spawned":[3,4,18,22,23,29,38,40,42],"ascension_level":20}}