{"host":"c64dsqyrqv0ei9yn","time":1613807761,"event":{"mods":["Act Like it!","Arknights","BaseMod","Bestiary","CapriCore","Chen","Colored Map","Colored Powertips","Curses Come First","Hermit","Koishi","LagranYue(ùfäiòNÅEåé)","MarisaÅiñ∂âJÅ@ñÇóùçπÅj","Minty Spire (QoL Compilation)","Prisma Mod","Random Character Button","ReimuÅiîé??öÎÅj","RemiliaÅiÂQïƒ‰ª?Åj","StSLib","The Administrix","The Alterego","The Immortal","The Marked","The Saiyan","The Senshi","The Servant 0.9.4","The Wild Card","TheSwordswoman","Waifu the Spire","WarShipGirlsR/??è≠èóR mod","slay the spire mod where everything is the same but ironclad has a cowboy hat"],"gold_per_floor":[114,114,124,30,30,30,55,71,124,154,165,184,214,10,10,127,127,138,238,250,261,273,273,299,33,57,57,57,90,105,123,123,227,227,238,138,191,191,210,210,222,249,249,249,249,284,284,284,284,284],"floor_reached":51,"language":"ENG","playtime":3151,"items_purged":["rmod:strick","rmod:strick"],"score":863,"play_id":"3404aed2-f722-434c-a382-b839949dd88b","local_time":"20210220075601","is_ascension_mode":false,"campfire_choices":[{"data":"rmod:diamondstrike","floor":6,"key":"SMITH"},{"data":"rmod:supportaircraftcarrier","floor":15,"key":"SMITH"},{"floor":23,"key":"REST"},{"data":"rmod:diamondstrike","floor":28,"key":"SMITH"},{"floor":32,"key":"REST"},{"floor":40,"key":"REST"},{"floor":44,"key":"REST"},{"floor":47,"key":"REST"},{"data":"rmod:chargemoney","floor":49,"key":"SMITH"}],"circlet_count":0,"master_deck":["rmod:strick","rmod:strick","rmod:defend","rmod:defend","rmod:defend","rmod:defend","rmod:basicallowance","rmod:maingunfire","rmod:intelligenceanalysis","rmod:firesupport","rmod:diamondstrike+1","rmod:mineteam","rmod:expedition","rmod:supportaircraftcarrier+1","rmod:fletcherpendant","rmod:expeditionaryescort","rmod:victimresponsibility","rmod:secretscript","rmod:rockthrower+1","rmod:victimresponsibility+1","rmod:desperatesituation","rmod:advancebysurprise","rmod:ridicule","rmod:acesubmarine","rmod:unsinkable+1","Discovery","rmod:diaomin+1","rmod:aviationdawn+1","rmod:goodfighter+1","rmod:chargemoney+1","rmod:generalist+1"],"relics":["rmod:firstchargereward","NeowsBlessing","PreservedInsect","Ancient Tea Set","Dream Catcher","rmod:equipmentrecovery","Lee\u0027s Waffle","rmod:monthlycard","StoneCalendar","Regal Pillow","Strawberry","Centennial Puzzle","SlaversCollar","CatCart","Juzu Bracelet","Mummified Hand","Pantograph","Omamori"],"acts_visited":["Exordium","TheCity","TheBeyond"],"potions_floor_usage":[13,16,21,22,22,22,41,50],"damage_taken":[{"damage":0,"enemies":"Small Slimes","floor":1,"turns":1},{"damage":0,"enemies":"Small Slimes","floor":2,"turns":1},{"damage":0,"enemies":"2 Louse","floor":3,"turns":1},{"damage":17,"enemies":"Lagavulin","floor":7,"turns":5},{"damage":0,"enemies":"ats:Genji","floor":8,"turns":2},{"damage":6,"enemies":"Gremlin Nob","floor":10,"turns":3},{"damage":9,"enemies":"Large Slime","floor":11,"turns":5},{"damage":18,"enemies":"Gremlin Gang","floor":12,"turns":3},{"damage":11,"enemies":"Lagavulin","floor":13,"turns":4},{"damage":0,"enemies":"Slime Boss","floor":16,"turns":4},{"damage":3,"enemies":"Chosen","floor":18,"turns":5},{"damage":22,"enemies":"Shell Parasite","floor":20,"turns":4},{"damage":24,"enemies":"Snake Plant","floor":21,"turns":5},{"damage":10,"enemies":"Shelled Parasite and Fungi","floor":22,"turns":5},{"damage":25,"enemies":"Slavers","floor":24,"turns":6},{"damage":12,"enemies":"Book of Stabbing","floor":29,"turns":4},{"damage":12,"enemies":"Centurion and Healer","floor":30,"turns":4},{"damage":0,"enemies":"3 Cultists","floor":31,"turns":4},{"damage":0,"enemies":"Automaton","floor":33,"turns":7},{"damage":10,"enemies":"Orb Walker","floor":35,"turns":3},{"damage":14,"enemies":"Orin","floor":37,"turns":7},{"damage":45,"enemies":"3 Darklings","floor":39,"turns":4},{"damage":21,"enemies":"Transient","floor":41,"turns":5},{"damage":39,"enemies":"Reptomancer","floor":42,"turns":3},{"damage":11,"enemies":"Giant Head","floor":46,"turns":4},{"damage":45,"enemies":"Time Eater","floor":50,"turns":7}],"seed_played":"7257857440295610455","potions_obtained":[{"floor":1,"key":"EssenceOfSteel"},{"floor":2,"key":"Energy Potion"},{"floor":5,"key":"Regen Potion"},{"floor":5,"key":"Dexterity Potion"},{"floor":10,"key":"PowerPotion"},{"floor":13,"key":"Swift Potion"},{"floor":16,"key":"Block Potion"},{"floor":21,"key":"LiquidMemories"},{"floor":24,"key":"ColorlessPotion"},{"floor":33,"key":"SteroidPotion"},{"floor":35,"key":"Dexterity Potion"},{"floor":41,"key":"MagicPotion:ReiMu"}],"is_trial":false,"path_per_floor":["M","?","M","$","?","R","E","M","T","E","M","M","E","$","R","B",null,"M","?","M","M","M","R","E","$","T","?","R","E","M","M","R","B",null,"M","$","?","?","M","R","M","E","T","R","T","E","R","?","R","B",null],"character_chosen":"PRAEFECT","items_purchased":["rmod:diamondstrike","rmod:mineteam","Lee\u0027s Waffle","rmod:victimresponsibility","Regal Pillow","rmod:advancebysurprise"],"campfire_rested":5,"item_purchase_floors":[4,4,14,14,25,25],"current_hp_per_floor":[75,75,75,75,75,75,58,58,58,52,43,25,14,82,82,82,82,79,79,57,33,35,59,34,34,41,41,41,29,17,17,58,58,89,79,79,65,65,20,61,40,1,1,42,42,31,72,72,72,44],"gold":284,"neow_bonus":"THREE_ENEMY_KILL","is_daily":false,"chose_seed":false,"campfire_upgraded":4,"win_rate":0.0,"timestamp":1613807761,"path_taken":["M","?","M","$","?","R","E","M","T","E","M","?","E","$","R","BOSS","M","?","M","?","M","R","E","$","T","?","R","E","M","M","R","BOSS","M","$","?","?","?","R","M","E","T","R","?","E","R","?","R","BOSS"],"items_purchased_type":["Card","Card","Relic","Card","Relic","Card"],"build_version":"2020-12-22","purchased_purges":2,"victory":true,"max_hp_per_floor":[75,75,75,75,75,75,75,75,75,75,75,75,75,82,82,82,82,82,82,82,82,82,82,82,82,89,89,89,89,89,89,89,89,89,89,89,89,89,89,89,89,89,89,89,89,89,89,89,89,89],"card_choices":[{"not_picked":["rmod:steelsupply","rmod:luckystar"],"picked":"rmod:intelligenceanalysis","floor":1},{"not_picked":["rmod:spoils","rmod:diaomin"],"picked":"rmod:firesupport","floor":3},{"not_picked":["rmod:lonelyqueen","rmod:intelligenceanalysis","rmod:fletcher"],"picked":"SKIP","floor":7},{"not_picked":["rmod:smokecover","rmod:salvage"],"picked":"rmod:expedition","floor":8},{"not_picked":["rmod:goodsister","rmod:circuitoustactics"],"picked":"rmod:supportaircraftcarrier","floor":10},{"not_picked":["rmod:spoils","rmod:steelsupply","rmod:supportescort"],"picked":"SKIP","floor":11},{"not_picked":["rmod:supportescort","rmod:firesupport"],"picked":"rmod:fletcherpendant","floor":12},{"not_picked":["rmod:circuitoustactics","rmod:unsinkable"],"picked":"rmod:expeditionaryescort","floor":13},{"not_picked":["rmod:expeditionaryescort","rmod:ridicule"],"picked":"rmod:secretscript","floor":16},{"not_picked":["rmod:sl+1","rmod:ammunitionsupply+1","rmod:steelsupply+1"],"picked":"SKIP","floor":18},{"not_picked":["rmod:sl+1","rmod:intelligenceanalysis+1"],"picked":"rmod:rockthrower+1","floor":20},{"not_picked":["rmod:circuitoustactics+1","rmod:selfconfidence"],"picked":"rmod:diamondstrike","floor":21},{"not_picked":["rmod:diaomin","rmod:circuitoustactics"],"picked":"rmod:victimresponsibility+1","floor":22},{"not_picked":["rmod:tearstotiara","rmod:unsinkable"],"picked":"rmod:desperatesituation","floor":23},{"not_picked":["rmod:fuelsupply","rmod:goodsister","rmod:firesupport"],"picked":"SKIP","floor":24},{"not_picked":["rmod:intelligenceanalysis","rmod:diamondstrike"],"picked":"rmod:ridicule","floor":29},{"not_picked":["rmod:luckystar","rmod:circuitoustactics","rmod:supportescort+1"],"picked":"SKIP","floor":30},{"not_picked":["rmod:circuitoustactics+1","rmod:intelligenceanalysis","rmod:ammunitionsupply"],"picked":"SKIP","floor":31},{"not_picked":["rmod:seals","rmod:u235"],"picked":"rmod:acesubmarine","floor":33},{"not_picked":["rmod:intelligenceanalysis","rmod:smokecover"],"picked":"rmod:unsinkable+1","floor":35},{"not_picked":["Impatience","Enlightenment"],"picked":"Discovery","floor":38},{"not_picked":["rmod:aviationdawn+1","rmod:circuitoustactics"],"picked":"rmod:diaomin+1","floor":39},{"not_picked":["rmod:aluminumsupply+1","rmod:bulid+1"],"picked":"rmod:aviationdawn+1","floor":40},{"not_picked":["rmod:timeschanged","rmod:fuelsupply"],"picked":"rmod:goodfighter+1","floor":41},{"not_picked":["rmod:smokecover","rmod:goodsister","rmod:ammunitionsupply"],"picked":"SKIP","floor":42},{"not_picked":["rmod:steelsupply","rmod:firesupport"],"picked":"rmod:chargemoney","floor":46},{"not_picked":["rmod:fletcherpendant+1","rmod:supportescort"],"picked":"rmod:generalist+1","floor":47}],"player_experience":110098,"relics_obtained":[{"floor":7,"key":"PreservedInsect"},{"floor":9,"key":"Ancient Tea Set"},{"floor":10,"key":"Dream Catcher"},{"floor":13,"key":"rmod:equipmentrecovery"},{"floor":24,"key":"StoneCalendar"},{"floor":26,"key":"Strawberry"},{"floor":29,"key":"Centennial Puzzle"},{"floor":37,"key":"CatCart"},{"floor":42,"key":"Juzu Bracelet"},{"floor":43,"key":"Mummified Hand"},{"floor":45,"key":"Pantograph"},{"floor":46,"key":"Omamori"}],"event_choices":[{"damage_healed":0,"gold_gain":0,"player_choice":"Got Potions","damage_taken":0,"max_hp_gain":0,"max_hp_loss":0,"event_name":"Lab","floor":5,"gold_loss":0},{"damage_healed":0,"gold_gain":100,"player_choice":"Pray","damage_taken":0,"max_hp_gain":0,"max_hp_loss":0,"event_name":"Golden Shrine","floor":19,"gold_loss":0},{"damage_healed":0,"gold_gain":0,"player_choice":"Ignored","damage_taken":0,"max_hp_gain":0,"max_hp_loss":0,"event_name":"Vampires","floor":27,"gold_loss":0},{"damage_healed":0,"gold_gain":0,"player_choice":"Fight","damage_taken":0,"max_hp_gain":0,"max_hp_loss":0,"event_name":"OrinTheCat","floor":37,"gold_loss":0},{"damage_healed":0,"gold_gain":0,"player_choice":"Memory 1","damage_taken":0,"max_hp_gain":0,"max_hp_loss":0,"event_name":"SensoryStone","floor":38,"gold_loss":0},{"cards_removed":["rmod:diamondstrike"],"damage_healed":0,"gold_gain":0,"player_choice":"Removed Attack","damage_taken":0,"max_hp_gain":0,"max_hp_loss":0,"event_name":"Falling","floor":48,"gold_loss":0}],"is_beta":false,"boss_relics":[{"not_picked":["SacredBark","Fusion Hammer"],"picked":"rmod:monthlycard"},{"not_picked":["Black Star","Empty Cage"],"picked":"SlaversCollar"}],"items_purged_floors":[25,36],"is_endless":false,"potions_floor_spawned":[1,2,10,12,13,16,18,21,24,33,35,41,46],"ascension_level":0}}