{"host":"pgm1p3lvdjflie30","time":1613794083,"event":{"mods":["ATMod(阿瑾Mod)","AchievementEnabler","Act Like it!","Alarm Clock","Aspiration","BaseMod","Challenge The Spire","Colored Map","Colored Powertips","Conspire","Dark Map","Energized Spire","Gensokyo","GungeonMod","Hallownest","Hermit","HornydragonMod","Jedi Mod","Minty Spire (QoL Compilation)","MostiFishMod","Quarter Circle Forward PUNCH!","Quick Restart","Reimu（博???）","Relic Stats","Reliquary","Replay The Spire","Robot Space Explorer","Spicy Shops","StSLib","TestMod","The Blackbeard","The Bug Knight","The Cursed","The Hayseed","The IronCluck","The Jungle","The Marked","The Runesmith","Waifu the Spire","Yakumo Yukari mod","【功能Mod】混沌之?修复?丁","【?物卡牌】REMEMod","篝火指南"],"gold_per_floor":[116,116,116,116,1,1,30,45,45,45,56,70,83,83,83,163,163,185,185,207,207,207,207,132,42,72,95,174,174,220,220,238,288,288,377,377,395,413,413,91,91,134,161,190,217,217,233,297,297,340,340,375,389,389,389,14,49,96],"floor_reached":59,"language":"ZHS","playtime":1642,"items_purged":["Shame","jedi:BattleThirst"],"score":3282,"play_id":"c15267ca-6040-4894-b11c-c423c30d4997","local_time":"20210220120803","is_ascension_mode":true,"campfire_choices":[{"floor":6,"key":"RECALL"},{"data":"HalloweenModGhostCostume","floor":10,"key":"SMITH"},{"data":"HalloweenModTrick","floor":15,"key":"SMITH"},{"data":"HalloweenModTrick","floor":34,"key":"SMITH"},{"data":"HalloweenModTrick","floor":46,"key":"SMITH"},{"data":"HalloweenModTrick","floor":49,"key":"SMITH"},{"data":"HalloweenModTrick","floor":51,"key":"SMITH"},{"data":"HalloweenModTrick","floor":55,"key":"SMITH"}],"circlet_count":0,"master_deck":["AscendersBane","Strike_R+1","Strike_R+1","Strike_R+1","Strike_R+1","Strike_R+1","Bash+1","SubcavityFantasy:ReiMu","HalloweenModTrick+1","Hallownest:skillLeafShield","Hallownest:skillLeafShield+1","Hallownest:skillLeafShield+1","HalloweenModGhostCostume+1","HalloweenModTrick+1","HalloweenModTrick","HalloweenModCandy+1","HalloweenModTrick+1","HalloweenModTrick","HalloweenModTrick","HalloweenModTrick","HalloweenModCandy+1","HalloweenModTrick+1","HalloweenModTrick","HalloweenModTrick+1","HalloweenModTrick","HalloweenModTrick+1","AbeCurse","HalloweenModTrick","HalloweenModTrick+1","Night Terror","AT_WindRun","REME_CopyPotion","HalloweenModTrick+1","HalloweenModTrick+1","HalloweenModTrick","HalloweenModTrick+1","HalloweenModTrick","HalloweenModTrick","HalloweenModTrick+1"],"relics":["Burning Blood","AT_ATBox","DaveBox","testmod-TestBox","REME_ComplimentaryCards","Civilization","HalloweenModHalloween","Blue Candle","NeowsBlessing","SynthV:TestCard","reliquary:ExpiredCoupon","AT_RedNoBalance","DemoMod:GnawedKey","testmod-Acrobat","FeatherPendant","theJungle:SneckoAutograph","theJungle:BirthdayCake","reliquary:NewFriend","theJungle:ParSnip","aspiration:ArtOfWarUpgrade","Divine Protection","MoneyPower","Shuriken","testmod-OneHitWonder","Abe\u0027s Treasure","War Paint","Dodecahedron","ReplayTheSpireMod:Spearhead","jedi:cryingmask","aspiration:HatOfInfinitePower","Centennial Puzzle","ReplayTheSpireMod:CursedCoin","AT_BladeRuinedKing","Ginger","ReplayFunnel"],"acts_visited":["Hallownest:Greenpath","Hallownest:Greenpath","Hallownest:KingdomsEdge","TheEnding"],"potions_floor_usage":[16,16,33,35,50,50,52],"damage_taken":[{"damage":0,"enemies":"Hallownest:2_Baldur","floor":1,"turns":1},{"damage":0,"enemies":"Hallownest:eliteCrystalGuardian","floor":7,"turns":1},{"damage":0,"enemies":"2_ Uuma","floor":8,"turns":1},{"damage":6,"enemies":"Hallownest:2_Tiktiks_and_1_Crawlid","floor":11,"turns":1},{"damage":5,"enemies":"Hallownest:Wandering_and_Horned","floor":12,"turns":3},{"damage":0,"enemies":"Hallownest:monsterFoolEater","floor":13,"turns":2},{"damage":14,"enemies":"Hallownest:BossFalseKnight","floor":16,"turns":6},{"damage":0,"enemies":"theJungle:MUSHROOMGANG","floor":18,"turns":2},{"damage":0,"enemies":"Shell Parasite","floor":20,"turns":1},{"damage":0,"enemies":"theJungle:2_Phrogs","floor":26,"turns":1},{"damage":2,"enemies":"theJungle:SlimyTreeVines","floor":27,"turns":2},{"damage":0,"enemies":"theJungle:MamaSnecko","floor":30,"turns":1},{"damage":0,"enemies":"JungleHuntersEvent","floor":32,"turns":1},{"damage":0,"enemies":"theJungle:2_Phrogs","floor":33,"turns":1},{"damage":24,"enemies":"theJungle:TotemBoss","floor":35,"turns":2},{"damage":0,"enemies":"Hallownest:2_Littles","floor":37,"turns":1},{"damage":0,"enemies":"Hallownest:3_Siblings","floor":38,"turns":1},{"damage":0,"enemies":"Hallownest:eliteCollector","floor":42,"turns":1},{"damage":0,"enemies":"Hallownest:monsterPrimalAspid","floor":43,"turns":1},{"damage":0,"enemies":"Hallownest:2_Wandering_and_1_Horned","floor":44,"turns":2},{"damage":10,"enemies":"Hallownest:2_Wing_and_1_Kings","floor":47,"turns":1},{"damage":0,"enemies":"Hallownest:2_Primals","floor":48,"turns":1},{"damage":0,"enemies":"Hallownest:eliteHiveKnight","floor":50,"turns":1},{"damage":14,"enemies":"Hallownest:BossGreyPrinceZote","floor":52,"turns":1},{"damage":52,"enemies":"Hallownest:BossHollowKnight","floor":53,"turns":3},{"damage":0,"enemies":"Shield and Spear","floor":57,"turns":1},{"damage":190,"enemies":"The Heart","floor":58,"turns":4}],"seed_played":"-2665663264244852450","potions_obtained":[{"floor":11,"key":"Elixir"},{"floor":12,"key":"Ancient Potion"},{"floor":13,"key":"PowerPotion"},{"floor":30,"key":"Swift Potion"},{"floor":32,"key":"Swift Potion"},{"floor":33,"key":"ColorlessPotion"},{"floor":35,"key":"Venom Potion"},{"floor":44,"key":"jedi:StrikingPotion"},{"floor":50,"key":"ZuzhouPotion:ReiMu"}],"is_trial":false,"path_per_floor":["M","?","?","?","$","R","E","M","T","R","M","M","M","?","R","B",null,"M","?","M","?","PTL","PTL","$","?","E","M","T","R","E","R","?","E","R","B",null,"M","M","?","$","?","E","M","M","T","R","M","?","R","E","R","B","B",null,"R","$","E","B",null],"character_chosen":"IRONCLAD","items_purchased":["DemoMod:GnawedKey","War Paint","Dodecahedron","ReplayTheSpireMod:CursedCoin","DemoMod:WeirdEgg","Ginger"],"campfire_rested":0,"item_purchase_floors":[5,40,40,56,56,56],"current_hp_per_floor":[76,22,11,11,11,11,47,51,51,51,47,51,62,62,62,55,93,63,63,74,94,94,94,94,94,105,114,114,114,133,133,152,160,160,147,161,170,175,175,175,175,180,185,190,190,190,191,200,200,205,205,205,169,204,204,204,220,56],"gold":96,"neow_bonus":"THREE_ENEMY_KILL","is_daily":false,"chose_seed":false,"campfire_upgraded":7,"win_rate":0.0,"timestamp":1613794083,"path_taken":["M","?","?","?","?","R","E","M","T","R","M","?","M","?","R","BOSS","M","?","M","?","PTL","PTL","?","?","E","M","T","R","E","R","?","E","R","BOSS","M","M","?","?","?","E","?","M","T","R","M","?","R","E","R","BOSS","BOSS","R","$","E","BOSS"],"items_purchased_type":["Relic","Relic","Relic","Relic","Relic","Relic"],"build_version":"2020-12-22","purchased_purges":2,"victory":true,"max_hp_per_floor":[77,77,77,77,77,77,80,85,85,85,90,95,100,100,100,105,105,110,110,115,135,135,135,135,135,140,145,145,145,150,150,155,160,160,165,165,170,175,175,175,175,180,185,190,190,190,195,200,200,205,205,210,215,215,215,215,220,225],"relic_stats":{"Centennial Puzzle":[9],"counters":[27,44],"Shuriken":[28],"Blue Candle":[36],"Ginger":[3],"War Paint":["HalloweenModCandy","Hallownest:skillLeafShield"],"obtain_stats":[{"ReplayFunnel":57,"Divine Protection":28,"AT_ATBox":0,"DaveBox":0,"HalloweenModHalloween":0,"DemoMod:GlassGuonStoneRelic":8,"Ginger":56,"Burning Blood":0,"Civilization":0,"theJungle:SneckoAutograph":19,"Centennial Puzzle":50,"reliquary:NewFriend":24,"aspiration:ArtOfWarUpgrade":31,"jedi:cryingmask":45,"DemoMod:GnawedKey":5,"theJungle:BirthdayCake":21,"AT_RedNoBalance":18,"testmod-TestBox":0,"NeowsBlessing":0,"Dodecahedron":40,"ReplayTheSpireMod:CursedCoin":56,"Blue Candle":0,"DemoMod:WeirdEgg":56,"AT_SilverBalance":2,"AT_BladeRuinedKing":56,"MoneyPower":30,"War Paint":40,"reliquary:ExpiredCoupon":2,"ReplayTheSpireMod:Spearhead":42,"SynthV:TestCard":1,"FeatherPendant":17,"Shuriken":32,"testmod-Acrobat":7,"Art of War":26,"aspiration:HatOfInfinitePower":48,"theJungle:ParSnip":25,"testmod-OneHitWonder":33,"Abe\u0027s Treasure":36,"REME_ComplimentaryCards":0},{"ReplayFunnel":26,"Divine Protection":11,"AT_ATBox":0,"DaveBox":0,"HalloweenModHalloween":0,"DemoMod:GlassGuonStoneRelic":3,"Ginger":25,"Burning Blood":0,"Civilization":0,"theJungle:SneckoAutograph":8,"Centennial Puzzle":23,"reliquary:NewFriend":9,"aspiration:ArtOfWarUpgrade":12,"jedi:cryingmask":20,"DemoMod:GnawedKey":1,"theJungle:BirthdayCake":9,"AT_RedNoBalance":8,"testmod-TestBox":0,"NeowsBlessing":0,"Dodecahedron":17,"ReplayTheSpireMod:CursedCoin":25,"Blue Candle":0,"DemoMod:WeirdEgg":25,"AT_SilverBalance":1,"AT_BladeRuinedKing":25,"MoneyPower":12,"War Paint":17,"reliquary:ExpiredCoupon":1,"ReplayTheSpireMod:Spearhead":18,"SynthV:TestCard":1,"FeatherPendant":7,"Shuriken":13,"testmod-Acrobat":2,"Art of War":10,"aspiration:HatOfInfinitePower":22,"theJungle:ParSnip":9,"testmod-OneHitWonder":14,"Abe\u0027s Treasure":15,"REME_ComplimentaryCards":0},{"ReplayFunnel":40,"Divine Protection":21,"AT_ATBox":0,"DaveBox":0,"HalloweenModHalloween":0,"DemoMod:GlassGuonStoneRelic":3,"Ginger":39,"Burning Blood":0,"Civilization":0,"theJungle:SneckoAutograph":17,"Centennial Puzzle":35,"reliquary:NewFriend":18,"aspiration:ArtOfWarUpgrade":22,"jedi:cryingmask":32,"DemoMod:GnawedKey":1,"theJungle:BirthdayCake":18,"AT_RedNoBalance":15,"testmod-TestBox":0,"NeowsBlessing":0,"Dodecahedron":28,"ReplayTheSpireMod:CursedCoin":39,"Blue Candle":0,"DemoMod:WeirdEgg":39,"AT_SilverBalance":1,"AT_BladeRuinedKing":39,"MoneyPower":22,"War Paint":28,"reliquary:ExpiredCoupon":1,"ReplayTheSpireMod:Spearhead":29,"SynthV:TestCard":1,"FeatherPendant":15,"Shuriken":23,"testmod-Acrobat":2,"Art of War":19,"aspiration:HatOfInfinitePower":34,"theJungle:ParSnip":18,"testmod-OneHitWonder":24,"Abe\u0027s Treasure":26,"REME_ComplimentaryCards":0}],"Burning Blood":119},"card_choices":[{"not_picked":["HalloweenModGhostCostume","HalloweenModCandy"],"picked":"HalloweenModTrick","floor":1},{"not_picked":["HalloweenModCandy","HalloweenModTrick","HalloweenModGhostCostume","HalloweenModTrick"],"picked":"HalloweenModGhostCostume","floor":7},{"not_picked":["HalloweenModGhostCostume","HalloweenModCandy","HalloweenModTrick","HalloweenModGhostCostume"],"picked":"HalloweenModTrick","floor":8},{"not_picked":["HalloweenModGhostCostume","HalloweenModCandy","HalloweenModTrick","HalloweenModGhostCostume"],"picked":"HalloweenModTrick","floor":11},{"not_picked":["HalloweenModGhostCostume","HalloweenModTrick","HalloweenModTrick","HalloweenModTrick"],"picked":"HalloweenModCandy","floor":12},{"not_picked":["HalloweenModGhostCostume","HalloweenModCandy","HalloweenModGhostCostume","HalloweenModCandy"],"picked":"HalloweenModTrick","floor":13},{"not_picked":["HalloweenModCandy","HalloweenModGhostCostume","HalloweenModGhostCostume","HalloweenModGhostCostume"],"picked":"HalloweenModTrick","floor":16},{"not_picked":["HalloweenModCandy","HalloweenModGhostCostume","HalloweenModTrick","HalloweenModGhostCostume+1"],"picked":"HalloweenModTrick","floor":18},{"not_picked":["HalloweenModCandy","HalloweenModGhostCostume","HalloweenModCandy","HalloweenModTrick"],"picked":"HalloweenModTrick","floor":20},{"not_picked":["HalloweenModTrick","HalloweenModGhostCostume","HalloweenModGhostCostume","HalloweenModTrick"],"picked":"HalloweenModCandy+1","floor":26},{"not_picked":["HalloweenModGhostCostume","HalloweenModCandy","HalloweenModCandy","HalloweenModCandy"],"picked":"HalloweenModTrick","floor":27},{"not_picked":["HalloweenModGhostCostume","HalloweenModCandy","HalloweenModCandy","HalloweenModTrick"],"picked":"HalloweenModTrick","floor":30},{"not_picked":["HalloweenModCandy","HalloweenModGhostCostume+1","HalloweenModCandy","HalloweenModTrick"],"picked":"HalloweenModTrick","floor":32},{"not_picked":["HalloweenModCandy","HalloweenModGhostCostume","HalloweenModCandy","HalloweenModCandy"],"picked":"HalloweenModTrick","floor":33},{"not_picked":["HalloweenModCandy","HalloweenModGhostCostume","HalloweenModTrick","HalloweenModTrick"],"picked":"HalloweenModTrick+1","floor":35},{"not_picked":["HalloweenModCandy","HalloweenModGhostCostume","HalloweenModTrick","HalloweenModTrick"],"picked":"HalloweenModTrick","floor":37},{"not_picked":["HalloweenModGhostCostume","HalloweenModCandy+1","HalloweenModTrick","HalloweenModGhostCostume+1"],"picked":"HalloweenModTrick","floor":38},{"not_picked":["HalloweenModCandy","HalloweenModTrick+1","HalloweenModGhostCostume","HalloweenModGhostCostume"],"picked":"HalloweenModTrick+1","floor":42},{"not_picked":["HalloweenModCandy","HalloweenModTrick","HalloweenModGhostCostume+1","HalloweenModCandy"],"picked":"HalloweenModTrick+1","floor":43},{"not_picked":["HalloweenModCandy+1","HalloweenModGhostCostume","HalloweenModCandy+1","HalloweenModGhostCostume+1"],"picked":"HalloweenModTrick","floor":44},{"not_picked":["HalloweenModTrick","HalloweenModCandy","HalloweenModGhostCostume+1","HalloweenModTrick+1"],"picked":"HalloweenModTrick+1","floor":47},{"not_picked":["HalloweenModCandy+1","HalloweenModGhostCostume+1","HalloweenModCandy","HalloweenModCandy"],"picked":"HalloweenModTrick","floor":48},{"not_picked":["HalloweenModCandy","HalloweenModGhostCostume","HalloweenModCandy","HalloweenModCandy"],"picked":"HalloweenModTrick","floor":50},{"not_picked":["HalloweenModCandy+1","HalloweenModGhostCostume","HalloweenModTrick","HalloweenModCandy+1"],"picked":"HalloweenModTrick+1","floor":57}],"player_experience":561207,"relics_obtained":[{"floor":1,"key":"SynthV:TestCard"},{"floor":7,"key":"testmod-Acrobat"},{"floor":26,"key":"Art of War"},{"floor":28,"key":"Divine Protection"},{"floor":30,"key":"MoneyPower"},{"floor":32,"key":"Shuriken"},{"floor":33,"key":"testmod-OneHitWonder"},{"floor":42,"key":"ReplayTheSpireMod:Spearhead"},{"floor":45,"key":"jedi:cryingmask"},{"floor":48,"key":"aspiration:HatOfInfinitePower"},{"floor":50,"key":"Centennial Puzzle"},{"floor":57,"key":"ReplayFunnel"}],"event_choices":[{"damage_healed":0,"gold_gain":0,"player_choice":"Ignored","damage_taken":0,"max_hp_gain":0,"max_hp_loss":0,"event_name":"?自己的盒子","floor":39,"gold_loss":0}],"is_beta":false,"boss_relics":[{"not_picked":["ReplayTheSpireMod:DimensionalGlitch","RedLine:ReiMu"],"picked":"FeatherPendant"},{"not_picked":["Honey Jar","aspiration:RunesmithSkillbook"],"picked":"Abe\u0027s Treasure"}],"items_purged_floors":[24,56],"is_endless":false,"potions_floor_spawned":[11,12,13,30,32,33,35,43,44,50],"ascension_level":20}}