{"host":"tp1hyvdwlciy3xbu","time":1613791336,"event":{"mods":["BaseMod","Marisa£®ÏF”Í°°ƒß¿Ì…≥£©","Minty Spire (QoL Compilation)","SIMod","StSLib","The Construct","The Servant 0.9.4"],"gold_per_floor":[113,113,132,146,0,29,47,47,72,72,100,61,94,121,121,121,121],"floor_reached":16,"language":"ZHS","playtime":629,"items_purged":[],"score":104,"play_id":"939a253c-fe2a-47b6-9084-f4bb829dd20c","local_time":"20210220112216","is_ascension_mode":false,"campfire_choices":[{"floor":10.0,"key":"REST"},{"floor":15.0,"key":"REST"}],"circlet_count":0,"master_deck":["Strike_AJ","Strike_TS","Strike_RR","Strike_RD","Defend_TS","Defend_PP","Defend_FS","Defend_AJ","FollowTherRainbow","SwiftKick","Winterwrapup","Anxiousness","Magic","ISayNo","Anxiousness","Tornado","PartyTime","Boundary","Yay","Boundary","Laughter"],"relics":["The_element_of_harmony","NeowsBlessing","OrangePellets","Hyacinth","CeramicFish"],"acts_visited":["Exordium"],"potions_floor_usage":[16],"damage_taken":[{"damage":0.0,"enemies":"Small Slimes","floor":1.0,"turns":1.0},{"damage":0.0,"enemies":"Jaw Worm","floor":3.0,"turns":1.0},{"damage":0.0,"enemies":"2 Louse","floor":4.0,"turns":1.0},{"damage":48.0,"enemies":"3 Sentries","floor":6.0,"turns":12.0},{"damage":23.0,"enemies":"Large Slime","floor":7.0,"turns":6.0},{"damage":10.0,"enemies":"Looter","floor":11.0,"turns":3.0},{"damage":11.0,"enemies":"Exordium Wildlife","floor":13.0,"turns":4.0},{"damage":2.0,"enemies":"Blue Slaver","floor":14.0,"turns":2.0},{"damage":35,"enemies":"Slime Boss","floor":16,"turns":8}],"seed_played":"2087784918233167691","potions_obtained":[{"floor":1.0,"key":"Fire Potion"},{"floor":3.0,"key":"DuplicationPotion"},{"floor":7.0,"key":"construct:ShiftPotion"}],"is_trial":false,"path_per_floor":["M","?","M","M","$","E","M","?","T","R","M","$","M","M","R","B"],"character_chosen":"TWI_CLASS","items_purchased":["OrangePellets","Boundary"],"campfire_rested":2,"item_purchase_floors":[5,12],"current_hp_per_floor":[82,82,82,82,82,34,11,4,4,28,18,18,7,5,29,0,0],"gold":121,"neow_bonus":"THREE_ENEMY_KILL","is_daily":false,"chose_seed":false,"campfire_upgraded":0,"win_rate":0.0,"timestamp":1613791336,"path_taken":["M","?","M","M","$","E","M","?","T","R","M","$","M","?","R","BOSS"],"items_purchased_type":["Relic","Card"],"build_version":"2020-12-22","purchased_purges":0,"victory":false,"max_hp_per_floor":[82,82,82,82,82,82,82,82,82,82,82,82,82,82,82,82,82],"card_choices":[{"not_picked":["Generousity"],"picked":"FollowTherRainbow","floor":1.0},{"not_picked":["Whining"],"picked":"SwiftKick","floor":1.0},{"not_picked":["Magic_Beam"],"picked":"Anxiousness","floor":3.0},{"not_picked":["Tornado"],"picked":"Magic","floor":3.0},{"not_picked":["AppleFeast"],"picked":"ISayNo","floor":4.0},{"not_picked":["Lasso","ServeMeal"],"picked":"SKIP","floor":4.0},{"not_picked":["Perfectionism"],"picked":"Anxiousness","floor":6.0},{"not_picked":["AppleFever"],"picked":"Tornado","floor":6.0},{"not_picked":["Batlization","CleanLibrary"],"picked":"SKIP","floor":7.0},{"not_picked":["BeautySensation","CheerUp"],"picked":"SKIP","floor":7.0},{"not_picked":["Return_To_Past"],"picked":"PartyTime","floor":11.0},{"not_picked":["Magictrain","ISayNo"],"picked":"SKIP","floor":11.0},{"not_picked":["Perfectionism"],"picked":"Yay","floor":13.0},{"not_picked":["TenInstruments"],"picked":"Boundary","floor":13.0},{"not_picked":["PartyTime"],"picked":"Laughter","floor":14.0},{"not_picked":["Celebrities","FarmExpert"],"picked":"SKIP","floor":14.0}],"player_experience":326963,"relics_obtained":[{"floor":6.0,"key":"Hyacinth"},{"floor":9.0,"key":"CeramicFish"}],"event_choices":[{"damage_healed":0.0,"max_hp_gain":0.0,"max_hp_loss":0.0,"gold_gain":0.0,"cards_transformed":["ConcertedEfforts"],"event_name":"Living Wall","player_choice":"Change","floor":2.0,"gold_loss":0.0,"damage_taken":0.0,"cards_obtained":["Winterwrapup"]},{"cards_removed":["HarmonyShield"],"damage_healed":0.0,"max_hp_gain":0.0,"max_hp_loss":0.0,"gold_gain":0.0,"event_name":"Golden Wing","player_choice":"Card Removal","floor":8.0,"gold_loss":0.0,"damage_taken":7.0}],"is_beta":false,"boss_relics":[],"items_purged_floors":[],"is_endless":false,"potions_floor_spawned":[1,3,7,11],"killed_by":"Slime Boss","ascension_level":0}}