{"host":"lklj3eidp7g5an38","time":1613781584,"event":{"mods":["AchievementEnabler","BaseMod","Colored Map","Colored Powertips","Curses Come First","DeckTracker","Highlight Path","Minty Spire (QoL Compilation)","Relic Stats","StSLib"],"gold_per_floor":[119,68,82,82,94,94,119,135,217,217,217,248,268,286,286,358,358,373,386,402,30,30,30],"floor_reached":22,"language":"ENG","playtime":2292,"items_purged":[],"score":363,"play_id":"3a9cf8f8-78d4-4080-af3a-a8cd9e3fb1b5","local_time":"20210220003944","is_ascension_mode":true,"campfire_choices":[{"data":"Hologram","floor":6.0,"key":"SMITH"},{"floor":10,"key":"REST"},{"floor":15,"key":"REST"}],"circlet_count":0,"master_deck":["AscendersBane","Strike_B","Strike_B","Defend_B","Defend_B","Defend_B","Zap","Dualcast","All For One","Undo","Gash","Compile Driver","Gash","Hologram+1","Gash","Undo","Conserve Battery","Reinforced Body","Reboot","Hologram","Streamline","Coolheaded"],"relics":["Cracked Core","Unceasing Top","White Beast Statue","Orichalcum","Odd Mushroom","Snecko Eye","FossilizedHelix"],"acts_visited":["Exordium","TheCity"],"potions_floor_usage":[7,13,14,16,19,20,20],"damage_taken":[{"damage":6.0,"enemies":"2 Louse","floor":1.0,"turns":2.0},{"damage":1.0,"enemies":"Cultist","floor":3.0,"turns":3.0},{"damage":2.0,"enemies":"Jaw Worm","floor":5.0,"turns":4.0},{"damage":13,"enemies":"Gremlin Nob","floor":7,"turns":3},{"damage":0,"enemies":"Large Slime","floor":8,"turns":3},{"damage":15,"enemies":"3 Sentries","floor":12,"turns":5},{"damage":5,"enemies":"The Mushroom Lair","floor":13,"turns":3},{"damage":0,"enemies":"Looter","floor":14,"turns":2},{"damage":25,"enemies":"The Guardian","floor":16,"turns":9},{"damage":1,"enemies":"Spheric Guardian","floor":18,"turns":4},{"damage":13,"enemies":"Shell Parasite","floor":19,"turns":14},{"damage":31,"enemies":"Centurion and Healer","floor":20,"turns":15},{"damage":15,"enemies":"Snake Plant","floor":22,"turns":5}],"seed_played":"-7292244992492101029","potions_obtained":[{"floor":3.0,"key":"SteroidPotion"},{"floor":8,"key":"Swift Potion"},{"floor":12,"key":"DistilledChaos"},{"floor":13,"key":"SpeedPotion"},{"floor":14,"key":"Swift Potion"},{"floor":16,"key":"DistilledChaos"},{"floor":19,"key":"FocusPotion"},{"floor":20,"key":"Block Potion"}],"is_trial":false,"path_per_floor":["M","$","M","?","M","R","E","M","T","R","?","E","?","M","R","B",null,"M","M","M","$","M"],"character_chosen":"DEFECT","items_purchased":["Compile Driver","FossilizedHelix","Coolheaded"],"campfire_rested":2,"item_purchase_floors":[2,21,21],"current_hp_per_floor":[40,40,39,39,37,37,24,24,24,45,45,30,25,25,46,21,59,58,45,14,14,0,0],"gold":30,"neow_bonus":"TRANSFORM_TWO_CARDS","is_daily":false,"chose_seed":false,"campfire_upgraded":1,"win_rate":0.0,"timestamp":1613781584,"path_taken":["M","$","M","?","?","R","E","M","T","R","?","E","?","?","R","BOSS","M","M","M","$","M"],"items_purchased_type":["Card","Relic","Card"],"build_version":"2020-12-22","purchased_purges":0,"victory":false,"max_hp_per_floor":[71,71,71,71,71,71,71,71,71,71,71,71,71,71,71,71,71,71,71,71,71,71,71],"relic_stats":{"counters":[13,72],"Snecko Eye":[51,50,56,56],"Orichalcum":[36],"obtain_stats":[{"Snecko Eye":17,"Orichalcum":12,"Odd Mushroom":13,"Cracked Core":0,"Unceasing Top":7,"White Beast Statue":9,"FossilizedHelix":21},{"Snecko Eye":9,"Orichalcum":6,"Odd Mushroom":7,"Cracked Core":0,"Unceasing Top":4,"White Beast Statue":5,"FossilizedHelix":12},{"Snecko Eye":34,"Orichalcum":20,"Odd Mushroom":23,"Cracked Core":0,"Unceasing Top":12,"White Beast Statue":15,"FossilizedHelix":67}],"Unceasing Top":[0]},"card_choices":[{"not_picked":["Doom and Gloom","Undo"],"picked":"Gash","floor":1.0},{"not_picked":["Sunder","Barrage"],"picked":"Gash","floor":3.0},{"not_picked":["Stack","Streamline"],"picked":"Hologram","floor":5.0},{"not_picked":["Thunder Strike","BootSequence"],"picked":"Gash","floor":7},{"not_picked":["Conserve Battery","Rebound"],"picked":"Undo","floor":8},{"not_picked":["Barrage","Hologram"],"picked":"Conserve Battery","floor":12},{"not_picked":["Static Discharge","Rip and Tear"],"picked":"Reinforced Body","floor":14},{"not_picked":["Buffer","Meteor Strike"],"picked":"Reboot","floor":16},{"not_picked":["Ball Lightning","Chaos"],"picked":"Hologram","floor":18},{"not_picked":["Rebound","Heatsinks","Gash"],"picked":"SKIP","floor":19},{"not_picked":["Ball Lightning","Sweeping Beam"],"picked":"Streamline","floor":20}],"player_experience":961088,"relics_obtained":[{"floor":7,"key":"Unceasing Top"},{"floor":9,"key":"White Beast Statue"},{"floor":12,"key":"Orichalcum"},{"floor":13,"key":"Odd Mushroom"}],"event_choices":[{"cards_removed":["Strike_B"],"damage_healed":0.0,"max_hp_gain":0.0,"max_hp_loss":0.0,"gold_gain":0.0,"event_name":"Purifier","player_choice":"Purged","floor":4.0,"gold_loss":0.0,"damage_taken":0.0},{"damage_healed":0,"gold_gain":0,"player_choice":"Ignored","damage_taken":0,"max_hp_gain":0,"max_hp_loss":0,"event_name":"Liars Game","floor":11,"gold_loss":0},{"damage_healed":0,"gold_gain":0,"player_choice":"Fought Mushrooms","damage_taken":0,"max_hp_gain":0,"max_hp_loss":0,"event_name":"Mushrooms","floor":13,"gold_loss":0}],"is_beta":false,"boss_relics":[{"not_picked":["Pandora\u0027s Box","Ectoplasm"],"picked":"Snecko Eye"}],"items_purged_floors":[],"is_endless":false,"potions_floor_spawned":[3,8,12,13,14,16,18,19,20],"killed_by":"Snake Plant","ascension_level":17}}