{"host":"iuabd6oyvssc55aw","time":1613856112,"event":{"mods":["AchievementEnabler","BaseMod","Better Third Choice","Colored Map","DeckTracker","Minty Spire (QoL Compilation)","Rare Cards Sparkle","StSLib"],"gold_per_floor":[109,122,141,155,170,170,205,205,230,244,279,279,320,335,335,444,444,463,83,83,83,109,109,146,146,217,259,70,104,104,126,126,234,234,257,257,257,257,276,311,328,369,369,384,417,417,25,50,50,50],"floor_reached":51,"language":"ENG","playtime":3131,"items_purged":["Defend_R"],"score":1305,"play_id":"05d6ae7f-45c8-4438-b8c5-0aee651bc8d5","local_time":"20210220162152","is_ascension_mode":true,"campfire_choices":[{"floor":6,"key":"REST"},{"data":"Armaments","floor":8,"key":"SMITH"},{"floor":12,"key":"REST"},{"floor":15,"key":"REST"},{"floor":23,"key":"REST"},{"data":"Rampage","floor":25,"key":"SMITH"},{"floor":30,"key":"REST"},{"floor":32,"key":"REST"},{"data":"Metallicize","floor":49,"key":"SMITH"}],"circlet_count":0,"master_deck":["Strike_R","Strike_R","Strike_R","Strike_R","Strike_R","Defend_R","Defend_R","Defend_R","Bash","Perfected Strike","Rage","Flex","Iron Wave","Heavy Blade","Armaments+1","Headbutt","Barricade","Flex","Impervious","Clothesline+1","Iron Wave","Metallicize+1","Rampage+1","Demon Form","Impervious","Flame Barrier","Shockwave+1","Impervious","Entrench","Fire Breathing","Apotheosis"],"relics":["Snecko Eye","Darkstone Periapt","Pen Nib","Strawberry","CeramicFish","SacredBark","Self Forming Clay","Bottled Tornado","Paper Frog","Bag of Preparation","DollysMirror","White Beast Statue","Busted Crown","Calipers","Red Skull","CaptainsWheel","Anchor","Lee\u0027s Waffle","Art of War"],"acts_visited":["Exordium","TheCity","TheBeyond"],"potions_floor_usage":[7,11,27,27,29,33,41,45,50],"damage_taken":[{"damage":0,"enemies":"Cultist","floor":1,"turns":2},{"damage":0,"enemies":"2 Louse","floor":2,"turns":2},{"damage":7,"enemies":"Jaw Worm","floor":3,"turns":2},{"damage":10,"enemies":"Blue Slaver","floor":4,"turns":3},{"damage":4,"enemies":"2 Fungi Beasts","floor":5,"turns":3},{"damage":0,"enemies":"Gremlin Nob","floor":7,"turns":2},{"damage":12,"enemies":"Large Slime","floor":10,"turns":5},{"damage":35,"enemies":"Lagavulin","floor":11,"turns":4},{"damage":15,"enemies":"3 Sentries","floor":13,"turns":7},{"damage":0,"enemies":"Blue Slaver","floor":14,"turns":1},{"damage":0,"enemies":"Slime Boss","floor":16,"turns":11},{"damage":18,"enemies":"Shell Parasite","floor":18,"turns":4},{"damage":7,"enemies":"Chosen","floor":22,"turns":2},{"damage":0,"enemies":"Gremlin Leader","floor":24,"turns":6},{"damage":36,"enemies":"Slavers","floor":27,"turns":6},{"damage":27,"enemies":"Book of Stabbing","floor":29,"turns":6},{"damage":20,"enemies":"Snake Plant","floor":31,"turns":4},{"damage":0,"enemies":"Automaton","floor":33,"turns":12},{"damage":6,"enemies":"Orb Walker","floor":35,"turns":5},{"damage":0,"enemies":"3 Shapes","floor":39,"turns":4},{"damage":0,"enemies":"Nemesis","floor":40,"turns":7},{"damage":5,"enemies":"Maw","floor":41,"turns":5},{"damage":0,"enemies":"Giant Head","floor":42,"turns":7},{"damage":0,"enemies":"Transient","floor":44,"turns":5},{"damage":0,"enemies":"Nemesis","floor":45,"turns":5},{"damage":0,"enemies":"Time Eater","floor":50,"turns":17}],"seed_played":"-1580810145136015163","potions_obtained":[{"floor":1,"key":"Ancient Potion"},{"floor":3,"key":"DistilledChaos"},{"floor":5,"key":"Regen Potion"},{"floor":13,"key":"SneckoOil"},{"floor":18,"key":"Dexterity Potion"},{"floor":22,"key":"FairyPotion"},{"floor":29,"key":"SpeedPotion"},{"floor":31,"key":"EssenceOfSteel"},{"floor":33,"key":"BlessingOfTheForge"},{"floor":41,"key":"BloodPotion"},{"floor":42,"key":"LiquidBronze"},{"floor":45,"key":"Ancient Potion"}],"is_trial":false,"path_per_floor":["M","M","M","M","M","R","E","R","T","M","E","R","E","M","R","B",null,"M","$","?","?","M","R","E","R","T","E","$","E","R","M","R","B",null,"M","?","?","$","M","E","M","E","T","M","E","?","$","T","R","B",null],"character_chosen":"IRONCLAD","items_purchased":["Self Forming Clay","Blood for Blood","Iron Wave","DollysMirror","PowerPotion","Apotheosis","Lee\u0027s Waffle","DuplicationPotion"],"campfire_rested":6,"item_purchase_floors":[19,19,19,28,28,47,47,47],"current_hp_per_floor":[80,80,73,63,59,80,80,80,80,68,52,78,63,63,87,87,87,69,69,69,69,62,87,87,87,87,51,51,24,50,30,56,56,87,81,81,81,81,81,81,76,76,76,76,76,76,90,90,90,90],"gold":50,"neow_bonus":"BOSS_RELIC","is_daily":false,"chose_seed":false,"campfire_upgraded":3,"win_rate":0.0,"timestamp":1613856112,"path_taken":["M","M","M","M","?","R","E","R","T","M","E","R","E","M","R","BOSS","M","$","?","?","M","R","E","R","T","E","$","E","R","M","R","BOSS","M","?","?","$","M","E","M","E","T","M","E","?","$","?","R","BOSS"],"items_purchased_type":["Relic","Card","Card","Relic","Potion","Card","Relic","Potion"],"build_version":"2020-12-22","purchased_purges":1,"victory":true,"max_hp_per_floor":[80,80,80,80,80,80,80,80,80,80,87,87,87,87,87,87,87,87,87,87,87,87,87,87,87,87,87,87,87,87,87,87,87,87,87,87,83,83,83,83,83,83,83,83,83,83,90,90,90,90],"card_choices":[{"not_picked":["Shrug It Off","Infernal Blade"],"picked":"Perfected Strike","floor":1},{"not_picked":["Clash","Sentinel"],"picked":"Rage","floor":2},{"not_picked":["True Grit","Warcry"],"picked":"Flex","floor":3},{"not_picked":["Pommel Strike","Twin Strike"],"picked":"Iron Wave","floor":4},{"not_picked":["Wild Strike","Twin Strike"],"picked":"Heavy Blade","floor":5},{"not_picked":["Anger","Corruption"],"picked":"Armaments","floor":7},{"not_picked":["Shockwave","Body Slam"],"picked":"Headbutt","floor":10},{"not_picked":["Warcry","Armaments"],"picked":"Barricade","floor":11},{"not_picked":["Disarm","Clash"],"picked":"Flex","floor":13},{"not_picked":["Twin Strike","Dual Wield","Clothesline"],"picked":"SKIP","floor":14},{"not_picked":["Feed","Barricade"],"picked":"Impervious","floor":16},{"not_picked":["Thunderclap","Headbutt+1"],"picked":"Clothesline+1","floor":18},{"not_picked":["Infernal Blade+1","Thunderclap"],"picked":"Metallicize","floor":22},{"not_picked":["Feel No Pain+1","Carnage"],"picked":"Rampage","floor":24},{"not_picked":["Rupture","Feel No Pain"],"picked":"Demon Form","floor":27},{"not_picked":["Pummel","Anger+1"],"picked":"Flame Barrier","floor":29},{"not_picked":["Anger","Evolve+1"],"picked":"Shockwave+1","floor":31},{"not_picked":["Exhume","Reaper"],"picked":"Impervious","floor":33},{"not_picked":[],"picked":"Entrench","floor":35},{"not_picked":["Sword Boomerang+1"],"picked":"SKIP","floor":39},{"not_picked":["Thunderclap"],"picked":"SKIP","floor":40},{"not_picked":["Intimidate+1"],"picked":"SKIP","floor":41},{"not_picked":[],"picked":"Fire Breathing","floor":42},{"not_picked":["Warcry"],"picked":"SKIP","floor":44},{"not_picked":["Evolve"],"picked":"SKIP","floor":45}],"player_experience":270042,"relics_obtained":[{"floor":7,"key":"Darkstone Periapt"},{"floor":9,"key":"Pen Nib"},{"floor":11,"key":"Strawberry"},{"floor":13,"key":"CeramicFish"},{"floor":24,"key":"Bottled Tornado"},{"floor":26,"key":"Paper Frog"},{"floor":27,"key":"Bag of Preparation"},{"floor":29,"key":"White Beast Statue"},{"floor":40,"key":"Calipers"},{"floor":42,"key":"Red Skull"},{"floor":43,"key":"CaptainsWheel"},{"floor":45,"key":"Anchor"},{"floor":48,"key":"Art of War"}],"event_choices":[{"damage_healed":0,"gold_gain":0,"player_choice":"Ignored","damage_taken":0,"max_hp_gain":0,"max_hp_loss":0,"event_name":"Beggar","floor":20,"gold_loss":0},{"damage_healed":0,"gold_gain":0,"player_choice":"Ignored","damage_taken":0,"max_hp_gain":0,"max_hp_loss":0,"event_name":"Ghosts","floor":21,"gold_loss":0},{"damage_healed":0,"gold_gain":0,"player_choice":"Ignored","damage_taken":0,"max_hp_gain":0,"max_hp_loss":0,"event_name":"Tomb of Lord Red Mask","floor":36,"gold_loss":0},{"damage_healed":0,"gold_gain":0,"player_choice":"Max HP","damage_taken":0,"max_hp_gain":0,"max_hp_loss":4,"event_name":"Winding Halls","floor":37,"gold_loss":0},{"cards_removed":["Blood for Blood"],"damage_healed":0,"gold_gain":0,"player_choice":"Removed Attack","damage_taken":0,"max_hp_gain":0,"max_hp_loss":0,"event_name":"Falling","floor":46,"gold_loss":0}],"is_beta":false,"boss_relics":[{"not_picked":["Coffee Dripper","Runic Pyramid"],"picked":"SacredBark"},{"not_picked":["Runic Dome","Fusion Hammer"],"picked":"Busted Crown"}],"items_purged_floors":[19],"is_endless":false,"potions_floor_spawned":[1,3,5,13,18,22,24,29,31,33,35,39,40,41,42,44,45],"ascension_level":3}}