{"host":"2huf6izpp5op7axl","time":1613839379,"event":{"mods":["Ascension Reborn","BaseMod","Conspire","Downfall","KinomotoSakuraMod(木之本樱)","Koishi","Minty Spire (QoL Compilation)","Prisma Mod","Reimu（博丽灵梦）","Replay The Spire","RumiaBox-露米娅的神秘盒子","StSLib","The Disciple","The Gatherer","The Hierophant","The Marked","The Mystic","The Senshi","WarShipGirlsR/战舰少女R mod","Warlord Emblem","[IsaacMod]以撒尖塔"],"gold_per_floor":[109,109,121,121,138,192,192,227,227,245,305,75,110,110,110,213,213,238,257,277,20,36,36,46,64,64,92,92,92,119,133,133,230,230,241,306,64,64,101,133,133,133,133,133,159,159,169,203,203,203],"floor_reached":51,"language":"ZHS","playtime":4350,"items_purged":["PrismaMod:ChloeCommonDefend"],"score":720,"play_id":"cfd010af-8202-4f0e-943c-86d1b64154eb","local_time":"20210221004259","is_ascension_mode":true,"campfire_choices":[{"data":"PrismaMod:ChloeGaeBolg","floor":7,"key":"SMITH"},{"data":"PrismaMod:ChloeMordred","floor":15,"key":"SMITH"},{"data":"PrismaMod:ChloeExcalibur","floor":23,"key":"SMITH"},{"floor":28,"key":"REST"},{"floor":32,"key":"DIG"},{"data":"Apotheosis","floor":42,"key":"SMITH"},{"floor":44,"key":"REST"},{"floor":46,"key":"REST"},{"floor":49,"key":"REST"}],"circlet_count":0,"master_deck":["PrismaMod:ChloeCommonAttack+1","PrismaMod:ChloeCommonAttack","PrismaMod:ChloeCommonAttack","PrismaMod:ChloeCommonAttack+1","PrismaMod:ChloeCommonAttack","PrismaMod:ChloeCommonDefend","PrismaMod:ChloeCommonDefend","PrismaMod:ChloeCheapAttack","PrismaMod:ChloeCheapDefend","BettingIsNotGood+1","PrismaMod:ChloeCheapAttackTwo+1","PrismaMod:ChloeRitsuka+1","PrismaMod:ChloeExcalibur+1","PrismaMod:ChloeGaeBolg+1","PrismaMod:ChloeCarnivalDefend","PrismaMod:ChloeCheapDefendTwo","PrismaMod:ChloeCheapDefendTwo","PrismaMod:ChloeMordred+1","PrismaMod:ChloeCarnivalDefend","PrismaMod:ChloeCheapDefend+1","PrismaMod:ChloeUncommonDefend+1","PrismaMod:ChloeCheapAttackTwo+1","PrismaMod:ChloeCarnivalDefend","PrismaMod:ChloeCheapAttack+1","PrismaMod:ChloeRitsuka","PrismaMod:ChloeCarnivalAOEAttack","PrismaMod:ChloeBetterTracePools+1","PrismaMod:ChloeMordred+1","PrismaMod:ChloeCheapDefendTwo+1","Apotheosis+1","PrismaMod:ChloeEyeOfTheEuryale","PrismaMod:ChloeChristmas+1","PrismaMod:ChloeUncommonAttack+1"],"relics":["PrismaMod:PrismaTraceOn","HushsDoor","PokeGo","SSSystem","Potion Belt","Replay:Rubber Ducky","Snack Pack","Ancient Tea Set","Happy Flower","Painkiller Herb","GodSword7","Gremlin Food","Ccalipers","conspire:Flyswatter","MagicDraw1","ReplayTheSpireMod:DimensionalGlitch","GuppysTail","GuppysHead","Replay:Baseball","LastBattle","Centennial Puzzle","AnarchistCookbook","Anchor","Pet Ghost"],"acts_visited":["Exordium","TheCity","TheBeyond"],"potions_floor_usage":[22,25,39,45,50,50,50],"damage_taken":[{"damage":11,"enemies":"Jaw Worm","floor":1,"turns":4},{"damage":6,"enemies":"Cultist","floor":3,"turns":5},{"damage":10,"enemies":"Small Slimes","floor":5,"turns":5},{"damage":20,"enemies":"3 Sentries","floor":6,"turns":9},{"damage":14,"enemies":"Gremlin Nob","floor":8,"turns":3},{"damage":6,"enemies":"conspire:2 RoseBushes","floor":10,"turns":5},{"damage":2,"enemies":"3 Sentries","floor":11,"turns":7},{"damage":2,"enemies":"Gremlin Gang","floor":13,"turns":6},{"damage":24,"enemies":"The Guardian","floor":16,"turns":7},{"damage":6,"enemies":"Shell Parasite","floor":18,"turns":5},{"damage":6,"enemies":"Chosen","floor":19,"turns":3},{"damage":6,"enemies":"conspire:HollyBat","floor":20,"turns":7},{"damage":13,"enemies":"Centurion and Healer","floor":22,"turns":5},{"damage":11,"enemies":"Sentry and Sphere","floor":24,"turns":5},{"damage":28,"enemies":"Chosen and Byrds","floor":25,"turns":8},{"damage":0,"enemies":"Book of Stabbing","floor":27,"turns":6},{"damage":0,"enemies":"Gremlin Leader","floor":30,"turns":2},{"damage":0,"enemies":"conspire:HollyBat","floor":31,"turns":7},{"damage":5,"enemies":"Champ","floor":33,"turns":8},{"damage":0,"enemies":"Orb Walker","floor":35,"turns":3},{"damage":6,"enemies":"3 Shapes","floor":39,"turns":4},{"damage":0,"enemies":"R_Hoarder","floor":40,"turns":7},{"damage":31,"enemies":"Giant Head","floor":45,"turns":6},{"damage":9,"enemies":"Jaw Worm Horde","floor":47,"turns":4},{"damage":9,"enemies":"R_Hoarder","floor":48,"turns":5},{"damage":42,"enemies":"Replay:Hell Engine","floor":50,"turns":8}],"seed_played":"3391476098712506735","potions_obtained":[{"floor":5,"key":"Strength Potion"},{"floor":8,"key":"Swift Potion"},{"floor":16,"key":"AttackPotion"},{"floor":18,"key":"FearPotion"},{"floor":22,"key":"Fire Potion"},{"floor":24,"key":"Regen Potion"},{"floor":27,"key":"Explosive Potion"},{"floor":39,"key":"Fire Potion"},{"floor":48,"key":"Guardian:BlockOnCardUsePotion"}],"is_trial":false,"path_per_floor":["M","?","M","?","M","E","R","E","T","M","E","$","M","?","R","B",null,"?","?","?","T","?","T","?","?","T","E","T","T","E","?","T","B",null,"?","?","T","?","?","E","?","T","T","T","E","T","?","E","T","B",null],"character_chosen":"CHLOE","items_purchased":["Happy Flower","GodSword7","GuppysTail","GuppysHead","LastBattle"],"campfire_rested":4,"item_purchase_floors":[12,21,34,34,37],"current_hp_per_floor":[64,49,63,63,73,58,58,44,44,50,52,52,54,54,54,44,75,69,65,75,75,64,64,68,49,49,53,75,75,75,75,75,75,55,55,42,42,42,37,41,41,41,41,55,27,43,35,36,52,28],"gold":203,"neow_bonus":"UPGRADE_CARD","is_daily":false,"chose_seed":false,"campfire_upgraded":4,"win_rate":0.0,"timestamp":1613839379,"path_taken":["M","?","?","?","M","E","R","E","T","?","E","$","M","?","R","BOSS","?","?","?","T","?","T","?","?","T","E","T","T","E","?","T","BOSS","?","?","T","?","?","E","?","T","T","T","E","T","?","E","T","BOSS"],"items_purchased_type":["Relic","Relic","Relic","Relic","Relic"],"build_version":"2020-12-22","purchased_purges":1,"victory":true,"max_hp_per_floor":[75,75,75,75,75,75,75,75,75,75,75,75,75,75,75,75,75,75,75,75,75,75,75,75,75,75,75,75,75,75,75,75,75,55,55,55,55,55,55,55,55,55,55,55,55,55,55,55,55,55],"card_choices":[{"not_picked":[],"picked":"BettingIsNotGood","floor":0},{"not_picked":["PrismaMod:ChloeExhaustOne","PrismaMod:ChloeCheapDefendTwo"],"picked":"PrismaMod:ChloeCheapAttackTwo","floor":1},{"not_picked":["PrismaMod:ChloeBetterTracePools","PrismaMod:ChloeRuleBreaker"],"picked":"PrismaMod:ChloeRitsuka","floor":3},{"not_picked":["PrismaMod:ChloeCheapAttackTwo","PrismaMod:ChloeExhaustOne"],"picked":"PrismaMod:ChloeExcalibur","floor":5},{"not_picked":["PrismaMod:ChloeRitsuka","PrismaMod:ChloeExhaustOne"],"picked":"PrismaMod:ChloeGaeBolg","floor":6},{"not_picked":["Bomb","PrismaMod:ChloeMaid"],"picked":"PrismaMod:ChloeCarnivalDefend","floor":8},{"not_picked":["PrismaMod:ChloeCommonAOEAttack","PrismaMod:ChloeExhaustOne"],"picked":"PrismaMod:ChloeCheapDefendTwo","floor":10},{"not_picked":["PrismaMod:ChloeExhaustOne","PrismaMod:ChloeUncommonAttack"],"picked":"PrismaMod:ChloeCheapDefendTwo","floor":11},{"not_picked":["PrismaMod:ChloeExcalibur","Bomb"],"picked":"PrismaMod:ChloeMordred","floor":13},{"not_picked":["PrismaMod:ChloeHalloween","PrismaMod:ChloeDevil"],"picked":"PrismaMod:ChloeCarnivalDefend","floor":16},{"not_picked":["PrismaMod:ChloeBetterTracePools","PrismaMod:ChloeCheapDefendTwo"],"picked":"PrismaMod:ChloeCheapDefend+1","floor":18},{"not_picked":["PrismaMod:ChloeGaeBolg","PrismaMod:ChloeAnyPowerTrace","PrismaMod:ChloeDiscardRecovery+1"],"picked":"SKIP","floor":19},{"not_picked":["PrismaMod:ChloeCheapAttack","PrismaMod:ChloeCommonAOEAttack","PrismaMod:ChloeCheapDefendTwo"],"picked":"SKIP","floor":20},{"not_picked":["PrismaMod:ChloeCommonAOEAttack","PrismaMod:ChloeCheapDefend"],"picked":"PrismaMod:ChloeUncommonDefend+1","floor":22},{"not_picked":["PrismaMod:ChloeDemonicTutor","PrismaMod:ChloeDiscardRecovery","PrismaMod:ChloeCommonAOEAttack"],"picked":"SKIP","floor":24},{"not_picked":["PrismaMod:ChloeEyeOfTheEuryale","PrismaMod:ChloeExhaustOne"],"picked":"PrismaMod:ChloeCheapAttackTwo+1","floor":25},{"not_picked":["PrismaMod:ChloeCheapDefend","PrismaMod:ChloeChristmas"],"picked":"PrismaMod:ChloeCarnivalDefend","floor":27},{"not_picked":["PrismaMod:ChloeAnyPowerTrace","PrismaMod:ChloeCheapAttackTwo"],"picked":"PrismaMod:ChloeCheapAttack+1","floor":30},{"not_picked":["PrismaMod:ChloeUncommonDefend+1","PrismaMod:ChloeCheapAttack"],"picked":"PrismaMod:ChloeRitsuka","floor":31},{"not_picked":["PrismaMod:ChloeAnyPowerTrace","PrismaMod:ChloeHalloween"],"picked":"PrismaMod:ChloeCarnivalAOEAttack","floor":33},{"not_picked":["PrismaMod:ChloeCommonAOEAttack","PrismaMod:ChloeExhaustOne"],"picked":"PrismaMod:ChloeBetterTracePools+1","floor":35},{"not_picked":["PrismaMod:ChloeCheapAttackTwo","PrismaMod:ChloeDiscardRecovery+1"],"picked":"PrismaMod:ChloeMordred+1","floor":36},{"not_picked":["PrismaMod:ChloeCheapAttackTwo+1","PrismaMod:ChloeChristmas+1"],"picked":"PrismaMod:ChloeCheapDefendTwo+1","floor":36},{"not_picked":["ReplayTheSpireMod:Uncanny Aura","ReplayTheSpireMod:Private Reserves"],"picked":"Apotheosis","floor":38},{"not_picked":["PrismaMod:ChloeCommonAOEAttack","PrismaMod:ChloeCheapDefendTwo"],"picked":"PrismaMod:ChloeEyeOfTheEuryale","floor":39},{"not_picked":["PrismaMod:ChloeCheapDefend+1","PrismaMod:ChloeCheapDefendTwo","PrismaMod:ChloeExhaustOne+1"],"picked":"SKIP","floor":40},{"not_picked":["PrismaMod:ChloeExhaustTwo","PrismaMod:ChloeMordred"],"picked":"PrismaMod:ChloeChristmas","floor":45},{"not_picked":["PrismaMod:ChloeCheapAttackTwo+1","PrismaMod:ChloeDiscardRecovery+1","PrismaMod:ChloeGaeBolg"],"picked":"SKIP","floor":47},{"not_picked":["PrismaMod:ChloeCheapAttack","PrismaMod:ChloeChristmas+1"],"picked":"PrismaMod:ChloeUncommonAttack+1","floor":48}],"player_experience":365849,"relics_obtained":[{"floor":6,"key":"Potion Belt"},{"floor":8,"key":"Replay:Rubber Ducky"},{"floor":9,"key":"Snack Pack"},{"floor":11,"key":"Ancient Tea Set"},{"floor":26,"key":"Gremlin Food"},{"floor":27,"key":"Ccalipers"},{"floor":30,"key":"conspire:Flyswatter"},{"floor":32,"key":"MagicDraw1"},{"floor":36,"key":"Replay:Baseball"},{"floor":40,"key":"Centennial Puzzle"},{"floor":43,"key":"AnarchistCookbook"},{"floor":45,"key":"Anchor"},{"floor":48,"key":"Pet Ghost"}],"event_choices":[{"damage_healed":0,"gold_gain":0,"player_choice":"Grow","damage_taken":0,"max_hp_gain":0,"max_hp_loss":0,"event_name":"Living Wall","floor":4,"gold_loss":0,"cards_upgraded":["PrismaMod:ChloeRitsuka"]},{"cards_removed":["PrismaMod:ChloeCommonDefend"],"damage_healed":0,"gold_gain":0,"player_choice":"Purged","damage_taken":0,"max_hp_gain":0,"max_hp_loss":0,"event_name":"Purifier","floor":14,"gold_loss":0},{"damage_healed":0,"gold_gain":0,"player_choice":"Memory 1","damage_taken":0,"max_hp_gain":0,"max_hp_loss":0,"event_name":"SensoryStone","floor":38,"gold_loss":0},{"cards_removed":["PrismaMod:ChloeCommonDefend"],"damage_healed":0,"gold_gain":0,"player_choice":"Removed Skill","damage_taken":0,"max_hp_gain":0,"max_hp_loss":0,"event_name":"Falling","floor":41,"gold_loss":0}],"is_beta":false,"boss_relics":[{"not_picked":["ChewingGum","Honey Jar"],"picked":"Painkiller Herb"},{"not_picked":[]},{"not_picked":["AddBug","conspire:SlowCooker"],"picked":"ReplayTheSpireMod:DimensionalGlitch"},{"not_picked":[]}],"items_purged_floors":[12],"is_endless":false,"potions_floor_spawned":[5,8,16,18,20,22,24,27,39,40,48],"ascension_level":0}}