{"host":"5ezk7t18wcb10u1o","time":1613844832,"event":{"mods":["BaseMod","Bestiary","Colored Powertips","Minty Spire (QoL Compilation)","Relic Sorter"],"gold_per_floor":[117,133,150,170,186,186,199,199,254,254,269,269,285,460,460,562,562,562,562,562,562,562,562,562],"floor_reached":23,"language":"ENG","playtime":1364,"items_purged":[],"score":302,"play_id":"853060c7-ef9b-4def-b84f-ff773e28c295","local_time":"20210220181352","is_ascension_mode":true,"campfire_choices":[{"floor":6.0,"key":"REST"},{"floor":8.0,"key":"REST"},{"data":"Neutralize","floor":12.0,"key":"SMITH"},{"floor":15.0,"key":"REST"}],"circlet_count":0,"master_deck":["AscendersBane","Strike_G","Strike_G","Strike_G","Defend_G","Defend_G","Defend_G","Defend_G","Defend_G","Survivor","Neutralize+1","PiercingWail","Dagger Spray","Catalyst","Riddle With Holes","Bouncing Flask","Deadly Poison","Glass Knife","Bouncing Flask","Doubt","Corpse Explosion","Sucker Punch+1","Backflip+1"],"relics":["Ectoplasm","Oddly Smooth Stone","Nloth\u0027s Gift"],"acts_visited":["Exordium","TheCity"],"potions_floor_usage":[20,20,20,20,21],"damage_taken":[{"damage":2.0,"enemies":"Small Slimes","floor":1.0,"turns":4.0},{"damage":4.0,"enemies":"Jaw Worm","floor":2.0,"turns":6.0},{"damage":5.0,"enemies":"Cultist","floor":3.0,"turns":5.0},{"damage":3.0,"enemies":"Gremlin Gang","floor":4.0,"turns":4.0},{"damage":35.0,"enemies":"Large Slime","floor":5.0,"turns":9.0},{"damage":14.0,"enemies":"Red Slaver","floor":7.0,"turns":3.0},{"damage":5.0,"enemies":"Looter","floor":11.0,"turns":3.0},{"damage":0.0,"enemies":"2 Fungi Beasts","floor":13.0,"turns":2.0},{"damage":10.0,"enemies":"The Guardian","floor":16.0,"turns":5.0},{"damage":18.0,"enemies":"Shell Parasite","floor":18.0,"turns":5.0},{"damage":8,"enemies":"Spheric Guardian","floor":20,"turns":4},{"damage":6,"enemies":"Snake Plant","floor":21,"turns":3},{"damage":0,"enemies":"Snecko","floor":22,"turns":4},{"damage":69,"enemies":"Gremlin Leader","floor":23,"turns":9}],"seed_played":"-8980276444105594221","potions_obtained":[{"floor":1.0,"key":"LiquidBronze"},{"floor":3.0,"key":"EssenceOfSteel"},{"floor":11.0,"key":"DistilledChaos"},{"floor":13.0,"key":"Poison Potion"},{"floor":18.0,"key":"EntropicBrew"},{"floor":20,"key":"FearPotion"},{"floor":22,"key":"FairyPotion"}],"is_trial":false,"path_per_floor":["M","M","M","M","M","R","M","R","T","?","M","R","M","?","R","B",null,"M","?","M","M","M","E"],"character_chosen":"THE_SILENT","items_purchased":[],"campfire_rested":3,"item_purchase_floors":[],"current_hp_per_floor":[61,57,52,49,14,35,21,42,42,42,37,37,37,37,58,48,65,47,47,39,33,33,0,0],"gold":562,"neow_bonus":"REMOVE_CARD","is_daily":false,"chose_seed":false,"campfire_upgraded":1,"win_rate":0.0,"timestamp":1613844832,"path_taken":["M","M","M","M","M","R","M","R","T","?","M","R","M","?","R","BOSS","M","?","?","M","M","E"],"items_purchased_type":[],"build_version":"2020-12-22","purchased_purges":0,"victory":false,"max_hp_per_floor":[70,70,70,70,70,70,70,70,70,70,70,70,70,70,70,70,70,70,70,70,70,70,70,70],"card_choices":[{"not_picked":["Accuracy","Sucker Punch"],"picked":"PiercingWail","floor":1.0},{"not_picked":["Poisoned Stab","Concentrate"],"picked":"Dagger Spray","floor":2.0},{"not_picked":["Masterful Stab","Accuracy"],"picked":"Catalyst","floor":3.0},{"not_picked":["Deflect","Acrobatics"],"picked":"Riddle With Holes","floor":4.0},{"not_picked":["Finisher","Backflip"],"picked":"Bouncing Flask","floor":5.0},{"not_picked":["Choke","Acrobatics"],"picked":"Deadly Poison","floor":7.0},{"not_picked":["Underhanded Strike","PiercingWail"],"picked":"Glass Knife","floor":11.0},{"not_picked":["Concentrate","Cloak And Dagger"],"picked":"Bouncing Flask","floor":13.0},{"not_picked":["Envenom","Storm of Steel"],"picked":"Corpse Explosion","floor":16.0},{"not_picked":["Deflect","Prepared+1"],"picked":"Sucker Punch+1","floor":18.0},{"not_picked":["Acrobatics","Prepared","Flechettes"],"picked":"SKIP","floor":20},{"not_picked":["Skewer","Reflex","Predator"],"picked":"SKIP","floor":21},{"not_picked":["Venomology","Cloak And Dagger+1"],"picked":"Backflip+1","floor":22}],"player_experience":1237547,"relics_obtained":[{"floor":9.0,"key":"Oddly Smooth Stone"}],"event_choices":[{"cards_removed":["Strike_G"],"damage_healed":0.0,"max_hp_gain":0.0,"max_hp_loss":0.0,"gold_gain":0.0,"event_name":"Living Wall","player_choice":"Forget","floor":10.0,"gold_loss":0.0,"damage_taken":0.0},{"damage_healed":0.0,"max_hp_gain":0.0,"max_hp_loss":0.0,"gold_gain":175.0,"event_name":"Liars Game","player_choice":"AGREE","floor":14.0,"gold_loss":0.0,"damage_taken":0.0,"cards_obtained":["Doubt"]},{"damage_healed":0.0,"max_hp_gain":0.0,"max_hp_loss":0.0,"gold_gain":0.0,"event_name":"N\u0027loth","player_choice":"Traded Relic","floor":19.0,"relics_lost":["Ring of the Snake"],"gold_loss":0.0,"damage_taken":0.0,"relics_obtained":["Nloth\u0027s Gift"]}],"is_beta":false,"boss_relics":[{"not_picked":["HoveringKite","Runic Pyramid"],"picked":"Ectoplasm"}],"items_purged_floors":[],"is_endless":false,"potions_floor_spawned":[1,3,11,13,18,20,22],"killed_by":"Gremlin Leader","ascension_level":12}}