{"host":"1a3cjta80tad0aqj","time":1613843785,"event":{"mods":["2.2 Compatiblity","AchievementEnabler","BaseMod","Colored Map","DeckTracker","KOR Keyword Fix","Keyboard Shortcuts","Minty Spire (QoL Compilation)","Permanent Neow","Quick Restart","Random Character Button","StSLib","SuperFastMode","everything is the same but u backflip on backflip"],"gold_per_floor":[115,9,9,9,22,22,53,53,80,106,106,123,142,160,160,263,263,279,194,206,225,225,225,225,242,242,242,257,277,72,100,100,200,200,219,219,14,64,84,84,118,118,144,104,0,0,16,35,35,35,35],"floor_reached":50,"language":"KOR","playtime":2745,"items_purged":["Bash"],"score":823,"play_id":"b051c31b-d3ca-4390-8285-217c7e505974","local_time":"20210221025625","is_ascension_mode":true,"campfire_choices":[{"data":"Seeing Red","floor":6.0,"key":"SMITH"},{"floor":8.0,"key":"REST"},{"floor":11.0,"key":"REST"},{"data":"Perfected Strike","floor":15.0,"key":"SMITH"},{"floor":23.0,"key":"REST"},{"data":"Second Wind","floor":27.0,"key":"SMITH"},{"data":"Armaments","floor":32.0,"key":"SMITH"},{"data":"Whirlwind","floor":40.0,"key":"SMITH"},{"data":"Perfected Strike","floor":42,"key":"SMITH"},{"data":"Inflame","floor":46,"key":"SMITH"},{"floor":49,"key":"REST"}],"circlet_count":0,"master_deck":["Strike_R","Strike_R+1","Strike_R","Strike_R","Strike_R","Defend_R+1","Defend_R+1","Inflame+1","Seeing Red+1","Flex","Twin Strike+1","Pommel Strike","Perfected Strike+1","Armaments+1","Perfected Strike+1","Offering","Infernal Blade+1","Headbutt+1","Second Wind+1","Shockwave+1","Whirlwind+1","Shrug It Off","Demon Form","Shrug It Off+1","Heavy Blade+1","Disarm+1"],"relics":["Burning Blood","Bag of Marbles","Omamori","Bag of Preparation","Eternal Feather","SacredBark","War Paint","Pear","Membership Card","Regal Pillow","Empty Cage","Potion Belt","Cauldron","TungstenRod","StrikeDummy","MealTicket","Whetstone"],"acts_visited":["Exordium","TheCity","TheBeyond"],"potions_floor_usage":[41,41,50,50],"damage_taken":[{"damage":15.0,"enemies":"Small Slimes","floor":1.0,"turns":6.0},{"damage":5.0,"enemies":"2 Louse","floor":5.0,"turns":3.0},{"damage":57.0,"enemies":"Lagavulin","floor":7.0,"turns":8.0},{"damage":35.0,"enemies":"3 Sentries","floor":10.0,"turns":10.0},{"damage":0.0,"enemies":"Jaw Worm","floor":12.0,"turns":1.0},{"damage":0.0,"enemies":"2 Fungi Beasts","floor":13.0,"turns":1.0},{"damage":0.0,"enemies":"Lots of Slimes","floor":14.0,"turns":2.0},{"damage":56.0,"enemies":"Hexaghost","floor":16.0,"turns":8.0},{"damage":8.0,"enemies":"Chosen","floor":18.0,"turns":3.0},{"damage":18.0,"enemies":"2 Thieves","floor":20.0,"turns":3.0},{"damage":37.0,"enemies":"Snecko","floor":21.0,"turns":4.0},{"damage":9.0,"enemies":"Centurion and Healer","floor":25.0,"turns":4.0},{"damage":6.0,"enemies":"Snake Plant","floor":28.0,"turns":1.0},{"damage":9.0,"enemies":"Cultist and Chosen","floor":29.0,"turns":3.0},{"damage":6.0,"enemies":"Gremlin Leader","floor":31.0,"turns":3.0},{"damage":103.0,"enemies":"Automaton","floor":33.0,"turns":9.0},{"damage":6.0,"enemies":"3 Shapes","floor":35.0,"turns":3.0},{"damage":6.0,"enemies":"Mind Bloom Boss Battle","floor":38.0,"turns":6.0},{"damage":23.0,"enemies":"3 Darklings","floor":39.0,"turns":8.0},{"damage":16,"enemies":"Giant Head","floor":41,"turns":5},{"damage":52,"enemies":"Spire Growth","floor":47,"turns":5},{"damage":32,"enemies":"Transient","floor":48,"turns":5},{"damage":209,"enemies":"Awakened One","floor":50,"turns":20}],"seed_played":"4873730691044011130","potions_obtained":[{"floor":1.0,"key":"CultistPotion"},{"floor":7.0,"key":"Swift Potion"},{"floor":12.0,"key":"Ancient Potion"},{"floor":14.0,"key":"DuplicationPotion"},{"floor":18.0,"key":"Regen Potion"},{"floor":33.0,"key":"PowerPotion"},{"floor":35.0,"key":"Ancient Potion"},{"floor":37.0,"key":"Fruit Juice"},{"floor":37.0,"key":"GamblersBrew"},{"floor":37.0,"key":"Ancient Potion"},{"floor":39.0,"key":"SteroidPotion"},{"floor":48,"key":"DistilledChaos"}],"is_trial":false,"path_per_floor":["M","$","?","?","M","R","E","R","T","E","R","M","M","M","R","B",null,"M","?","M","M","?","R","?","M","T","R","M","M","$","E","R","B",null,"M","?","$","?","M","R","E","R","T","?","$","R","M","M","R","B"],"character_chosen":"IRONCLAD","items_purchased":["Seeing Red","Flex","Membership Card","Whirlwind","FairyPotion","Potion Belt","Cauldron","Whetstone","BloodPotion"],"campfire_rested":4,"item_purchase_floors":[2,2,30,30,37,37,37,45,45],"current_hp_per_floor":[63,63,63,68,69,69,18,43,43,14,48,54,60,66,75,25,70,68,68,56,25,25,62,62,59,69,81,81,78,78,78,90,20,76,76,76,86,86,69,84,74,89,89,89,104,105,59,33,94,0,0],"gold":35,"neow_bonus":"RANDOM_COMMON_RELIC","is_daily":false,"chose_seed":false,"campfire_upgraded":7,"win_rate":0.0,"timestamp":1613843785,"path_taken":["M","$","?","?","M","R","E","R","T","E","R","M","M","M","R","BOSS","M","?","M","M","?","R","?","M","T","R","M","M","$","E","R","BOSS","M","?","$","?","M","R","E","R","T","?","$","R","M","?","R","BOSS"],"items_purchased_type":["Card","Card","Relic","Card","Potion","Relic","Relic","Relic","Potion"],"build_version":"2020-12-22","purchased_purges":1,"victory":false,"max_hp_per_floor":[80,80,80,85,85,85,85,85,85,85,85,85,85,85,85,85,85,85,85,85,85,85,85,85,85,95,95,95,95,95,95,95,95,95,95,95,105,105,105,105,105,105,105,105,105,105,105,105,105,105,105],"card_choices":[{"not_picked":["Sentinel","Carnage"],"picked":"Inflame","floor":1.0},{"not_picked":["Anger","Disarm"],"picked":"Twin Strike","floor":5.0},{"not_picked":["Iron Wave","Reckless Charge","Twin Strike"],"picked":"SKIP","floor":7.0},{"not_picked":["Blood for Blood","Twin Strike"],"picked":"Pommel Strike","floor":10.0},{"not_picked":["Headbutt","Battle Trance"],"picked":"Perfected Strike","floor":12.0},{"not_picked":["Thunderclap","Headbutt"],"picked":"Armaments","floor":13.0},{"not_picked":["Combust","Feel No Pain"],"picked":"Perfected Strike","floor":14.0},{"not_picked":["Immolate","Brutality"],"picked":"Offering","floor":16.0},{"not_picked":["Clothesline","Reckless Charge+1"],"picked":"Infernal Blade+1","floor":18.0},{"not_picked":["Clash","Body Slam"],"picked":"Headbutt","floor":20.0},{"not_picked":["Armaments","Clash","Entrench"],"picked":"SKIP","floor":21.0},{"not_picked":["Headbutt","Sword Boomerang+1","Twin Strike"],"picked":"SKIP","floor":25.0},{"not_picked":["Pommel Strike+1","Body Slam"],"picked":"Shockwave","floor":28.0},{"not_picked":["Headbutt","Evolve","Havoc"],"picked":"SKIP","floor":29.0},{"not_picked":["Havoc","Blood for Blood"],"picked":"Shrug It Off","floor":31.0},{"not_picked":["Brutality","Corruption"],"picked":"Demon Form","floor":33.0},{"not_picked":["Flex","Shockwave+1"],"picked":"Shrug It Off+1","floor":35.0},{"not_picked":["Rage","Havoc"],"picked":"Heavy Blade+1","floor":38.0},{"not_picked":["Infernal Blade+1","Havoc+1","Second Wind+1"],"picked":"SKIP","floor":39.0},{"not_picked":["Demon Form","Iron Wave"],"picked":"Disarm+1","floor":41},{"not_picked":["Havoc","Twin Strike","Sentinel"],"picked":"SKIP","floor":47},{"not_picked":["Wild Strike","Reckless Charge","Second Wind+1"],"picked":"SKIP","floor":48}],"player_experience":890960,"relics_obtained":[{"floor":7.0,"key":"Omamori"},{"floor":9.0,"key":"Bag of Preparation"},{"floor":10.0,"key":"Eternal Feather"},{"floor":26.0,"key":"Pear"},{"floor":31.0,"key":"Regal Pillow"},{"floor":38.0,"key":"TungstenRod"},{"floor":41,"key":"StrikeDummy"},{"floor":43,"key":"MealTicket"}],"event_choices":[{"damage_healed":0.0,"max_hp_gain":0.0,"max_hp_loss":0.0,"gold_gain":0.0,"event_name":"Scrap Ooze","player_choice":"Fled","floor":3.0,"gold_loss":0.0,"damage_taken":0.0},{"damage_healed":0.0,"max_hp_gain":5.0,"max_hp_loss":0.0,"gold_gain":0.0,"event_name":"Big Fish","player_choice":"Donut","floor":4.0,"gold_loss":0.0,"damage_taken":0.0},{"damage_healed":0.0,"max_hp_gain":0.0,"max_hp_loss":0.0,"gold_gain":0.0,"event_name":"Addict","player_choice":"Obtained Relic","floor":19.0,"gold_loss":85.0,"damage_taken":0.0,"relics_obtained":["War Paint"]},{"damage_healed":0.0,"max_hp_gain":0.0,"max_hp_loss":0.0,"gold_gain":0.0,"event_name":"Ghosts","player_choice":"Ignored","floor":22.0,"gold_loss":0.0,"damage_taken":0.0},{"damage_healed":0.0,"max_hp_gain":0.0,"max_hp_loss":0.0,"gold_gain":0.0,"event_name":"The Library","player_choice":"Read","floor":24.0,"gold_loss":0.0,"damage_taken":0.0,"cards_obtained":["Second Wind"]},{"damage_healed":0.0,"max_hp_gain":0.0,"max_hp_loss":0.0,"gold_gain":0.0,"event_name":"Mysterious Sphere","player_choice":"Ignored","floor":36.0,"gold_loss":0.0,"damage_taken":0.0},{"damage_healed":0.0,"max_hp_gain":0.0,"max_hp_loss":0.0,"gold_gain":0.0,"event_name":"MindBloom","player_choice":"Fight","floor":38.0,"gold_loss":0.0,"damage_taken":0.0},{"damage_healed":0,"gold_gain":0,"player_choice":"Upgraded Two","damage_taken":0,"max_hp_gain":0,"max_hp_loss":0,"event_name":"Designer","floor":44,"gold_loss":40,"cards_upgraded":["Shockwave","Twin Strike"]}],"is_beta":false,"boss_relics":[{"not_picked":["Runic Pyramid","Velvet Choker"],"picked":"SacredBark"},{"not_picked":["Busted Crown","Black Star"],"picked":"Empty Cage"}],"items_purged_floors":[30],"is_endless":false,"potions_floor_spawned":[1,7,12,14,18,20,21,33,35,39,48],"killed_by":"Awakened One","ascension_level":9}}