{"host":"2se5dq1do2gp0x9k","time":1613797325,"event":{"mods":["AchievementEnabler","BaseMod","Block Reminder","Colored Map","Colored Powertips","Minty Spire (QoL Compilation)","Relic Stats","StSLib","SuperFastMode"],"gold_per_floor":[118,193,76,76,89,118,118,132,132,132,3,32,49,66,66,143,143,156,81,81,56,73,73,73],"floor_reached":23,"language":"ENG","playtime":956,"items_purged":["Strike_B","Strike_B"],"score":402,"play_id":"2f0cbb01-6597-47cb-8e91-6b40d8a262c2","local_time":"20210219210205","is_ascension_mode":true,"campfire_choices":[{"data":"Sunder","floor":7,"key":"SMITH"},{"data":"Beam Cell","floor":10,"key":"SMITH"},{"floor":15,"key":"REST"}],"circlet_count":0,"master_deck":["AscendersBane","Strike_B","Strike_B","Defend_B","Defend_B","Defend_B","Zap","Dualcast","Amplify","Turbo","Sunder+1","Ball Lightning","Coolheaded","Beam Cell+1","Coolheaded","Fission","Go for the Eyes","Glacier","Electrodynamics","Glacier","Consume","Cold Snap"],"relics":["Cracked Core","Blue Candle","Ornamental Fan","InkBottle","Black Star"],"acts_visited":["Exordium","TheCity"],"potions_floor_usage":[6,12,13,23],"damage_taken":[{"damage":3,"enemies":"2 Louse","floor":1,"turns":2},{"damage":12,"enemies":"Jaw Worm","floor":5,"turns":3},{"damage":39,"enemies":"Gremlin Nob","floor":6,"turns":4},{"damage":0,"enemies":"Cultist","floor":8,"turns":3},{"damage":11,"enemies":"3 Sentries","floor":12,"turns":9},{"damage":0,"enemies":"Exordium Wildlife","floor":13,"turns":6},{"damage":0,"enemies":"3 Louse","floor":14,"turns":2},{"damage":16,"enemies":"Slime Boss","floor":16,"turns":9},{"damage":13,"enemies":"3 Byrds","floor":18,"turns":5},{"damage":11,"enemies":"2 Thieves","floor":21,"turns":4},{"damage":19,"enemies":"Centurion and Healer","floor":22,"turns":6},{"damage":16,"enemies":"Book of Stabbing","floor":23,"turns":2}],"seed_played":"5336411616183392964","potions_obtained":[{"floor":5,"key":"SteroidPotion"},{"floor":6,"key":"FearPotion"},{"floor":12,"key":"Block Potion"},{"floor":18,"key":"PowerPotion"},{"floor":22,"key":"PotionOfCapacity"}],"is_trial":false,"path_per_floor":["M","?","$","?","M","E","R","M","T","R","$","E","M","M","R","B",null,"M","?","$","M","M","E"],"character_chosen":"DEFECT","items_purchased":["Sunder","Coolheaded"],"campfire_rested":1,"item_purchase_floors":[3,11],"current_hp_per_floor":[61,50,50,71,59,20,20,20,20,20,20,9,9,9,30,14,57,44,44,44,33,14,0,0],"gold":73,"neow_bonus":"ONE_RANDOM_RARE_CARD","is_daily":false,"chose_seed":false,"campfire_upgraded":2,"win_rate":0.0,"timestamp":1613797325,"path_taken":["M","?","$","?","M","E","R","M","T","R","$","E","M","M","R","BOSS","M","?","$","M","M","E"],"items_purchased_type":["Card","Card"],"build_version":"2020-12-22","purchased_purges":2,"victory":false,"max_hp_per_floor":[71,71,71,71,71,71,71,71,71,71,71,71,71,71,71,71,71,71,71,71,71,71,71,71],"relic_stats":{"counters":[12,55],"Ornamental Fan":[28],"Blue Candle":[0],"Black Star":0,"obtain_stats":[{"Ornamental Fan":9,"Blue Candle":6,"Black Star":17,"Cracked Core":0,"InkBottle":12},{"Ornamental Fan":4,"Blue Candle":3,"Black Star":8,"Cracked Core":0,"InkBottle":5},{"Ornamental Fan":12,"Blue Candle":9,"Black Star":38,"Cracked Core":0,"InkBottle":21}],"InkBottle":[10]},"card_choices":[{"not_picked":["Steam","Scrape"],"picked":"Turbo","floor":1},{"not_picked":["Leap","Rebound"],"picked":"Ball Lightning","floor":5},{"not_picked":["Ball Lightning","Double Energy"],"picked":"Coolheaded","floor":6},{"not_picked":["Hyperbeam","Steam"],"picked":"Beam Cell","floor":8},{"not_picked":["Stack","Ball Lightning"],"picked":"Fission","floor":12},{"not_picked":["Leap","White Noise"],"picked":"Go for the Eyes","floor":13},{"not_picked":["Sweeping Beam","Aggregate"],"picked":"Glacier","floor":14},{"not_picked":["Amplify","Multi-Cast"],"picked":"Electrodynamics","floor":16},{"not_picked":["Sweeping Beam","Stack"],"picked":"Glacier","floor":18},{"not_picked":["Reinforced Body+1","Conserve Battery"],"picked":"Consume","floor":21},{"not_picked":["Leap","Static Discharge"],"picked":"Cold Snap","floor":22}],"player_experience":4081293,"relics_obtained":[{"floor":6,"key":"Blue Candle"},{"floor":9,"key":"Ornamental Fan"},{"floor":12,"key":"InkBottle"}],"event_choices":[{"damage_healed":0,"gold_gain":75,"player_choice":"Gather Gold","damage_taken":11,"max_hp_gain":0,"max_hp_loss":0,"event_name":"World of Goop","floor":2,"gold_loss":0},{"damage_healed":21,"gold_gain":0,"player_choice":"Full Heal","damage_taken":0,"max_hp_gain":0,"max_hp_loss":0,"event_name":"Wheel of Change","floor":4,"gold_loss":0},{"cards_removed":["Defend_B"],"damage_healed":0,"gold_gain":0,"player_choice":"Gave Gold","damage_taken":0,"max_hp_gain":0,"max_hp_loss":0,"event_name":"Beggar","floor":19,"gold_loss":75}],"is_beta":false,"boss_relics":[{"not_picked":["Busted Crown","Tiny House"],"picked":"Black Star"}],"items_purged_floors":[3,11],"is_endless":false,"potions_floor_spawned":[5,6,12,18,22],"killed_by":"Book of Stabbing","ascension_level":20}}