{"host":"dmal3j0a0nl2rdne","time":1613810586,"event":{"mods":["BaseMod","Downfall","Hunter 猎人","Minty Spire (QoL Compilation)","READ ME - Guardian Mod","Replay The Spire","StSLib","The Bladedancer","残留之物","篝火指南"],"gold_per_floor":[115,133,133,113,129,139,139,139,150,170,170,170,170],"floor_reached":12,"language":"ZHS","playtime":316,"items_purged":[],"score":72,"play_id":"78aed010-2272-4cee-ab65-7f0dc5d4dc09","local_time":"20210220164306","is_ascension_mode":false,"campfire_choices":[],"circlet_count":0,"master_deck":["PlaceholderMod:BaseStrike","PlaceholderMod:BaseStrike","PlaceholderMod:BaseStrike","PlaceholderMod:BaseStrike","PlaceholderMod:BaseStrike","PlaceholderMod:BaseDefend","PlaceholderMod:BaseDefend","PlaceholderMod:BaseDefend","PlaceholderMod:BaseDefend","PlaceholderMod:BaseDefend","PlaceholderMod:Crystal+1","PlaceholderMod:PoisonWhip+1","PlaceholderMod:SpinBlade","PlaceholderMod:TriggerStrike","PlaceholderMod:Package","PlaceholderMod:Colorful","PlaceholderMod:InnerSoften","PlaceholderMod:Sweep"],"relics":["PlaceholderMod:Tancle","NeowsBlessing","The Courier"],"acts_visited":["Exordium"],"potions_floor_usage":[12,12],"damage_taken":[{"damage":0.0,"enemies":"Cultist","floor":1.0,"turns":1.0},{"damage":0.0,"enemies":"Small Slimes","floor":2.0,"turns":1.0},{"damage":0.0,"enemies":"2 Louse","floor":5.0,"turns":1.0},{"damage":20.0,"enemies":"Exordium Thugs","floor":6.0,"turns":4.0},{"damage":34.0,"enemies":"Gremlin Gang","floor":9.0,"turns":3.0},{"damage":4.0,"enemies":"Blue Slaver","floor":10.0,"turns":4.0},{"damage":13,"enemies":"Lagavulin","floor":12,"turns":3}],"seed_played":"3157587043709877987","potions_obtained":[{"floor":2.0,"key":"Guardian:BlockOnCardUsePotion"},{"floor":4.0,"key":"PlaceholderMod:PlaceholderPotion"}],"is_trial":false,"path_per_floor":["M","M","?","?","M","M","PTL","PTL","M","M","T","E"],"character_chosen":"THE_PLACEHOLDER","items_purchased":[],"campfire_rested":0,"item_purchase_floors":[],"current_hp_per_floor":[78,78,62,62,62,42,42,42,8,4,4,0,0],"gold":170,"neow_bonus":"THREE_ENEMY_KILL","is_daily":false,"chose_seed":false,"campfire_upgraded":0,"win_rate":0.0,"timestamp":1613810586,"path_taken":["M","?","?","?","?","M","PTL","PTL","M","M","T","E"],"items_purchased_type":[],"build_version":"2020-12-22","purchased_purges":0,"victory":false,"max_hp_per_floor":[78,78,78,78,78,78,78,78,78,78,78,78,78],"card_choices":[{"not_picked":["PlaceholderMod:ProliferateStrike","PlaceholderMod:UnpureUse"],"picked":"PlaceholderMod:SpinBlade","floor":1.0},{"not_picked":["PlaceholderMod:HardStinger","PlaceholderMod:SeverePoisonStrike"],"picked":"PlaceholderMod:TriggerStrike","floor":2.0},{"not_picked":["PlaceholderMod:DirectingGroup","PlaceholderMod:HardStrike"],"picked":"PlaceholderMod:Package","floor":5.0},{"not_picked":["PlaceholderMod:Break","PlaceholderMod:SevereHeat"],"picked":"PlaceholderMod:Colorful","floor":6.0},{"not_picked":["PlaceholderMod:ParasiteChange","PlaceholderMod:Internalization"],"picked":"PlaceholderMod:InnerSoften","floor":9.0},{"not_picked":["PlaceholderMod:OHStrongAttack","PlaceholderMod:StressReaction"],"picked":"PlaceholderMod:Sweep","floor":10.0}],"player_experience":96499,"relics_obtained":[{"floor":11,"key":"The Courier"}],"event_choices":[{"damage_healed":0.0,"max_hp_gain":0.0,"max_hp_loss":0.0,"gold_gain":0.0,"event_name":"Shining Light","player_choice":"Entered Light","floor":3.0,"gold_loss":0.0,"damage_taken":16.0,"cards_upgraded":["PlaceholderMod:PoisonWhip","PlaceholderMod:Crystal"]},{"damage_healed":0.0,"max_hp_gain":0.0,"max_hp_loss":0.0,"gold_gain":0.0,"event_name":"The Woman in Blue","player_choice":"Bought 1 Potion","floor":4.0,"gold_loss":0.0,"damage_taken":0.0}],"is_beta":false,"boss_relics":[],"items_purged_floors":[],"is_endless":false,"potions_floor_spawned":[2],"killed_by":"Lagavulin","ascension_level":0}}