{"host":"d52brwsy6af8zvaq","time":1613792658,"event":{"mods":["AchievementEnabler","BaseMod","Bestiary","Highlight Path","Minty Spire (QoL Compilation)","Quick Restart","Relic Stats","ojb\u0027s Better Paths Mod"],"gold_per_floor":[117,127,196,45,95,95,114,139,139,173,173,188,221,231,231,231,231],"floor_reached":16,"language":"ENG","playtime":394,"items_purged":[],"score":265,"play_id":"b6aa4736-d77d-4a8e-b9aa-cc3322821bca","local_time":"20210219204418","is_ascension_mode":true,"campfire_choices":[{"data":"Defragment","floor":6.0,"key":"SMITH"},{"data":"Sunder","floor":11.0,"key":"SMITH"},{"data":"Tempest","floor":15.0,"key":"SMITH"}],"circlet_count":0,"master_deck":["AscendersBane","Strike_B","Strike_B","Strike_B","Strike_B","Defend_B","Defend_B","Defend_B","Defend_B","Zap","Dualcast","Tempest+1","Gash","Defragment+1","Sunder+1","Gash","Capacitor","Gash","Gash"],"relics":["Cracked Core","Meat on the Bone","HornCleat","Tiny Chest","Ginger","Dream Catcher"],"acts_visited":["Exordium"],"potions_floor_usage":[16],"damage_taken":[{"damage":2.0,"enemies":"Cultist","floor":1.0,"turns":4.0},{"damage":0.0,"enemies":"Small Slimes","floor":2.0,"turns":2.0},{"damage":2.0,"enemies":"Jaw Worm","floor":7.0,"turns":3.0},{"damage":13.0,"enemies":"Gremlin Nob","floor":8.0,"turns":3.0},{"damage":26.0,"enemies":"3 Sentries","floor":10.0,"turns":7.0},{"damage":17.0,"enemies":"Exordium Wildlife","floor":12.0,"turns":3.0},{"damage":25.0,"enemies":"Lagavulin","floor":13.0,"turns":5.0},{"damage":1.0,"enemies":"Lots of Slimes","floor":14.0,"turns":3.0},{"damage":37,"enemies":"The Guardian","floor":16,"turns":7}],"seed_played":"-6723014406424439816","potions_obtained":[{"floor":1.0,"key":"LiquidBronze"},{"floor":7.0,"key":"Ancient Potion"},{"floor":13.0,"key":"Fire Potion"}],"is_trial":false,"path_per_floor":["M","M","T","$","?","R","M","E","T","E","R","M","E","M","R","B"],"character_chosen":"DEFECT","items_purchased":["Defragment","Sunder"],"campfire_rested":0,"item_purchase_floors":[4,4],"current_hp_per_floor":[69,69,69,69,69,69,67,54,54,40,40,35,22,33,33,0,0],"gold":231,"neow_bonus":"TEN_PERCENT_HP_BONUS","is_daily":false,"chose_seed":false,"campfire_upgraded":3,"win_rate":0.0,"timestamp":1613792658,"path_taken":["M","M","?","$","?","R","M","E","T","E","R","?","E","M","R","BOSS"],"items_purchased_type":["Card","Card"],"build_version":"2020-12-22","purchased_purges":0,"victory":false,"max_hp_per_floor":[78,78,78,78,78,78,78,78,78,78,78,78,78,78,78,78,78],"relic_stats":{"Dream Catcher":0,"counters":[9,37],"Tiny Chest":0,"Ginger":[2],"obtain_stats":[{"Dream Catcher":13,"HornCleat":8,"Tiny Chest":9,"Ginger":10,"Cracked Core":0,"Meat on the Bone":3},{"Dream Catcher":7,"HornCleat":4,"Tiny Chest":4,"Ginger":5,"Cracked Core":0,"Meat on the Bone":2},{"Dream Catcher":27,"HornCleat":12,"Tiny Chest":12,"Ginger":19,"Cracked Core":0,"Meat on the Bone":6}],"Meat on the Bone":48},"card_choices":[{"not_picked":["Conserve Battery","Hologram"],"picked":"Tempest","floor":1.0},{"not_picked":["Genetic Algorithm","Hello World"],"picked":"Gash","floor":2.0},{"not_picked":["Undo","Beam Cell"],"picked":"Gash","floor":7.0},{"not_picked":["Thunder Strike","Conserve Battery"],"picked":"Capacitor","floor":8.0},{"not_picked":["Sunder","Darkness","Heatsinks"],"picked":"SKIP","floor":10.0},{"not_picked":["Steam","Barrage"],"picked":"Gash","floor":12.0},{"not_picked":["Fusion","Steam Power","Stack"],"picked":"SKIP","floor":13.0},{"not_picked":["Leap","Coolheaded"],"picked":"Gash","floor":14.0}],"player_experience":2315923,"relics_obtained":[{"floor":3.0,"key":"Meat on the Bone"},{"floor":8.0,"key":"HornCleat"},{"floor":9.0,"key":"Tiny Chest"},{"floor":10.0,"key":"Ginger"},{"floor":13.0,"key":"Dream Catcher"}],"event_choices":[{"damage_healed":0.0,"max_hp_gain":0.0,"max_hp_loss":0.0,"gold_gain":50.0,"event_name":"Golden Wing","player_choice":"Gained Gold","floor":5.0,"gold_loss":0.0,"damage_taken":0.0}],"is_beta":false,"boss_relics":[],"items_purged_floors":[],"is_endless":false,"potions_floor_spawned":[1,7,13,14],"killed_by":"The Guardian","ascension_level":20}}