{"host":"v86vpwf004p2esb7","time":1613801415,"event":{"mods":["AchievementEnabler","BaseMod","BetterRewards","Colored Powertips","Minty Spire (QoL Compilation)","Quick Restart","StSLib","Transform Curses"],"gold_per_floor":[117,132,148,163,111,111,136,151,151,128,144,178,202,212,212,316,316,331,77,91,91,91,122,122,153,177,210,210,309,65,30,30,130,130,146,0,0,14,26,26,51,63,157,169,169],"floor_reached":44,"language":"ENG","playtime":1624,"items_purged":[],"score":630,"play_id":"db6e664a-2317-4c4d-b7e0-6c1bf40eebc6","local_time":"20210219221015","is_ascension_mode":true,"campfire_choices":[{"data":"Rage","floor":6.0,"key":"SMITH"},{"data":"Havoc","floor":15,"key":"SMITH"},{"data":"Barricade","floor":24,"key":"SMITH"},{"floor":28,"key":"RECALL"},{"floor":32,"key":"REST"},{"data":"Fire Breathing","floor":40,"key":"SMITH"}],"circlet_count":0,"master_deck":["Strike_R","Strike_R","Strike_R","Strike_R","Strike_R","Defend_R","Defend_R","Defend_R","Defend_R","Bash","Rage+1","Iron Wave","Spot Weakness","Iron Wave","Havoc","Exhume","Havoc+1","Anger","Sword Boomerang","Cleave","Body Slam","Cleave","Body Slam","Flex","Barricade+1","Dual Wield","Iron Wave","Fire Breathing+1","Reaper","Flex+1","Heavy Blade","Flex+1","Second Wind+1"],"relics":["Burning Blood","Red Skull","HandDrill","Pen Nib","Thread and Needle","Tiny Chest","Akabeko","Boot","Mark of Pain","Bottled Flame","Turnip","Torii","Art of War","Toy Ornithopter","Lantern","Question Card","Philosopher\u0027s Stone","Red Mask","Kunai","MawBank","White Beast Statue"],"acts_visited":["Exordium","TheCity","TheBeyond"],"potions_floor_usage":[23,23,27,33,33,39,41,41],"damage_taken":[{"damage":0.0,"enemies":"Cultist","floor":1.0,"turns":4.0},{"damage":0.0,"enemies":"2 Louse","floor":2.0,"turns":3.0},{"damage":0.0,"enemies":"Jaw Worm","floor":3.0,"turns":3.0},{"damage":5.0,"enemies":"Looter","floor":4.0,"turns":3.0},{"damage":18.0,"enemies":"Lagavulin","floor":7.0,"turns":8.0},{"damage":0.0,"enemies":"2 Fungi Beasts","floor":8.0,"turns":4.0},{"damage":0.0,"enemies":"Exordium Wildlife","floor":11.0,"turns":2.0},{"damage":19,"enemies":"3 Sentries","floor":12,"turns":6},{"damage":0,"enemies":"Red Slaver","floor":14,"turns":3},{"damage":24,"enemies":"Hexaghost","floor":16,"turns":7},{"damage":3,"enemies":"Chosen","floor":18,"turns":4},{"damage":0,"enemies":"Shell Parasite","floor":20,"turns":3},{"damage":29,"enemies":"Book of Stabbing","floor":23,"turns":5},{"damage":26,"enemies":"Gremlin Leader","floor":25,"turns":6},{"damage":32,"enemies":"Book of Stabbing","floor":27,"turns":5},{"damage":45,"enemies":"Champ","floor":33,"turns":12},{"damage":27,"enemies":"Orb Walker","floor":35,"turns":5},{"damage":0,"enemies":"3 Shapes","floor":38,"turns":1},{"damage":31,"enemies":"Jaw Worm Horde","floor":39,"turns":5},{"damage":56,"enemies":"Nemesis","floor":41,"turns":7},{"damage":63,"enemies":"Giant Head","floor":44,"turns":6}],"seed_played":"8553281206091133433","potions_obtained":[{"floor":2.0,"key":"DistilledChaos"},{"floor":4.0,"key":"Weak Potion"},{"floor":8.0,"key":"SkillPotion"},{"floor":23,"key":"BloodPotion"},{"floor":25,"key":"BloodPotion"},{"floor":27,"key":"Dexterity Potion"},{"floor":35,"key":"SneckoOil"},{"floor":39,"key":"Block Potion"}],"is_trial":false,"path_per_floor":["M","M","M","M","$","R","E","M","T","$","M","E","T","M","R","B",null,"M","$","M","?","T","E","R","E","T","E","R","?","$","$","R","B",null,"M","?","T","M","M","R","E","$","T","E"],"character_chosen":"IRONCLAD","items_purchased":["Red Skull","HandDrill","Pen Nib","Rage","Iron Wave","Thread and Needle","Havoc","Cleave","Bottled Flame","Question Card","Fire Breathing"],"campfire_rested":1,"item_purchase_floors":[0,0,0,0,0,0,5,10,19,30,31],"current_hp_per_floor":[50,56,62,63,63,63,51,57,57,57,63,50,50,56,56,38,70,73,73,79,90,90,67,67,47,47,26,26,26,26,26,53,42,78,62,62,62,68,53,53,35,35,35,0,0],"gold":169,"neow_bonus":"","is_daily":false,"chose_seed":false,"campfire_upgraded":4,"win_rate":0.0,"timestamp":1613801415,"path_taken":["M","M","M","M","?","R","E","?","T","$","M","E","?","M","R","BOSS","M","$","M","?","?","E","R","E","T","E","R","?","?","$","R","BOSS","M","?","?","M","M","R","E","?","T","E"],"items_purchased_type":["Relic","Relic","Relic","Card","Card","Relic","Card","Card","Relic","Relic","Card"],"build_version":"2020-12-22","purchased_purges":0,"victory":false,"max_hp_per_floor":[80,80,80,80,80,80,80,80,80,80,80,80,80,80,80,80,80,80,80,80,90,90,90,90,90,90,90,90,90,90,90,90,90,90,90,90,90,90,90,90,90,90,90,90,90],"card_choices":[{"not_picked":["Perfected Strike","Shrug It Off"],"picked":"Spot Weakness","floor":1.0},{"not_picked":["Clash","Twin Strike"],"picked":"Iron Wave","floor":2.0},{"not_picked":["Rupture","Clash"],"picked":"Havoc","floor":3.0},{"not_picked":["Cleave","Twin Strike"],"picked":"Exhume","floor":4.0},{"not_picked":["Immolate","Iron Wave"],"picked":"Anger","floor":7.0},{"not_picked":["Warcry","Clothesline"],"picked":"Sword Boomerang","floor":8.0},{"not_picked":["Battle Trance","Thunderclap"],"picked":"Body Slam","floor":11.0},{"not_picked":["Carnage","Power Through","True Grit"],"picked":"SKIP","floor":12},{"not_picked":["Rupture","Hemokinesis"],"picked":"Cleave","floor":14},{"not_picked":["Berserk","Brutality"],"picked":"Feed","floor":16},{"not_picked":["Battle Trance+1","True Grit+1"],"picked":"Body Slam","floor":18},{"not_picked":["Heavy Blade+1","Clothesline+1"],"picked":"Flex","floor":20},{"not_picked":["Carnage","Headbutt"],"picked":"Barricade","floor":23},{"not_picked":["Clothesline+1","Combust"],"picked":"Dual Wield","floor":25},{"not_picked":["Pommel Strike","Clash"],"picked":"Iron Wave","floor":27},{"not_picked":["Barricade","Brutality","Exhume"],"picked":"Reaper","floor":33},{"not_picked":["Perfected Strike","Uppercut","Warcry"],"picked":"Flex+1","floor":35},{"not_picked":["Pommel Strike+1","Dark Embrace","True Grit+1"],"picked":"Heavy Blade","floor":38},{"not_picked":["Clothesline","Corruption","True Grit+1"],"picked":"Flex+1","floor":39},{"not_picked":["Twin Strike","Evolve","Flex"],"picked":"Second Wind+1","floor":41}],"player_experience":307145,"relics_obtained":[{"floor":7.0,"key":"Tiny Chest"},{"floor":12,"key":"Akabeko"},{"floor":13,"key":"Boot"},{"floor":22,"key":"Turnip"},{"floor":23,"key":"Torii"},{"floor":25,"key":"Art of War"},{"floor":26,"key":"Toy Ornithopter"},{"floor":27,"key":"Lantern"},{"floor":37,"key":"Kunai"},{"floor":41,"key":"MawBank"},{"floor":43,"key":"White Beast Statue"}],"event_choices":[{"cards_removed":["Feed"],"damage_healed":1,"gold_gain":0,"player_choice":"Offered Rare","damage_taken":0,"max_hp_gain":10,"max_hp_loss":0,"event_name":"Bonfire Elementals","floor":21,"gold_loss":0},{"damage_healed":0,"gold_gain":99,"player_choice":"Stole From Cult","damage_taken":0,"max_hp_gain":0,"max_hp_loss":0,"event_name":"Nest","floor":29,"gold_loss":0},{"damage_healed":0,"gold_gain":0,"player_choice":"Paid","damage_taken":0,"relics_obtained":["Red Mask"],"max_hp_gain":0,"max_hp_loss":0,"event_name":"Tomb of Lord Red Mask","floor":36,"gold_loss":146}],"is_beta":false,"boss_relics":[{"not_picked":["Runic Dome","Empty Cage"],"picked":"Mark of Pain"},{"not_picked":["Runic Cube","SacredBark"],"picked":"Philosopher\u0027s Stone"}],"items_purged_floors":[],"is_endless":false,"potions_floor_spawned":[2,4,8,14,23,25,27,35,39],"killed_by":"Giant Head","ascension_level":5}}