{"host":"u0qetpmu4y58k1tf","time":1613810207,"event":{"mods":["100% Spire Juice","AchievementEnabler","Act Like it!","BaseMod","CapriCore","Colored Map","Colored Powertips","Hermit","Koishi","Marisa£¨Ùöéë¡¡Øª×âÞÞ£©","Minty Spire (QoL Compilation)","Quick Restart","Reliquary","Replay The Spire","StSLib","Td1madao Mod","The Bug Knight","The Cursed","The Dragon Tamer","The Gatherer","The Hierophant","The Immortal","The Jungle","The Runesmith","WarShipGirlsR/??á´Ò³R mod"],"gold_per_floor":[109,120,120,213,61,93,93,193,272,304,43,43,55,73,73,175,175,185,205,51,66,84,84,115,115,163,263,293,319,336,348,348,358,358],"floor_reached":33,"language":"KOR","playtime":1134,"items_purged":[],"score":481,"play_id":"74afa31e-f2b1-49b5-b10d-01d3c1a1d20c","local_time":"20210220173647","is_ascension_mode":true,"campfire_choices":[{"data":"ReplayTheSpireMod:Strike From Hell","floor":7.0,"key":"SMITH"},{"data":"Flex","floor":12.0,"key":"SMITH"},{"data":"Strike_R","floor":15.0,"key":"PURGE"},{"floor":23,"key":"DIG"},{"floor":32,"key":"DIG"}],"circlet_count":0,"master_deck":["Strike_R","Strike_R","Strike_R","Strike_R","Defend_R","Defend_R","Defend_R","Defend_R","Bash","Bloodletting","Burning Pact","Anger","Warcry","ReplayTheSpireMod:Strike From Hell+1","Flex+1","Impervious+1","Second Wind","Limit Break","CurseOfTheBell","Warcry","Power Through","Havoc+1","Blood for Blood","Heavy Blade","Defy Death+1","Feel No Pain"],"relics":["Burning Blood","NeowsBlessing","ReplayTheSpireMod:Ring of Collecting","ReplayTheSpireMod:Ring of Challenge","Brimstone","King of Hearts","Ring of Searing","Mirror","Bag of Marbles","Anchor","Calling Bell","Tiny Chest","reliquary:Sod","Shovel","reliquary:Tamtam","reliquary:TridentHead","Nunchaku","ReplayTheSpireMod:Ring of Addiction","SacredBark","White Beast Statue","Replay:PocketPolymizer","Shuriken","reliquary:Spinner","Ring of Panic","ReplayTheSpireMod:Spearhead","Replay:Bandana"],"acts_visited":["Exordium","TheCity"],"potions_floor_usage":[21,21,27,27,28,30,31,33,33],"damage_taken":[{"damage":0.0,"enemies":"Small Slimes","floor":1.0,"turns":1.0},{"damage":0.0,"enemies":"2 Louse","floor":2.0,"turns":1.0},{"damage":0.0,"enemies":"3 Sentries","floor":6.0,"turns":1.0},{"damage":8.0,"enemies":"Lagavulin","floor":10.0,"turns":3.0},{"damage":5.0,"enemies":"Cultist","floor":13.0,"turns":2.0},{"damage":5.0,"enemies":"3 Louse","floor":14.0,"turns":2.0},{"damage":41.0,"enemies":"The Guardian","floor":16.0,"turns":6.0},{"damage":16.0,"enemies":"Shell Parasite","floor":18.0,"turns":4.0},{"damage":6.0,"enemies":"2 Thieves","floor":19.0,"turns":3.0},{"damage":17,"enemies":"Snecko","floor":21,"turns":5},{"damage":15,"enemies":"3 Cultists","floor":22,"turns":5},{"damage":33,"enemies":"Book of Stabbing","floor":24,"turns":4},{"damage":11,"enemies":"Colosseum Slavers","floor":27,"turns":3},{"damage":7,"enemies":"Colosseum Nobs","floor":27,"turns":4},{"damage":22,"enemies":"Slavers","floor":28,"turns":4},{"damage":8,"enemies":"Cultist and Chosen","floor":30,"turns":3},{"damage":0,"enemies":"Chosen and Byrds","floor":31,"turns":4},{"damage":55,"enemies":"Champ","floor":33,"turns":5}],"seed_played":"-3799850145978860682","potions_obtained":[{"floor":1.0,"key":"Strength Potion"},{"floor":2.0,"key":"Weak Potion"},{"floor":13.0,"key":"DistilledChaos"},{"floor":16.0,"key":"LiquidMemories"},{"floor":18.0,"key":"BlessingOfTheForge"},{"floor":19.0,"key":"Ancient Potion"},{"floor":26,"key":"Regen Potion"},{"floor":26,"key":"FearPotion"},{"floor":26,"key":"Fire Potion"},{"floor":27,"key":"Fruit Juice"},{"floor":28,"key":"Energy Potion"},{"floor":30,"key":"Dexterity Potion"},{"floor":31,"key":"LiquidBronze"}],"is_trial":false,"path_per_floor":["M","M","?","?","$","E","R","?","T","E","$","R","M","M","R_BF","B",null,"M","M","$","M","M","R","E","?","T","?","E","T","M","M","R","B"],"character_chosen":"IRONCLAD","items_purchased":["Brimstone","Anchor","Impervious+1","reliquary:Tamtam"],"campfire_rested":0,"item_purchase_floors":[5,11,11,20],"current_hp_per_floor":[80,80,80,60,60,66,66,66,66,64,64,64,65,66,66,31,68,58,58,58,47,38,38,11,37,37,43,37,37,35,41,41,0,0],"gold":358,"neow_bonus":"THREE_ENEMY_KILL","is_daily":false,"chose_seed":false,"campfire_upgraded":2,"win_rate":0.0,"timestamp":1613810207,"path_taken":["M","M","?","?","$","E","R","?","T","E","$","R","M","M","R_BF","BOSS","M","M","$","?","M","R","E","?","T","?","E","?","M","?","R","BOSS"],"items_purchased_type":["Relic","Relic","Card","Relic"],"build_version":"2020-12-22","purchased_purges":0,"victory":false,"max_hp_per_floor":[80,80,80,80,80,80,80,80,80,80,80,80,80,80,80,80,80,80,80,80,80,80,80,80,80,80,80,90,90,90,90,90,90,90],"card_choices":[{"not_picked":["ReplayTheSpireMod:Stacked","Uppercut"],"picked":"Bloodletting","floor":1.0},{"not_picked":["Flex","Body Slam"],"picked":"Burning Pact","floor":2.0},{"not_picked":["Massacre","Armaments"],"picked":"Anger","floor":4.0},{"not_picked":["Pommel Strike","Armaments"],"picked":"Warcry","floor":4.0},{"not_picked":["Wild Strike","Power Through"],"picked":"ReplayTheSpireMod:Strike From Hell","floor":4.0},{"not_picked":["Anger","Wild Strike","Rampage"],"picked":"SKIP","floor":6.0},{"not_picked":["Pommel Strike","Defy Death"],"picked":"Flex","floor":10.0},{"not_picked":["Clothesline","Dual Wield","Body Slam"],"picked":"SKIP","floor":13.0},{"not_picked":["Thunderclap","Run Through"],"picked":"Second Wind","floor":14.0},{"not_picked":["Eclipse","Juggernaut"],"picked":"Limit Break","floor":16.0},{"not_picked":["Bloodletting","True Grit"],"picked":"Warcry","floor":18.0},{"not_picked":["Twin Strike","Heavy Blade"],"picked":"Power Through","floor":19.0},{"not_picked":["Anger","Cleave","Thunderclap+1"],"picked":"SKIP","floor":21},{"not_picked":["Thunderclap","ReplayTheSpireMod:LeadingStrike"],"picked":"Havoc+1","floor":22},{"not_picked":["Limit Break","ReplayTheSpireMod:LeadingStrike+1"],"picked":"Blood for Blood","floor":24},{"not_picked":["Metallicize+1","Flex"],"picked":"Heavy Blade","floor":27},{"not_picked":["Anger","Shrug It Off"],"picked":"Defy Death+1","floor":28},{"not_picked":["Clothesline","Twin Strike"],"picked":"Feel No Pain","floor":30},{"not_picked":["Sword Boomerang","Shockwave","Replay:Undeath\u0027s Touch"],"picked":"SKIP","floor":31}],"player_experience":187536,"relics_obtained":[{"floor":3.0,"key":"ReplayTheSpireMod:Ring of Collecting"},{"floor":3.0,"key":"ReplayTheSpireMod:Ring of Challenge"},{"floor":6.0,"key":"King of Hearts"},{"floor":9.0,"key":"Ring of Searing"},{"floor":9.0,"key":"Mirror"},{"floor":10.0,"key":"Bag of Marbles"},{"floor":17.0,"key":"Tiny Chest"},{"floor":17.0,"key":"reliquary:Sod"},{"floor":17.0,"key":"Shovel"},{"floor":23,"key":"reliquary:TridentHead"},{"floor":24,"key":"Nunchaku"},{"floor":26,"key":"ReplayTheSpireMod:Ring of Addiction"},{"floor":26,"key":"SacredBark"},{"floor":26,"key":"White Beast Statue"},{"floor":27,"key":"Replay:PocketPolymizer"},{"floor":27,"key":"Shuriken"},{"floor":28,"key":"reliquary:Spinner"},{"floor":29,"key":"Ring of Panic"},{"floor":29,"key":"ReplayTheSpireMod:Spearhead"},{"floor":32,"key":"Replay:Bandana"}],"event_choices":[{"damage_healed":0.0,"max_hp_gain":0.0,"max_hp_loss":0.0,"gold_gain":100.0,"event_name":"Wheel of Change","player_choice":"Gold","floor":8.0,"gold_loss":0.0,"damage_taken":0.0},{"damage_healed":26,"gold_gain":0,"player_choice":"Heal","damage_taken":0,"max_hp_gain":0,"max_hp_loss":0,"event_name":"The Library","floor":25,"gold_loss":0},{"damage_healed":0,"gold_gain":0,"player_choice":"Fight","damage_taken":0,"max_hp_gain":0,"max_hp_loss":0,"event_name":"Colosseum","floor":27,"gold_loss":0},{"damage_healed":0,"gold_gain":0,"player_choice":"Fought Nobs","damage_taken":0,"max_hp_gain":0,"max_hp_loss":0,"event_name":"Colosseum","floor":27,"gold_loss":0}],"is_beta":false,"boss_relics":[{"not_picked":["Fusion Hammer","Astrolabe"],"picked":"Calling Bell"}],"items_purged_floors":[],"is_endless":false,"potions_floor_spawned":[1,2,13,16,18,19,27,27,28,30,31],"killed_by":"Champ","ascension_level":5}}