{"host":"88hg6ocvqrqxrx5h","time":1613809636,"event":{"mods":["2.2 Compatiblity","BaseMod","Bestiary","Block Reminder","Colored Map","DeckTracker","Highlight Path","Minty Spire (QoL Compilation)","Relic Stats","Unceasing Turn Reminder","slay the spire mod where everything is the same but ironclad has a cowboy hat"],"gold_per_floor":[115,130,55,73,73,105,121,121,121,121,136,154,187,197,197,298,298,312,327,327,341,358,358,369,369,396,427,427,427],"floor_reached":28,"language":"ENG","playtime":1269,"items_purged":["Strike_R"],"score":356,"play_id":"1ae2c37e-a7db-40c3-b848-4cff2fc5a4cc","local_time":"20210220002716","is_ascension_mode":true,"campfire_choices":[{"data":"True Grit","floor":8.0,"key":"SMITH"},{"data":"Flame Barrier","floor":10.0,"key":"SMITH"},{"data":"Uppercut","floor":15.0,"key":"SMITH"},{"floor":23,"key":"REST"},{"floor":25,"key":"REST"}],"circlet_count":0,"master_deck":["Strike_R","Strike_R","Strike_R","Strike_R","Defend_R","Defend_R","Defend_R","Defend_R","Bash","Rampage","True Grit+1","Flame Barrier+1","Warcry","Iron Wave","Wild Strike","Uppercut+1","Burning Pact","Fiend Fire","Sword Boomerang+1","Rupture","Fire Breathing","Feel No Pain"],"relics":["Burning Blood","NeowsBlessing","Mercury Hourglass","Gremlin Horn","Ornamental Fan","Mark of Pain","Anchor","Nunchaku"],"acts_visited":["Exordium","TheCity"],"potions_floor_usage":[21,27,27],"damage_taken":[{"damage":0.0,"enemies":"2 Louse","floor":1.0,"turns":1.0},{"damage":0.0,"enemies":"Cultist","floor":2.0,"turns":1.0},{"damage":0.0,"enemies":"Jaw Worm","floor":4.0,"turns":1.0},{"damage":10.0,"enemies":"3 Sentries","floor":6.0,"turns":7.0},{"damage":9.0,"enemies":"Large Slime","floor":7.0,"turns":4.0},{"damage":4.0,"enemies":"Exordium Wildlife","floor":11.0,"turns":5.0},{"damage":11.0,"enemies":"Blue Slaver","floor":12.0,"turns":4.0},{"damage":16.0,"enemies":"Gremlin Nob","floor":13.0,"turns":4.0},{"damage":8.0,"enemies":"Looter","floor":14.0,"turns":4.0},{"damage":21.0,"enemies":"Hexaghost","floor":16.0,"turns":15.0},{"damage":15.0,"enemies":"2 Thieves","floor":18.0,"turns":5.0},{"damage":0.0,"enemies":"3 Byrds","floor":19.0,"turns":3.0},{"damage":14,"enemies":"Snake Plant","floor":21,"turns":4},{"damage":23,"enemies":"3 Cultists","floor":22,"turns":6},{"damage":39,"enemies":"Shelled Parasite and Fungi","floor":24,"turns":8},{"damage":45,"enemies":"Gremlin Leader","floor":27,"turns":7},{"damage":23,"enemies":"Snecko","floor":28,"turns":3}],"seed_played":"8380312837303837470","potions_obtained":[{"floor":1.0,"key":"BlessingOfTheForge"},{"floor":5.0,"key":"SneckoOil"},{"floor":5.0,"key":"SpeedPotion"},{"floor":7.0,"key":"Weak Potion"},{"floor":12.0,"key":"ElixirPotion"},{"floor":13.0,"key":"Ancient Potion"},{"floor":14.0,"key":"Block Potion"},{"floor":19.0,"key":"AttackPotion"},{"floor":24,"key":"Ancient Potion"}],"is_trial":false,"path_per_floor":["M","M","$","M","?","E","M","R","T","R","M","M","E","M","R","B",null,"M","M","?","M","M","R","M","R","T","E","M"],"character_chosen":"IRONCLAD","items_purchased":[],"campfire_rested":2,"item_purchase_floors":[],"current_hp_per_floor":[78,80,80,80,80,76,73,73,73,73,75,70,60,58,58,43,71,62,68,68,60,43,67,34,58,58,19,0,0],"gold":427,"neow_bonus":"THREE_ENEMY_KILL","is_daily":false,"chose_seed":false,"campfire_upgraded":3,"win_rate":0.0,"timestamp":1613809636,"path_taken":["M","M","$","M","?","E","?","R","T","R","M","M","E","M","R","BOSS","M","?","?","M","M","R","M","R","T","E","M"],"items_purchased_type":[],"build_version":"2020-12-22","purchased_purges":1,"victory":false,"max_hp_per_floor":[80,80,80,80,80,80,80,80,80,80,80,80,80,80,80,80,80,80,80,80,80,80,80,80,80,80,80,80,80],"relic_stats":{"Nunchaku":[0],"Gremlin Horn":[13,13],"counters":[17,80],"Ornamental Fan":[52],"obtain_stats":[{"Anchor":26,"Nunchaku":27,"NeowsBlessing":0,"Gremlin Horn":9,"Ornamental Fan":13,"Mark of Pain":17,"Burning Blood":0,"Mercury Hourglass":6},{"Anchor":15,"Nunchaku":16,"NeowsBlessing":0,"Gremlin Horn":5,"Ornamental Fan":8,"Mark of Pain":10,"Burning Blood":0,"Mercury Hourglass":4},{"Anchor":70,"Nunchaku":77,"NeowsBlessing":0,"Gremlin Horn":13,"Ornamental Fan":26,"Mark of Pain":44,"Burning Blood":0,"Mercury Hourglass":10}],"Burning Blood":86,"Mercury Hourglass":[254]},"card_choices":[{"not_picked":["Sever Soul","Havoc"],"picked":"Rampage","floor":1.0},{"not_picked":["Body Slam","Battle Trance"],"picked":"True Grit","floor":2.0},{"not_picked":["Headbutt","Perfected Strike"],"picked":"Flame Barrier","floor":4.0},{"not_picked":["Anger","Pommel Strike"],"picked":"Warcry","floor":6.0},{"not_picked":["Disarm","Anger"],"picked":"Iron Wave","floor":7.0},{"not_picked":["Heavy Blade","Cleave"],"picked":"Wild Strike","floor":11.0},{"not_picked":["Thunderclap","Armaments"],"picked":"Uppercut","floor":12.0},{"not_picked":["Rampage","Heavy Blade"],"picked":"Burning Pact","floor":13.0},{"not_picked":["Whirlwind","Rampage","Body Slam"],"picked":"SKIP","floor":14.0},{"not_picked":["Limit Break","Juggernaut"],"picked":"Fiend Fire","floor":16.0},{"not_picked":["Havoc","Clothesline"],"picked":"Sword Boomerang+1","floor":18.0},{"not_picked":["Twin Strike","Pummel"],"picked":"Rupture","floor":19.0},{"not_picked":["Perfected Strike","Corruption","Whirlwind"],"picked":"SKIP","floor":21},{"not_picked":["Pommel Strike","Rupture+1","Thunderclap"],"picked":"SKIP","floor":22},{"not_picked":["Bloodletting","Carnage+1"],"picked":"Fire Breathing","floor":24},{"not_picked":["Impervious","Wild Strike"],"picked":"Feel No Pain","floor":27}],"player_experience":179512,"relics_obtained":[{"floor":6.0,"key":"Mercury Hourglass"},{"floor":9.0,"key":"Gremlin Horn"},{"floor":13.0,"key":"Ornamental Fan"},{"floor":26,"key":"Anchor"},{"floor":27,"key":"Nunchaku"}],"event_choices":[{"damage_healed":0.0,"max_hp_gain":0.0,"max_hp_loss":0.0,"gold_gain":0.0,"event_name":"Lab","player_choice":"Got Potions","floor":5.0,"gold_loss":0.0,"damage_taken":0.0},{"damage_healed":0.0,"max_hp_gain":0.0,"max_hp_loss":0.0,"gold_gain":0.0,"event_name":"Ghosts","player_choice":"Ignored","floor":20.0,"gold_loss":0.0,"damage_taken":0.0}],"is_beta":false,"boss_relics":[{"not_picked":["Runic Cube","Pandora\u0027s Box"],"picked":"Mark of Pain"}],"items_purged_floors":[3],"is_endless":false,"potions_floor_spawned":[1,7,12,13,14,19,24],"killed_by":"Snecko","ascension_level":8}}