{"host":"Pascal","time":1613855211,"event":{"mods":["BaseMod","Googly Eyes","Minty Spire (QoL Compilation)","Permanent Neow","Relic Stats","Slay-I","StSLib"],"gold_per_floor":[112,127,141,158,32,57,76,90,90,105,105,105,105,105,105,208,208,220,234,109,123,123,158,158,170,170,170,170],"floor_reached":27,"language":"ENG","playtime":2889,"items_purged":["Strike_B","Strike_B"],"score":261,"play_id":"de8d5524-d3e6-43a5-82c1-fa15f5ccf0c3","local_time":"20210220220651","is_ascension_mode":true,"campfire_choices":[{"data":"Mayhem","floor":11.0,"key":"SMITH"},{"floor":13.0,"key":"REST"},{"floor":15.0,"key":"REST"}],"circlet_count":0,"master_deck":["Strike_B","Defend_B","Defend_B","Defend_B","Defend_B","Mayhem+1","Steam","FTL","Gash+1","Beam Cell","FTL","Reboot","Go for the Eyes+1","Coolheaded","Steam Power+1","Writhe"],"relics":["Cracked Core","Kunai","Bottled Flame","Empty Cage","Gremlin Horn","Toy Ornithopter","InkBottle"],"acts_visited":["Exordium","TheCity"],"potions_floor_usage":[27],"damage_taken":[{"damage":0.0,"enemies":"Cultist","floor":1.0,"turns":3.0},{"damage":2.0,"enemies":"2 Louse","floor":2.0,"turns":3.0},{"damage":1.0,"enemies":"Small Slimes","floor":3.0,"turns":3.0},{"damage":0.0,"enemies":"2 Fungi Beasts","floor":4.0,"turns":3.0},{"damage":29.0,"enemies":"3 Sentries","floor":6.0,"turns":7.0},{"damage":0.0,"enemies":"3 Louse","floor":7.0,"turns":1.0},{"damage":4.0,"enemies":"Red Slaver","floor":8.0,"turns":3.0},{"damage":0.0,"enemies":"Blue Slaver","floor":10.0,"turns":2.0},{"damage":7.0,"enemies":"The Guardian","floor":16.0,"turns":10.0},{"damage":6.0,"enemies":"3 Byrds","floor":18.0,"turns":5.0},{"damage":0.0,"enemies":"Shell Parasite","floor":19.0,"turns":7.0},{"damage":1.0,"enemies":"Centurion and Healer","floor":21.0,"turns":5.0},{"damage":7.0,"enemies":"Gremlin Leader","floor":23.0,"turns":12.0},{"damage":19,"enemies":"Cultist and Chosen","floor":25,"turns":11},{"damage":28,"enemies":"Book of Stabbing","floor":27,"turns":9}],"seed_played":"6951803896618988821","potions_obtained":[{"floor":4.0,"key":"Swift Potion"},{"floor":6.0,"key":"Explosive Potion"},{"floor":7.0,"key":"EssenceOfSteel"},{"floor":10.0,"key":"Explosive Potion"},{"floor":16.0,"key":"AttackPotion"},{"floor":23.0,"key":"FocusPotion"},{"floor":25,"key":"CultistPotion"}],"is_trial":false,"path_per_floor":["M","M","M","M","$","E","M","M","T","M","R","?","R","?","R","B",null,"M","M","$","M","?","E","?","M","T","E"],"character_chosen":"DEFECT","items_purchased":["Gash","Coolheaded"],"campfire_rested":2,"item_purchase_floors":[5,20],"current_hp_per_floor":[68,66,65,65,65,36,36,32,32,32,32,25,45,45,65,58,68,62,62,62,61,49,42,42,23,23,0,0],"gold":170,"neow_bonus":"RANDOM_COLORLESS_2","is_daily":false,"chose_seed":false,"campfire_upgraded":1,"win_rate":0.0,"timestamp":1613855211,"path_taken":["M","M","M","M","$","E","M","M","T","M","R","?","R","?","R","BOSS","M","M","$","M","?","E","?","M","T","E"],"items_purchased_type":["Card","Card"],"build_version":"2020-12-18","purchased_purges":2,"victory":false,"max_hp_per_floor":[68,68,68,68,68,68,68,68,68,68,68,68,68,68,68,68,68,68,68,68,68,73,73,73,73,73,73,73],"relic_stats":{"Gremlin Horn":[1,1],"counters":[15,84],"Kunai":[40],"obtain_stats":[{"Bottled Flame":9,"Gremlin Horn":23,"Kunai":6,"Cracked Core":0,"Empty Cage":17,"Toy Ornithopter":24,"InkBottle":26},{"Bottled Flame":7,"Gremlin Horn":13,"Kunai":5,"Cracked Core":0,"Empty Cage":9,"Toy Ornithopter":13,"InkBottle":14},{"Bottled Flame":23,"Gremlin Horn":64,"Kunai":19,"Cracked Core":0,"Empty Cage":35,"Toy Ornithopter":64,"InkBottle":75}],"Toy Ornithopter":5,"InkBottle":[5]},"card_choices":[{"not_picked":["Panache","The Bomb"],"picked":"Mayhem","floor":0.0},{"not_picked":["Barrage","Coolheaded"],"picked":"Steam","floor":1.0},{"not_picked":["Recycle","Consume","Steam Power"],"picked":"SKIP","floor":2.0},{"not_picked":["Recycle","Coolheaded"],"picked":"FTL","floor":3.0},{"not_picked":["Turbo","Go for the Eyes","Darkness"],"picked":"SKIP","floor":4.0},{"not_picked":["Undo","Barrage","Leap"],"picked":"SKIP","floor":6.0},{"not_picked":["Stack","Redo"],"picked":"Beam Cell","floor":7.0},{"not_picked":["Compile Driver","Storm"],"picked":"FTL","floor":8.0},{"not_picked":["White Noise","Go for the Eyes","Compile Driver"],"picked":"SKIP","floor":10.0},{"not_picked":["Hyperbeam","Thunder Strike"],"picked":"Reboot","floor":16.0},{"not_picked":["Ball Lightning","Aggregate"],"picked":"Go for the Eyes+1","floor":18.0},{"not_picked":["Tempest","Conserve Battery","Lockon"],"picked":"SKIP","floor":19.0},{"not_picked":["Barrage","Compile Driver+1","Ball Lightning"],"picked":"SKIP","floor":21.0},{"not_picked":["Compile Driver","Auto Shields"],"picked":"Steam Power+1","floor":23.0},{"not_picked":["Sweeping Beam","Lockon+1","Machine Learning"],"picked":"SKIP","floor":25}],"player_experience":176517,"relics_obtained":[{"floor":6.0,"key":"Kunai"},{"floor":9.0,"key":"Bottled Flame"},{"floor":23.0,"key":"Gremlin Horn"},{"floor":26,"key":"InkBottle"}],"event_choices":[{"cards_removed":["Strike_B"],"damage_healed":0.0,"max_hp_gain":0.0,"max_hp_loss":0.0,"gold_gain":0.0,"event_name":"Golden Wing","player_choice":"Card Removal","floor":12.0,"gold_loss":0.0,"damage_taken":7.0},{"damage_healed":0.0,"max_hp_gain":0.0,"max_hp_loss":0.0,"gold_gain":0.0,"event_name":"Living Wall","player_choice":"Grow","floor":14.0,"gold_loss":0.0,"damage_taken":0.0,"cards_upgraded":["Gash"]},{"damage_healed":0.0,"max_hp_gain":5.0,"max_hp_loss":0.0,"gold_gain":0.0,"event_name":"Forgotten Altar","player_choice":"Shed Blood","floor":22.0,"gold_loss":0.0,"damage_taken":17.0},{"damage_healed":0,"gold_gain":0,"player_choice":"Opened","damage_taken":0,"relics_obtained":["Toy Ornithopter"],"max_hp_gain":0,"max_hp_loss":0,"event_name":"The Mausoleum","floor":24,"gold_loss":0,"cards_obtained":["Writhe"]}],"is_beta":true,"boss_relics":[{"not_picked":["Busted Crown","Velvet Choker"],"picked":"Empty Cage"}],"items_purged_floors":[5,20],"is_endless":false,"potions_floor_spawned":[4,6,7,10,16,23,25],"killed_by":"Book of Stabbing","ascension_level":2}}