{"host":"onfdonezo2qmaex3","time":1613825064,"event":{"mods":["2.2 Compatiblity","AchievementEnabler","Act Like it!","Aspiration","BaseMod","Colored Powertips","Downfall","Friendly Minions","Gensokyo","Hallownest","Hermit","Highlight Path","Jorbs\u0027s Wanderer Trilogy","Marisa????????","Marked Mod","Minty Spire (QoL Compilation)","Quick Restart","Reliquary","Shop Mod","StSLib","The Disciple","The Hayseed","The Hierophant","The Marked","The Runesmith"],"gold_per_floor":[119,130,147,247,46,46,81,101,128,128,141,141,141,173,173,270,270,281,281,281,299,19,19,36,36,36,36,36,50,50,150,150,247,247,259,359,129,129,147,180,180,229,275,275,275,303,303,314,314,314,314,314,25,50,50],"floor_reached":56,"language":"ENG","playtime":2366,"items_purged":[],"score":1612,"play_id":"14755548-4e57-455f-8a88-1691889dc2e4","local_time":"20210220134424","is_ascension_mode":true,"campfire_choices":[{"data":"Cloak And Dagger","floor":6,"key":"SMITH"},{"data":"Blade Dance","floor":10,"key":"SMITH"},{"data":"Blade Dance","floor":12,"key":"SMITH"},{"data":"Adrenaline","floor":15,"key":"SMITH"},{"data":"Accuracy","floor":23,"key":"SMITH"},{"data":"Phantasmal Killer","floor":25,"key":"SMITH"},{"data":"Cloak And Dagger","floor":27,"key":"SMITH"},{"data":"After Image","floor":30,"key":"SMITH"},{"data":"Cloak And Dagger","floor":32,"key":"SMITH"},{"floor":41,"key":"RECALL"},{"data":"Doppelganger","floor":45,"key":"SMITH"},{"data":"1","floor":49,"key":"LIFT"},{"data":"2","floor":52,"key":"LIFT"}],"circlet_count":0,"master_deck":["Survivor","Neutralize","Blade Dance+1","Escape Plan","Cloak And Dagger+1","Blade Dance+1","Dagger Spray","Adrenaline+1","Adrenaline","Tactician","Choke","Leg Sweep","After Image+1","Crippling Poison","Poisoned Stab","Burst","Die Die Die","Phantasmal Killer+1","Blade Dance","Outmaneuver+1","Accuracy+1","Cloak And Dagger+1","Cloak And Dagger+1","Cloak And Dagger+1","Quick Slash","Doppelganger+1","Cloak And Dagger+1","Purity","Madness","Madness","Flying Knee+1","Prepared+1","Accuracy+1","Dagger Throw+1","Noxious Fumes+1"],"relics":["aspiration:PoetsPen_weak","DollysMirror","Snake Skull","Gensokyo:Justice","Anchor","Pandora\u0027s Box","MutagenicStrength","hexamod:BolsterEngine","Meat on the Bone","Dead Branch","HornCleat","reliquary:ThirdArm","reliquary:PartyBalloon","StoneCalendar","CatCart","reliquary:TuningFork","Girya","reliquary:Bookmark","Oddly Smooth Stone","reliquary:Sod"],"acts_visited":["Gensokyo:Gensokyo","TheCity","TheBeyond","TheEnding"],"potions_floor_usage":[14,16,16,16,31,39,55,55,55],"damage_taken":[{"damage":4,"enemies":"Gensokyo:Python","floor":1,"turns":3},{"damage":3,"enemies":"Gensokyo:2_Kodama","floor":2,"turns":5},{"damage":0,"enemies":"Gensokyo:Gryphon","floor":3,"turns":3},{"damage":3,"enemies":"Gensokyo:Aya","floor":7,"turns":6},{"damage":9,"enemies":"Gensokyo:Python_and_Kodama","floor":8,"turns":3},{"damage":5,"enemies":"Gensokyo:Gryphon_and_Rabbit","floor":11,"turns":3},{"damage":15,"enemies":"Gensokyo:Mamizou","floor":14,"turns":4},{"damage":6,"enemies":"Gensokyo:Reimu","floor":16,"turns":7},{"damage":0,"enemies":"3 Byrds","floor":18,"turns":2},{"damage":0,"enemies":"2 Thieves","floor":21,"turns":2},{"damage":0,"enemies":"Chosen and Byrds","floor":24,"turns":2},{"damage":0,"enemies":"Centurion and Healer","floor":29,"turns":2},{"damage":0,"enemies":"Colosseum Slavers","floor":31,"turns":1},{"damage":2,"enemies":"Colosseum Nobs","floor":31,"turns":3},{"damage":0,"enemies":"Collector","floor":33,"turns":3},{"damage":0,"enemies":"3 Darklings","floor":35,"turns":1},{"damage":0,"enemies":"3 Shapes","floor":39,"turns":2},{"damage":0,"enemies":"Giant Head","floor":40,"turns":3},{"damage":0,"enemies":"Orin","floor":42,"turns":5},{"damage":0,"enemies":"Nemesis","floor":46,"turns":5},{"damage":0,"enemies":"Spire Growth","floor":48,"turns":3},{"damage":45,"enemies":"Time Eater","floor":50,"turns":5},{"damage":0,"enemies":"Shield and Spear","floor":54,"turns":2},{"damage":85,"enemies":"The Heart","floor":55,"turns":6}],"seed_played":"-2784951299516772186","potions_obtained":[{"floor":3,"key":"Swift Potion"},{"floor":7,"key":"EntropicBrew"},{"floor":11,"key":"SneckoOil"},{"floor":16,"key":"PowerPotion"},{"floor":33,"key":"FearPotion"},{"floor":39,"key":"Fruit Juice"},{"floor":46,"key":"GamblersBrew"}],"is_trial":false,"path_per_floor":["M","M","M","?","$","R","E","M","T","R","M","R","?","E","R","B",null,"M","?","?","M","$","R","M","R","T","R","?","M","R","?","R","B",null,"M","?","$","?","M","E","R","?","T","?","R","E","?","M","R","B",null,"R","$","E","B",null],"character_chosen":"THE_SILENT","items_purchased":["Cloak And Dagger","DollysMirror","Accuracy","Cloak And Dagger","hexamod:BolsterEngine","reliquary:PartyBalloon","Purity","reliquary:Bookmark","Oddly Smooth Stone"],"campfire_rested":0,"item_purchase_floors":[5,5,22,22,22,37,37,53,53],"current_hp_per_floor":[66,63,63,63,63,63,60,51,51,51,46,46,46,31,31,25,70,70,70,57,57,57,57,57,57,57,57,57,57,57,55,55,55,75,75,75,75,66,71,71,71,71,71,71,71,71,71,71,71,38,80,80,80,80,52],"gold":50,"neow_bonus":"BOSS_RELIC","is_daily":false,"chose_seed":false,"campfire_upgraded":10,"win_rate":0.0,"timestamp":1613825064,"path_taken":["M","M","?","?","$","R","E","M","T","R","?","R","?","E","R","BOSS","M","?","?","M","?","R","M","R","T","R","?","M","R","?","R","BOSS","M","?","?","?","M","E","R","?","T","?","R","E","?","M","R","BOSS","R","$","E","BOSS"],"items_purchased_type":["Card","Relic","Card","Card","Relic","Relic","Card","Relic","Relic"],"build_version":"2020-12-22","purchased_purges":0,"victory":true,"max_hp_per_floor":[70,70,70,70,70,70,70,70,70,70,70,70,70,70,70,70,70,70,70,75,75,75,75,75,75,75,75,75,75,75,75,75,75,75,75,75,75,75,80,80,80,80,80,80,80,80,80,80,80,80,80,80,80,80,80],"card_choices":[{"not_picked":["Acrobatics","Quick Slash"],"picked":"Blade Dance","floor":1},{"not_picked":["Flying Knee","Sucker Punch"],"picked":"Escape Plan","floor":2},{"not_picked":["Tactician","Noxious Fumes","Dagger Throw"],"picked":"SKIP","floor":3},{"not_picked":["Quick Slash","Deadly Poison"],"picked":"Dagger Spray","floor":7},{"not_picked":["Reflex","Tactician"],"picked":"Adrenaline","floor":8},{"not_picked":["Underhanded Strike","Catalyst"],"picked":"Blade Dance","floor":11},{"not_picked":["Outmaneuver","Bane","Backflip"],"picked":"SKIP","floor":14},{"not_picked":["Corpse Explosion","Malaise"],"picked":"Adrenaline","floor":16},{"not_picked":["Acrobatics+1","Outmaneuver"],"picked":"Blade Dance","floor":18},{"not_picked":["Acrobatics","Catalyst+1"],"picked":"Outmaneuver+1","floor":21},{"not_picked":["Noxious Fumes","Choke"],"picked":"Cloak And Dagger","floor":24},{"not_picked":["Calculated Gamble","Flying Knee"],"picked":"Cloak And Dagger+1","floor":29},{"not_picked":["Choke","Blade Dance"],"picked":"Quick Slash","floor":31},{"not_picked":["Malaise","Unload"],"picked":"Doppelganger","floor":33},{"not_picked":["Poisoned Stab","Quick Slash"],"picked":"Cloak And Dagger+1","floor":35},{"not_picked":["Prepared+1","Tactician+1"],"picked":"Flying Knee+1","floor":39},{"not_picked":["Well Laid Plans","Corpse Explosion"],"picked":"Prepared+1","floor":40},{"not_picked":["Deadly Poison","Backflip"],"picked":"Accuracy+1","floor":42},{"not_picked":["PiercingWail+1","Catalyst","Backflip"],"picked":"SKIP","floor":46},{"not_picked":["Noxious Fumes+1","Skewer"],"picked":"Dagger Throw+1","floor":48},{"not_picked":["Dodge and Roll+1","Deadly Poison+1"],"picked":"Noxious Fumes+1","floor":54}],"player_experience":221363,"relics_obtained":[{"floor":7,"key":"Snake Skull"},{"floor":14,"key":"Anchor"},{"floor":26,"key":"Meat on the Bone"},{"floor":31,"key":"Dead Branch"},{"floor":31,"key":"HornCleat"},{"floor":40,"key":"StoneCalendar"},{"floor":42,"key":"CatCart"},{"floor":43,"key":"reliquary:TuningFork"},{"floor":46,"key":"Girya"},{"floor":54,"key":"reliquary:Sod"}],"event_choices":[{"damage_healed":0,"gold_gain":0,"player_choice":"Inject Mutagens","damage_taken":0,"relics_obtained":["MutagenicStrength"],"max_hp_gain":0,"max_hp_loss":0,"event_name":"Drug Dealer","floor":19,"gold_loss":0},{"damage_healed":0,"gold_gain":0,"player_choice":"Shed Blood","damage_taken":18,"max_hp_gain":5,"max_hp_loss":0,"event_name":"Forgotten Altar","floor":20,"gold_loss":0},{"damage_healed":0,"gold_gain":0,"player_choice":"Fight","damage_taken":0,"max_hp_gain":0,"max_hp_loss":0,"event_name":"Colosseum","floor":31,"gold_loss":0},{"damage_healed":0,"gold_gain":0,"player_choice":"Fought Nobs","damage_taken":0,"max_hp_gain":0,"max_hp_loss":0,"event_name":"Colosseum","floor":31,"gold_loss":0},{"damage_healed":0,"gold_gain":100,"player_choice":"Pray","damage_taken":0,"max_hp_gain":0,"max_hp_loss":0,"event_name":"Golden Shrine","floor":36,"gold_loss":0},{"damage_healed":0,"gold_gain":0,"player_choice":"Embrace Madness","damage_taken":9,"max_hp_gain":0,"max_hp_loss":0,"event_name":"Winding Halls","floor":38,"gold_loss":0,"cards_obtained":["Madness","Madness"]},{"damage_healed":0,"gold_gain":0,"player_choice":"Fight","damage_taken":0,"max_hp_gain":0,"max_hp_loss":0,"event_name":"OrinTheCat","floor":42,"gold_loss":0},{"cards_removed":["Backstab"],"damage_healed":0,"gold_gain":0,"player_choice":"Removed Attack","damage_taken":0,"max_hp_gain":0,"max_hp_loss":0,"event_name":"Falling","floor":44,"gold_loss":0},{"damage_healed":0,"gold_gain":0,"player_choice":"Ignored","damage_taken":0,"max_hp_gain":0,"max_hp_loss":0,"event_name":"Tomb of Lord Red Mask","floor":47,"gold_loss":0}],"is_beta":false,"boss_relics":[{"not_picked":["Cursed Key","aspiration:SecretTechniqueScroll"],"picked":"Pandora\u0027s Box"},{"not_picked":["expansioncontent:StudyCardRelic","Philosopher\u0027s Stone"],"picked":"reliquary:ThirdArm"}],"items_purged_floors":[],"is_endless":false,"potions_floor_spawned":[3,7,11,16,24,33,39,46,48,54],"ascension_level":4}}