{"host":"ry6l6fs2ordh092u","time":1613846284,"event":{"mods":["AchievementEnabler","BaseMod","BetterRewards","Gold Saver","Minty Spire (QoL Compilation)","Quick Restart","StSLib","SuperFastMode","The Jungle"],"gold_per_floor":[890,890,860,860,878,878,909,909,989,1020,1038,1064,1074,1090,1090,1163,1163,1182,1182,1198,1198,568,596,607,607,607,641,641,675,675,675,675,750,750,764,783,783,77,89,124,150,183,207,234,269,279,314,327,327,327,327,327,327,154,186,186],"floor_reached":57,"language":"ENG","playtime":1724,"items_purged":["Strike_B","Strike_B","Defend_B","Defend_B","Defend_B","Strike_B","Strike_B","Defend_B","BootSequence"],"score":4562,"play_id":"5eae46fc-31a3-46d2-ae17-05455834ad52","local_time":"20210221033804","is_ascension_mode":true,"campfire_choices":[{"floor":6.0,"key":"RECALL"},{"data":"Hologram","floor":8.0,"key":"SMITH"},{"data":"Turbo","floor":15.0,"key":"SMITH"},{"data":"Defragment","floor":30,"key":"SMITH"},{"data":"Biased Cognition","floor":32,"key":"SMITH"},{"data":"Seek","floor":49,"key":"SMITH"},{"data":"Zap","floor":53,"key":"SMITH"}],"circlet_count":0,"master_deck":["AscendersBane","Zap+1","Dualcast","Rip and Tear","Conserve Battery","Coolheaded+1","Master of Strategy","Beam Cell+1","Hologram+1","Ball Lightning+1","Turbo+1","Core Surge+1","Seek+1","Defragment+1","Reboot","Coolheaded","Biased Cognition+1","Fission","Defragment","Defragment+1","Glacier"],"relics":["Cracked Core","Juzu Bracelet","Runic Capacitor","Tiny Chest","Anchor","Symbiotic Virus","Molten Egg 2","OrangePellets","Happy Flower","TheAbacus","TungstenRod","Bottled Lightning","WingedGreaves","Orichalcum","Unceasing Top","Nuclear Battery","Smiling Mask","Vajra","Medical Kit","Bag of Marbles","Akabeko","MealTicket","theJungle:BirthdayCakeSlice","Peace Pipe","Singing Bowl","Question Card","Shuriken","Inserter","Bird Faced Urn","Cables","Ice Cream","Pear","Lantern","Oddly Smooth Stone","Meat on the Bone","DataDisk","Letter Opener","ClockworkSouvenir","InkBottle"],"acts_visited":["Exordium","theJungle:Jungle","TheBeyond","TheEnding"],"potions_floor_usage":[33,41,45,47,56],"damage_taken":[{"damage":0.0,"enemies":"Cultist","floor":1.0,"turns":2.0},{"damage":0.0,"enemies":"Jaw Worm","floor":5.0,"turns":2.0},{"damage":0.0,"enemies":"Gremlin Nob","floor":7.0,"turns":3.0},{"damage":0.0,"enemies":"Lagavulin","floor":10.0,"turns":3.0},{"damage":0.0,"enemies":"Small Slimes","floor":11.0,"turns":2.0},{"damage":0.0,"enemies":"Gremlin Nob","floor":12.0,"turns":3.0},{"damage":0.0,"enemies":"Exordium Thugs","floor":13.0,"turns":2.0},{"damage":0.0,"enemies":"2 Fungi Beasts","floor":14.0,"turns":2.0},{"damage":0.0,"enemies":"Slime Boss","floor":16.0,"turns":3.0},{"damage":8.0,"enemies":"theJungle:5_Spyders","floor":18.0,"turns":5.0},{"damage":3.0,"enemies":"Shell Parasite","floor":20.0,"turns":3.0},{"damage":6.0,"enemies":"theJungle:2_Phrogs","floor":23.0,"turns":4.0},{"damage":0.0,"enemies":"theJungle:SlimyTreeVines","floor":24.0,"turns":3.0},{"damage":11.0,"enemies":"theJungle:Cassacara","floor":27.0,"turns":3.0},{"damage":0,"enemies":"theJungle:2_Phrogs","floor":29,"turns":2},{"damage":10,"enemies":"theJungle:TotemBoss","floor":33,"turns":5},{"damage":0,"enemies":"3 Shapes","floor":35,"turns":2},{"damage":0,"enemies":"Orb Walker","floor":36,"turns":1},{"damage":0,"enemies":"4 Shapes","floor":39,"turns":3},{"damage":0,"enemies":"Giant Head","floor":40,"turns":3},{"damage":24,"enemies":"Reptomancer","floor":41,"turns":3},{"damage":0,"enemies":"Giant Head","floor":42,"turns":3},{"damage":0,"enemies":"Reptomancer","floor":44,"turns":4},{"damage":0,"enemies":"Nemesis","floor":45,"turns":5},{"damage":0,"enemies":"Sphere and 2 Shapes","floor":46,"turns":3},{"damage":6,"enemies":"Reptomancer","floor":47,"turns":4},{"damage":0,"enemies":"Transient","floor":48,"turns":6},{"damage":0,"enemies":"Awakened One","floor":50,"turns":7},{"damage":0,"enemies":"Donu and Deca","floor":51,"turns":7},{"damage":0,"enemies":"Shield and Spear","floor":55,"turns":5},{"damage":9,"enemies":"The Heart","floor":56,"turns":8}],"seed_played":"7022267533659703840","potions_obtained":[{"floor":3.0,"key":"PowerPotion"},{"floor":3.0,"key":"GamblersBrew"},{"floor":5.0,"key":"BlessingOfTheForge"},{"floor":11.0,"key":"EssenceOfSteel"},{"floor":16.0,"key":"GamblersBrew"},{"floor":23.0,"key":"Strength Potion"},{"floor":29,"key":"DistilledChaos"},{"floor":33,"key":"SpeedPotion"},{"floor":35,"key":"PowerPotion"},{"floor":41,"key":"SkillPotion"},{"floor":48,"key":"Strength Potion"}],"is_trial":false,"path_per_floor":["M","T","?","?","M","R","E","R","T","E","M","E","M","M","R","B",null,"M","T","M","?","$","E","M","?","T","E","T","E","R","?","R","B",null,"M","M","?","$","M","E","E","E","T","E","E","M","E","M","R","B","B",null,"R","$","E","B",null],"character_chosen":"DEFECT","items_purchased":["Juzu Bracelet","Runic Capacitor","Tiny Chest","Rip and Tear","Anchor","Conserve Battery","Symbiotic Virus","Coolheaded","Molten Egg 2","OrangePellets","Happy Flower","TheAbacus","TungstenRod","Master of Strategy","Beam Cell+1","Hologram","Medical Kit","Bag of Marbles","Akabeko","Reboot","Bird Faced Urn","Cables","Defragment","ClockworkSouvenir"],"campfire_rested":0,"item_purchase_floors":[0,0,0,0,0,0,0,0,0,0,0,0,0,0,0,0,22,22,22,22,38,38,38,54],"current_hp_per_floor":[22,22,22,22,22,22,22,22,22,22,22,22,22,22,22,22,59,51,51,48,48,48,42,42,47,47,38,38,38,38,38,38,28,66,66,68,68,80,80,82,74,84,84,94,98,100,98,104,104,104,104,104,104,104,106,97],"gold":186,"neow_bonus":"","is_daily":false,"chose_seed":false,"campfire_upgraded":6,"win_rate":0.0,"timestamp":1613846284,"path_taken":["M","?","?","?","M","R","E","R","T","E","M","E","M","M","R","BOSS","M","?","M","?","?","E","M","?","T","E","?","E","R","?","R","BOSS","M","M","?","$","M","E","E","E","T","E","E","M","E","M","R","BOSS","BOSS","R","$","E","BOSS"],"items_purchased_type":["Relic","Relic","Relic","Card","Relic","Card","Relic","Card","Relic","Relic","Relic","Relic","Relic","Card","Card","Card","Relic","Relic","Relic","Card","Relic","Relic","Card","Relic"],"build_version":"2020-12-22","purchased_purges":9,"victory":true,"max_hp_per_floor":[71,71,71,71,71,71,71,71,71,71,71,71,71,71,71,71,71,71,71,71,71,71,71,71,76,76,78,78,78,78,78,78,78,78,78,80,80,80,80,82,94,96,96,98,98,100,102,104,104,104,104,104,104,104,106,106],"card_choices":[{"not_picked":["Stack","Leap"],"picked":"Ball Lightning+1","floor":1.0},{"not_picked":["Aggregate","Hologram","Go for the Eyes+1"],"picked":"SKIP","floor":5.0},{"not_picked":["Beam Cell+1","Hologram","Go for the Eyes+1"],"picked":"SKIP","floor":7.0},{"not_picked":["Multi-Cast","Rebound+1","Beam Cell+1"],"picked":"SKIP","floor":10.0},{"not_picked":["Conserve Battery","Hologram","Doom and Gloom+1"],"picked":"SKIP","floor":11.0},{"not_picked":["Stack","Reinforced Body"],"picked":"Turbo","floor":12.0},{"not_picked":["Stack","Cold Snap+1","Aggregate"],"picked":"SKIP","floor":13.0},{"not_picked":["Double Energy","Redo"],"picked":"Core Surge+1","floor":14.0},{"not_picked":["Rainbow","Core Surge+1"],"picked":"Seek","floor":16.0},{"not_picked":["Beam Cell+1","Barrage+1"],"picked":"Defragment","floor":18.0},{"not_picked":["Redo+1","Skim","Force Field"],"picked":"SKIP","floor":20.0},{"not_picked":["Sweeping Beam+1","Redo"],"picked":"BootSequence","floor":23.0},{"not_picked":["Sunder+1","Steam Power"],"picked":"Coolheaded","floor":24.0},{"not_picked":["Fusion","Gash+1","Rebound+1"],"picked":"Singing Bowl","floor":27.0},{"not_picked":["Coolheaded","Hello World","Rebound+1"],"picked":"Biased Cognition","floor":29},{"not_picked":["Buffer","Core Surge+1","Amplify"],"picked":"Fission","floor":33},{"not_picked":["Hello World","Static Discharge","Steam"],"picked":"Coolheaded","floor":35},{"not_picked":["BootSequence","Cold Snap+1","Conserve Battery","Go for the Eyes+1"],"picked":"Singing Bowl","floor":36},{"not_picked":["Cold Snap+1","Hologram","All For One+1"],"picked":"Defragment+1","floor":39},{"not_picked":["Ball Lightning+1","Compile Driver+1","Go for the Eyes+1","Turbo"],"picked":"Singing Bowl","floor":40},{"not_picked":["Skim","Genetic Algorithm","Storm","Go for the Eyes+1"],"picked":"Singing Bowl","floor":41},{"not_picked":["Rebound+1","Leap","Gash+1","Beam Cell+1"],"picked":"Singing Bowl","floor":42},{"not_picked":["Stack","Auto Shields+1","Leap","Redo"],"picked":"Singing Bowl","floor":44},{"not_picked":["Aggregate","Machine Learning","Cold Snap+1"],"picked":"Glacier","floor":45},{"not_picked":["Beam Cell+1","Hologram","Melter+1","Storm"],"picked":"Singing Bowl","floor":46},{"not_picked":["Rip and Tear+1","Streamline+1","Capacitor+1","Lockon+1"],"picked":"Singing Bowl","floor":47},{"not_picked":["Steam+1","Lockon+1","Aggregate","Loop"],"picked":"Singing Bowl","floor":48},{"not_picked":["Streamline+1","Hello World","Rainbow","Go for the Eyes+1"],"picked":"Singing Bowl","floor":55}],"player_experience":443049,"relics_obtained":[{"floor":2.0,"key":"Bottled Lightning"},{"floor":7.0,"key":"WingedGreaves"},{"floor":10.0,"key":"Orichalcum"},{"floor":12.0,"key":"Unceasing Top"},{"floor":19.0,"key":"Smiling Mask"},{"floor":23.0,"key":"MealTicket"},{"floor":26.0,"key":"Peace Pipe"},{"floor":27.0,"key":"Singing Bowl"},{"floor":28.0,"key":"Question Card"},{"floor":29,"key":"Shuriken"},{"floor":40,"key":"Ice Cream"},{"floor":41,"key":"Pear"},{"floor":42,"key":"Lantern"},{"floor":43,"key":"Oddly Smooth Stone"},{"floor":44,"key":"Meat on the Bone"},{"floor":45,"key":"DataDisk"},{"floor":47,"key":"Letter Opener"},{"floor":55,"key":"InkBottle"}],"event_choices":[{"damage_healed":0.0,"max_hp_gain":0.0,"max_hp_loss":0.0,"gold_gain":0.0,"event_name":"The Woman in Blue","player_choice":"Bought 2 Potions","floor":3.0,"gold_loss":0.0,"damage_taken":0.0},{"damage_healed":0.0,"max_hp_gain":0.0,"max_hp_loss":0.0,"gold_gain":0.0,"event_name":"Accursed Blacksmith","player_choice":"Forge","floor":4.0,"gold_loss":0.0,"damage_taken":0.0,"cards_upgraded":["Coolheaded"]},{"damage_healed":0.0,"max_hp_gain":0.0,"max_hp_loss":0.0,"gold_gain":0.0,"event_name":"WeMeetAgain","player_choice":"Gave Potion","floor":21.0,"gold_loss":0.0,"damage_taken":0.0,"relics_obtained":["Vajra"]},{"cards_removed":["Coolheaded"],"damage_healed":0,"gold_gain":0,"player_choice":"Purged","damage_taken":0,"max_hp_gain":0,"max_hp_loss":0,"event_name":"Purifier","floor":37,"gold_loss":0}],"is_beta":false,"boss_relics":[{"not_picked":["SacredBark","Ectoplasm"],"picked":"Nuclear Battery"},{"not_picked":["Runic Pyramid","Black Star"],"picked":"Inserter"}],"items_purged_floors":[0,0,0,0,0,0,0,22,38],"is_endless":false,"potions_floor_spawned":[5,11,16,23,29,33,35,41,42,44,48],"ascension_level":20}}