{"host":"aa17gn30s1gymc0k","time":1613837864,"event":{"mods":["BaseMod","Downfall","GifTheSpireLib","Googly Eyes","Minty Spire (QoL Compilation)","StSLib"],"gold_per_floor":[99,109,109,19,19,19,19,29,47,80,80,95,95,112,132,229,229,229,229,329,329,344,363,363,248,248,248,248,267,277,262,276,276,276,276],"floor_reached":33,"language":"DEU","playtime":2435,"items_purged":["Pain","downfall:Bewildered"],"score":272,"play_id":"0ecb1ac1-abe3-47f9-b880-855c82a91b45","local_time":"20210220171744","is_ascension_mode":false,"campfire_choices":[{"data":"Creative AI","floor":18,"key":"SMITH"},{"floor":27,"key":"REST"}],"circlet_count":0,"master_deck":["sneckomod:Strike","sneckomod:Strike","sneckomod:Strike","sneckomod:Defend","sneckomod:Defend+1","sneckomod:Defend+1","sneckomod:TailWhip+1","sneckomod:SnekBite","sneckomod:Unknown","Melter","sneckomod:Nope+1","sneckomod:TrashToTreasure","sneckomod:UnknownWeak","sneckomod:UnknownCommonAttack","Creative AI+1","sneckomod:DiceBoulder","sneckomod:SnekBeam","sneckomod:SoulExchange","sneckomod:Unknown0Cost","sneckomod:DiceBoulder+1","sneckomod:Nope"],"relics":["sneckomod:SneckoSoul","War Paint","MealTicket","Mercury Hourglass","Velvet Choker","sneckomod:BabySnecko","Dead Branch","Pear","MutagenicStrength","sneckomod:ConfusingCodex"],"acts_visited":["Exordium","TheCity"],"potions_floor_usage":[10,20,20],"damage_taken":[{"damage":0,"enemies":"2 Louse","floor":2,"turns":2},{"damage":8,"enemies":"downfall:FleeingMerchant","floor":4,"turns":4},{"damage":0,"enemies":"Cultist","floor":8,"turns":3},{"damage":2,"enemies":"Small Slimes","floor":9,"turns":3},{"damage":10,"enemies":"Lagavulin","floor":10,"turns":5},{"damage":3,"enemies":"2 Fungi Beasts","floor":12,"turns":3},{"damage":6,"enemies":"Gremlin Gang","floor":14,"turns":3},{"damage":5,"enemies":"3 Louse","floor":15,"turns":2},{"damage":45,"enemies":"IC_STATUS_ARCHETYPE","floor":16,"turns":8},{"damage":90,"enemies":"Colosseum Nobs","floor":20,"turns":6},{"damage":3,"enemies":"Spheric Guardian","floor":22,"turns":2},{"damage":13,"enemies":"Shell Parasite","floor":23,"turns":4},{"damage":0,"enemies":"downfall:FleeingMerchant","floor":25,"turns":4},{"damage":15,"enemies":"Centurion and Healer","floor":29,"turns":4},{"damage":0,"enemies":"Sentry and Sphere","floor":30,"turns":2},{"damage":10,"enemies":"downfall:FleeingMerchant","floor":31,"turns":4},{"damage":0,"enemies":"Snake Plant","floor":32,"turns":1},{"damage":53,"enemies":"WA_ARCHETYPE_CALM","floor":33,"turns":8}],"seed_played":"8439277461404433880","potions_obtained":[{"floor":2,"key":"Swift Potion"},{"floor":8,"key":"Fire Potion"},{"floor":14,"key":"SkillPotion"},{"floor":15,"key":"GamblersBrew"},{"floor":20,"key":"hexamod:SoulburnPotion"},{"floor":22,"key":"FearPotion"},{"floor":32,"key":"Fire Potion"}],"is_trial":false,"path_per_floor":["R","M","?","$","?","?","T","M","M","E","R","M","?","M","M","B",null,"R","?","?","?","M","M","T","$","?","R","?","M","M","$","M","B"],"character_chosen":"THE_SNECKO","items_purchased":[],"campfire_rested":1,"item_purchase_floors":[],"current_hp_per_floor":[99,99,99,91,79,79,79,79,77,67,67,64,69,63,58,13,104,104,104,24,24,21,8,8,23,23,57,57,42,42,47,47,0,0,0],"gold":276,"neow_bonus":"TEN_PERCENT_HP_BONUS","is_daily":false,"chose_seed":false,"campfire_upgraded":1,"win_rate":0.0,"timestamp":1613837864,"path_taken":["R","M","?","?","?","?","T","M","?","E","R","M","?","M","M","BOSS","R","?","?","?","M","M","T","$","?","R","?","M","M","$","M","BOSS"],"items_purchased_type":[],"build_version":"2020-12-22","purchased_purges":2,"victory":false,"max_hp_per_floor":[99,99,99,99,99,99,99,99,99,99,99,99,104,104,104,104,104,104,104,114,114,114,114,114,114,114,114,114,114,114,114,114,114,114,114],"card_choices":[{"not_picked":["sneckomod:UnknownWeak","sneckomod:SoulDraw"],"picked":"sneckomod:Nope","floor":2},{"not_picked":["sneckomod:UnknownDraw","sneckomod:UnknownX"],"picked":"sneckomod:TrashToTreasure","floor":4},{"not_picked":["sneckomod:DiceCrush","sneckomod:CheapStock"],"picked":"sneckomod:UnknownWeak","floor":8},{"not_picked":["sneckomod:DiceBlock","sneckomod:IronFang"],"picked":"sneckomod:UnknownCommonAttack","floor":9},{"not_picked":["sneckomod:DefensiveFlair","sneckomod:MasterEye","sneckomod:SoulRoll"],"picked":"SKIP","floor":10},{"not_picked":["sneckomod:SoulRoll","sneckomod:UnknownCommonSkill"],"picked":"sneckomod:DiceBoulder","floor":12},{"not_picked":["sneckomod:UnknownDraw","sneckomod:DiceBlock","sneckomod:RainOfDice"],"picked":"SKIP","floor":14},{"not_picked":["sneckomod:Unknown0Cost","sneckomod:UnknownX"],"picked":"sneckomod:SnekBeam","floor":15},{"not_picked":["sneckomod:Unknown3Cost","sneckomod:UnknownRarePower"],"picked":"sneckomod:SoulExchange","floor":16},{"not_picked":["sneckomod:DefensiveFlair","sneckomod:UnknownCommonSkill"],"picked":"sneckomod:Unknown0Cost","floor":22},{"not_picked":["sneckomod:SlitherStrike","sneckomod:UnknownCommonAttack","sneckomod:UnknownCommonSkill"],"picked":"SKIP","floor":23},{"not_picked":["sneckomod:SnekBeam","sneckomod:ImprovisedGuard","sneckomod:TrashToTreasure"],"picked":"SKIP","floor":25},{"not_picked":["sneckomod:TrashToTreasure","sneckomod:SlitherStrike"],"picked":"sneckomod:DiceBoulder+1","floor":29},{"not_picked":["sneckomod:Unknown0Cost","sneckomod:UnknownUncommonSkill","sneckomod:UnknownVulnerable"],"picked":"SKIP","floor":30},{"not_picked":["sneckomod:Unknown1Cost+1","sneckomod:UnknownClassSLIMEBOUND"],"picked":"sneckomod:Nope","floor":31},{"not_picked":["sneckomod:SerpentIdol","sneckomod:CheapStock","sneckomod:UnknownClassGREEN"],"picked":"SKIP","floor":32}],"player_experience":161619,"relics_obtained":[{"floor":7,"key":"MealTicket"},{"floor":10,"key":"Mercury Hourglass"},{"floor":20,"key":"Dead Branch"},{"floor":20,"key":"Pear"},{"floor":24,"key":"sneckomod:ConfusingCodex"}],"event_choices":[{"damage_healed":0,"gold_gain":0,"player_choice":"Success","damage_taken":12,"relics_obtained":["War Paint"],"max_hp_gain":0,"max_hp_loss":0,"event_name":"Scrap Ooze","floor":5,"gold_loss":0},{"damage_healed":0,"gold_gain":0,"player_choice":"Donut","damage_taken":0,"max_hp_gain":5,"max_hp_loss":0,"event_name":"Big Fish","floor":13,"gold_loss":0},{"damage_healed":0,"gold_gain":0,"player_choice":"Inject Mutagens","damage_taken":0,"relics_obtained":["MutagenicStrength"],"max_hp_gain":0,"max_hp_loss":0,"event_name":"Drug Dealer","floor":21,"gold_loss":0},{"damage_healed":0,"gold_gain":0,"player_choice":"Ignored","damage_taken":0,"max_hp_gain":0,"max_hp_loss":0,"event_name":"Ghosts","floor":28,"gold_loss":0}],"is_beta":false,"boss_relics":[{"not_picked":["SacredBark","Black Star"],"picked":"Velvet Choker"}],"items_purged_floors":[4,25],"is_endless":false,"potions_floor_spawned":[2,8,14,15,20,22,32],"killed_by":"WA_ARCHETYPE_CALM","ascension_level":0}}