{"host":"a4s27ghlnr83kbqz","time":1613797023,"event":{"mods":["AchievementEnabler","BaseMod","Colored Map","Minty Spire (QoL Compilation)","Permanent Neow","SuperFastMode"],"gold_per_floor":[17,37,54,73,89,89,109,119,119,131,149,175,175,189,189,189,267,267,248,173,173,173,73,73,73,73],"floor_reached":25,"language":"KOR","playtime":560,"items_purged":["Strike_G","Strike_G"],"score":367,"play_id":"01b0ddb8-52d7-48d2-ac12-0d63a7a1676e","local_time":"20210220135703","is_ascension_mode":true,"campfire_choices":[{"data":"Poisoned Stab","floor":6.0,"key":"SMITH"},{"data":"Bouncing Flask","floor":13,"key":"SMITH"},{"data":"Well Laid Plans","floor":16,"key":"SMITH"},{"data":"Leg Sweep","floor":24,"key":"SMITH"}],"circlet_count":0,"master_deck":["AscendersBane","Strike_G","Strike_G","Strike_G","Defend_G","Defend_G","Defend_G","Defend_G","Defend_G","Survivor","Neutralize+1","Poisoned Stab+1","Backflip","Well Laid Plans+1","Leg Sweep+1","Masterful Stab+1","Deadly Poison","Bouncing Flask+1","Caltrops"],"relics":["Ring of the Snake","Bag of Preparation","Whetstone","Cursed Key"],"acts_visited":["Exordium","TheCity"],"potions_floor_usage":[12,17,25,25],"damage_taken":[{"damage":5.0,"enemies":"2 Louse","floor":1.0,"turns":4.0},{"damage":4.0,"enemies":"Jaw Worm","floor":2.0,"turns":5.0},{"damage":10.0,"enemies":"Cultist","floor":3.0,"turns":4.0},{"damage":7.0,"enemies":"Blue Slaver","floor":4.0,"turns":5.0},{"damage":7.0,"enemies":"Looter","floor":5.0,"turns":5.0},{"damage":0.0,"enemies":"Exordium Wildlife","floor":7.0,"turns":3.0},{"damage":0.0,"enemies":"Exordium Thugs","floor":8.0,"turns":4.0},{"damage":13.0,"enemies":"Lots of Slimes","floor":10.0,"turns":5.0},{"damage":4.0,"enemies":"Large Slime","floor":11.0,"turns":6.0},{"damage":5,"enemies":"Lagavulin","floor":12,"turns":4},{"damage":7,"enemies":"Exordium Wildlife","floor":14,"turns":5},{"damage":7,"enemies":"Hexaghost","floor":17,"turns":9},{"damage":8,"enemies":"2 Thieves","floor":19,"turns":4},{"damage":41,"enemies":"Slavers","floor":25,"turns":3}],"seed_played":"-4834646402529313887","potions_obtained":[{"floor":2.0,"key":"Ancient Potion"},{"floor":4.0,"key":"DuplicationPotion"},{"floor":5.0,"key":"Dexterity Potion"},{"floor":14,"key":"PowerPotion"},{"floor":19,"key":"DistilledChaos"}],"is_trial":false,"path_per_floor":["M","M","M","M","M","R","M","M","T","M","M","E","R","M","M","R","B",null,"M","$","?","T","$","R","E"],"character_chosen":"THE_SILENT","items_purchased":[],"campfire_rested":0,"item_purchase_floors":[],"current_hp_per_floor":[72,68,58,51,44,44,44,44,44,31,27,22,22,15,15,15,8,65,57,57,41,41,41,41,0,0],"gold":73,"neow_bonus":"TWENTY_PERCENT_HP_BONUS","is_daily":false,"chose_seed":false,"campfire_upgraded":4,"win_rate":0.0,"timestamp":1613797023,"path_taken":["M","M","M","M","M","R","M","M","T","M","M","E","R","M","M","R","BOSS","M","$","?","?","?","R","E"],"items_purchased_type":[],"build_version":"2020-12-22","purchased_purges":2,"victory":false,"max_hp_per_floor":[84,84,84,84,84,84,84,84,84,84,84,84,84,84,84,84,84,84,84,84,89,89,89,89,89,89],"card_choices":[{"not_picked":["Sucker Punch","Deflect"],"picked":"Poisoned Stab","floor":1.0},{"not_picked":["Poisoned Stab","Expertise","Outmaneuver"],"picked":"SKIP","floor":2.0},{"not_picked":["Underhanded Strike","Eviscerate"],"picked":"Backflip","floor":3.0},{"not_picked":["Underhanded Strike","Backflip"],"picked":"Well Laid Plans","floor":4.0},{"not_picked":["Slice","Concentrate"],"picked":"Leg Sweep","floor":5.0},{"not_picked":["Cloak And Dagger","Dagger Spray"],"picked":"Masterful Stab","floor":7.0},{"not_picked":["Endless Agony","Acrobatics"],"picked":"Deadly Poison","floor":8.0},{"not_picked":["Sucker Punch","Dagger Spray"],"picked":"Bouncing Flask","floor":10.0},{"not_picked":["Dodge and Roll","Expertise"],"picked":"Caltrops","floor":11.0},{"not_picked":["Outmaneuver","Slice","Setup"],"picked":"SKIP","floor":12},{"not_picked":["Expertise","Prepared","Caltrops"],"picked":"SKIP","floor":14},{"not_picked":["Dagger Spray","Prepared","Skewer"],"picked":"SKIP","floor":19}],"player_experience":1136808,"relics_obtained":[{"floor":9.0,"key":"Bag of Preparation"},{"floor":12,"key":"Whetstone"}],"event_choices":[{"damage_healed":0,"gold_gain":0,"player_choice":"Shed Blood","damage_taken":21,"max_hp_gain":5,"max_hp_loss":0,"event_name":"Forgotten Altar","floor":21,"gold_loss":0}],"is_beta":false,"boss_relics":[{"not_picked":["WristBlade","Pandora\u0027s Box"],"picked":"Cursed Key"}],"items_purged_floors":[20,23],"is_endless":false,"potions_floor_spawned":[2,4,5,8,10,14,19],"killed_by":"Slavers","ascension_level":13}}