{"host":"q8ewzd1tf4mqkgtb","time":1613811088,"event":{"mods":["Ascension Unlocker","BaseMod","Colored Map","Downfall","Faster Ascension Climbing","Hermit","Minty Spire (QoL Compilation)","Relic Stats","StSLib","UnlockEverythingMod"],"gold_per_floor":[115,115,128,142,155,155,183,183,208,240,260,270,270,53,53,127,127,98,98,48,58,75,75,75],"floor_reached":23,"language":"ENG","playtime":4117,"items_purged":["Strike_R","Strike_R"],"score":406,"play_id":"d0cb671a-c634-40a6-87e7-a9581543cf12","local_time":"20210220025128","is_ascension_mode":true,"campfire_choices":[{"data":"Bash","floor":6,"key":"SMITH"},{"data":"Sword Boomerang","floor":8,"key":"SMITH"},{"data":"Flame Barrier","floor":15,"key":"SMITH"}],"circlet_count":0,"master_deck":["AscendersBane","Strike_R","Strike_R","Strike_R","Defend_R","Defend_R","Defend_R","Defend_R","Bash+1","Inflame+1","Battle Trance","Sword Boomerang+1","Shrug It Off","Flame Barrier+1","Reaper","Fiend Fire","Anger+1","True Grit+1"],"relics":["Burning Blood","Happy Flower","Smiling Mask","Oddly Smooth Stone","PreservedInsect","Black Star"],"acts_visited":["Exordium","TheCity"],"potions_floor_usage":[5,23,23],"damage_taken":[{"damage":3,"enemies":"Small Slimes","floor":1,"turns":5},{"damage":0,"enemies":"Cultist","floor":3,"turns":3},{"damage":9,"enemies":"Jaw Worm","floor":4,"turns":4},{"damage":0,"enemies":"Large Slime","floor":5,"turns":4},{"damage":8,"enemies":"Gremlin Nob","floor":7,"turns":3},{"damage":27,"enemies":"3 Sentries","floor":10,"turns":8},{"damage":0,"enemies":"Blue Slaver","floor":11,"turns":6},{"damage":8,"enemies":"Looter","floor":12,"turns":5},{"damage":62,"enemies":"Hexaghost","floor":16,"turns":10},{"damage":21,"enemies":"2 Thieves","floor":18,"turns":4},{"damage":12,"enemies":"3 Byrds","floor":21,"turns":3},{"damage":17,"enemies":"Sentry and Sphere","floor":22,"turns":7},{"damage":25,"enemies":"Gremlin Leader","floor":23,"turns":5}],"seed_played":"1205362732480860942","potions_obtained":[{"floor":3,"key":"DuplicationPotion"},{"floor":4,"key":"Dexterity Potion"},{"floor":10,"key":"Dexterity Potion"},{"floor":12,"key":"DuplicationPotion"}],"is_trial":false,"path_per_floor":["M","?","M","M","M","R","E","R","T","E","M","M","?","$","R","B",null,"M","?","$","M","M","E"],"character_chosen":"IRONCLAD","items_purchased":["PreservedInsect"],"campfire_rested":0,"item_purchase_floors":[14],"current_hp_per_floor":[78,78,82,79,82,82,80,80,80,59,65,70,75,75,75,29,73,66,41,41,35,24,0,0],"gold":75,"neow_bonus":"TEN_PERCENT_HP_BONUS","is_daily":false,"chose_seed":false,"campfire_upgraded":3,"win_rate":0.0,"timestamp":1613811088,"path_taken":["M","?","M","M","M","R","E","R","T","E","?","M","?","?","R","BOSS","M","?","$","M","M","E"],"items_purchased_type":["Relic"],"build_version":"2020-12-22","purchased_purges":2,"victory":false,"max_hp_per_floor":[82,82,82,82,82,82,82,82,82,82,82,82,87,87,87,87,87,87,92,92,92,92,92,92],"relic_stats":{"Happy Flower":[16],"counters":[13,67],"PreservedInsect":47,"Black Star":0,"Smiling Mask":75,"obtain_stats":[{"Happy Flower":7,"Oddly Smooth Stone":10,"PreservedInsect":14,"Black Star":17,"Smiling Mask":9,"Burning Blood":0},{"Happy Flower":5,"Oddly Smooth Stone":6,"PreservedInsect":8,"Black Star":9,"Smiling Mask":5,"Burning Blood":0},{"Happy Flower":19,"Oddly Smooth Stone":27,"PreservedInsect":38,"Black Star":48,"Smiling Mask":19,"Burning Blood":0}],"Burning Blood":67},"card_choices":[{"not_picked":["Flex","Armaments"],"picked":"Inflame","floor":1},{"not_picked":["Shrug It Off","Entrench"],"picked":"Battle Trance","floor":3},{"not_picked":["Iron Wave","Metallicize"],"picked":"Sword Boomerang","floor":4},{"not_picked":["Thunderclap","Infernal Blade"],"picked":"Shrug It Off","floor":5},{"not_picked":["Rampage","Twin Strike","Pommel Strike"],"picked":"SKIP","floor":7},{"not_picked":["Clash","Havoc"],"picked":"Flame Barrier","floor":10},{"not_picked":["Pummel","Clash"],"picked":"Reaper","floor":11},{"not_picked":["Body Slam","Headbutt","Havoc"],"picked":"SKIP","floor":12},{"not_picked":["Body Slam","Headbutt","Havoc"],"picked":"SKIP","floor":12},{"not_picked":["Reaper","Brutality"],"picked":"Fiend Fire","floor":16},{"not_picked":["Fire Breathing","Body Slam"],"picked":"Anger+1","floor":18},{"not_picked":["Sever Soul+1","True Grit","Twin Strike"],"picked":"SKIP","floor":21},{"not_picked":["Perfected Strike+1","Heavy Blade"],"picked":"True Grit+1","floor":22}],"player_experience":598960,"relics_obtained":[{"floor":7,"key":"Happy Flower"},{"floor":9,"key":"Smiling Mask"},{"floor":10,"key":"Oddly Smooth Stone"}],"event_choices":[{"damage_healed":0,"gold_gain":0,"player_choice":"Upgraded","damage_taken":0,"max_hp_gain":0,"max_hp_loss":0,"event_name":"Upgrade Shrine","floor":2,"gold_loss":0,"cards_upgraded":["Inflame"]},{"damage_healed":0,"gold_gain":0,"player_choice":"Donut","damage_taken":0,"max_hp_gain":5,"max_hp_loss":0,"event_name":"Big Fish","floor":13,"gold_loss":0},{"damage_healed":0,"gold_gain":0,"player_choice":"Shed Blood","damage_taken":30,"max_hp_gain":5,"max_hp_loss":0,"event_name":"Forgotten Altar","floor":19,"gold_loss":0}],"is_beta":false,"boss_relics":[{"not_picked":["Pandora\u0027s Box","Busted Crown"],"picked":"Black Star"}],"items_purged_floors":[14,20],"is_endless":false,"potions_floor_spawned":[3,4,10,12],"killed_by":"Gremlin Leader","ascension_level":20}}