{"host":"3i0tc1zs9k2bo7un","time":1613828671,"event":{"mods":["Act Like it!","Aspiration","BaseMod","Gensokyo","Minty Spire (QoL Compilation)","MostiFishMod","Quick Restart","Reliquary","Replay The Spire","StSLib","TestMod","Wide Potions","[IsaacMod]ÒÔÈö¼âËþ","¡¾ÒÅÎï¿¨ÅÆ¡¿REMEMod"],"gold_per_floor":[118,118,164,28,39,69,79,113,113,140,140,154,154,165,165,238,238,250,10,10,10,80,110,122,22,75,88,113,129,129,155,155,227,227,436,143,155,12,21,47,85,85,154,211,211,274,101,101,101,137,137,137,137,161,623],"floor_reached":56,"language":"ZHS","playtime":1529,"items_purged":["Strike_R","Strike_R","Strike_R","Defend_R","Defend_R","Defend_R","Defend_R"],"score":2715,"play_id":"8c13ebd2-4084-4972-8b09-d0fdd2234474","local_time":"20210220214431","is_ascension_mode":true,"campfire_choices":[{"data":"Feed","floor":15,"key":"SMITH"},{"data":"MostiFishMod:DarkDeal","floor":30,"key":"SMITH"},{"data":"Inflame","floor":32,"key":"SMITH"},{"floor":42,"key":"RECALL"},{"data":"Exhume","floor":49,"key":"SMITH"},{"data":"Bash","floor":52,"key":"SMITH"}],"circlet_count":0,"master_deck":["AscendersBane","Bash+1","Whirlwind+1","Feed+1","Inflame+1","Exhume+1","MostiFishMod:DarkDeal+1","Offering+1","REME_Scribble+1","Dark Embrace+1"],"relics":["Burning Blood","DaveBox","testmod-TestBox","HushsDoor","REME_ComplimentaryCards","D6","testmod-Charity","ExusiaiGun","GuppysHead","SynthV:TestCard","aspiration:Lifesprig","BookOfRevelations","Frozen Egg 2","testmod-CardMagician","SatanicBible","TheBattery","Letter Opener","reliquary:QuartzCube","DianDianMeat","reliquary:RosewoodLute","ChiXiaoBlade","GuppysHairball","BelialBook","MyShadow","GuppysTail","reliquary:Buckler","aspiration:Nostalgia","Ring of the Snake","SalivaCoin","Molten Egg 2","ReplayTheSpireMod:TigerMarble","reliquary:GummyVitamins","Anchor","Bag of Marbles"],"acts_visited":["Gensokyo:Gensokyo","Gensokyo:Gensokyoer","Gensokyo:Gensokyoest","TheEnding"],"potions_floor_usage":[27,28,55,55],"damage_taken":[{"damage":0,"enemies":"Gensokyo:Gryphon","floor":1,"turns":1},{"damage":0,"enemies":"Gensokyo:Python","floor":5,"turns":1},{"damage":0,"enemies":"Gensokyo:Mamizou","floor":6,"turns":3},{"damage":0,"enemies":"Gensokyo:2_Kodama","floor":7,"turns":1},{"damage":7,"enemies":"Gensokyo:Cirno","floor":8,"turns":5},{"damage":12,"enemies":"Gensokyo:Mamizou","floor":10,"turns":4},{"damage":0,"enemies":"Gensokyo:LivingMonolith","floor":12,"turns":1},{"damage":0,"enemies":"Gensokyo:Gryphon_and_Rabbit","floor":14,"turns":1},{"damage":0,"enemies":"Gensokyo:Reimu","floor":16,"turns":3},{"damage":5,"enemies":"Gensokyo:2_Gloops","floor":18,"turns":2},{"damage":0,"enemies":"Gensokyo:Tenshi","floor":23,"turns":1},{"damage":17,"enemies":"Gensokyo:AngelMirror","floor":24,"turns":2},{"damage":10,"enemies":"Gensokyo:Wraith","floor":27,"turns":2},{"damage":28,"enemies":"Gensokyo:Koishi","floor":28,"turns":3},{"damage":5,"enemies":"Gensokyo:Slime_Group","floor":29,"turns":1},{"damage":0,"enemies":"Gensokyo:Reisen","floor":31,"turns":2},{"damage":0,"enemies":"Gensokyo:Eternal_Rivals","floor":33,"turns":4},{"damage":0,"enemies":"Gensokyo:3_Bats","floor":35,"turns":3},{"damage":9,"enemies":"Gensokyo:AncientGuardian","floor":37,"turns":1},{"damage":6,"enemies":"Gensokyo:4_Bats","floor":39,"turns":3},{"damage":17,"enemies":"Gensokyo:Marisa","floor":40,"turns":1},{"damage":17,"enemies":"Gensokyo:Rafflesia","floor":41,"turns":1},{"damage":22,"enemies":"Gensokyo:Kasen","floor":44,"turns":1},{"damage":19,"enemies":"Gensokyo:Doremy","floor":46,"turns":1},{"damage":27,"enemies":"Gensokyo:Scarlet_Devils","floor":50,"turns":3},{"damage":0,"enemies":"Shield and Spear","floor":54,"turns":1},{"damage":172,"enemies":"The Heart","floor":55,"turns":4}],"seed_played":"3504723490283741087","potions_obtained":[{"floor":6,"key":"ColorlessPotion"},{"floor":7,"key":"Reflective Coating"},{"floor":27,"key":"Energy Potion"},{"floor":33,"key":"LifebloodPotion"}],"is_trial":false,"path_per_floor":["M","?","?","$","M","E","M","E","T","E","?","M","?","M","R","B",null,"M","COS","?","?","?","E","M","$","T","M","E","M","R","E","R","B",null,"M","$","M","COS","M","E","M","R","T","E","?","E","$","?","R","B",null,"R","$","E","B",null],"character_chosen":"IRONCLAD","items_purchased":["Whirlwind+1","MostiFishMod:DarkDeal","SatanicBible","GuppysHairball","BelialBook","MyShadow","GuppysTail","Offering","reliquary:Buckler","Anchor"],"campfire_rested":0,"item_purchase_floors":[4,17,17,34,34,34,34,34,36,47],"current_hp_per_floor":[69,69,55,55,62,69,73,73,73,71,71,81,81,86,86,91,65,70,70,70,70,56,67,57,57,58,55,34,40,40,47,47,62,30,34,34,35,35,46,42,46,46,47,47,51,55,55,55,55,50,103,103,103,110,24],"gold":623,"neow_bonus":"ONE_RARE_RELIC","is_daily":false,"chose_seed":false,"campfire_upgraded":5,"win_rate":0.0,"timestamp":1613828671,"path_taken":["M","?","?","?","M","E","M","E","T","E","?","M","?","M","R","BOSS","M","COS","?","?","?","E","M","?","T","?","E","M","R","E","R","BOSS","M","$","M","COS","M","E","M","R","T","E","?","E","$","?","R","BOSS","R","$","E","BOSS"],"items_purchased_type":["Card","Card","Relic","Relic","Relic","Relic","Relic","Card","Relic","Relic"],"build_version":"2020-12-22","purchased_purges":7,"victory":true,"max_hp_per_floor":[69,69,70,70,71,72,73,74,74,78,78,82,82,86,86,91,65,70,70,70,70,71,76,77,77,78,79,80,85,85,86,86,95,30,34,34,38,38,49,56,71,71,72,88,88,105,105,105,105,121,121,121,121,122,202],"card_choices":[{"not_picked":["Clothesline","MostiFishMod:DarkDeal","Thunderclap"],"picked":"SKIP","floor":1},{"not_picked":["Twin Strike","Iron Wave","Replay:Undeath\u0027s Touch","Body Slam","ReplayTheSpireMod:Corrosion Curse"],"picked":"SKIP","floor":5},{"not_picked":["Twin Strike","ReplayTheSpireMod:Strike From Hell","ReplayTheSpireMod:LeadingStrike","Anger","Cleave"],"picked":"SKIP","floor":6},{"not_picked":["Spot Weakness","Headbutt","Sentinel","Perfected Strike"],"picked":"Feed","floor":7},{"not_picked":["Replay:Undeath\u0027s Touch","Flex","MostiFishMod:BrandingRite","Intimidate"],"picked":"Inflame","floor":8},{"not_picked":["Iron Wave","Clothesline","True Grit","Hemokinesis","Anger"],"picked":"SKIP","floor":10},{"not_picked":["Brutality+1","Perfected Strike","Sword Boomerang","ReplayReversal","Warcry"],"picked":"SKIP","floor":12},{"not_picked":["Brutality+1","Perfected Strike","Sword Boomerang","ReplayReversal","Warcry"],"picked":"SKIP","floor":12},{"not_picked":["Feel No Pain+1","Replay:Undeath\u0027s Touch","Clothesline","Shrug It Off","Warcry"],"picked":"SKIP","floor":14},{"not_picked":["Corruption+1","Berserk+1","Impervious","Replay:Many Hands"],"picked":"Exhume","floor":16},{"not_picked":["Blood for Blood","Pommel Strike","Rage","Hemokinesis","Run Through"],"picked":"SKIP","floor":18},{"not_picked":["Metallicize+1","MostiFishMod:WingOfPhoenix+1","Rampage","Headbutt","Warcry"],"picked":"SKIP","floor":23},{"not_picked":["Heavy Blade","Perfected Strike","Shockwave","Replay:Undeath\u0027s Touch","Thunderclap"],"picked":"SKIP","floor":24},{"not_picked":["Blood for Blood","ReplayTheSpireMod:Stacked","ReplayTheSpireMod:LeadingStrike","Massacre","Rupture+1"],"picked":"SKIP","floor":27},{"not_picked":["Flame Barrier","MostiFishMod:BrandingRite","Twin Strike","Warcry","Combust+1"],"picked":"SKIP","floor":28},{"not_picked":["Pommel Strike","Defy Death+1","Heavy Blade+1","Anger","Clash"],"picked":"SKIP","floor":29},{"not_picked":["Anger","Heavy Blade","Armaments","Sword Boomerang+1","Life Link+1"],"picked":"SKIP","floor":31},{"not_picked":["Flame Barrier+1","ReplayTheSpireMod:Strike From Hell+1","MostiFishMod:#F4004","Carnage"],"picked":"REME_Scribble","floor":35},{"not_picked":["Second Wind+1","Uppercut","Shockwave","Sword Boomerang+1","Cleave"],"picked":"SKIP","floor":37},{"not_picked":["Anger","Havoc","Seeing Red","Dual Wield","Clash"],"picked":"SKIP","floor":39},{"not_picked":["ReplayTheSpireMod:Strike From Hell","Wild Strike+1","MostiFishMod:HellRitual","Flex","Clash"],"picked":"SKIP","floor":40},{"not_picked":["Perfected Strike","Power Through","True Grit+1","Dark Embrace+1","Headbutt"],"picked":"SKIP","floor":41},{"not_picked":["Dual Wield","Searing Blow+1","Thunderclap+1","Ghostly Armor","Power Through"],"picked":"SKIP","floor":44},{"not_picked":["Replay:Undeath\u0027s Touch+1","Heavy Blade+1","Shrug It Off+1","Clothesline+1"],"picked":"Dark Embrace+1","floor":46},{"not_picked":["Iron Wave+1","ReplayTheSpireMod:Strike From Hell+1","Heavy Blade+1","Pummel+1","Replay:Undeath\u0027s Touch+1"],"picked":"SKIP","floor":54}],"player_experience":727572,"relics_obtained":[{"floor":1,"key":"SynthV:TestCard"},{"floor":6,"key":"aspiration:Lifesprig"},{"floor":8,"key":"BookOfRevelations"},{"floor":9,"key":"SynthV:C4"},{"floor":10,"key":"Frozen Egg 2"},{"floor":23,"key":"Letter Opener"},{"floor":28,"key":"DianDianMeat"},{"floor":31,"key":"reliquary:RosewoodLute"},{"floor":40,"key":"SalivaCoin"},{"floor":43,"key":"Molten Egg 2"},{"floor":44,"key":"ReplayTheSpireMod:TigerMarble"},{"floor":46,"key":"reliquary:GummyVitamins"},{"floor":54,"key":"Bag of Marbles"}],"event_choices":[],"is_beta":false,"boss_relics":[{"not_picked":["FixedStarFall","aspiration:PoetsPen_weak"],"picked":"testmod-CardMagician"},{"not_picked":[]},{"not_picked":["Replay:Bronze Core","PatriotShield"],"picked":"ChiXiaoBlade"},{"not_picked":[]}],"items_purged_floors":[4,17,17,25,34,34,36],"is_endless":false,"potions_floor_spawned":[6,7,8,14,16,24,27,33,35,44],"ascension_level":19}}