{"host":"o3b7ow6d1xe49css","time":1613788752,"event":{"mods":["Act Like it!","Aspiration","BaseMod","Bestiary","Better Altar","Better Match","Better Note","Better Sensory Stone","Better Skull","Better Third Choice","Colored Powertips","Conspire","Energized Spire","Force Act Four","GifTheSpireLib","Halation","Hermit","Hubris","Infinite Spire","Lobotomy","Minty Spire (QoL Compilation)","Quick Restart","Rare Cards Sparkle","Relic Filter Mod","Reliquary","Replay The Spire","Spicy Shops","Spikes Relics","StSLib","Stuff the Spire","The Blue Laboratory","The Hierophant","The Jungle","Wandering Minibosses"],"gold_per_floor":[119,135,155,155,175,175,175,175],"floor_reached":7,"language":"ENG","playtime":241,"items_purged":[],"score":54,"play_id":"071d6240-0279-4686-a510-01b886bcb839","local_time":"20210219173912","daily_mods":["Heirloom","Flight"],"is_ascension_mode":true,"campfire_choices":[{"data":"Blasphemy","floor":6,"key":"SMITH"}],"circlet_count":0,"master_deck":["Strike_P","Strike_P","Strike_P","Strike_P","Defend_P","Defend_P","Defend_P","Defend_P","Eruption","Vigilance","Scorched","UniverseFragment","Blasphemy+1"],"relics":["PureWater","Ring of Chaos","reliquary:Solitaire","CogitoBucket"],"acts_visited":["Exordium"],"potions_floor_usage":[5,7],"damage_taken":[{"damage":4,"enemies":"Jaw Worm","floor":1,"turns":4},{"damage":0,"enemies":"Cultist","floor":2,"turns":1},{"damage":0,"enemies":"2 Louse","floor":3,"turns":2},{"damage":3,"enemies":"Looter","floor":5,"turns":2},{"damage":99999,"enemies":"Lagavulin","floor":7,"turns":2}],"seed_played":"-8325974202929668329","potions_obtained":[{"floor":1,"key":"blueLaboratory:MidnightOil"},{"floor":3,"key":"blueLaboratory:StoneskinPotion"},{"floor":4,"key":"blueLaboratory:HummingbirdPotion"},{"floor":4,"key":"Toxic Potion"}],"is_trial":true,"path_per_floor":["M","M","M","?","M","R","E"],"character_chosen":"WATCHER","items_purchased":[],"campfire_rested":0,"item_purchase_floors":[],"current_hp_per_floor":[68,68,68,68,65,65,0,0],"gold":175,"neow_bonus":"","is_daily":false,"chose_seed":false,"campfire_upgraded":1,"win_rate":0.0,"timestamp":1613788752,"path_taken":["M","M","M","?","?","R","E"],"items_purchased_type":[],"build_version":"2020-12-22","purchased_purges":0,"victory":false,"max_hp_per_floor":[72,72,72,72,72,72,72,72],"card_choices":[{"not_picked":["MeatLantern","Freischutz","Murderer"],"picked":"Singing Bowl","floor":1},{"not_picked":["RedShoes","ShyLook"],"picked":"Scorched","floor":1},{"not_picked":["FollowUp","Pray","Replay:DivineShield"],"picked":"SKIP","floor":1},{"not_picked":["MeatLantern","Alriune","Bloodbath"],"picked":"Singing Bowl","floor":2},{"not_picked":["MasterReality","EmptyBody","Wallop"],"picked":"SKIP","floor":2},{"not_picked":["MasterReality","EmptyBody","Wallop"],"picked":"SKIP","floor":2},{"not_picked":["WallGazer","OSAHOGD","CherryBlossoms"],"picked":"Singing Bowl","floor":3},{"not_picked":["EmptyFist","SignatureMove","Replay:AtTheReady"],"picked":"SKIP","floor":3},{"not_picked":["PathToVictory","SashWhip"],"picked":"Blasphemy","floor":5}],"player_experience":1430305,"relics_obtained":[],"event_choices":[{"damage_healed":0,"gold_gain":0,"player_choice":"Got Potions","damage_taken":0,"max_hp_gain":0,"max_hp_loss":0,"event_name":"Lab","floor":4,"gold_loss":0}],"is_beta":false,"boss_relics":[],"items_purged_floors":[],"is_endless":false,"potions_floor_spawned":[1,3],"killed_by":"Lagavulin","ascension_level":5}}