{"host":"whe4vf9w0yuhsr02","time":1613820084,"event":{"mods":["AchievementEnabler","Act Like it!","BaseMod","Better Altar","Better Match","Better Note","Better Sensory Stone","Better Skull","Better Third Choice","Colored Map","Dark Map","Friendly Minions","Highlight Path","Hubris","Lobotomy","LobotomyExtend","Minty Spire (QoL Compilation)","Poor People Problems","Quick Restart","Replay The Spire","Ruina","StSLib","everything is the same but u backflip on backflip"],"gold_per_floor":[111,42,58,58,70,70,70,85,134,134,150,164,195,212,212,310,310,323,34,54,54,64,64,89,89,89,39,39,71,87,118,118,217,267,287,298,348,365,375,401,413,443,455,485,497,540,566,590,602,614,638],"floor_reached":52,"language":"ENG","playtime":1387,"items_purged":["Doubt"],"score":978,"play_id":"b5373bb3-c32b-4781-9bb1-4c8073348e56","local_time":"20210220132124","is_ascension_mode":false,"campfire_choices":[],"circlet_count":0,"master_deck":["SpecialBullet","SpecialBullet","SpecialBullet","SpecialBullet","SpecialBullet","SpecialBullet","TrainingCode","SecurityCode","ControlCode","Mayhem","Lamp+14","UniverseFragment","InformationCode","Harvest","Twilight+1","Scorched","GoldRush","GoldRush","GreedKing","Diffraction+1","TT2Protocol","Twilight","SummonCall","WristCuter+1","CentralCode","GoldRush","Mimicry"],"relics":["CogitoBucket","LetterFromLob","War Paint","AspirationHeart","Orichalcum","hubris:TerracottaHorce","ClockworkSouvenir","ChangeAnything","Smiling Mask","Bag of Marbles","Pear","Replay:Multitool","Replay:Rubber Ducky","Tiny House","TreeSap","AtMidnight","Du-Vu Doll","MawBank","hubris:DeckOfHolding","Mummified Hand"],"acts_visited":["Exordium","ruina:Briah","TheBeyond"],"potions_floor_usage":[],"damage_taken":[{"damage":18.0,"enemies":"2 Louse","floor":1.0,"turns":3.0},{"damage":0.0,"enemies":"Cultist","floor":3.0,"turns":2.0},{"damage":10.0,"enemies":"Small Slimes","floor":5.0,"turns":2.0},{"damage":11.0,"enemies":"Exordium Wildlife","floor":8.0,"turns":3.0},{"damage":13.0,"enemies":"Lots of Slimes","floor":11.0,"turns":5.0},{"damage":22.0,"enemies":"Blue Slaver","floor":12.0,"turns":4.0},{"damage":28.0,"enemies":"Replay:BlueRogue","floor":13.0,"turns":5.0},{"damage":0.0,"enemies":"2 Fungi Beasts","floor":14.0,"turns":2.0},{"damage":0.0,"enemies":"Slime Boss","floor":16.0,"turns":6.0},{"damage":1.0,"enemies":"ruina:2_Scarecrows","floor":18.0,"turns":2.0},{"damage":0.0,"enemies":"ruina:Nosferatu","floor":20.0,"turns":3.0},{"damage":7.0,"enemies":"ruina:KingOfGreed","floor":22.0,"turns":3.0},{"damage":17.0,"enemies":"ruina:RoadHome","floor":24.0,"turns":2.0},{"damage":2.0,"enemies":"ruina:ServantOfWrath","floor":29.0,"turns":2.0},{"damage":0.0,"enemies":"ruina:QueenOfHate","floor":30.0,"turns":1.0},{"damage":0.0,"enemies":"ruina:RoadHome","floor":31.0,"turns":1.0},{"damage":15.0,"enemies":"ruina:JesterOfNihil","floor":33.0,"turns":4.0},{"damage":0.0,"enemies":"3 Darklings","floor":35.0,"turns":2.0},{"damage":0.0,"enemies":"Orb Walker","floor":36.0,"turns":1.0},{"damage":3.0,"enemies":"Mind Bloom Boss Battle","floor":37.0,"turns":2.0},{"damage":0.0,"enemies":"Sphere and 2 Shapes","floor":38.0,"turns":1.0},{"damage":7.0,"enemies":"Writhing Mass","floor":39.0,"turns":2.0},{"damage":24.0,"enemies":"R_Hoarder","floor":40.0,"turns":4.0},{"damage":0.0,"enemies":"Maw","floor":42.0,"turns":2.0},{"damage":0.0,"enemies":"4 Shapes","floor":44.0,"turns":1.0},{"damage":0.0,"enemies":"Reptomancer","floor":46.0,"turns":1.0},{"damage":0.0,"enemies":"3 Darklings","floor":47.0,"turns":3.0},{"damage":2.0,"enemies":"Sphere and 2 Shapes","floor":48.0,"turns":1.0},{"damage":0.0,"enemies":"Donu and Deca","floor":50.0,"turns":8.0},{"damage":30.0,"enemies":"Malkuth","floor":51.0,"turns":5.0},{"damage":40.0,"enemies":"Hod","floor":51.0,"turns":6.0},{"damage":90.0,"enemies":"Geburah","floor":51.0,"turns":11.0},{"damage":80.0,"enemies":"Binah","floor":51.0,"turns":7.0},{"damage":25,"enemies":"Angela","floor":52,"turns":7}],"seed_played":"3973662606059341936","potions_obtained":[{"floor":1.0,"key":"SneckoOil"},{"floor":3.0,"key":"PowerPotion"},{"floor":8.0,"key":"Elixir"},{"floor":13.0,"key":"Block Potion"},{"floor":18.0,"key":"ColorlessPotion"},{"floor":20.0,"key":"Explosive Potion"},{"floor":29.0,"key":"SkillPotion"},{"floor":33.0,"key":"SpeedPotion"},{"floor":34.0,"key":"CultistPotion"}],"is_trial":false,"path_per_floor":["M","$","M","?","M","R","$","M","T","E","M","M","E","M","R","B",null,"M","$","M","?","M","R","E","?","T","$","R","E","M","E","R","B",null,"M","M","?","M","M","E","R","M","T","M","R","E","M","M","R_BF","B",null,null,null],"character_chosen":"Angela","items_purchased":["Lamp","ClockworkSouvenir","GoldRush"],"campfire_rested":0,"item_purchase_floors":[2,19,19],"current_hp_per_floor":[60,60,68,68,66,66,66,63,63,63,58,54,34,42,42,54,77,84,84,84,84,88,88,79,79,89,89,89,95,98,98,98,91,101,103,103,103,103,103,87,87,95,95,103,103,103,103,103,103,103,37],"gold":650,"neow_bonus":"RANDOM_COLORLESS_2","is_daily":false,"chose_seed":false,"campfire_upgraded":0,"win_rate":0.0,"timestamp":1613820084,"path_taken":["M","$","M","?","?","R","?","M","T","E","M","M","E","M","R","BOSS","M","$","M","?","M","R","E","?","T","$","R","E","M","E","R","BOSS","M","M","?","M","M","E","R","M","T","M","R","E","M","M","R_BF","BOSS"],"items_purchased_type":["Card","Relic","Card"],"build_version":"2020-12-22","purchased_purges":1,"victory":true,"max_hp_per_floor":[70,70,70,70,70,70,70,70,70,70,70,80,80,80,80,84,84,84,84,84,84,88,88,88,88,98,98,98,98,98,98,98,98,103,103,103,103,103,103,103,103,103,103,103,103,103,103,103,103,103,88],"card_choices":[{"not_picked":["ReplayTheSpireMod:Necrogeddon","Crow Ritual"],"picked":"Mayhem","floor":0.0},{"not_picked":["Penitence","LifeForTheDareDevil"],"picked":"SKIP","floor":1.0},{"not_picked":["CrumblingArmor","BlackSwan"],"picked":"UniverseFragment","floor":3.0},{"not_picked":["MagicBullet","Discord"],"picked":"SKIP","floor":3.0},{"not_picked":["SomewhereSpear","Harmony"],"picked":"SKIP","floor":5.0},{"not_picked":["Pleasure","Lantern"],"picked":"SKIP","floor":8.0},{"not_picked":["RapturousDream","Noise"],"picked":"SKIP","floor":11.0},{"not_picked":["RapturousDream","CherryBlossom"],"picked":"SKIP","floor":12.0},{"not_picked":["CherryBlossom"],"picked":"Harvest","floor":13.0},{"not_picked":["RapturousDream"],"picked":"Twilight","floor":14.0},{"not_picked":["MeatLantern","OldLady"],"picked":"Scorched","floor":16.0},{"not_picked":["TheSmile"],"picked":"GoldRush","floor":16.0},{"not_picked":["Horn","Penitence"],"picked":"SKIP","floor":18.0},{"not_picked":["Wingbeat","FourthMatchFlame"],"picked":"SKIP","floor":20.0},{"not_picked":["ShyLook","Woodsman"],"picked":"GreedKing","floor":22.0},{"not_picked":["TodaysExpression","Tough"],"picked":"SKIP","floor":22.0},{"not_picked":["Beak"],"picked":"Diffraction+1","floor":24.0},{"not_picked":["InTheNameOfLoveAndHate+1","Regret_ego"],"picked":"SKIP","floor":29.0},{"not_picked":["Tough+1","CrimsonScar"],"picked":"SKIP","floor":30.0},{"not_picked":["Horn","Wingbeat"],"picked":"SKIP","floor":31.0},{"not_picked":["Justitia"],"picked":"Twilight","floor":33.0},{"not_picked":["Tough+1","BlackSwan_ego"],"picked":"SKIP","floor":35.0},{"not_picked":["Christmas+1","Noise+1"],"picked":"SKIP","floor":36.0},{"not_picked":["Penitence"],"picked":"WristCuter+1","floor":37.0},{"not_picked":["RapturousDream","Ecstasy"],"picked":"SKIP","floor":38.0},{"not_picked":["CherryBlossom+1","Loneliness"],"picked":"SKIP","floor":39.0},{"not_picked":["Loneliness"],"picked":"GoldRush","floor":40.0},{"not_picked":["Beak","Lantern"],"picked":"SKIP","floor":42.0},{"not_picked":["Tough","Hornet+1"],"picked":"SKIP","floor":44.0},{"not_picked":["LifeForTheDareDevil"],"picked":"Mimicry","floor":46.0},{"not_picked":["TodaysExpression","CrimsonScar"],"picked":"SKIP","floor":47.0},{"not_picked":["WristCuter+1","Noise+1"],"picked":"SKIP","floor":48.0}],"player_experience":504417,"relics_obtained":[{"floor":1.0,"key":"LetterFromLob"},{"floor":9.0,"key":"War Paint"},{"floor":13.0,"key":"Orichalcum"},{"floor":24.0,"key":"Smiling Mask"},{"floor":26.0,"key":"Pear"},{"floor":29.0,"key":"Replay:Multitool"},{"floor":31.0,"key":"Replay:Rubber Ducky"},{"floor":35.0,"key":"AtMidnight"},{"floor":37.0,"key":"Du-Vu Doll"},{"floor":40.0,"key":"MawBank"},{"floor":43.0,"key":"hubris:DeckOfHolding"},{"floor":46.0,"key":"Mummified Hand"}],"event_choices":[{"cards_removed":["hubris:Disease"],"damage_healed":0.0,"max_hp_gain":0.0,"max_hp_loss":0.0,"gold_gain":0.0,"event_name":"Purifier","player_choice":"Purged","floor":4.0,"gold_loss":0.0,"damage_taken":0.0},{"damage_healed":0.0,"max_hp_gain":0.0,"max_hp_loss":0.0,"gold_gain":0.0,"event_name":"MindBloom","player_choice":"Fight","floor":37.0,"gold_loss":0.0,"damage_taken":0.0}],"is_beta":false,"boss_relics":[{"not_picked":["Black Star","Ectoplasm"],"picked":"hubris:TerracottaHorce"},{"not_picked":["hubris:HollowSoul","Replay:Grab Bag"],"picked":"Tiny House"}],"items_purged_floors":[27],"is_endless":false,"potions_floor_spawned":[1,3,8,13,18,20,22,29,33,35,37,46,47,48],"ascension_level":0}}