{"host":"njruw0b0uprlitpx","time":1613831163,"event":{"mods":["2.2 Compatiblity","Aspiration","Bartender","BaseMod","Better Altar","Better Match","Better Note","Better Sensory Stone","Better Skull","Better Third Choice","BetterRewards","Block Reminder","Colored Map","Colored Powertips","Curses Come First","Energized Spire","Jedi Mod","Keyboard Shortcuts","Minty Spire (QoL Compilation)","Quick Restart","Rare Cards Sparkle","Relic Stats","Replay The Spire","SacredBarkPlus","Spicy Shops","StSLib","SuperFastMode","The Blackbeard","The Mystic"],"gold_per_floor":[114,129,209,36,51,51,28,58,58,58,88,13,13,13,13,13,13,113,113,128,53,53,149,149,149,149,149,149,149,149,149,149,149,149,194,194,249,268,268,268,318,422,422,551,576,681,785,785,900,984,984,1079],"floor_reached":53,"language":"ENG","playtime":4015,"items_purged":[],"score":1118,"play_id":"ccb0f753-485a-4afc-b997-ec3653006ea5","local_time":"20210220082603","daily_mods":["Shiny","Hoarder","DeadlyEvents"],"is_ascension_mode":false,"campfire_choices":[{"data":"Form_Shift","floor":6,"key":"SMITH"},{"data":"Breathe_Deep","floor":10,"key":"SMITH"},{"data":"Patience","floor":13,"key":"SMITH"},{"data":"Beat_Rush","floor":17,"key":"SMITH"},{"data":"Raptor_Form","floor":26,"key":"SMITH"},{"data":"High_Tide","floor":30,"key":"SMITH"},{"data":"Storage","floor":34,"key":"SMITH"},{"data":"Dolphin_Blow","floor":43,"key":"SMITH"},{"floor":48,"key":"REST"},{"data":"Looming Evil","floor":51,"key":"PURGE"}],"circlet_count":0,"master_deck":["Dolphin_Blow+1","Combo_Master","Beat_Rush+1","Moonsault_Kick","Spirits_Within","Patience+1","Breathe_Deep+1","Cold_Blooded","Windup","Top_Shelf","Form_Shift+1","Butterfly_Float","Liquid_Armor","Storage+1","High_Tide+1","Ripple","Ripple","Ripple","Meteodrive","Meteodrive","Meteodrive","Delirium","Delirium","Dolphin_Blow","Dolphin_Blow","Dolphin_Blow","On_The_Rocks","On_The_Rocks","On_The_Rocks","Bitters","Bitters","Bitters","Cross","Cross","Cross","Stick_and_Move","Stick_and_Move","Stick_and_Move","Cold_Blooded","Cold_Blooded","Cold_Blooded","Rope_A_Dope+1","Rope_A_Dope+1","Rope_A_Dope+1","Looming Evil","Looming Evil","Free_Pour","Free_Pour","Free_Pour","Raptor_Form","Raptor_Form+1","Raptor_Form","Power_Up_Punch","Power_Up_Punch","Power_Up_Punch","Dart","Dart","Dart","Sucker_Punch","Sucker_Punch","Sucker_Punch","OpoOpo_Form","OpoOpo_Form","OpoOpo_Form","Breathe_Deep","Breathe_Deep","Breathe_Deep","Form_Shift","Form_Shift","Form_Shift","Hook+1","Hook+1","Hook+1","Axe_Heel_Kick+1","Axe_Heel_Kick+1","Axe_Heel_Kick+1","Snap_Punch+1","Snap_Punch+1","Snap_Punch+1","Axe_Heel_Kick+1","Axe_Heel_Kick+1","Axe_Heel_Kick+1","High_Tide","High_Tide","High_Tide"],"relics":["Sneakers","DollysMirror","aspiration:FrozenJewel","aspiration:ChemicalBlood","jedi:Pinwheel","Lee\u0027s Waffle","aspiration:PoetsPen_weak","Ring of Hypnosis","jedi:ominousloannote","Replay:Bandana","Peace Pipe","ReplayFunnel","jedi:archwizardhat","Lantern","ChewingGum","jedi:gremlinknob","CeramicFish","Replay:Towering Pillar of Hats","Nunchaku","jedi:angrymask"],"acts_visited":["Exordium","TheCity","TheBeyond"],"potions_floor_usage":[11,18,25,27,35,35,42,47,49,52],"damage_taken":[{"damage":2,"enemies":"Cultist","floor":1,"turns":3},{"damage":0,"enemies":"Jaw Worm","floor":2,"turns":3},{"damage":3,"enemies":"Small Slimes","floor":5,"turns":4},{"damage":24,"enemies":"3 Sentries","floor":8,"turns":6},{"damage":0,"enemies":"Replay:BlueRogue","floor":11,"turns":4},{"damage":6,"enemies":"Hexaghost","floor":18,"turns":5},{"damage":5,"enemies":"3 Byrds","floor":20,"turns":3},{"damage":0,"enemies":"Chosen","floor":24,"turns":4},{"damage":5,"enemies":"Book of Stabbing","floor":25,"turns":4},{"damage":0,"enemies":"Centurion and Healer","floor":27,"turns":4},{"damage":1,"enemies":"Shelled Parasite and Fungi","floor":29,"turns":4},{"damage":1,"enemies":"Gremlin Leader","floor":31,"turns":3},{"damage":0,"enemies":"Snecko","floor":32,"turns":4},{"damage":0,"enemies":"Sentry and Sphere","floor":33,"turns":2},{"damage":12,"enemies":"Collector","floor":35,"turns":5},{"damage":0,"enemies":"3 Shapes","floor":37,"turns":2},{"damage":3,"enemies":"Orb Walker","floor":41,"turns":2},{"damage":13,"enemies":"Nemesis","floor":42,"turns":5},{"damage":0,"enemies":"Giant Head","floor":44,"turns":3},{"damage":8,"enemies":"Reptomancer","floor":46,"turns":3},{"damage":0,"enemies":"Writhing Mass","floor":47,"turns":3},{"damage":0,"enemies":"Maw","floor":49,"turns":2},{"damage":0,"enemies":"Jaw Worm Horde","floor":50,"turns":2},{"damage":0,"enemies":"Time Eater","floor":52,"turns":3}],"seed_played":"3618718455484561711","potions_obtained":[{"floor":5,"key":"DuplicationPotion"},{"floor":8,"key":"BlessingOfTheForge"},{"floor":11,"key":"SpeedPotion"},{"floor":20,"key":"Block Potion"},{"floor":31,"key":"EssenceOfSteel"},{"floor":46,"key":"Dexterity Potion"},{"floor":47,"key":"AttackPotion"},{"floor":50,"key":"LifebloodPotion"}],"is_trial":false,"path_per_floor":["M","M","?","$","M","R","$","E","T","R","E","$","R","PTL","PTL","$","R","B",null,"M","?","?","$","M","E","R","M","T","M","R","E","M","M","R","B",null,"M","?","?","?","M","E","R","E","T","E","M","R","M","M","R","B",null],"character_chosen":"BARTENDER","items_purchased":["DollysMirror","On_The_Rocks","Cross","Lee\u0027s Waffle","jedi:ominousloannote","Replay:Bandana","Peace Pipe","Free_Pour","AttackPotion"],"campfire_rested":1,"item_purchase_floors":[4,4,7,12,23,23,23,23,23],"current_hp_per_floor":[68,68,68,68,65,65,65,41,41,41,41,77,77,77,77,77,77,71,77,72,72,72,72,72,67,67,67,67,66,66,65,65,65,65,53,77,77,77,77,73,70,57,57,57,57,49,49,70,70,70,70,70],"gold":1079,"neow_bonus":"","is_daily":true,"chose_seed":false,"campfire_upgraded":8,"win_rate":0.0,"timestamp":1613831163,"path_taken":["M","M","?","$","M","R","?","?","T","R","?","$","R","PTL","PTL","?","R","BOSS","M","?","?","$","M","E","R","M","T","?","R","E","M","M","R","BOSS","M","?","?","?","M","E","R","?","T","E","M","R","M","?","R","BOSS"],"items_purchased_type":["Relic","Card","Card","Relic","Relic","Relic","Relic","Card","Potion"],"build_version":"2020-12-22","purchased_purges":0,"victory":true,"max_hp_per_floor":[70,70,70,70,70,70,70,70,70,70,70,77,77,77,77,77,77,77,77,77,77,77,77,77,77,77,77,77,77,77,77,77,77,77,77,77,77,77,77,73,73,73,73,73,73,73,73,73,73,73,73,73],"relic_stats":{"Peace Pipe":1,"Lee\u0027s Waffle":36,"Nunchaku":[7],"counters":[24,82],"CeramicFish":36,"obtain_stats":[{"ReplayFunnel":25,"jedi:angrymask":46,"Lee\u0027s Waffle":12,"Lantern":31,"Sneakers":0,"Ring of Hypnosis":22,"Replay:Towering Pillar of Hats":44,"CeramicFish":42,"jedi:gremlinknob":38,"aspiration:PoetsPen_weak":19,"jedi:Pinwheel":11,"jedi:archwizardhat":28,"aspiration:FrozenJewel":8,"Peace Pipe":23,"Replay:Bandana":23,"Nunchaku":45,"DollysMirror":4,"jedi:ominousloannote":23,"ChewingGum":36,"aspiration:ChemicalBlood":9},{"ReplayFunnel":9,"jedi:angrymask":20,"Lee\u0027s Waffle":5,"Lantern":12,"Sneakers":0,"Ring of Hypnosis":7,"Replay:Towering Pillar of Hats":19,"CeramicFish":18,"jedi:gremlinknob":16,"aspiration:PoetsPen_weak":6,"jedi:Pinwheel":5,"jedi:archwizardhat":10,"aspiration:FrozenJewel":4,"Peace Pipe":7,"Replay:Bandana":7,"Nunchaku":19,"DollysMirror":2,"jedi:ominousloannote":7,"ChewingGum":15,"aspiration:ChemicalBlood":4},{"ReplayFunnel":36,"jedi:angrymask":72,"Lee\u0027s Waffle":20,"Lantern":46,"Sneakers":0,"Ring of Hypnosis":28,"Replay:Towering Pillar of Hats":69,"CeramicFish":66,"jedi:gremlinknob":59,"aspiration:PoetsPen_weak":25,"jedi:Pinwheel":20,"jedi:archwizardhat":40,"aspiration:FrozenJewel":16,"Peace Pipe":28,"Replay:Bandana":28,"Nunchaku":69,"DollysMirror":6,"jedi:ominousloannote":28,"ChewingGum":57,"aspiration:ChemicalBlood":16}]},"card_choices":[{"not_picked":["Scoop","Fight_Dirty"],"picked":"Ripple","floor":1},{"not_picked":["Hook","Insight_B"],"picked":"Meteodrive","floor":2},{"not_picked":["Dancing_Jab","Bloodbath_Bartender"],"picked":"Bitters","floor":5},{"not_picked":["Cross","Meteodrive"],"picked":"Stick_and_Move","floor":8},{"not_picked":["On_The_Rocks","Perfect_Balance","Stick_and_Move"],"picked":"SKIP","floor":11},{"not_picked":["Patience","Spirits_Within"],"picked":"Cold_Blooded","floor":18},{"not_picked":["Stick_and_Move","Well_Drinks"],"picked":"Rope_A_Dope+1","floor":20},{"not_picked":["With_A_Twist+1","On_The_House"],"picked":"Raptor_Form","floor":24},{"not_picked":["Sucker_Punch","Training_Dummy"],"picked":"Power_Up_Punch","floor":25},{"not_picked":["Feint","Tornado_Kick+1","Cross"],"picked":"SKIP","floor":27},{"not_picked":["ThreeSidedStar+1","Step_Of_The_Wind"],"picked":"Dart","floor":29},{"not_picked":["Spirits_Within","Bitters"],"picked":"Sucker_Punch","floor":31},{"not_picked":["Press_Forward","Bloodbath_Bartender"],"picked":"OpoOpo_Form","floor":32},{"not_picked":["Ball_Of_Ice","Dancing_Jab"],"picked":"Breathe_Deep","floor":33},{"not_picked":["Storage","Top_Shelf"],"picked":"Form_Shift","floor":35},{"not_picked":["Greased_Lightning+1","Foot_Thrust+1"],"picked":"Hook+1","floor":37},{"not_picked":["Meditate+1","Cross","Insight_B"],"picked":"SKIP","floor":41},{"not_picked":["Step_Of_The_Wind+1","Top_Shelf"],"picked":"Axe_Heel_Kick+1","floor":42},{"not_picked":["Sucker_Punch","Fight_Dirty+1"],"picked":"Snap_Punch+1","floor":44},{"not_picked":["Hook+1","Rising_Crane","Sucker_Punch"],"picked":"SKIP","floor":46},{"not_picked":["Scoop","Snap_Punch+1"],"picked":"Axe_Heel_Kick+1","floor":47},{"not_picked":["Torment","Pony_Shot+1","Training_Dummy+1"],"picked":"SKIP","floor":49},{"not_picked":["Axe_Heel_Kick","Fading_Blow+1"],"picked":"High_Tide","floor":50}],"player_experience":1377833,"relics_obtained":[{"floor":8,"key":"aspiration:FrozenJewel"},{"floor":9,"key":"aspiration:ChemicalBlood"},{"floor":11,"key":"jedi:Pinwheel"},{"floor":22,"key":"Ring of Hypnosis"},{"floor":25,"key":"ReplayFunnel"},{"floor":28,"key":"jedi:archwizardhat"},{"floor":31,"key":"Lantern"},{"floor":38,"key":"jedi:gremlinknob"},{"floor":42,"key":"CeramicFish"},{"floor":44,"key":"Replay:Towering Pillar of Hats"},{"floor":45,"key":"Nunchaku"},{"floor":46,"key":"jedi:angrymask"}],"event_choices":[{"cards_removed":["Delirium"],"damage_healed":0,"gold_gain":0,"player_choice":"Gave Gold","damage_taken":0,"max_hp_gain":0,"max_hp_loss":0,"event_name":"Beggar","floor":21,"gold_loss":75},{"damage_healed":0,"gold_gain":0,"player_choice":"Ignored","damage_taken":0,"max_hp_gain":0,"max_hp_loss":0,"event_name":"Tomb of Lord Red Mask","floor":39,"gold_loss":0},{"damage_healed":0,"gold_gain":0,"player_choice":"Max HP","damage_taken":0,"max_hp_gain":0,"max_hp_loss":4,"event_name":"Winding Halls","floor":40,"gold_loss":0}],"is_beta":false,"boss_relics":[{"not_picked":["aspiration:RunicSpoon","Cursed Key"],"picked":"aspiration:PoetsPen_weak"},{"not_picked":["Black Star","Astrolabe"],"picked":"ChewingGum"}],"items_purged_floors":[],"is_endless":false,"potions_floor_spawned":[5,8,11,20,24,31,32,46,47,50],"ascension_level":0}}