{"host":"tjq6rykv202u6iqx","time":1613850725,"event":{"mods":["AchievementEnabler","BaseMod","Minty Spire (QoL Compilation)","Rare Cards Sparkle","Relic Stats"],"gold_per_floor":[361,372,384,56,56,56,68,96,123,149,100,120,20,36,36,111,111,125,137,147,157,157,157,157,157],"floor_reached":24,"language":"ENG","playtime":1598,"items_purged":["Pain","Strike_B"],"score":389,"play_id":"f7fdcc3f-9b86-4f55-a21f-428d5a23f44b","local_time":"20210220135205","is_ascension_mode":true,"campfire_choices":[{"data":"Streamline","floor":6,"key":"SMITH"},{"data":"Defragment","floor":15,"key":"SMITH"},{"data":"Dualcast","floor":23,"key":"SMITH"}],"circlet_count":0,"master_deck":["AscendersBane","Strike_B","Strike_B","Strike_B","Defend_B+1","Defend_B","Defend_B","Zap","Dualcast+1","Streamline+1","Auto Shields","Hologram+1","FTL","Darkness","Glacier","Ball Lightning","Defragment+1","Doom and Gloom","All For One","Coolheaded","Defragment"],"relics":["Cracked Core","War Paint","Potion Belt","Akabeko","Oddly Smooth Stone","Nuclear Battery"],"acts_visited":["Exordium","TheCity"],"potions_floor_usage":[8,12,24,24],"damage_taken":[{"damage":7,"enemies":"Small Slimes","floor":1,"turns":4},{"damage":7,"enemies":"Jaw Worm","floor":2,"turns":3},{"damage":2,"enemies":"Cultist","floor":3,"turns":3},{"damage":8,"enemies":"3 Louse","floor":7,"turns":3},{"damage":14,"enemies":"Gremlin Nob","floor":8,"turns":4},{"damage":4,"enemies":"Lagavulin","floor":10,"turns":6},{"damage":5,"enemies":"Gremlin Gang","floor":12,"turns":5},{"damage":0,"enemies":"Blue Slaver","floor":14,"turns":3},{"damage":1,"enemies":"The Guardian","floor":16,"turns":9},{"damage":2,"enemies":"3 Byrds","floor":18,"turns":7},{"damage":4,"enemies":"Shell Parasite","floor":19,"turns":6},{"damage":12,"enemies":"Snecko","floor":20,"turns":4},{"damage":31,"enemies":"Chosen and Byrds","floor":21,"turns":5},{"damage":23,"enemies":"Slavers","floor":24,"turns":1}],"seed_played":"4886802011578591830","potions_obtained":[{"floor":2,"key":"EntropicBrew"},{"floor":3,"key":"Weak Potion"},{"floor":8,"key":"LiquidBronze"},{"floor":10,"key":"LiquidBronze"},{"floor":18,"key":"Dexterity Potion"},{"floor":20,"key":"LiquidBronze"}],"is_trial":false,"path_per_floor":["M","M","M","$","?","R","M","E","T","E","?","M","$","M","R","B",null,"M","M","M","M","?","R","E"],"character_chosen":"DEFECT","items_purchased":["FTL","War Paint"],"campfire_rested":0,"item_purchase_floors":[4,4],"current_hp_per_floor":[57,50,48,48,48,48,40,26,26,22,22,17,17,17,17,16,57,55,51,39,8,22,22,0,0],"gold":157,"neow_bonus":"TWO_FIFTY_GOLD","is_daily":false,"chose_seed":false,"campfire_upgraded":3,"win_rate":0.0,"timestamp":1613850725,"path_taken":["M","M","M","$","?","R","M","E","T","E","?","M","?","M","R","BOSS","M","M","M","M","?","R","E"],"items_purchased_type":["Card","Relic"],"build_version":"2020-12-22","purchased_purges":2,"victory":false,"max_hp_per_floor":[71,71,71,71,71,71,71,71,71,71,71,71,71,71,71,71,71,71,71,71,71,71,71,71,71],"relic_stats":{"counters":[14,63],"War Paint":["Hologram","Defend_B"],"obtain_stats":[{"Potion Belt":8,"Oddly Smooth Stone":10,"War Paint":4,"Cracked Core":0,"Akabeko":9,"Nuclear Battery":17},{"Potion Belt":5,"Oddly Smooth Stone":6,"War Paint":3,"Cracked Core":0,"Akabeko":5,"Nuclear Battery":9},{"Potion Belt":17,"Oddly Smooth Stone":23,"War Paint":10,"Cracked Core":0,"Akabeko":17,"Nuclear Battery":40}]},"card_choices":[{"not_picked":["Consume","Aggregate"],"picked":"Streamline","floor":1},{"not_picked":["Barrage","Redo"],"picked":"Auto Shields","floor":2},{"not_picked":["Redo","Skim"],"picked":"Hologram","floor":3},{"not_picked":["Compile Driver","Go for the Eyes"],"picked":"Glacier","floor":7},{"not_picked":["Redo","Creative AI","Reprogram"],"picked":"SKIP","floor":8},{"not_picked":["Conserve Battery","Gash"],"picked":"Ball Lightning","floor":10},{"not_picked":["Barrage","Reinforced Body"],"picked":"Defragment","floor":12},{"not_picked":["Double Energy","Sunder"],"picked":"Doom and Gloom","floor":14},{"not_picked":["Thunder Strike","Hyperbeam"],"picked":"All For One","floor":16},{"not_picked":["Redo","Leap"],"picked":"Coolheaded","floor":18},{"not_picked":["Rebound","Leap","Sweeping Beam"],"picked":"SKIP","floor":19},{"not_picked":["Redo","Cold Snap","Chaos"],"picked":"SKIP","floor":20},{"not_picked":["Ball Lightning","Streamline"],"picked":"Defragment","floor":21}],"player_experience":987352,"relics_obtained":[{"floor":8,"key":"Potion Belt"},{"floor":9,"key":"Akabeko"},{"floor":10,"key":"Oddly Smooth Stone"}],"event_choices":[{"damage_healed":0,"gold_gain":0,"cards_transformed":["Defend_B"],"player_choice":"Change","damage_taken":0,"max_hp_gain":0,"max_hp_loss":0,"event_name":"Living Wall","floor":5,"gold_loss":0,"cards_obtained":["Darkness"]},{"damage_healed":0,"gold_gain":0,"player_choice":"Left Gold","damage_taken":0,"max_hp_gain":0,"max_hp_loss":0,"event_name":"World of Goop","floor":11,"gold_loss":49},{"damage_healed":14,"gold_gain":0,"player_choice":"Heal","damage_taken":0,"max_hp_gain":0,"max_hp_loss":0,"event_name":"The Library","floor":22,"gold_loss":0}],"is_beta":false,"boss_relics":[{"not_picked":["Runic Dome","Busted Crown"],"picked":"Nuclear Battery"}],"items_purged_floors":[4,13],"is_endless":false,"potions_floor_spawned":[2,3,8,10,18,20,21],"killed_by":"Slavers","ascension_level":17}}