{"host":"4kbqeuw4a1wt9r2z","time":1613813255,"event":{"mods":["Act Like it!","Aspiration","Astrologer","Bard","BaseMod","Chen","Conspire","Downfall","Duelist Mod","Gensokyo","GifTheSpireLib","Googly Eyes","Hallownest","Hermit","Hubris","Koishi","Marisa????????","Minty Spire (QoL Compilation)","Reimu??????","SOS???????","StSLib","The Administrix","The Bug Knight","The Construct","The Cursed","The Disciple","The Forsaken","The Gatherer","The Hierophant","The Marked","The Necromancer","The Runesmith","The Senshi","The Servant 0.9.4","The Wild Card","everything is the same but u backflip on backflip"],"gold_per_floor":[126,126,158,192,217,260,260,304,304,314,60,91,91,109,109,124,124],"floor_reached":16,"language":"ENG","playtime":761,"items_purged":[],"score":114,"play_id":"ad6c2bd5-575c-4107-a742-f48d882df547","local_time":"20210220122735","is_ascension_mode":false,"campfire_choices":[{"data":"HollowMod:MawleksShell","floor":7,"key":"SMITH"},{"floor":13,"key":"REST"},{"data":"HollowMod:MantisMark","floor":15,"key":"SMITH"}],"circlet_count":0,"master_deck":["HollowMod:NailStrikeStart","HollowMod:NailStrikeStart","HollowMod:NailStrikeStart","HollowMod:NailStrikeStart","HollowMod:QuickDashStart","HollowMod:QuickDashStart","HollowMod:QuickDashStart","HollowMod:QuickDashStart","HollowMod:FocusHealStart","HollowMod:PogoStrike","HollowMod:CycloneSlash","HollowMod:MawleksShell+1","HollowMod:CycloneSlash","HollowMod:HeavyBlow","HollowMod:PureNailStrike","HollowMod:SoulSplash","HollowMod:MantisMark+1","HollowMod:PerfectDash","HollowMod:HowlingWraiths"],"relics":["HollowMod:VesselMask","aspiration:Nostalgia","theDuelist:MillenniumPuzzle","theForsaken:Lifeblossom","Nunchaku","Meat on the Bone","theForsaken:ScaryMask"],"acts_visited":["Gensokyo:Gensokyo"],"potions_floor_usage":[6,8],"damage_taken":[{"damage":0,"enemies":"Gensokyo:2_Kodama","floor":1,"turns":4},{"damage":0,"enemies":"Gensokyo:3_Fairies","floor":3,"turns":2},{"damage":19,"enemies":"Gensokyo:Gryphon","floor":4,"turns":6},{"damage":10,"enemies":"Gensokyo:VengefulSpirit","floor":5,"turns":5},{"damage":4,"enemies":"Gensokyo:Mamizou","floor":6,"turns":8},{"damage":38,"enemies":"Gensokyo:Aya","floor":8,"turns":6},{"damage":11,"enemies":"Gensokyo:CorruptedTreant","floor":10,"turns":4},{"damage":0,"enemies":"Gensokyo:LivingMonolith","floor":12,"turns":2},{"damage":1,"enemies":"Gensokyo:VengefulSpirit","floor":14,"turns":3},{"damage":78,"enemies":"Gensokyo:Yukari","floor":16,"turns":8}],"seed_played":"-1980906128515980","potions_obtained":[{"floor":1,"key":"CultistPotion"},{"floor":5,"key":"SmokeBomb"},{"floor":6,"key":"sneckomod:MuddlingPotion"},{"floor":10,"key":"SmokeBomb"}],"is_trial":false,"path_per_floor":["M","?","M","M","M","E","R","E","T","M","$","M","R","M","R","B"],"character_chosen":"THE_BUGKNIGHT","items_purchased":["theForsaken:ScaryMask"],"campfire_rested":1,"item_purchase_floors":[11],"current_hp_per_floor":[75,75,75,62,62,58,58,26,26,34,34,49,71,74,74,0,0],"gold":124,"neow_bonus":"NOSTALGIA","is_daily":false,"chose_seed":false,"campfire_upgraded":2,"win_rate":0.0,"timestamp":1613813255,"path_taken":["M","?","M","M","M","E","R","E","T","M","$","?","R","M","R","BOSS"],"items_purchased_type":["Relic"],"build_version":"2020-12-22","purchased_purges":0,"victory":false,"max_hp_per_floor":[75,75,75,75,75,75,75,75,75,75,75,75,75,75,75,75,75],"card_choices":[{"not_picked":["HollowMod:PerfectDash","HollowMod:WraithStrike"],"picked":"HollowMod:CycloneSlash","floor":1},{"not_picked":["HollowMod:InfectedCysts","HollowMod:SiblingsSouls"],"picked":"HollowMod:MawleksShell","floor":3},{"not_picked":["HollowMod:SoulStrike","HollowMod:ShadowDash"],"picked":"HollowMod:CycloneSlash","floor":4},{"not_picked":["HollowMod:ChannelNail","HollowMod:CloakDash"],"picked":"HollowMod:HeavyBlow","floor":5},{"not_picked":["HollowMod:ShadowDash","HollowMod:LifebloodCore"],"picked":"HollowMod:PureNailStrike","floor":6},{"not_picked":["HollowMod:GoodIntentions","HollowMod:SharpenedShadows"],"picked":"HollowMod:SoulSplash","floor":8},{"not_picked":["HollowMod:DashSlash","HollowMod:DoubleDash"],"picked":"HollowMod:MantisMark","floor":10},{"not_picked":["HollowMod:SharpenedShadows","HollowMod:DoubleDash"],"picked":"HollowMod:PerfectDash","floor":12},{"not_picked":["HollowMod:PureNailStrike","HollowMod:SoulSplash"],"picked":"HollowMod:HowlingWraiths","floor":14}],"player_experience":575871,"relics_obtained":[{"floor":6,"key":"theForsaken:Lifeblossom"},{"floor":8,"key":"Nunchaku"},{"floor":9,"key":"Meat on the Bone"}],"event_choices":[],"is_beta":false,"boss_relics":[],"items_purged_floors":[],"is_endless":false,"potions_floor_spawned":[1,5,6,10],"killed_by":"Gensokyo:Yukari","ascension_level":0}}