{"host":"k0cm6nn9mnmji9h1","time":1613807805,"event":{"mods":["2.2 Compatiblity","AchievementEnabler","BaseMod","Colored Map","DeckTracker","Gremlin Skip","Highlight Path","Minty Spire (QoL Compilation)","Permanent Neow","StSLib","The Marked","Waifu the Spire"],"gold_per_floor":[115,130,55,74,84,84,84,115,115,125,138,152,172,188,188,283,283,265,265,280,24,24,53,53,53],"floor_reached":24,"language":"KOR","playtime":1250,"items_purged":["Strike_G"],"score":222,"play_id":"b771bae3-656a-4ea7-97df-1ac06a7a3ce8","local_time":"20210220165645","is_ascension_mode":false,"campfire_choices":[{"data":"Neutralize","floor":6,"key":"SMITH"},{"floor":15,"key":"REST"}],"circlet_count":0,"master_deck":["Strike_G","Strike_G","Strike_G","Defend_G","Defend_G","Defend_G","Survivor","Neutralize+1","Poisoned Stab","Poisoned Stab","Quick Slash","Sucker Punch","Quick Slash","Caltrops","Noxious Fumes","Deflect","Reflex","Cloak And Dagger","Venomology","Deadly Poison","Writhe","Outmaneuver","Venomology","Distraction+1"],"relics":["Ring of the Snake","Ancient Tea Set","Potion Belt","SlaversCollar","Sundial","Paper Crane","Bird Faced Urn"],"acts_visited":["Exordium","TheCity"],"potions_floor_usage":[16,23,23,23,24,24],"damage_taken":[{"damage":4,"enemies":"Cultist","floor":1,"turns":5},{"damage":0,"enemies":"2 Louse","floor":2,"turns":2},{"damage":0,"enemies":"Jaw Worm","floor":4,"turns":3},{"damage":1,"enemies":"Exordium Thugs","floor":5,"turns":6},{"damage":16,"enemies":"Lagavulin","floor":8,"turns":5},{"damage":5,"enemies":"2 Fungi Beasts","floor":10,"turns":3},{"damage":13,"enemies":"Exordium Wildlife","floor":11,"turns":5},{"damage":2,"enemies":"Large Slime","floor":12,"turns":5},{"damage":15,"enemies":"3 Louse","floor":13,"turns":2},{"damage":14,"enemies":"Gremlin Gang","floor":14,"turns":5},{"damage":23,"enemies":"Slime Boss","floor":16,"turns":12},{"damage":35,"enemies":"2 Thieves","floor":18,"turns":4},{"damage":9,"enemies":"Chosen","floor":20,"turns":6},{"damage":21,"enemies":"Book of Stabbing","floor":23,"turns":5},{"damage":33,"enemies":"Centurion and Healer","floor":24,"turns":8}],"seed_played":"5154930093547075642","potions_obtained":[{"floor":4,"key":"GhostInAJar"},{"floor":10,"key":"LiquidMemories"},{"floor":14,"key":"DuplicationPotion"},{"floor":16,"key":"SpeedPotion"},{"floor":23,"key":"Strength Potion"}],"is_trial":false,"path_per_floor":["M","M","$","M","M","R","?","E","T","M","M","M","M","M","R","B",null,"M","?","M","$","?","E","M"],"character_chosen":"THE_SILENT","items_purchased":["Paper Crane"],"campfire_rested":1,"item_purchase_floors":[21],"current_hp_per_floor":[66,66,66,66,65,65,70,54,54,49,36,34,19,5,27,4,75,40,40,31,31,31,24,0,0],"gold":53,"neow_bonus":"REMOVE_CARD","is_daily":false,"chose_seed":false,"campfire_upgraded":1,"win_rate":0.0,"timestamp":1613807805,"path_taken":["M","M","?","M","M","R","?","E","T","M","M","M","M","M","R","BOSS","M","?","M","$","?","E","M"],"items_purchased_type":["Relic"],"build_version":"2020-12-22","purchased_purges":1,"victory":false,"max_hp_per_floor":[70,70,70,70,70,70,75,75,75,75,75,75,75,75,75,75,75,75,75,75,75,75,75,75,75],"card_choices":[{"not_picked":["Blade Dance","Acrobatics"],"picked":"Poisoned Stab","floor":1},{"not_picked":["Dodge and Roll","Underhanded Strike"],"picked":"Poisoned Stab","floor":2},{"not_picked":["Poisoned Stab","Deflect"],"picked":"Quick Slash","floor":4},{"not_picked":["Dagger Spray","Underhanded Strike"],"picked":"Sucker Punch","floor":5},{"not_picked":["Prepared","Masterful Stab"],"picked":"Quick Slash","floor":8},{"not_picked":["Prepared","Sucker Punch"],"picked":"Caltrops","floor":10},{"not_picked":["Tactician","Malaise"],"picked":"Noxious Fumes","floor":11},{"not_picked":["Accuracy","Sucker Punch"],"picked":"Deflect","floor":12},{"not_picked":["Quick Slash","Accuracy"],"picked":"Reflex","floor":13},{"not_picked":["Flying Knee","Dodge and Roll"],"picked":"Cloak And Dagger","floor":14},{"not_picked":["Tools of the Trade","Envenom"],"picked":"Venomology","floor":16},{"not_picked":["Quick Slash","All Out Attack"],"picked":"Deadly Poison","floor":18},{"not_picked":["Flechettes","Reflex","Bane"],"picked":"SKIP","floor":20},{"not_picked":["Skewer","Dagger Spray"],"picked":"Distraction+1","floor":23}],"player_experience":522896,"relics_obtained":[{"floor":8,"key":"Ancient Tea Set"},{"floor":9,"key":"Potion Belt"},{"floor":23,"key":"Bird Faced Urn"}],"event_choices":[{"damage_healed":0,"gold_gain":0,"player_choice":"Donut","damage_taken":0,"max_hp_gain":5,"max_hp_loss":0,"event_name":"Big Fish","floor":7,"gold_loss":0},{"damage_healed":0,"gold_gain":0,"player_choice":"Opened","damage_taken":0,"relics_obtained":["Sundial"],"max_hp_gain":0,"max_hp_loss":0,"event_name":"The Mausoleum","floor":19,"gold_loss":0,"cards_obtained":["Writhe"]},{"damage_healed":0,"gold_gain":0,"cards_transformed":["Strike_G","Defend_G"],"player_choice":"Became Test Subject","damage_taken":0,"max_hp_gain":0,"max_hp_loss":0,"event_name":"Drug Dealer","floor":22,"gold_loss":0,"cards_obtained":["Outmaneuver","Venomology"]}],"is_beta":false,"boss_relics":[{"not_picked":["Busted Crown","Sozu"],"picked":"SlaversCollar"}],"items_purged_floors":[3],"is_endless":false,"potions_floor_spawned":[4,10,14,16,23],"killed_by":"Centurion and Healer","ascension_level":0}}