{"host":"6q94iy5iz6612v89","time":1613793929,"event":{"mods":["2.2 Compatiblity","AchievementEnabler","BaseMod","Colored Map","DeckTracker","Keyboard Shortcuts","Minty Spire (QoL Compilation)","Permanent Neow","StSLib","SuperFastMode"],"gold_per_floor":[113,130,143,153,172,200,125,125,125,25,52,52,52,81,81,160,160,179,54,46,64,64,64,76,76,123,136,136,136,52,52,52],"floor_reached":31,"language":"KOR","playtime":527,"items_purged":["Strike_R","Strike_R","Strike_R"],"score":685,"play_id":"080e3d19-581a-450c-ba15-623c28513f4a","local_time":"20210220130529","is_ascension_mode":true,"campfire_choices":[{"floor":8,"key":"REST"},{"data":"Fire Breathing","floor":12,"key":"SMITH"},{"data":"Armaments","floor":15,"key":"SMITH"},{"data":"Body Slam","floor":23,"key":"SMITH"},{"data":"Flame Barrier","floor":25,"key":"SMITH"},{"floor":28,"key":"REST"}],"circlet_count":0,"master_deck":["AscendersBane","Defend_R","Defend_R","Defend_R","Defend_R","Bash","Wild Strike","Wild Strike","Carnage","Fire Breathing+1","Armaments+1","Evolve","Barricade","Impervious","CurseOfTheBell","Body Slam+1","Flame Barrier+1","Shrug It Off+1","Offering"],"relics":["Burning Blood","Matryoshka","Strawberry","Pear","Peace Pipe","Darkstone Periapt","Calling Bell","Bag of Preparation","Singing Bowl","StoneCalendar","Boot"],"acts_visited":["Exordium","TheCity"],"potions_floor_usage":[11,18,21,27],"damage_taken":[{"damage":17,"enemies":"Cultist","floor":1,"turns":4},{"damage":14,"enemies":"Small Slimes","floor":2,"turns":4},{"damage":6,"enemies":"2 Louse","floor":3,"turns":4},{"damage":14,"enemies":"Blue Slaver","floor":4,"turns":5},{"damage":13,"enemies":"Large Slime","floor":5,"turns":5},{"damage":32,"enemies":"Gremlin Nob","floor":6,"turns":4},{"damage":15,"enemies":"3 Sentries","floor":11,"turns":4},{"damage":32,"enemies":"Gremlin Nob","floor":14,"turns":4},{"damage":0,"enemies":"Slime Boss","floor":16,"turns":5},{"damage":5,"enemies":"3 Byrds","floor":18,"turns":4},{"damage":22,"enemies":"2 Thieves","floor":20,"turns":4},{"damage":13,"enemies":"Centurion and Healer","floor":21,"turns":7},{"damage":29,"enemies":"Snake Plant","floor":24,"turns":7},{"damage":40,"enemies":"Sentry and Sphere","floor":27,"turns":5},{"damage":19,"enemies":"Snecko","floor":31,"turns":3}],"seed_played":"6297369839879267428","potions_obtained":[{"floor":2,"key":"Swift Potion"},{"floor":4,"key":"SmokeBomb"},{"floor":11,"key":"Regen Potion"},{"floor":14,"key":"Block Potion"},{"floor":20,"key":"Block Potion"}],"is_trial":false,"path_per_floor":["M","M","M","M","M","E","$","R","T","$","E","R","?","E","R","B",null,"M","$","M","M","?","R","M","R","T","M","R","?","$","M"],"character_chosen":"IRONCLAD","items_purchased":["Offering"],"campfire_rested":2,"item_purchase_floors":[30],"current_hp_per_floor":[57,49,49,41,34,8,8,28,45,45,36,36,41,15,15,21,79,82,82,66,59,59,59,36,36,36,18,48,18,18,0,0],"gold":52,"neow_bonus":"REMOVE_TWO","is_daily":false,"chose_seed":false,"campfire_upgraded":4,"win_rate":0.0,"timestamp":1613793929,"path_taken":["M","M","M","M","M","E","$","R","T","?","E","R","?","E","R","BOSS","M","$","M","M","?","R","M","R","T","M","R","?","$","M"],"items_purchased_type":["Card"],"build_version":"2020-12-22","purchased_purges":3,"victory":false,"max_hp_per_floor":[68,68,68,68,68,68,68,68,85,85,85,85,90,90,90,90,96,98,98,98,98,98,98,98,98,98,100,100,105,105,105,105],"card_choices":[{"not_picked":["Twin Strike","Warcry"],"picked":"Wild Strike","floor":1},{"not_picked":["Headbutt","Wild Strike","Thunderclap"],"picked":"SKIP","floor":2},{"not_picked":["Headbutt","Thunderclap"],"picked":"Wild Strike","floor":2},{"not_picked":["Flex","Clash"],"picked":"Carnage","floor":3},{"not_picked":["Cleave","Inflame"],"picked":"Fire Breathing","floor":4},{"not_picked":["Thunderclap","Pommel Strike"],"picked":"Armaments","floor":5},{"not_picked":["Rupture","Flame Barrier"],"picked":"Evolve","floor":6},{"not_picked":["Hemokinesis","True Grit","Evolve"],"picked":"SKIP","floor":11},{"not_picked":["True Grit","Reckless Charge"],"picked":"Barricade","floor":14},{"not_picked":["Double Tap","Limit Break"],"picked":"Impervious","floor":16},{"not_picked":["Flex","Sword Boomerang","Hemokinesis"],"picked":"Singing Bowl","floor":18},{"not_picked":["Perfected Strike","Twin Strike"],"picked":"Body Slam","floor":20},{"not_picked":["Reckless Charge","Iron Wave+1"],"picked":"Flame Barrier","floor":21},{"not_picked":["Clash","Havoc+1"],"picked":"Shrug It Off+1","floor":24},{"not_picked":["Seeing Red","Flame Barrier","Pummel"],"picked":"Singing Bowl","floor":27}],"player_experience":1491117,"relics_obtained":[{"floor":6,"key":"Matryoshka"},{"floor":9,"key":"Strawberry"},{"floor":9,"key":"Pear"},{"floor":11,"key":"Peace Pipe"},{"floor":14,"key":"Darkstone Periapt"},{"floor":17,"key":"Bag of Preparation"},{"floor":17,"key":"Singing Bowl"},{"floor":17,"key":"StoneCalendar"},{"floor":26,"key":"Boot"}],"event_choices":[{"damage_healed":0,"gold_gain":0,"player_choice":"Donut","damage_taken":0,"max_hp_gain":5,"max_hp_loss":0,"event_name":"Big Fish","floor":13,"gold_loss":0},{"damage_healed":0,"gold_gain":0,"player_choice":"Ignored","damage_taken":0,"max_hp_gain":0,"max_hp_loss":0,"event_name":"The Mausoleum","floor":22,"gold_loss":0},{"damage_healed":0,"gold_gain":0,"player_choice":"Shed Blood","damage_taken":35,"max_hp_gain":5,"max_hp_loss":0,"event_name":"Forgotten Altar","floor":29,"gold_loss":0}],"is_beta":false,"boss_relics":[{"not_picked":["Velvet Choker","Mark of Pain"],"picked":"Calling Bell"}],"items_purged_floors":[7,10,19],"is_endless":false,"potions_floor_spawned":[2,4,11,14,20],"killed_by":"Snecko","ascension_level":20}}