{"host":"Kubo","time":1613856858,"event":{"mods":["BaseMod","Downfall","Minty Spire (QoL Compilation)","Replay The Spire","StSLib"],"gold_per_floor":[99,119,135,150,166,197,270,297,308,208,224,243,243,2,13,110,110,110,127,127,139,151,51,99,110,126,142,42,76,76,96,113,113,113,113],"floor_reached":33,"language":"ENG","playtime":2456,"items_purged":["Regret"],"score":326,"play_id":"861a5327-1300-4f05-851f-da33ffa00210","local_time":"20210220223418","is_ascension_mode":true,"campfire_choices":[{"floor":10.0,"key":"REST"},{"floor":13.0,"key":"REST"},{"floor":18.0,"key":"RECALL"},{"floor":23.0,"key":"REST"},{"floor":28.0,"key":"REST"},{"floor":30.0,"key":"REST"}],"circlet_count":0,"master_deck":["sneckomod:Strike","sneckomod:Strike","sneckomod:Strike","sneckomod:Defend","sneckomod:Defend","sneckomod:Defend","sneckomod:TailWhip","sneckomod:SnekBite","sneckomod:Unknown","sneckomod:Unknown","sneckomod:UnknownCommonAttack","sneckomod:SlitherStrike","sneckomod:QuickMove","sneckomod:Unknown0Cost+1","sneckomod:Unknown2Cost+1","sneckomod:QuickMove","sneckomod:UnknownBoss","sneckomod:ImprovisedAttack","sneckomod:WideSting","sneckomod:SerpentMind","Whirlwind+1","sneckomod:UnknownClassTHE_BRONZE_AUTOMATON+1","sneckomod:QuickMove","Magnetism+1","sneckomod:UnknownCommonAttack+1","sneckomod:Transmogrify","Intimidate","sneckomod:UnlimitedRolls","Shrug It Off","sneckomod:QuickMove","sneckomod:UnknownWeak+1"],"relics":["TungstenRod","ReplayTheSpireMod:Shallot","Potion Belt","downfall:HeartBlessingGreen","downfall:HeartBlessingRed","downfall:HeartBlessingBlue","Dream Catcher","Gremlin Food","sneckomod:SuperSneckoSoul"],"acts_visited":["Exordium","TheCity"],"potions_floor_usage":[],"damage_taken":[{"damage":0.0,"enemies":"Jaw Worm","floor":2.0,"turns":3.0},{"damage":0.0,"enemies":"Cultist","floor":3.0,"turns":3.0},{"damage":2.0,"enemies":"Small Slimes","floor":4.0,"turns":2.0},{"damage":1.0,"enemies":"downfall:LooterAlt","floor":5.0,"turns":2.0},{"damage":62.0,"enemies":"Lagavulin","floor":6.0,"turns":11.0},{"damage":21.0,"enemies":"3 Sentries","floor":8.0,"turns":9.0},{"damage":0.0,"enemies":"Blue Slaver","floor":9.0,"turns":3.0},{"damage":1.0,"enemies":"Exordium Wildlife","floor":11.0,"turns":4.0},{"damage":1.0,"enemies":"3 Louse","floor":12.0,"turns":3.0},{"damage":1.0,"enemies":"downfall:FleeingMerchant","floor":14.0,"turns":4.0},{"damage":0.0,"enemies":"Blue Slaver","floor":15.0,"turns":2.0},{"damage":15.0,"enemies":"IC_STATUS_ARCHETYPE","floor":16.0,"turns":10.0},{"damage":21.0,"enemies":"Spheric Guardian","floor":19.0,"turns":6.0},{"damage":0.0,"enemies":"3 Byrds","floor":21.0,"turns":3.0},{"damage":4.0,"enemies":"Snecko","floor":22.0,"turns":4.0},{"damage":28.0,"enemies":"Shelled Parasite and Fungi","floor":25.0,"turns":7.0},{"damage":9.0,"enemies":"Centurion and Healer","floor":26.0,"turns":7.0},{"damage":0.0,"enemies":"Sentry and Sphere","floor":27.0,"turns":3.0},{"damage":59.0,"enemies":"Book of Stabbing","floor":29.0,"turns":7.0},{"damage":15.0,"enemies":"3 Cultists","floor":31.0,"turns":4.0},{"damage":17,"enemies":"Chosen and Byrds","floor":32,"turns":7},{"damage":38,"enemies":"WA_ARCHETYPE_CALM","floor":33,"turns":5}],"seed_played":"-2749607607803954162","potions_obtained":[{"floor":2.0,"key":"SkillPotion"},{"floor":3.0,"key":"Guardian:BlockOnCardUsePotion"},{"floor":8.0,"key":"Dexterity Potion"},{"floor":9.0,"key":"FearPotion"},{"floor":12.0,"key":"sneckomod:DiceRollPotion"},{"floor":15.0,"key":"sneckomod:OffclassReductionPotion"},{"floor":21.0,"key":"hexamod:SoulburnPotion"},{"floor":25.0,"key":"GamblersBrew"},{"floor":29.0,"key":"Elixir"},{"floor":32,"key":"bronze:BurnAndBuffPotion"}],"is_trial":false,"path_per_floor":["R","M","M","M","M","E","T","E","M","R","M","M","R","$","M","B",null,"R","M","?","M","M","R","T","M","M","M","R","E","R","M","M","B"],"character_chosen":"THE_SNECKO","items_purchased":["Gremlin Food"],"campfire_rested":5,"item_purchase_floors":[14],"current_hp_per_floor":[90,90,90,88,87,25,25,4,4,31,30,29,56,55,55,40,90,90,69,69,69,65,90,90,67,58,58,98,39,69,54,37,0,0,0],"gold":113,"neow_bonus":"THREE_CARDS","is_daily":false,"chose_seed":false,"campfire_upgraded":0,"win_rate":0.0,"timestamp":1613856858,"path_taken":["R","M","M","M","M","E","T","E","?","R","M","M","R","$","M","BOSS","R","M","?","M","M","R","T","M","M","M","R","E","R","M","M","BOSS"],"items_purchased_type":["Relic"],"build_version":"2020-12-18","purchased_purges":1,"victory":false,"max_hp_per_floor":[90,90,90,90,90,90,90,90,90,90,90,90,90,90,90,90,90,90,90,90,90,90,90,90,90,90,90,100,100,100,100,100,100,100,100],"card_choices":[{"not_picked":["sneckomod:Unknown1Cost","sneckomod:UnknownCommonSkill"],"picked":"sneckomod:UnknownCommonAttack","floor":0.0},{"not_picked":["sneckomod:Unknown1Cost","sneckomod:SnekBeam"],"picked":"sneckomod:UnknownWeak","floor":2.0},{"not_picked":["sneckomod:Unknown1Cost","sneckomod:DefensiveFlair"],"picked":"sneckomod:SlitherStrike","floor":3.0},{"not_picked":["sneckomod:UnknownDexterity","sneckomod:SoulCleanse"],"picked":"sneckomod:QuickMove","floor":4.0},{"not_picked":["sneckomod:UnknownUncommonSkill","sneckomod:UnknownDraw"],"picked":"sneckomod:Unknown0Cost","floor":5.0},{"not_picked":["sneckomod:RainOfDice","sneckomod:Nope"],"picked":"sneckomod:Unknown2Cost","floor":6.0},{"not_picked":["sneckomod:UnknownCommonSkill","sneckomod:SoulDraw"],"picked":"sneckomod:QuickMove","floor":8.0},{"not_picked":["sneckomod:UnknownCommonSkill","sneckomod:QuickBite"],"picked":"sneckomod:UnknownDraw","floor":9.0},{"not_picked":["sneckomod:ImprovisedAttack","sneckomod:UnknownUncommonSkill"],"picked":"sneckomod:UnknownUncommonAttack","floor":11.0},{"not_picked":["sneckomod:QuickMove","sneckomod:UnknownStrike"],"picked":"sneckomod:UnknownBoss","floor":12.0},{"not_picked":["sneckomod:RainOfDice","sneckomod:UnknownDraw"],"picked":"sneckomod:ImprovisedAttack","floor":14.0},{"not_picked":["sneckomod:UnknownStrike","sneckomod:UnknownCommonAttack"],"picked":"sneckomod:WideSting","floor":15.0},{"not_picked":["sneckomod:SoulExchange","sneckomod:DangerNoodle"],"picked":"sneckomod:SerpentMind","floor":16.0},{"not_picked":["sneckomod:Memorize","sneckomod:UnknownUncommonSkill"],"picked":"sneckomod:UnknownClassTHE_BRONZE_AUTOMATON+1","floor":19.0},{"not_picked":["sneckomod:UnknownX","sneckomod:SoulRoll"],"picked":"sneckomod:UnknownColorless+1","floor":21.0},{"not_picked":["sneckomod:Nope","sneckomod:WideSting"],"picked":"sneckomod:QuickMove","floor":22.0},{"not_picked":["sneckomod:UnknownCommonSkill","sneckomod:WideSting"],"picked":"sneckomod:UnknownCommonAttack+1","floor":25.0},{"not_picked":["sneckomod:IronFang","sneckomod:QuickBite","sneckomod:UnknownClassTHE_BRONZE_AUTOMATON"],"picked":"SKIP","floor":26.0},{"not_picked":["sneckomod:UnknownBlock","sneckomod:UnknownClassRED"],"picked":"sneckomod:Transmogrify","floor":27.0},{"not_picked":["sneckomod:UnknownDexterity","sneckomod:Cheat"],"picked":"sneckomod:UnlimitedRolls","floor":29.0},{"not_picked":["sneckomod:PureSnecko","sneckomod:RainOfDice"],"picked":"sneckomod:QuickMove","floor":31},{"not_picked":["sneckomod:UnknownColorless","sneckomod:UnknownVulnerable"],"picked":"sneckomod:UnknownWeak+1","floor":32}],"player_experience":547054,"relics_obtained":[{"floor":6.0,"key":"Boot"},{"floor":7.0,"key":"ReplayTheSpireMod:Shallot"},{"floor":8.0,"key":"Potion Belt"},{"floor":29.0,"key":"Boot"},{"floor":29.0,"key":"Dream Catcher"},{"floor":31,"key":"Gremlin Food"},{"floor":32,"key":"sneckomod:SuperSneckoSoul"}],"event_choices":[{"damage_healed":0.0,"max_hp_gain":0.0,"max_hp_loss":0.0,"gold_gain":0.0,"event_name":"Big Fish","player_choice":"Box","floor":1.0,"gold_loss":0.0,"damage_taken":0.0,"relics_obtained":["TungstenRod"],"cards_obtained":["Regret"]}],"is_beta":true,"boss_relics":[{"not_picked":["Painkiller Herb","SacredBark"],"picked":"sneckomod:SuperSneckoSoul"}],"items_purged_floors":[14],"is_endless":false,"potions_floor_spawned":[2,3,8,9,12,15,21,25,29,32],"killed_by":"WA_ARCHETYPE_CALM","ascension_level":1}}