{"host":"layulp15tnudkol3","time":1613848423,"event":{"mods":["BaseMod","Colored Map","Minty Spire (QoL Compilation)","Permanent Neow","Relic Stats","StSLib"],"gold_per_floor":[115,35,52,52,69,24,24,199,247,272,272,304,10,84,84,183,183,198,198,216,61,75,75,110,110,135,135,135,151,151,151,151,151,151],"floor_reached":33,"language":"ENG","playtime":2124,"items_purged":["Doubt"],"score":344,"play_id":"e5177ffd-5a96-4079-b256-1e14c7743862","local_time":"20210220141343","is_ascension_mode":false,"campfire_choices":[{"data":"Go for the Eyes","floor":7,"key":"SMITH"},{"floor":11,"key":"RECALL"},{"data":"Conserve Battery","floor":15,"key":"SMITH"},{"data":"Doom and Gloom","floor":23,"key":"SMITH"},{"data":"Dualcast","floor":25,"key":"SMITH"},{"data":"Leap","floor":27,"key":"SMITH"},{"data":"Doom and Gloom","floor":30,"key":"SMITH"},{"floor":32,"key":"REST"}],"circlet_count":0,"master_deck":["Strike_B","Strike_B","Strike_B","Strike_B","Defend_B+1","Defend_B","Defend_B","Defend_B","Zap+1","Dualcast+1","Ball Lightning","Buffer+1","Conserve Battery+1","Leap+1","Go for the Eyes+1","Rebound","Cold Snap","Doom and Gloom+1","Seek","Cold Snap+1","Writhe","Capacitor","Self Repair+1","Ball Lightning+1","Necronomicurse","Doom and Gloom+1","Seek"],"relics":["Cracked Core","War Paint","Bronze Scales","WingedGreaves","Ice Cream","Bag of Marbles","Velvet Choker","Potion Belt","Chemical X","Dream Catcher","Nunchaku","Necronomicon"],"acts_visited":["Exordium","TheCity"],"potions_floor_usage":[33],"damage_taken":[{"damage":1,"enemies":"2 Louse","floor":1,"turns":2},{"damage":3,"enemies":"Jaw Worm","floor":3,"turns":3},{"damage":0,"enemies":"Small Slimes","floor":5,"turns":2},{"damage":10,"enemies":"Lagavulin","floor":10,"turns":7},{"damage":0,"enemies":"Gremlin Nob","floor":12,"turns":4},{"damage":0,"enemies":"Slime Boss","floor":16,"turns":6},{"damage":0,"enemies":"2 Thieves","floor":18,"turns":4},{"damage":0,"enemies":"3 Byrds","floor":20,"turns":3},{"damage":1,"enemies":"Centurion and Healer","floor":22,"turns":9},{"damage":19,"enemies":"Gremlin Leader","floor":24,"turns":7},{"damage":0,"enemies":"Chosen and Byrds","floor":29,"turns":4},{"damage":78,"enemies":"Champ","floor":33,"turns":11}],"seed_played":"3425120015687024062","potions_obtained":[{"floor":1,"key":"GamblersBrew"},{"floor":3,"key":"LiquidBronze"},{"floor":16,"key":"BlessingOfTheForge"},{"floor":20,"key":"PowerPotion"},{"floor":24,"key":"DistilledChaos"}],"is_trial":false,"path_per_floor":["M","$","M","?","M","$","R","?","T","E","R","E","$","?","R","B",null,"M","?","M","$","M","R","E","R","T","R","?","M","R","?","R","B"],"character_chosen":"DEFECT","items_purchased":["Buffer","Go for the Eyes","Bag of Marbles","Doom and Gloom","Chemical X"],"campfire_rested":1,"item_purchase_floors":[2,6,13,13,21],"current_hp_per_floor":[74,74,71,71,71,71,71,71,71,61,61,61,61,61,61,61,75,75,75,75,75,74,74,65,65,65,65,49,49,49,49,71,0,0],"gold":151,"neow_bonus":"RANDOM_COMMON_RELIC","is_daily":false,"chose_seed":false,"campfire_upgraded":6,"win_rate":0.0,"timestamp":1613848423,"path_taken":["M","$","M","?","M","?","R","?","T","E","R","E","$","?","R","BOSS","M","?","M","$","M","R","E","R","T","R","?","M","R","?","R","BOSS"],"items_purchased_type":["Card","Card","Relic","Card","Relic"],"build_version":"2020-12-22","purchased_purges":1,"victory":false,"max_hp_per_floor":[75,75,75,75,75,75,75,75,75,75,75,75,75,75,75,75,75,75,75,75,75,75,75,75,75,75,75,75,75,75,75,75,75,75],"relic_stats":{"Dream Catcher":1,"Nunchaku":[3],"counters":[12,62],"Bronze Scales":[175],"Necronomicon":[4],"Chemical X":[1],"War Paint":["Defend_B","Zap"],"obtain_stats":[{"Ice Cream":12,"Potion Belt":19,"Dream Catcher":24,"Nunchaku":26,"Bronze Scales":9,"Velvet Choker":17,"WingedGreaves":10,"Bag of Marbles":13,"Necronomicon":28,"Chemical X":21,"War Paint":0,"Cracked Core":0},{"Ice Cream":5,"Potion Belt":7,"Dream Catcher":10,"Nunchaku":10,"Bronze Scales":3,"Velvet Choker":6,"WingedGreaves":4,"Bag of Marbles":5,"Necronomicon":10,"Chemical X":8,"War Paint":0,"Cracked Core":0},{"Ice Cream":18,"Potion Belt":28,"Dream Catcher":47,"Nunchaku":47,"Bronze Scales":7,"Velvet Choker":24,"WingedGreaves":14,"Bag of Marbles":18,"Necronomicon":47,"Chemical X":31,"War Paint":0,"Cracked Core":0}]},"card_choices":[{"not_picked":["Blizzard","Melter"],"picked":"Ball Lightning","floor":1},{"not_picked":["Redo","Steam"],"picked":"Conserve Battery","floor":3},{"not_picked":["Beam Cell","Rebound"],"picked":"Leap","floor":5},{"not_picked":["Steam","Rip and Tear"],"picked":"Rebound","floor":10},{"not_picked":["Gash","Turbo"],"picked":"Cold Snap","floor":12},{"not_picked":["Meteor Strike","Hyperbeam"],"picked":"Seek","floor":16},{"not_picked":["Blizzard","Redo+1"],"picked":"Cold Snap+1","floor":18},{"not_picked":["Barrage","Beam Cell"],"picked":"Capacitor","floor":20},{"not_picked":["Redo","Meteor Strike"],"picked":"Self Repair+1","floor":22},{"not_picked":["Rebound+1","Coolheaded"],"picked":"Ball Lightning+1","floor":24},{"not_picked":["Stack","Coolheaded"],"picked":"Doom and Gloom","floor":29}],"player_experience":766858,"relics_obtained":[{"floor":9,"key":"Bronze Scales"},{"floor":10,"key":"WingedGreaves"},{"floor":12,"key":"Ice Cream"},{"floor":24,"key":"Dream Catcher"},{"floor":26,"key":"Nunchaku"},{"floor":28,"key":"Necronomicon"}],"event_choices":[{"damage_healed":0,"gold_gain":0,"player_choice":"Grow","damage_taken":0,"max_hp_gain":0,"max_hp_loss":0,"event_name":"Living Wall","floor":4,"gold_loss":0,"cards_upgraded":["Buffer"]},{"damage_healed":0,"gold_gain":175,"player_choice":"AGREE","damage_taken":0,"max_hp_gain":0,"max_hp_loss":0,"event_name":"Liars Game","floor":8,"gold_loss":0,"cards_obtained":["Doubt"]},{"damage_healed":0,"gold_gain":74,"player_choice":"Gained Gold","damage_taken":0,"max_hp_gain":0,"max_hp_loss":0,"event_name":"Golden Wing","floor":14,"gold_loss":0},{"damage_healed":0,"gold_gain":0,"player_choice":"Opened","damage_taken":0,"relics_obtained":["Potion Belt"],"max_hp_gain":0,"max_hp_loss":0,"event_name":"The Mausoleum","floor":19,"gold_loss":0,"cards_obtained":["Writhe"]},{"damage_healed":0,"gold_gain":0,"player_choice":"Obtained Book","damage_taken":16,"max_hp_gain":0,"max_hp_loss":0,"event_name":"Cursed Tome","floor":28,"gold_loss":0},{"damage_healed":0,"gold_gain":0,"player_choice":"Copied","damage_taken":0,"max_hp_gain":0,"max_hp_loss":0,"event_name":"Duplicator","floor":31,"gold_loss":0,"cards_obtained":["Seek"]}],"is_beta":false,"boss_relics":[{"not_picked":["Fusion Hammer","Pandora\u0027s Box"],"picked":"Velvet Choker"}],"items_purged_floors":[13],"is_endless":false,"potions_floor_spawned":[1,3,16,20,24],"killed_by":"Champ","ascension_level":0}}