{"host":"bzq0skgbben6khkk","time":1613790331,"event":{"mods":["Act Like it!","BaseMod","Minty Spire (QoL Compilation)","MostiFishMod","StSLib","Swap Starting Deck Mod"],"gold_per_floor":[114,39,39,49,67,97,112,146,146,146,146,177,77,88,88,163,163,179,179,191,204,218,245,261,290,290,290,321,341,372,287,287,362,362,375,394,406,406,406],"floor_reached":38,"language":"ZHS","playtime":1255,"items_purged":["Eruption","Defend_P"],"score":1356,"play_id":"e0c92c7e-4aa6-4be7-85fa-f8bbd99435a4","local_time":"20210220110531","is_ascension_mode":true,"campfire_choices":[{"floor":15.0,"key":"RECALL"},{"data":"TalkToTheHand","floor":27,"key":"SMITH"},{"floor":32,"key":"REST"}],"circlet_count":0,"master_deck":["AscendersBane","Strike_P+1","Strike_P+1","Strike_P+1","Strike_P+1","Defend_P+1","Defend_P+1","Defend_P+1","Vigilance+1","Tantrum+1","MostiFishMod:Speedup+1","FearNoEvil+1","LessonLearned+1","MentalFortress+1","MostiFishMod:StarOceanP+1","MostiFishMod:StarWish+1","Wallop+1","EmptyFist","TalkToTheHand+1","Adaptation","MostiFishMod:DisColor+1","MostiFishMod:Clarity","InnerPeace"],"relics":["PureWater","DaveBox","NeowsBlessing","ShadowXiaoBlade","SynthV:TestCard","CultistMask","Blood Vial","SynthV:C4","HornCleat","White Beast Statue","Blue Candle","Bottled Flame","ChiXiaoBlade","Gremlin Horn","Lizard Tail","Damaru","Orichalcum","PreservedInsect","Busted Crown"],"acts_visited":["Exordium","TheCity","TheBeyond"],"potions_floor_usage":[21,23,30],"damage_taken":[{"damage":0.0,"enemies":"Small Slimes","floor":1.0,"turns":1.0},{"damage":0.0,"enemies":"Cultist","floor":4.0,"turns":1.0},{"damage":0.0,"enemies":"Jaw Worm","floor":5.0,"turns":1.0},{"damage":10.0,"enemies":"Lagavulin","floor":6.0,"turns":5.0},{"damage":19.0,"enemies":"Exordium Wildlife","floor":7.0,"turns":2.0},{"damage":2.0,"enemies":"3 Sentries","floor":8.0,"turns":4.0},{"damage":0.0,"enemies":"Lagavulin","floor":12.0,"turns":2.0},{"damage":0.0,"enemies":"3 Louse","floor":14.0,"turns":2.0},{"damage":0.0,"enemies":"Hexaghost","floor":16.0,"turns":5.0},{"damage":0.0,"enemies":"Spheric Guardian","floor":18.0,"turns":3.0},{"damage":0,"enemies":"Chosen","floor":20,"turns":1},{"damage":0,"enemies":"Centurion and Healer","floor":21,"turns":2},{"damage":0,"enemies":"Cultist and Chosen","floor":22,"turns":3},{"damage":7,"enemies":"Slavers","floor":23,"turns":2},{"damage":18,"enemies":"Snake Plant","floor":24,"turns":4},{"damage":6,"enemies":"Book of Stabbing","floor":25,"turns":2},{"damage":0,"enemies":"Gremlin Leader","floor":28,"turns":5},{"damage":20,"enemies":"Centurion and Healer","floor":29,"turns":2},{"damage":0,"enemies":"Slavers","floor":30,"turns":1},{"damage":0,"enemies":"Champ","floor":33,"turns":4},{"damage":0,"enemies":"Orb Walker","floor":35,"turns":1},{"damage":0,"enemies":"3 Darklings","floor":36,"turns":1},{"damage":0,"enemies":"Transient","floor":37,"turns":5},{"damage":0,"enemies":"Writhing Mass","floor":38,"turns":1}],"seed_played":"-2863225049977927030","potions_obtained":[{"floor":1.0,"key":"Strength Potion"},{"floor":5.0,"key":"SkillPotion"},{"floor":12.0,"key":"Swift Potion"},{"floor":21,"key":"GamblersBrew"},{"floor":24,"key":"FairyPotion"},{"floor":25,"key":"Swift Potion"},{"floor":29,"key":"StancePotion"},{"floor":30,"key":"Fruit Juice"},{"floor":33,"key":"Energy Potion"},{"floor":37,"key":"Ambrosia"}],"is_trial":false,"path_per_floor":["M","$","?","M","M","E","M","E","T","T","?","E","$","M","R","B",null,"M","?","M","M","M","E","M","E","T","R","E","M","E","?","R","B",null,"M","M","M","M"],"character_chosen":"WATCHER","items_purchased":[],"campfire_rested":1,"item_purchase_floors":[],"current_hp_per_floor":[61,61,61,61,61,51,34,34,34,34,29,31,31,33,33,35,60,62,62,64,66,68,61,45,41,41,41,43,25,32,32,53,55,69,71,73,73,73,73],"gold":406,"neow_bonus":"THREE_ENEMY_KILL","is_daily":false,"chose_seed":false,"campfire_upgraded":1,"win_rate":0.0,"timestamp":1613790331,"path_taken":["M","$","?","M","?","E","M","E","T","?","?","E","$","M","R","BOSS","M","?","M","M","M","E","M","E","T","R","E","M","E","?","R","BOSS","M","M","M","M"],"items_purchased_type":[],"build_version":"2020-12-22","purchased_purges":2,"victory":false,"max_hp_per_floor":[68,68,68,68,68,68,68,68,68,68,68,68,68,68,68,68,68,68,68,68,68,68,68,68,68,68,68,68,68,73,73,73,73,73,73,73,73,73,73],"card_choices":[{"not_picked":["FlurryOfBlows","EmptyFist"],"picked":"Tantrum","floor":1.0},{"not_picked":["Evaluate","MostiFishMod:PathToVictory","MostiFishMod:Clarity","Sanctity"],"picked":"MostiFishMod:Speedup","floor":4.0},{"not_picked":["ClearTheMind","Crescendo","BowlingBash","WaveOfTheHand"],"picked":"FearNoEvil","floor":5.0},{"not_picked":["FlyingSleeves","Wireheading","MostiFishMod:Nomercy","ThirdEye"],"picked":"LessonLearned","floor":6.0},{"not_picked":["PathToVictory","FearNoEvil","JustLucky","Prostrate"],"picked":"MentalFortress","floor":7.0},{"not_picked":["Sanctity","MostiFishMod:ScryFuture","Evaluate","CrushJoints","EmptyBody"],"picked":"SKIP","floor":8.0},{"not_picked":["Perseverance","SashWhip","FearNoEvil","ClearTheMind","WheelKick"],"picked":"SKIP","floor":12.0},{"not_picked":["Wireheading","EmptyMind","EmptyBody","ClearTheMind"],"picked":"MostiFishMod:StarOceanP","floor":14.0},{"not_picked":["Judgement","MasterReality","DevaForm","DeusExMachina"],"picked":"MostiFishMod:StarWish","floor":16.0},{"not_picked":["FlurryOfBlows","Halt","Perseverance","EmptyBody","MostiFishMod:PathToVictory"],"picked":"SKIP","floor":18.0},{"not_picked":["CarveReality","WindmillStrike+1","SashWhip","MostiFishMod:Nomercy"],"picked":"Wallop","floor":20},{"not_picked":["Protect","CrushJoints","SashWhip","Consecrate","Wish"],"picked":"SKIP","floor":21},{"not_picked":["DeceiveReality+1","Weave","CutThroughFate","Tantrum+1"],"picked":"EmptyFist","floor":22},{"not_picked":["Nirvana","EmptyFist","ThirdEye","Study","LikeWater"],"picked":"SKIP","floor":23},{"not_picked":["FlyingSleeves","CrushJoints","Consecrate","Sanctity","Vengeance"],"picked":"SKIP","floor":24},{"not_picked":["BowlingBash","Blasphemy","FearNoEvil","Pray+1"],"picked":"TalkToTheHand","floor":25},{"not_picked":["ReachHeaven","Swivel","Protect","Evaluate","MentalFortress"],"picked":"SKIP","floor":28},{"not_picked":["Wireheading","Evaluate","CrushJoints+1","FlurryOfBlows"],"picked":"Adaptation","floor":29},{"not_picked":["ClearTheMind","Collect","Wireheading","Sanctity","JustLucky+1"],"picked":"SKIP","floor":30},{"not_picked":["MostiFishMod:Pointsdynamics","Ragnarok","MostiFishMod:Minus","Wish"],"picked":"MostiFishMod:DisColor","floor":33},{"not_picked":["ThirdEye+1","FlyingSleeves","EmptyBody"],"picked":"SKIP","floor":35},{"not_picked":["ClearTheMind","SpiritShield"],"picked":"MostiFishMod:Clarity","floor":36},{"not_picked":["ClearTheMind","SandsOfTime"],"picked":"InnerPeace","floor":37}],"player_experience":475410,"relics_obtained":[{"floor":1.0,"key":"SynthV:TestCard"},{"floor":6.0,"key":"Blood Vial"},{"floor":8.0,"key":"SynthV:C4"},{"floor":9.0,"key":"HornCleat"},{"floor":10.0,"key":"White Beast Statue"},{"floor":12.0,"key":"Bottled Flame"},{"floor":23,"key":"Gremlin Horn"},{"floor":25,"key":"Lizard Tail"},{"floor":28,"key":"Damaru"},{"floor":30,"key":"Orichalcum"}],"event_choices":[{"damage_healed":0.0,"max_hp_gain":0.0,"max_hp_loss":0.0,"gold_gain":0.0,"event_name":"FaceTrader","player_choice":"Trade","floor":3.0,"gold_loss":0.0,"damage_taken":0.0,"relics_obtained":["CultistMask"]},{"damage_healed":0.0,"max_hp_gain":0.0,"max_hp_loss":0.0,"gold_gain":0.0,"event_name":"Scrap Ooze","player_choice":"Success","floor":11.0,"gold_loss":0.0,"damage_taken":5.0,"relics_obtained":["Blue Candle"]},{"damage_healed":0,"gold_gain":0,"player_choice":"Simplicity","damage_taken":0,"max_hp_gain":0,"max_hp_loss":0,"event_name":"Back to Basics","floor":19,"gold_loss":0,"cards_upgraded":["Strike_P","Strike_P","Defend_P","Defend_P"]},{"damage_healed":0,"gold_gain":0,"player_choice":"Obtained Relic","damage_taken":0,"relics_obtained":["PreservedInsect"],"max_hp_gain":0,"max_hp_loss":0,"event_name":"Addict","floor":31,"gold_loss":85}],"is_beta":false,"boss_relics":[{"not_picked":["RhineSuit","Sozu"],"picked":"ChiXiaoBlade"},{"not_picked":["Empty Cage","Transparent"],"picked":"Busted Crown"}],"items_purged_floors":[2,13],"is_endless":false,"potions_floor_spawned":[1,5,7,12,14,16,18,20,21,22,23,24,25,28,29,30,33,35,36,37],"killed_by":"Writhing Mass","ascension_level":20}}