{"host":"yeg3u3dfqewtiiug","time":1613782822,"event":{"mods":["AchievementEnabler","BaseMod","Downfall","Minty Spire (QoL Compilation)","Replay The Spire","StSLib"],"gold_per_floor":[99,116,24,24,24,39,85,97,113,146,46,75,91,91,104,208,208,208,219,229,244,79,107,107,124,136,150,164,195,195,229,249,350,350,350,368,382,301,301,327,354,379,389,189,201,201,201,24,37,37,37,65,65,65,65,65],"floor_reached":57,"language":"ENG","playtime":8845,"items_purged":["hexamod:Strike","hexamod:Strike"],"score":1258,"play_id":"a6e692eb-ff61-48f7-b0ef-b9340374b34a","local_time":"20210219190022","is_ascension_mode":false,"campfire_choices":[{"data":"hexamod:Float","floor":1,"key":"SMITH"},{"data":"hexamod:ForkedFlame","floor":11,"key":"SMITH"},{"data":"True Grit","floor":18,"key":"SMITH"},{"floor":30,"key":"REST"},{"floor":35,"key":"RECALL"},{"floor":44,"key":"REST"},{"data":"hexamod:RecurringNightmare","floor":47,"key":"SMITH"},{"floor":54,"key":"REST"}],"circlet_count":0,"master_deck":["hexamod:Defend","hexamod:Defend","hexamod:Defend","hexamod:Defend","hexamod:Sear","hexamod:Float+1","hexamod:FlamesFromBeyond+1","hexamod:FastForward","hexamod:EmpoweredFlame+1","hexamod:ForkedFlame+1","True Grit+1","hexamod:GhostOfSpireFuture+1","hexamod:ForkedFlame+1","hexamod:FlamesFromBeyond","hexamod:TimeWarp+1","hexamod:StepThrough+1","hexamod:ExtraCrispy+1","hexamod:Rewind+1","hexamod:SoulSteal","hexamod:RadiantFlame+1","hexamod:PhantomCloak+1","hexamod:Hexaguard+1","hexamod:ForkedFlame+1","hexamod:SpectersWail+1","hexamod:SpectersWail+1","hexamod:RecurringNightmare+1","hexamod:HeatCrush+1"],"relics":["m_DevilBlood","Replay:Baseball","Ancient Tea Set","downfall:HeartBlessingGreen","Durian","Empty Cage","Guide Book","Omamori","Torii","Replay:Accelerometer","Molten Egg 2","Ring of Chaos","Membership Card","War Paint","ReplayTheSpireMod:Shallot","Ring of Peace","Unceasing Top","Replay:Mystery Machine","downfall:HeartBlessingRed","downfall:HeartBlessingBlue","Replay:Bottled Flurry","Whetstone"],"acts_visited":["Exordium","TheCity","TheBeyond","TheEnding"],"potions_floor_usage":[13,16,29,31,37,38,55,55,56],"damage_taken":[{"damage":0,"enemies":"2 Louse","floor":2,"turns":3},{"damage":0,"enemies":"downfall:FleeingMerchant","floor":3,"turns":4},{"damage":0,"enemies":"Cultist","floor":6,"turns":3},{"damage":5,"enemies":"Small Slimes","floor":8,"turns":3},{"damage":6,"enemies":"Red Slaver","floor":9,"turns":3},{"damage":35,"enemies":"3 Sentries","floor":10,"turns":6},{"damage":12,"enemies":"Gremlin Nob","floor":12,"turns":3},{"damage":3,"enemies":"Exordium Thugs","floor":13,"turns":3},{"damage":0,"enemies":"Blue Slaver","floor":15,"turns":2},{"damage":27,"enemies":"DF_ARCHETYPE_STREAMLINE","floor":16,"turns":6},{"damage":4,"enemies":"3 Byrds","floor":19,"turns":3},{"damage":20,"enemies":"downfall:LooterAlt2","floor":20,"turns":3},{"damage":12,"enemies":"Shelled Parasite and Fungi","floor":21,"turns":4},{"damage":2,"enemies":"downfall:FleeingMerchant","floor":22,"turns":4},{"damage":10,"enemies":"Replay:Snechameleon","floor":23,"turns":5},{"damage":3,"enemies":"Cultist and Chosen","floor":25,"turns":4},{"damage":2,"enemies":"Chosen and Byrds","floor":26,"turns":3},{"damage":16,"enemies":"Snake Plant","floor":27,"turns":3},{"damage":20,"enemies":"Centurion and Healer","floor":28,"turns":3},{"damage":23,"enemies":"Slavers","floor":29,"turns":3},{"damage":14,"enemies":"Book of Stabbing","floor":31,"turns":5},{"damage":0,"enemies":"Snecko","floor":32,"turns":5},{"damage":19,"enemies":"WA_ARCHETYPE_CALM","floor":33,"turns":9},{"damage":17,"enemies":"Orb Walker","floor":36,"turns":3},{"damage":13,"enemies":"3 Shapes","floor":37,"turns":4},{"damage":4,"enemies":"downfall:FleeingMerchant","floor":38,"turns":4},{"damage":35,"enemies":"Reptomancer","floor":40,"turns":4},{"damage":0,"enemies":"Maw","floor":43,"turns":4},{"damage":0,"enemies":"Transient","floor":45,"turns":5},{"damage":0,"enemies":"Sphere and 2 Shapes","floor":49,"turns":4},{"damage":18,"enemies":"IC_BLOCK_ARCHETYPE","floor":50,"turns":6},{"damage":50,"enemies":"downfall:CharBossMerchant","floor":52,"turns":7},{"damage":27,"enemies":"downfall:NeowBoss","floor":55,"turns":14},{"damage":55,"enemies":"downfall:NeowBossFinal","floor":56,"turns":9}],"seed_played":"5181935306981489487","potions_obtained":[{"floor":6,"key":"Elixir"},{"floor":9,"key":"Regen Potion"},{"floor":12,"key":"Regen Potion"},{"floor":15,"key":"BlessingOfTheForge"},{"floor":19,"key":"Slimebound:ThreeZeroPotion"},{"floor":29,"key":"hexamod:EctoCoolerPotion"},{"floor":32,"key":"LiquidBronze"},{"floor":37,"key":"BlessingOfTheForge"},{"floor":52,"key":"Milkshake"}],"is_trial":false,"path_per_floor":["R","M","$","?","?","M","T","M","M","E","R","E","M","?","M","B",null,"R","M","M","M","$","E","T","M","M","M","M","E","R","E","M","B",null,"R","M","M","$","?","E","T","?","M","R","M","?","R","$","M","B",null,"E","$","R","B","B",null],"character_chosen":"THE_SPIRIT","items_purchased":["hexamod:EmpoweredFlame","Guide Book","Membership Card","War Paint","ReplayTheSpireMod:Shallot","Dexterity Potion","Replay:Bottled Flurry"],"campfire_rested":3,"item_purchase_floors":[3,22,38,38,38,38,48],"current_hp_per_floor":[77,77,77,77,77,77,77,77,77,52,52,57,78,78,82,76,82,82,82,72,72,82,82,82,82,82,72,58,45,69,67,79,72,82,82,71,66,74,74,49,49,49,59,92,92,92,92,92,92,86,92,54,54,81,66,23],"gold":65,"neow_bonus":"TEN_PERCENT_HP_BONUS","is_daily":false,"chose_seed":false,"campfire_upgraded":4,"win_rate":0.0,"timestamp":1613782822,"path_taken":["R","M","$","?","?","M","T","M","?","E","R","E","M","?","M","BOSS","R","M","M","M","?","E","T","M","M","M","M","E","R","E","M","BOSS","R","M","M","$","?","E","T","?","?","R","M","?","R","?","M","BOSS","E","$","R","BOSS","BOSS"],"items_purchased_type":["Card","Relic","Relic","Relic","Relic","Potion","Relic"],"build_version":"2020-12-22","purchased_purges":2,"victory":true,"max_hp_per_floor":[77,77,77,77,77,77,77,77,77,77,77,82,82,82,82,82,82,82,82,82,82,82,82,82,82,82,82,82,82,82,82,82,82,82,82,82,82,82,82,82,82,82,82,92,92,92,92,92,92,92,92,92,92,92,92,92],"card_choices":[{"not_picked":["hexamod:AdvancingGuard","hexamod:InspiringFlames"],"picked":"hexamod:FlamesFromBeyond","floor":2},{"not_picked":["hexamod:Firestarter","hexamod:GhostflameBarrier"],"picked":"hexamod:FastForward","floor":3},{"not_picked":["hexamod:NightmareStrike","hexamod:InspiringFlames"],"picked":"hexamod:ForkedFlame","floor":6},{"not_picked":["hexamod:SpectersWail","hexamod:GhostShield","hexamod:DynamicBlow"],"picked":"SKIP","floor":8},{"not_picked":["hexamod:EtherealExpedition","hexamod:InspiringFlames"],"picked":"True Grit","floor":9},{"not_picked":["hexamod:SwordOfDarkness","hexamod:ChargedBarrage"],"picked":"hexamod:GhostOfSpireFuture","floor":10},{"not_picked":["hexamod:ShieldOfDarkness","hexamod:SkipABeat","hexamod:Firestarter"],"picked":"SKIP","floor":12},{"not_picked":["hexamod:NightmareGuise","hexamod:InspiringFlames","hexamod:SwordOfDarkness"],"picked":"SKIP","floor":13},{"not_picked":["Warcry","Searing Blow"],"picked":"hexamod:FlamesFromBeyond","floor":15},{"not_picked":["Fiend Fire","hexamod:FifthSeal"],"picked":"hexamod:TimeWarp","floor":16},{"not_picked":["hexamod:HauntingEcho+1","hexamod:Firestarter","hexamod:GhostShield+1"],"picked":"SKIP","floor":19},{"not_picked":["hexamod:PhantomCloak","hexamod:GhostOfSpireFuture"],"picked":"hexamod:StepThrough+1","floor":20},{"not_picked":["hexamod:PowerFromBeyond","hexamod:ThermalTransfer"],"picked":"hexamod:ExtraCrispy+1","floor":21},{"not_picked":["hexamod:RainOfEmbers","hexamod:SwordOfDarkness"],"picked":"hexamod:Rewind+1","floor":22},{"not_picked":["hexamod:GhostOfSpirePast+1","hexamod:SpectralAdrenaline+1","hexamod:DynamicBlow+1"],"picked":"SKIP","floor":23},{"not_picked":["hexamod:InspiringFlames","hexamod:SkipABeat"],"picked":"hexamod:SoulSteal","floor":25},{"not_picked":["hexamod:GiftsFromTheDead","hexamod:BurningTouch"],"picked":"hexamod:RadiantFlame+1","floor":26},{"not_picked":["hexamod:NightmareStrike","hexamod:GhostLash","hexamod:ThermalTransfer"],"picked":"SKIP","floor":27},{"not_picked":["hexamod:HauntingEcho+1","hexamod:GhostShield","hexamod:SpectersWail"],"picked":"SKIP","floor":28},{"not_picked":["hexamod:UnleashSpirits","hexamod:EmpoweredFlame+1"],"picked":"hexamod:PhantomCloak+1","floor":29},{"not_picked":["hexamod:Firestarter+1","hexamod:NightmareGuise+1"],"picked":"hexamod:Hexaguard","floor":31},{"not_picked":["hexamod:InspiringFlames","hexamod:HauntingEcho+1","hexamod:FirstSeal"],"picked":"SKIP","floor":32},{"not_picked":["hexamod:GhostflameInferno","hexamod:GiftsFromTheDead"],"picked":"hexamod:ForkedFlame+1","floor":33},{"not_picked":["hexamod:SwordOfDarkness+1","hexamod:Haunt","hexamod:InspiringFlames+1"],"picked":"SKIP","floor":36},{"not_picked":["hexamod:GhostShield","hexamod:GhostLash+1"],"picked":"hexamod:SpectersWail+1","floor":37},{"not_picked":["hexamod:AdvancingGuard+1","hexamod:FastForward+1"],"picked":"hexamod:SpectersWail+1","floor":38},{"not_picked":["hexamod:FirstSeal","hexamod:FastForward+1"],"picked":"hexamod:RecurringNightmare","floor":40},{"not_picked":["hexamod:InspiringFlames+1","hexamod:NightmareGuise","hexamod:SpectralAdrenaline+1"],"picked":"SKIP","floor":43},{"not_picked":["hexamod:FirstSeal","hexamod:RadiantFlame","hexamod:Again"],"picked":"SKIP","floor":45},{"not_picked":["hexamod:FastForward","hexamod:FlamesFromBeyond"],"picked":"hexamod:HeatCrush+1","floor":49},{"not_picked":["hexamod:FourthSeal","hexamod:SecondSeal","hexamod:FifthSeal"],"picked":"SKIP","floor":52}],"player_experience":395326,"relics_obtained":[{"floor":7,"key":"Replay:Baseball"},{"floor":10,"key":"Ancient Tea Set"},{"floor":12,"key":"Durian"},{"floor":23,"key":"Omamori"},{"floor":24,"key":"Torii"},{"floor":29,"key":"Replay:Accelerometer"},{"floor":31,"key":"Molten Egg 2"},{"floor":39,"key":"Ring of Peace"},{"floor":40,"key":"Unceasing Top"},{"floor":42,"key":"Replay:Mystery Machine"},{"floor":52,"key":"Whetstone"}],"event_choices":[],"is_beta":false,"boss_relics":[{"not_picked":["Coffee Dripper","Calling Bell"],"picked":"Empty Cage"},{"not_picked":["ReplayTheSpireMod:DimensionalGlitch","Painkiller Herb"],"picked":"Ring of Chaos"}],"items_purged_floors":[38,48],"is_endless":false,"potions_floor_spawned":[6,9,12,15,19,26,27,29,32,33,37,40,45,52],"ascension_level":0}}