{"host":"5f8yr5jxnqok2jdo","time":1613831899,"event":{"mods":["AchievementEnabler","BaseMod","Better Altar","Better Match","Better Note","Better Skull","Better Third Choice","Block Reminder","Colored Map","Colored Powertips","DeckTracker","Displayed Cursed Tome","Filter the Spire","Googly Eyes","Highlight Path","Key Reminder","Minty Spire (QoL Compilation)","Quick Restart","Rare Cards Sparkle","Relic Sorter","Relic Stats","ShortenTheSpire","Smile Girya","Spire Arcade","Spire Birthday Party","StSLib","Steal the Spire","SuperFastMode","Uncapped","Unceasing Turn Reminder","Weighted Paths","everything is the same but u backflip on backflip","slay the spire mod where everything is the same but ironclad has a cowboy hat"],"gold_per_floor":[16,16,26,42,52,52,69,98,98,98,98,23,48,378,378,453,453,470,470,179,193,243,243,243],"floor_reached":23,"language":"ENG","playtime":621,"items_purged":["Strike_R"],"score":348,"play_id":"05075624-3214-42b3-aa83-3f115ef30229","local_time":"20210220153819","is_ascension_mode":true,"campfire_choices":[{"data":"Mayhem","floor":6,"key":"SMITH"},{"data":"True Grit","floor":11,"key":"SMITH"},{"data":"Body Slam","floor":15,"key":"SMITH"}],"circlet_count":0,"master_deck":["AscendersBane","Strike_R+1","Strike_R+1","Strike_R+1","Strike_R+1","Defend_R+1","Defend_R+1","Defend_R+1","Defend_R+1","Bash+1","Mayhem+1","Body Slam+1","Feed","True Grit+1","Shrug It Off","Clothesline","Offering","Berserk"],"relics":["Burning Blood","Pocketwatch","Singing Bowl","Regal Pillow","Old Coin","Runic Dome","Gambling Chip"],"acts_visited":["Exordium","TheCity"],"potions_floor_usage":[16],"damage_taken":[{"damage":14,"enemies":"Jaw Worm","floor":1,"turns":3},{"damage":4,"enemies":"2 Louse","floor":3,"turns":4},{"damage":1,"enemies":"Small Slimes","floor":4,"turns":3},{"damage":17,"enemies":"2 Fungi Beasts","floor":5,"turns":4},{"damage":4,"enemies":"Exordium Thugs","floor":7,"turns":5},{"damage":27,"enemies":"Lagavulin","floor":8,"turns":8},{"damage":22,"enemies":"Gremlin Nob","floor":13,"turns":4},{"damage":50,"enemies":"Slime Boss","floor":16,"turns":11},{"damage":14,"enemies":"Chosen","floor":18,"turns":4},{"damage":6,"enemies":"Spheric Guardian","floor":21,"turns":3},{"damage":75,"enemies":"Gremlin Leader","floor":23,"turns":8}],"seed_played":"8057149618345352060","potions_obtained":[{"floor":3,"key":"ElixirPotion"},{"floor":4,"key":"FairyPotion"},{"floor":16,"key":"SpeedPotion"},{"floor":18,"key":"LiquidBronze"}],"is_trial":false,"path_per_floor":["M","?","M","M","M","R","M","E","T","?","R","$","E","?","R","B",null,"M","?","$","M","?","E"],"character_chosen":"IRONCLAD","items_purchased":["Gambling Chip"],"campfire_rested":0,"item_purchase_floors":[20],"current_hp_per_floor":[60,37,39,47,39,39,44,23,23,51,51,51,38,38,38,20,70,64,64,64,66,66,0,0],"gold":243,"neow_bonus":"RANDOM_COLORLESS_2","is_daily":false,"chose_seed":false,"campfire_upgraded":3,"win_rate":0.0,"timestamp":1613831899,"path_taken":["M","?","M","M","M","R","M","E","T","?","R","$","E","?","R","BOSS","M","?","$","M","?","E"],"items_purchased_type":["Relic"],"build_version":"2020-12-22","purchased_purges":1,"victory":false,"max_hp_per_floor":[75,75,75,78,81,81,84,84,84,84,84,84,87,87,87,87,87,89,89,89,91,91,91,91],"relic_stats":{"Regal Pillow":0,"Singing Bowl":4,"counters":[11,57],"Gambling Chip":[8],"obtain_stats":[{"Runic Dome":17,"Regal Pillow":13,"Singing Bowl":9,"Gambling Chip":20,"Burning Blood":0,"Pocketwatch":8,"Old Coin":14},{"Runic Dome":8,"Regal Pillow":7,"Singing Bowl":6,"Gambling Chip":9,"Burning Blood":0,"Pocketwatch":6,"Old Coin":7},{"Runic Dome":42,"Regal Pillow":31,"Singing Bowl":27,"Gambling Chip":46,"Burning Blood":0,"Pocketwatch":27,"Old Coin":31}],"Burning Blood":60,"Pocketwatch":[21]},"card_choices":[{"not_picked":["Violence","Chrysalis"],"picked":"Mayhem","floor":0},{"not_picked":["Twin Strike","Anger"],"picked":"Body Slam","floor":1},{"not_picked":["Perfected Strike","Sentinel"],"picked":"Feed","floor":3},{"not_picked":["Clash","Spot Weakness"],"picked":"True Grit","floor":4},{"not_picked":["Headbutt","Intimidate"],"picked":"Shrug It Off","floor":5},{"not_picked":["Havoc","Reckless Charge"],"picked":"Clothesline","floor":7},{"not_picked":["Body Slam","Sentinel","Armaments"],"picked":"SKIP","floor":8},{"not_picked":["True Grit","Clash"],"picked":"Offering","floor":13},{"not_picked":["Bludgeon","Juggernaut"],"picked":"Berserk","floor":16},{"not_picked":["Anger","Perfected Strike","Armaments"],"picked":"Singing Bowl","floor":18},{"not_picked":["Infernal Blade","Flex","Headbutt"],"picked":"Singing Bowl","floor":21}],"player_experience":370037,"relics_obtained":[{"floor":8,"key":"Pocketwatch"},{"floor":9,"key":"Singing Bowl"},{"floor":13,"key":"Regal Pillow"}],"event_choices":[{"damage_healed":60,"gold_gain":0,"player_choice":"Upgrade","damage_taken":23,"max_hp_gain":0,"max_hp_loss":75,"event_name":"betterThird:BetterShining","floor":2,"gold_loss":0,"cards_upgraded":["Strike_R","Bash"]},{"damage_healed":28,"gold_gain":0,"player_choice":"Banana","damage_taken":0,"max_hp_gain":0,"max_hp_loss":0,"event_name":"Big Fish","floor":10,"gold_loss":0},{"damage_healed":0,"gold_gain":30,"player_choice":"Searched \u00272\u0027 times","damage_taken":0,"relics_obtained":["Old Coin"],"max_hp_gain":0,"max_hp_loss":0,"event_name":"Dead Adventurer","floor":14,"gold_loss":0},{"damage_healed":0,"gold_gain":0,"player_choice":"Simplicity","damage_taken":0,"max_hp_gain":0,"max_hp_loss":7,"event_name":"betterThird:BetterWriting","floor":19,"gold_loss":0},{"damage_healed":0,"gold_gain":50,"player_choice":"Pray","damage_taken":0,"max_hp_gain":0,"max_hp_loss":0,"event_name":"Golden Shrine","floor":22,"gold_loss":0}],"is_beta":false,"boss_relics":[{"not_picked":["Fusion Hammer","Coffee Dripper"],"picked":"Runic Dome"}],"items_purged_floors":[12],"is_endless":false,"potions_floor_spawned":[3,4,16,18],"killed_by":"Gremlin Leader","ascension_level":15}}