{"host":"v86vpwf004p2esb7","time":1613819341,"event":{"mods":["AchievementEnabler","BaseMod","BetterRewards","Colored Powertips","Minty Spire (QoL Compilation)","Quick Restart","StSLib","Transform Curses"],"gold_per_floor":[116,116,116,127,141,141,176,190,190,216,137,137,151,171,171,273,273,291,291,206,206,216,243,243,325,352,352,364,364,364,399,399,494,494,507,526,577,397,415,415,72,72,72,104,0,35,35,35,35,35,35,35,12,38,38,38],"floor_reached":55,"language":"ENG","playtime":1769,"items_purged":[],"score":1035,"play_id":"24a6b2a0-a46b-4277-881c-c7a5c49d7aa8","local_time":"20210220030901","is_ascension_mode":true,"campfire_choices":[{"data":"Storm","floor":6,"key":"SMITH"},{"data":"Chill","floor":12,"key":"SMITH"},{"data":"Loop","floor":15,"key":"SMITH"},{"floor":24,"key":"RECALL"},{"data":"Thunder Strike","floor":29,"key":"SMITH"},{"floor":32,"key":"REST"},{"data":"White Noise","floor":40,"key":"SMITH"},{"data":"Double Energy","floor":42,"key":"SMITH"},{"data":"Conserve Battery","floor":49,"key":"SMITH"},{"data":"Leap","floor":52,"key":"SMITH"}],"circlet_count":0,"master_deck":["Strike_B","Strike_B","Defend_B","Defend_B","Defend_B","Defend_B","Zap+1","Loop+1","Cold Snap","Melter","Thunder Strike+1","Storm+1","Double Energy+1","Gash","Ball Lightning","Cold Snap","Chill+1","Storm+1","Leap+1","White Noise+1","Machine Learning+1","Leap+1","Genetic Algorithm+1","Undo+1","Conserve Battery+1","Defragment+1","Electrodynamics+1","Recycle+1","Self Repair+1","Multi-Cast","Heatsinks+1","Cold Snap","Capacitor+1","Chill+1","Ball Lightning","Consume+1"],"relics":["Cracked Core","Mercury Hourglass","Lee\u0027s Waffle","Eternal Feather","Pear","StrikeDummy","Frozen Egg 2","Ornamental Fan","Emotion Chip","PreservedInsect","Question Card","Matryoshka","Juzu Bracelet","Enchiridion","DataDisk","Black Star","Thread and Needle","Symbiotic Virus","Singing Bowl","Toy Ornithopter","War Paint","Omamori","Red Mask","Boot","Oddly Smooth Stone","Du-Vu Doll","Bag of Marbles"],"acts_visited":["Exordium","TheCity","TheBeyond","TheEnding"],"potions_floor_usage":[50,55,55,55],"damage_taken":[{"damage":0,"enemies":"2 Louse","floor":1,"turns":2},{"damage":0,"enemies":"Jaw Worm","floor":4,"turns":3},{"damage":0,"enemies":"Cultist","floor":5,"turns":3},{"damage":21,"enemies":"3 Sentries","floor":7,"turns":6},{"damage":7,"enemies":"3 Louse","floor":8,"turns":2},{"damage":21,"enemies":"Lagavulin","floor":10,"turns":5},{"damage":11,"enemies":"Blue Slaver","floor":13,"turns":2},{"damage":0,"enemies":"2 Fungi Beasts","floor":14,"turns":2},{"damage":19,"enemies":"The Guardian","floor":16,"turns":7},{"damage":22,"enemies":"Shell Parasite","floor":18,"turns":4},{"damage":7,"enemies":"Chosen","floor":22,"turns":3},{"damage":19,"enemies":"Slavers","floor":23,"turns":2},{"damage":6,"enemies":"Sentry and Sphere","floor":28,"turns":3},{"damage":9,"enemies":"Book of Stabbing","floor":31,"turns":3},{"damage":10,"enemies":"Collector","floor":33,"turns":5},{"damage":0,"enemies":"3 Shapes","floor":35,"turns":1},{"damage":5,"enemies":"Orb Walker","floor":36,"turns":2},{"damage":30,"enemies":"2 Orb Walkers","floor":37,"turns":4},{"damage":0,"enemies":"Transient","floor":39,"turns":5},{"damage":16,"enemies":"Giant Head","floor":44,"turns":5},{"damage":5,"enemies":"Nemesis","floor":46,"turns":3},{"damage":48,"enemies":"Donu and Deca","floor":50,"turns":5},{"damage":30,"enemies":"Shield and Spear","floor":54,"turns":3},{"damage":108,"enemies":"The Heart","floor":55,"turns":3}],"seed_played":"7564807834210614272","potions_obtained":[{"floor":5,"key":"CultistPotion"},{"floor":7,"key":"SpeedPotion"},{"floor":10,"key":"Energy Potion"},{"floor":13,"key":"DistilledChaos"},{"floor":54,"key":"FocusPotion"}],"is_trial":false,"path_per_floor":["M","?","?","M","M","R","E","M","T","E","$","R","M","M","R","B",null,"M","?","?","?","M","E","R","T","T","?","M","R","?","E","R","B",null,"M","M","?","$","M","R","$","R","T","E","?","E","?","$","R","B",null,"R","$","E","B"],"character_chosen":"DEFECT","items_purchased":["Mercury Hourglass","Loop","Lee\u0027s Waffle","Cold Snap","Eternal Feather","Melter","Storm+1","EssenceOfDarkness","Heatsinks+1","Symbiotic Virus","Capacitor+1","Ball Lightning"],"campfire_rested":1,"item_purchase_floors":[0,0,0,0,0,0,11,38,38,41,41,53],"current_hp_per_floor":[82,85,85,85,85,92,71,64,64,43,43,55,44,44,56,37,78,56,56,56,56,49,30,45,45,45,45,39,54,38,29,71,61,84,84,79,59,59,69,87,87,92,92,88,88,83,83,83,94,56,85,94,94,64,0,0],"gold":38,"neow_bonus":"","is_daily":false,"chose_seed":false,"campfire_upgraded":8,"win_rate":0.0,"timestamp":1613819341,"path_taken":["M","?","?","M","?","R","E","M","T","E","$","R","M","M","R","BOSS","M","?","?","?","M","E","R","?","T","?","M","R","?","E","R","BOSS","M","M","?","$","M","R","$","R","T","E","?","E","?","?","R","BOSS","R","$","E","BOSS"],"items_purchased_type":["Relic","Card","Relic","Card","Relic","Card","Card","Potion","Card","Relic","Card","Card"],"build_version":"2020-12-22","purchased_purges":0,"victory":false,"max_hp_per_floor":[82,92,92,92,92,92,92,92,92,92,92,92,92,92,92,92,92,92,92,92,92,92,92,92,92,92,92,92,92,92,92,92,92,92,92,92,92,92,92,92,92,92,92,94,94,94,94,94,94,94,94,94,94,94,94,94],"card_choices":[{"not_picked":["Stack","Ball Lightning"],"picked":"Storm","floor":1},{"not_picked":["Beam Cell","Skim"],"picked":"Double Energy","floor":4},{"not_picked":["Turbo","Sweeping Beam"],"picked":"Gash","floor":5},{"not_picked":["Force Field","Doom and Gloom"],"picked":"Ball Lightning","floor":7},{"not_picked":["Rebound","Hello World"],"picked":"Cold Snap","floor":8},{"not_picked":["Gash","Rebound"],"picked":"Chill","floor":10},{"not_picked":["Seek","Hologram"],"picked":"Leap","floor":13},{"not_picked":["Barrage","Turbo"],"picked":"White Noise","floor":14},{"not_picked":["Biased Cognition+1","Seek"],"picked":"Machine Learning+1","floor":16},{"not_picked":["Ball Lightning","Go for the Eyes+1"],"picked":"Leap","floor":18},{"not_picked":["Compile Driver","Doom and Gloom"],"picked":"Genetic Algorithm+1","floor":22},{"not_picked":["Steam Power","Reprogram"],"picked":"Undo+1","floor":23},{"not_picked":["Reprogram+1","Steam Power+1","Leap"],"picked":"Conserve Battery","floor":28},{"not_picked":["Gash","Chill","Static Discharge+1"],"picked":"Defragment+1","floor":31},{"not_picked":["Fission","Reboot","Creative AI+1"],"picked":"Electrodynamics+1","floor":33},{"not_picked":["Cold Snap","Undo","Beam Cell+1"],"picked":"Recycle+1","floor":35},{"not_picked":["Steam","Beam Cell","Sunder+1"],"picked":"Self Repair+1","floor":36},{"not_picked":["Barrage+1","Redo","Skim"],"picked":"Multi-Cast","floor":37},{"not_picked":["Doom and Gloom","Blizzard","Beam Cell+1"],"picked":"Cold Snap","floor":39},{"not_picked":["Blizzard","Stack+1","BootSequence","Rip and Tear+1"],"picked":"Singing Bowl","floor":44},{"not_picked":["Coolheaded","Blizzard+1","White Noise+1"],"picked":"Chill+1","floor":46},{"not_picked":["Darkness","Doom and Gloom+1","Rip and Tear"],"picked":"Consume+1","floor":54}],"player_experience":316202,"relics_obtained":[{"floor":7,"key":"StrikeDummy"},{"floor":9,"key":"Frozen Egg 2"},{"floor":10,"key":"Ornamental Fan"},{"floor":23,"key":"Question Card"},{"floor":25,"key":"Matryoshka"},{"floor":26,"key":"Juzu Bracelet"},{"floor":30,"key":"Enchiridion"},{"floor":31,"key":"DataDisk"},{"floor":37,"key":"Thread and Needle"},{"floor":43,"key":"Singing Bowl"},{"floor":43,"key":"Toy Ornithopter"},{"floor":44,"key":"War Paint"},{"floor":44,"key":"Omamori"},{"floor":46,"key":"Boot"},{"floor":46,"key":"Oddly Smooth Stone"},{"floor":54,"key":"Du-Vu Doll"},{"floor":54,"key":"Bag of Marbles"}],"event_choices":[{"damage_healed":0,"gold_gain":0,"player_choice":"Success","damage_taken":7,"relics_obtained":["Pear"],"max_hp_gain":0,"max_hp_loss":0,"event_name":"Scrap Ooze","floor":2,"gold_loss":0},{"damage_healed":0,"gold_gain":0,"player_choice":"Bought 0 Potions","damage_taken":0,"max_hp_gain":0,"max_hp_loss":0,"event_name":"The Woman in Blue","floor":3,"gold_loss":0},{"damage_healed":0,"gold_gain":0,"player_choice":"Ignored","damage_taken":0,"max_hp_gain":0,"max_hp_loss":0,"event_name":"Vampires","floor":19,"gold_loss":0},{"damage_healed":0,"gold_gain":0,"player_choice":"Obtained Relic","damage_taken":0,"relics_obtained":["Emotion Chip"],"max_hp_gain":0,"max_hp_loss":0,"event_name":"Addict","floor":20,"gold_loss":85},{"damage_healed":0,"gold_gain":0,"player_choice":"Opened","damage_taken":0,"relics_obtained":["PreservedInsect"],"max_hp_gain":0,"max_hp_loss":0,"event_name":"The Mausoleum","floor":21,"gold_loss":0},{"cards_removed":["Strike_B"],"damage_healed":0,"gold_gain":0,"player_choice":"Offered Basic","damage_taken":0,"max_hp_gain":0,"max_hp_loss":0,"event_name":"Bonfire Elementals","floor":27,"gold_loss":0},{"damage_healed":0,"gold_gain":0,"player_choice":"Obtained Book","damage_taken":16,"max_hp_gain":0,"max_hp_loss":0,"event_name":"Cursed Tome","floor":30,"gold_loss":0},{"damage_healed":0,"gold_gain":0,"player_choice":"Fight","damage_taken":0,"max_hp_gain":0,"max_hp_loss":0,"event_name":"Mysterious Sphere","floor":37,"gold_loss":0},{"damage_healed":0,"gold_gain":0,"player_choice":"Paid","damage_taken":0,"relics_obtained":["Red Mask"],"max_hp_gain":0,"max_hp_loss":0,"event_name":"Tomb of Lord Red Mask","floor":45,"gold_loss":104},{"cards_removed":["Dualcast"],"damage_healed":0,"gold_gain":0,"player_choice":"Removed Skill","damage_taken":0,"max_hp_gain":0,"max_hp_loss":0,"event_name":"Falling","floor":47,"gold_loss":0}],"is_beta":false,"boss_relics":[{"not_picked":["Velvet Choker","Pandora\u0027s Box","Ectoplasm"]},{"not_picked":["Runic Dome","Snecko Eye"],"picked":"Black Star"}],"items_purged_floors":[],"is_endless":false,"potions_floor_spawned":[5,7,10,13,16,18,33,36,39,46,54],"killed_by":"The Heart","ascension_level":6}}