{"host":"yx5rao87132cy5xq","time":1613849395,"event":{"mods":["2.2 Compatiblity","AchievementEnabler","BaseMod","Bestiary","Colored Map","Colored Powertips","Minty Spire (QoL Compilation)","Quick Restart","Relic Stats","Slay-I","SuperFastMode"],"gold_per_floor":[116,127,146,146,159,186,186,206,206,225,238,253,253,286,286,362,362,242,242,242,167,167,167,167,167,167],"floor_reached":25,"language":"ENG","playtime":5230,"items_purged":[],"score":468,"play_id":"0b4fbf5b-c6be-4d5d-9b40-e8609f0cf852","local_time":"20210220202955","is_ascension_mode":true,"campfire_choices":[{"floor":7.0,"key":"REST"},{"data":"True Grit","floor":13.0,"key":"SMITH"},{"data":"True Grit","floor":15.0,"key":"SMITH"},{"data":"Fiend Fire","floor":23.0,"key":"SMITH"}],"circlet_count":0,"master_deck":["AscendersBane","Strike_R","Strike_R","Strike_R","Strike_R","Defend_R","Defend_R","Defend_R","Defend_R","Bash","Pummel","True Grit+1","Iron Wave","Pain","Anger","Iron Wave","Burning Pact","Clothesline","True Grit+1","Metallicize+1","Berserk+1","Heavy Blade+1","J.A.X.","Fiend Fire+1","Decay"],"relics":["Burning Blood","WarpedTongs","Ancient Tea Set","Torii","Frozen Egg 2","Ectoplasm"],"acts_visited":["Exordium","TheCity"],"potions_floor_usage":[25,25],"damage_taken":[{"damage":11.0,"enemies":"2 Louse","floor":1.0,"turns":4.0},{"damage":6.0,"enemies":"Cultist","floor":2.0,"turns":3.0},{"damage":11.0,"enemies":"Small Slimes","floor":3.0,"turns":4.0},{"damage":9.0,"enemies":"Blue Slaver","floor":5.0,"turns":4.0},{"damage":48.0,"enemies":"3 Sentries","floor":6.0,"turns":10.0},{"damage":1.0,"enemies":"2 Fungi Beasts","floor":8.0,"turns":3.0},{"damage":16.0,"enemies":"Large Slime","floor":10.0,"turns":7.0},{"damage":3.0,"enemies":"Exordium Wildlife","floor":11.0,"turns":3.0},{"damage":13.0,"enemies":"Lots of Slimes","floor":12.0,"turns":7.0},{"damage":2.0,"enemies":"Gremlin Nob","floor":14.0,"turns":3.0},{"damage":15.0,"enemies":"The Guardian","floor":16.0,"turns":14.0},{"damage":35.0,"enemies":"2 Thieves","floor":18.0,"turns":5.0},{"damage":11.0,"enemies":"Spheric Guardian","floor":22.0,"turns":4.0},{"damage":38,"enemies":"Gremlin Leader","floor":25,"turns":4}],"seed_played":"-2300411070778872012","potions_obtained":[{"floor":1.0,"key":"Swift Potion"},{"floor":2.0,"key":"Weak Potion"},{"floor":6.0,"key":"SkillPotion"},{"floor":11.0,"key":"Fire Potion"},{"floor":16.0,"key":"Explosive Potion"},{"floor":22.0,"key":"Fire Potion"}],"is_trial":false,"path_per_floor":["M","M","M","?","M","E","R","M","T","M","M","M","R","E","R","B",null,"M","?","?","?","M","R","?","E"],"character_chosen":"IRONCLAD","items_purchased":[],"campfire_rested":1,"item_purchase_floors":[],"current_hp_per_floor":[70,70,65,65,62,20,44,49,49,39,42,35,35,39,39,30,69,40,40,40,40,35,35,35,0,0],"gold":167,"neow_bonus":"TEN_PERCENT_HP_BONUS","is_daily":false,"chose_seed":false,"campfire_upgraded":3,"win_rate":0.0,"timestamp":1613849395,"path_taken":["M","M","M","?","M","E","R","?","T","M","M","M","R","E","R","BOSS","M","?","?","?","?","R","?","E"],"items_purchased_type":[],"build_version":"2020-12-22","purchased_purges":0,"victory":false,"max_hp_per_floor":[82,82,82,82,82,82,82,82,82,82,82,82,82,82,82,82,82,82,82,82,82,82,82,82,82,82],"relic_stats":{"Torii":13,"counters":[14,75],"Ectoplasm":82,"obtain_stats":[{"Torii":9,"Ectoplasm":17,"Frozen Egg 2":14,"Ancient Tea Set":6,"Burning Blood":0,"WarpedTongs":4},{"Torii":6,"Ectoplasm":11,"Frozen Egg 2":10,"Ancient Tea Set":5,"Burning Blood":0,"WarpedTongs":3},{"Torii":28,"Ectoplasm":62,"Frozen Egg 2":48,"Ancient Tea Set":25,"Burning Blood":0,"WarpedTongs":11}],"Burning Blood":78,"WarpedTongs":[62]},"card_choices":[{"not_picked":["Pommel Strike","Thunderclap"],"picked":"Pummel","floor":1.0},{"not_picked":["Ghostly Armor","Pommel Strike"],"picked":"True Grit","floor":2.0},{"not_picked":["Thunderclap","Body Slam"],"picked":"Iron Wave","floor":3.0},{"not_picked":["Cleave","Evolve"],"picked":"Anger","floor":5.0},{"not_picked":["Feed","Clothesline"],"picked":"Iron Wave","floor":6.0},{"not_picked":["Seeing Red","Rage"],"picked":"Burning Pact","floor":8.0},{"not_picked":["Thunderclap","Evolve"],"picked":"Clothesline","floor":10.0},{"not_picked":["Infernal Blade","Thunderclap"],"picked":"True Grit","floor":11.0},{"not_picked":["Flex","Pommel Strike","Anger"],"picked":"SKIP","floor":12.0},{"not_picked":["Exhume","Wild Strike"],"picked":"Metallicize+1","floor":14.0},{"not_picked":["Exhume","Corruption+1"],"picked":"Berserk+1","floor":16.0},{"not_picked":["Flex","Anger"],"picked":"Heavy Blade+1","floor":18.0},{"not_picked":["Twin Strike","Sword Boomerang"],"picked":"Fiend Fire","floor":22.0}],"player_experience":1072549,"relics_obtained":[{"floor":6.0,"key":"Ancient Tea Set"},{"floor":9.0,"key":"Torii"},{"floor":14.0,"key":"Frozen Egg 2"}],"event_choices":[{"damage_healed":0.0,"max_hp_gain":0.0,"max_hp_loss":0.0,"gold_gain":0.0,"event_name":"Accursed Blacksmith","player_choice":"Rummage","floor":4.0,"gold_loss":0.0,"damage_taken":0.0,"relics_obtained":["WarpedTongs"],"cards_obtained":["Pain"]},{"damage_healed":0.0,"max_hp_gain":0.0,"max_hp_loss":0.0,"gold_gain":0.0,"event_name":"Drug Dealer","player_choice":"Obtain J.A.X.","floor":19.0,"gold_loss":0.0,"damage_taken":0.0,"cards_obtained":["J.A.X."]},{"damage_healed":0.0,"max_hp_gain":0.0,"max_hp_loss":0.0,"gold_gain":0.0,"event_name":"Vampires","player_choice":"Ignored","floor":20.0,"gold_loss":0.0,"damage_taken":0.0},{"cards_removed":["Strike_R"],"damage_healed":0.0,"max_hp_gain":0.0,"max_hp_loss":0.0,"gold_gain":0.0,"event_name":"Beggar","player_choice":"Gave Gold","floor":21.0,"gold_loss":75.0,"damage_taken":0.0},{"damage_healed":0.0,"max_hp_gain":0.0,"max_hp_loss":0.0,"gold_gain":0.0,"event_name":"Forgotten Altar","player_choice":"Smashed Altar","floor":24.0,"gold_loss":0.0,"damage_taken":0.0,"cards_obtained":["Decay"]}],"is_beta":false,"boss_relics":[{"not_picked":["SacredBark","SlaversCollar"],"picked":"Ectoplasm"}],"items_purged_floors":[],"is_endless":false,"potions_floor_spawned":[1,2,6,11,16,22],"killed_by":"Gremlin Leader","ascension_level":19}}