{"host":"pmmuxs046gii331m","time":1613845529,"event":{"mods":["AchievementEnabler","BaseMod","Colored Powertips","Custom Start","Downfall","Gold Saver","Minty Spire (QoL Compilation)","Permanent Neow","Quick Restart","StSLib"],"gold_per_floor":[476,438,388,405,405,405,430,430,430,457,481,481,481,422,422,533,533,548,439,439,439,439,439,474,474,474,474,474,505,505,505,505,602,602,617,642,642,1650,1476,1476,1476,1476,1476,1476,1476,1476,1507,1516,1516,1516,1516,1516,1466,1494,1494],"floor_reached":56,"language":"ENG","playtime":2230,"items_purged":["Juggernaut","Barricade","Normality"],"score":1728,"play_id":"dd38c189-f0cd-4685-b944-92a3d7933dab","local_time":"20210220132529","daily_mods":["Flight"],"is_ascension_mode":false,"campfire_choices":[{"data":"Fire Breathing","floor":6,"key":"SMITH"},{"data":"Fire Breathing","floor":8,"key":"SMITH"},{"data":"True Grit","floor":15,"key":"SMITH"},{"data":"True Grit","floor":23,"key":"SMITH"},{"data":"Feel No Pain","floor":25,"key":"SMITH"},{"data":"Evolve","floor":27,"key":"SMITH"},{"data":"Immolate","floor":32,"key":"SMITH"},{"data":"Immolate","floor":40,"key":"SMITH"},{"floor":42,"key":"RECALL"},{"data":"Flame Barrier","floor":45,"key":"SMITH"},{"data":"Reckless Charge","floor":46,"key":"SMITH"},{"data":"Wild Strike","floor":49,"key":"SMITH"},{"data":"Wild Strike","floor":52,"key":"SMITH"}],"circlet_count":5,"master_deck":["Panacea+1","Fire Breathing+1","Fire Breathing+1","Feel No Pain+1","Evolve+1","Flame Barrier+1","Rage","Shrug It Off","True Grit+1","True Grit+1","Armaments+1","Immolate+1","Immolate+1","Cleave+1","Cleave+1","Wild Strike+1","Reckless Charge+1","Reckless Charge","Reckless Charge","Wild Strike+1","Wild Strike+1","Juggernaut+1","Writhe"],"relics":["Black Blood","Akabeko","Anchor","Ancient Tea Set","Art of War","Bag of Marbles","Bag of Preparation","Bird Faced Urn","Black Blood","Black Star","Blood Vial","Blue Candle","Bottled Tornado","Bottled Lightning","Bottled Flame","Bronze Scales","Busted Crown","Calipers","CaptainsWheel","Centennial Puzzle","CeramicFish","Champion Belt","Charon\u0027s Ashes","ClockworkSouvenir","Darkstone Periapt","Dream Catcher","Du-Vu Doll","Eternal Feather","FossilizedHelix","Frozen Egg 2","Frozen Eye","Ginger","Girya","Gremlin Horn","HandDrill","Happy Flower","HornCleat","HoveringKite","Ice Cream","Incense Burner","Juzu Bracelet","Kunai","Lantern","Lee\u0027s Waffle","Letter Opener","Lizard Tail","Magic Flower","bronze:MakeshiftBattery","Mango","Mark of Pain","Matryoshka","MawBank","MealTicket","Meat on the Bone","Medical Kit","Membership Card","Mercury Hourglass","Molten Egg 2","Mummified Hand","Nunchaku","Oddly Smooth Stone","Old Coin","OrangePellets","Orichalcum","Ornamental Fan","Pantograph","Paper Crane","Paper Frog","Peace Pipe","Pear","Pen Nib","Philosopher\u0027s Stone","Potion Belt","PreservedInsect","hexamod:CandleOfCauterizing","Red Skull","Regal Pillow","Ring of the Snake","sneckomod:ConfusingCodex","hexamod:BolsterEngine","Runic Cube","SacredBark","Self Forming Clay","Shovel","Shuriken","Singing Bowl","hexamod:Sixitude","SlaversCollar","Sling","Smiling Mask","Strawberry","Sundial","TheAbacus","Boot","The Courier","Tingsha","Tiny Chest","Tiny House","Whetstone","Vajra","bronze:DecasWashers","Guardian:PocketSentry","Question Card","Odd Mushroom","Omamori","InkBottle","War Paint","SlaversCollar","Slimebound:StickyStick","StoneCalendar","Torii","TungstenRod","champ:DuelingGlove","Enchiridion","Unceasing Top","Turnip","champ:DeflectingBracers","Thread and Needle","Circlet"],"acts_visited":["Exordium","TheCity","TheBeyond","TheEnding"],"potions_floor_usage":[55,55],"damage_taken":[{"damage":0,"enemies":"Cultist","floor":1,"turns":1},{"damage":0,"enemies":"2 Louse","floor":4,"turns":1},{"damage":0,"enemies":"Lagavulin","floor":7,"turns":1},{"damage":0,"enemies":"Gremlin Nob","floor":10,"turns":1},{"damage":0,"enemies":"The Mushroom Lair","floor":11,"turns":1},{"damage":0,"enemies":"Slime Boss","floor":16,"turns":1},{"damage":0,"enemies":"Spheric Guardian","floor":18,"turns":1},{"damage":0,"enemies":"Slavers","floor":24,"turns":1},{"damage":0,"enemies":"Book of Stabbing","floor":29,"turns":1},{"damage":0,"enemies":"Champ","floor":33,"turns":1},{"damage":0,"enemies":"3 Shapes","floor":35,"turns":1},{"damage":0,"enemies":"Reptomancer","floor":47,"turns":1},{"damage":0,"enemies":"Donu and Deca","floor":50,"turns":2},{"damage":0,"enemies":"Shield and Spear","floor":54,"turns":1},{"damage":0,"enemies":"The Heart","floor":55,"turns":3}],"seed_played":"-5683724199471795892","potions_obtained":[{"floor":0,"key":"SkillPotion"},{"floor":4,"key":"FearPotion"}],"is_trial":true,"path_per_floor":["M","?","$","M","?","R","E","R","T","E","?","T","?","$","R","B",null,"M","$","?","T","$","R","E","R","T","R","?","E","?","?","R","B",null,"M","T","?","?","$","R","?","R","T","T","R","R","E","?","R","B",null,"R","$","E","B",null],"character_chosen":"IRONCLAD","items_purchased":["PowerPotion","Swift Potion","Energy Potion","War Paint","Slimebound:StickyStick","Thread and Needle"],"campfire_rested":0,"item_purchase_floors":[3,3,3,14,19,39],"current_hp_per_floor":[127,127,127,129,129,129,131,131,131,133,135,135,135,135,135,135,135,137,137,137,137,137,137,139,139,139,139,127,141,141,112,124,148,148,150,150,152,158,158,158,158,158,158,158,158,158,160,166,166,166,166,166,166,168,168],"gold":1494,"neow_bonus":"","is_daily":false,"chose_seed":false,"campfire_upgraded":12,"win_rate":0.0,"timestamp":1613845529,"path_taken":["M","?","$","M","?","R","E","R","T","E","?","?","?","?","R","BOSS","M","$","?","?","$","R","E","R","T","R","?","E","?","?","R","BOSS","M","?","?","?","$","R","?","R","T","?","R","R","E","?","R","BOSS","R","$","E","BOSS"],"items_purchased_type":["Potion","Potion","Potion","Relic","Relic","Relic"],"build_version":"2020-12-22","purchased_purges":3,"victory":true,"max_hp_per_floor":[127,127,127,129,129,129,131,131,131,133,135,135,135,135,135,135,135,137,137,137,137,137,137,139,139,139,139,139,141,141,146,146,148,148,150,150,152,158,158,158,158,158,158,158,158,158,160,166,166,166,166,166,166,168,168],"card_choices":[{"not_picked":["Warcry"],"picked":"Singing Bowl","floor":0},{"not_picked":["True Grit"],"picked":"Singing Bowl","floor":1},{"not_picked":["Anger+1"],"picked":"Singing Bowl","floor":4},{"not_picked":["Warcry"],"picked":"Singing Bowl","floor":7},{"not_picked":["Thunderclap+1"],"picked":"Singing Bowl","floor":10},{"not_picked":["Cleave+1","Havoc"],"picked":"Singing Bowl","floor":11},{"not_picked":["Barricade+1"],"picked":"Juggernaut+1","floor":16},{"not_picked":["Dual Wield","Perfected Strike+1"],"picked":"Singing Bowl","floor":18},{"not_picked":["Blood for Blood+1","Iron Wave+1"],"picked":"Singing Bowl","floor":24},{"not_picked":["Pommel Strike+1","Searing Blow+1"],"picked":"Singing Bowl","floor":29},{"not_picked":["Exhume","Offering"],"picked":"Singing Bowl","floor":33},{"not_picked":["Dual Wield","Wild Strike+1"],"picked":"Singing Bowl","floor":35},{"not_picked":["Mayhem+1","Finesse"],"picked":"Singing Bowl","floor":37},{"not_picked":["Corruption+1","Rage"],"picked":"Singing Bowl","floor":47},{"not_picked":["Iron Wave+1","Shrug It Off"],"picked":"Singing Bowl","floor":54}],"player_experience":576289,"relics_obtained":[{"floor":7,"key":"Whetstone"},{"floor":7,"key":"Vajra"},{"floor":9,"key":"bronze:DecasWashers"},{"floor":10,"key":"Guardian:PocketSentry"},{"floor":10,"key":"Question Card"},{"floor":11,"key":"Odd Mushroom"},{"floor":12,"key":"Omamori"},{"floor":12,"key":"InkBottle"},{"floor":21,"key":"StoneCalendar"},{"floor":24,"key":"Torii"},{"floor":24,"key":"TungstenRod"},{"floor":26,"key":"champ:DuelingGlove"},{"floor":28,"key":"Enchiridion"},{"floor":29,"key":"Unceasing Top"},{"floor":29,"key":"Turnip"},{"floor":36,"key":"champ:DeflectingBracers"},{"floor":44,"key":"Circlet"},{"floor":47,"key":"Circlet"},{"floor":47,"key":"Circlet"},{"floor":54,"key":"Circlet"},{"floor":54,"key":"Circlet"}],"event_choices":[{"cards_removed":["Armaments"],"damage_healed":0,"gold_gain":0,"player_choice":"Card Removal","damage_taken":0,"max_hp_gain":0,"max_hp_loss":0,"event_name":"The Cleric","floor":2,"gold_loss":50},{"damage_healed":0,"gold_gain":0,"player_choice":"Ignored","damage_taken":0,"max_hp_gain":0,"max_hp_loss":0,"event_name":"NoteForYourself","floor":5,"gold_loss":0},{"damage_healed":0,"gold_gain":0,"player_choice":"Fought Mushrooms","damage_taken":0,"max_hp_gain":0,"max_hp_loss":0,"event_name":"Mushrooms","floor":11,"gold_loss":0},{"damage_healed":0,"gold_gain":0,"player_choice":"Ignored","damage_taken":0,"max_hp_gain":0,"max_hp_loss":0,"event_name":"Transmorgrifier","floor":13,"gold_loss":0},{"damage_healed":45,"gold_gain":0,"player_choice":"Heal","damage_taken":0,"max_hp_gain":0,"max_hp_loss":0,"event_name":"The Library","floor":20,"gold_loss":0},{"damage_healed":0,"gold_gain":0,"player_choice":"Obtained Book","damage_taken":16,"max_hp_gain":0,"max_hp_loss":0,"event_name":"Cursed Tome","floor":28,"gold_loss":0},{"damage_healed":0,"gold_gain":0,"player_choice":"Cursed","damage_taken":0,"max_hp_gain":0,"max_hp_loss":0,"event_name":"Wheel of Change","floor":30,"gold_loss":0,"cards_obtained":["Decay"]},{"damage_healed":0,"gold_gain":0,"player_choice":"Shed Blood","damage_taken":35,"max_hp_gain":5,"max_hp_loss":0,"event_name":"Forgotten Altar","floor":31,"gold_loss":0},{"damage_healed":0,"gold_gain":0,"player_choice":"Memory 1","damage_taken":0,"max_hp_gain":0,"max_hp_loss":0,"event_name":"SensoryStone","floor":37,"gold_loss":0},{"damage_healed":0,"gold_gain":999,"player_choice":"Gold","damage_taken":0,"max_hp_gain":0,"max_hp_loss":0,"event_name":"MindBloom","floor":38,"gold_loss":0,"cards_obtained":["Normality","Normality"]},{"damage_healed":0,"gold_gain":0,"player_choice":"Ignored","damage_taken":0,"max_hp_gain":0,"max_hp_loss":0,"event_name":"Tomb of Lord Red Mask","floor":41,"gold_loss":0},{"damage_healed":40,"gold_gain":0,"player_choice":"Writhe","damage_taken":0,"max_hp_gain":0,"max_hp_loss":0,"event_name":"Winding Halls","floor":48,"gold_loss":0,"cards_obtained":["Writhe"]}],"is_beta":false,"boss_relics":[{"not_picked":["Cursed Key","Fusion Hammer"],"picked":"SlaversCollar"},{"not_picked":["Snecko Eye","sneckomod:SneckoTalon"],"picked":"Black Blood"}],"items_purged_floors":[19,39,53],"is_endless":false,"potions_floor_spawned":[4,10,11,18,24,29,35],"ascension_level":0}}