{"host":"1dhlu4qzehvrzpot","time":1613861372,"event":{"mods":["2.2 Compatiblity","AchievementEnabler","BaseMod","Block Reminder","Minty Spire (QoL Compilation)","Permanent Neow","Quick Restart","Rare Cards Sparkle","Relic Stats","Say the Spire","Slay-I","StSLib","SuperFastMode"],"gold_per_floor":[110,60,60,135,153,184,241,261,285,285,285,285],"floor_reached":11,"language":"ENG","playtime":169,"items_purged":[],"score":114,"play_id":"04c8fd9e-ff60-4aa9-adc2-4b938dbe6e16","local_time":"20210220234932","is_ascension_mode":true,"campfire_choices":[],"circlet_count":0,"master_deck":["AscendersBane","Strike_B","Strike_B","Strike_B","Strike_B+1","Defend_B","Defend_B","Defend_B","Zap","Dualcast+1","Hyperbeam","Glacier","Double Energy"],"relics":["Cracked Core","Anchor","Kunai","Art of War"],"acts_visited":["Exordium"],"potions_floor_usage":[11,11,11,11],"damage_taken":[{"damage":1,"enemies":"Cultist","floor":1,"turns":3},{"damage":2,"enemies":"Jaw Worm","floor":5,"turns":3},{"damage":20,"enemies":"Lagavulin","floor":6,"turns":8},{"damage":26,"enemies":"3 Sentries","floor":7,"turns":5},{"damage":0,"enemies":"Small Slimes","floor":8,"turns":2},{"damage":14,"enemies":"Gremlin Nob","floor":11,"turns":2}],"seed_played":"-8278537651659206641","potions_obtained":[{"floor":8,"key":"SteroidPotion"},{"floor":10,"key":"EntropicBrew"},{"floor":10,"key":"SkillPotion"}],"is_trial":false,"path_per_floor":["M","?","?","?","M","E","?","M","T","?","E"],"character_chosen":"DEFECT","items_purchased":[],"campfire_rested":0,"item_purchase_floors":[],"current_hp_per_floor":[67,67,52,52,50,30,4,4,4,4,0,0],"gold":285,"neow_bonus":"ONE_RANDOM_RARE_CARD","is_daily":false,"chose_seed":false,"campfire_upgraded":0,"win_rate":0.0,"timestamp":1613861372,"path_taken":["M","?","?","?","M","E","?","?","T","?","E"],"items_purchased_type":[],"build_version":"2020-12-22","purchased_purges":0,"victory":false,"max_hp_per_floor":[75,75,75,75,75,75,75,75,75,75,75,75],"relic_stats":{"counters":[6,23],"Art of War":[1],"Kunai":[1],"obtain_stats":[{"Anchor":6,"Art of War":9,"Kunai":7,"Cracked Core":0},{"Anchor":3,"Art of War":5,"Kunai":4,"Cracked Core":0},{"Anchor":14,"Art of War":21,"Kunai":19,"Cracked Core":0}]},"card_choices":[{"not_picked":["Beam Cell","Barrage"],"picked":"Glacier","floor":1},{"not_picked":["Go for the Eyes","Hello World","Rip and Tear"],"picked":"SKIP","floor":5},{"not_picked":["Sweeping Beam","Force Field","Barrage"],"picked":"SKIP","floor":6},{"not_picked":["Redo","Electrodynamics"],"picked":"Double Energy","floor":7},{"not_picked":["Lockon","Auto Shields","Compile Driver"],"picked":"SKIP","floor":8}],"player_experience":558832,"relics_obtained":[{"floor":6,"key":"Anchor"},{"floor":7,"key":"Kunai"},{"floor":9,"key":"Art of War"}],"event_choices":[{"cards_removed":["Defend_B"],"damage_healed":0,"gold_gain":0,"player_choice":"Card Removal","damage_taken":0,"max_hp_gain":0,"max_hp_loss":0,"event_name":"The Cleric","floor":2,"gold_loss":50},{"damage_healed":0,"gold_gain":0,"player_choice":"Entered Light","damage_taken":15,"max_hp_gain":0,"max_hp_loss":0,"event_name":"Shining Light","floor":3,"gold_loss":0,"cards_upgraded":["Dualcast","Strike_B"]},{"damage_healed":0,"gold_gain":75,"player_choice":"Gained Gold","damage_taken":0,"max_hp_gain":0,"max_hp_loss":0,"event_name":"Golden Wing","floor":4,"gold_loss":0},{"damage_healed":0,"gold_gain":30,"player_choice":"Searched \u00273\u0027 times","damage_taken":0,"max_hp_gain":0,"max_hp_loss":0,"event_name":"Dead Adventurer","floor":7,"gold_loss":0},{"damage_healed":0,"gold_gain":0,"player_choice":"Got Potions","damage_taken":0,"max_hp_gain":0,"max_hp_loss":0,"event_name":"Lab","floor":10,"gold_loss":0}],"is_beta":false,"boss_relics":[],"items_purged_floors":[],"is_endless":false,"potions_floor_spawned":[8],"killed_by":"Gremlin Nob","ascension_level":12}}