{"host":"rguvlafm46vqn9ib","time":1613804498,"event":{"mods":["2.2 Compatiblity","AchievementEnabler","Act Like it!","Arknights","Aspiration","BaseMod","Beaked The Cultist","Better Match","Better Note","Better Third Choice","BetterRewards","Colored Map","Downfall","Elementarium","GifTheSpireLib","Hermit","Highlight Path","Hubris","JesterMod","Mad Scientist","Minty Spire (QoL Compilation)","RRrroohrrRGHHhhh!!","Reliquary","Reorder Act Four","Replay The Spire","Retaliation","SCP261 Mod","Small Relic Pack","Spikes Relics","StSLib","Stuff the Spire","The Blackbeard","The Bug Knight","The Construct","The Death Knight","The Disciple","The Forsaken","The Judge","The Marked","The Mystic","The Necromancer","The Problem Sleuth","The Runesmith","TheSwordswoman"],"gold_per_floor":[112,15,35,48,48,48,83,83,106,123,123,198,233,45,45,143,143,156,174,13,13,13,40,59,25,25,52,52,52],"floor_reached":28,"language":"ENG","playtime":1594,"items_purged":[],"score":339,"play_id":"174cd3ac-e845-477e-9666-4e94b60d596d","local_time":"20210220070138","is_ascension_mode":true,"campfire_choices":[{"data":"Summon_Lich","floor":6,"key":"SMITH"},{"data":"Summon_Undead","floor":8,"key":"SMITH"},{"data":"Toxic_Smoke_Screen","floor":11,"key":"SMITH"},{"data":"Summon_Undead_Army","floor":15,"key":"SMITH"}],"circlet_count":0,"master_deck":["Strike_W","Strike_W","Strike_W","Strike_W","Defend_W","Defend_W","Defend_W","Defend_W+1","Negative_Energy_Arrows","Bone_Wall","Life_Tap","Bone_Spikes","Summon_Lich+1","Finger_Of_Death","Bone_Spikes","Spectral_Armor+1","Summon_Undead+1","Toxic_Smoke_Screen+1","Summon_Undead_Army+1","Shade_Step","Summon_Vampire_Lady","Slay_Living+1","Blood_Whip","Plague_Bolt","Bone_Armory","Consume_Illness","Violent_Necrosis","Toxic_Smoke_Screen+1","Necrotic_Claws","Negative_Energy_Shield+1"],"relics":["Vampire_Amulet","Ornamental Fan","Omamori","CrustySpines","War Paint","reliquary:PartyBalloon","ZombieTooth","reliquary:PurpleTingedLeaf"],"acts_visited":["Exordium","Exordium"],"potions_floor_usage":[7,7,7,13,13,23,28],"damage_taken":[{"damage":2,"enemies":"Cultist","floor":1,"turns":4},{"damage":0,"enemies":"Small Slimes","floor":3,"turns":3},{"damage":6,"enemies":"2 Louse","floor":4,"turns":3},{"damage":23,"enemies":"Gremlin Nob","floor":7,"turns":4},{"damage":11,"enemies":"Exordium Wildlife","floor":10,"turns":4},{"damage":5,"enemies":"3 Sentries","floor":13,"turns":4},{"damage":44,"enemies":"The Guardian","floor":16,"turns":10},{"damage":12,"enemies":"Elementarium:Cyclone","floor":18,"turns":6},{"damage":30,"enemies":"Elementarium:2_ELEMENTALS","floor":19,"turns":5},{"damage":53,"enemies":"Elementarium:ElementalPortal","floor":23,"turns":8},{"damage":22,"enemies":"Elementarium:STONE_GOLEMS","floor":24,"turns":4},{"damage":31,"enemies":"Elementarium:WarGolem","floor":27,"turns":5},{"damage":22,"enemies":"Elementarium:RubyGolem","floor":28,"turns":3}],"seed_played":"4141621433280580048","potions_obtained":[{"floor":3,"key":"Venom Potion"},{"floor":5,"key":"Energy Potion"},{"floor":5,"key":"DistilledChaos"},{"floor":5,"key":"EntropicBrew"},{"floor":7,"key":"SCP261:PenguinPunchPotion"},{"floor":10,"key":"Dexterity Potion"},{"floor":18,"key":"Weak Potion"},{"floor":24,"key":"LiquidBronze"}],"is_trial":false,"path_per_floor":["M","$","M","M","?","R","E","R","T","M","R","?","E","$","R","B",null,"M","M","$","?","$","E","M","$","T","E","M"],"character_chosen":"NECROMANCER","items_purchased":["Life_Tap","Summon_Lich","Finger_Of_Death","War Paint","Shade_Step","Plague_Bolt","Bone_Armory","Consume_Illness","Necrotic_Claws"],"campfire_rested":0,"item_purchase_floors":[0,2,2,14,14,20,20,20,25],"current_hp_per_floor":[75,75,75,71,71,71,56,56,56,61,61,50,51,51,51,9,75,65,57,57,65,65,45,39,39,39,22,0,0],"gold":52,"neow_bonus":"","is_daily":false,"chose_seed":false,"campfire_upgraded":4,"win_rate":0.0,"timestamp":1613804498,"path_taken":["M","$","M","?","?","R","E","R","T","?","R","?","E","?","R","BOSS","M","M","$","?","?","E","M","$","T","E","M"],"items_purchased_type":["Card","Card","Card","Relic","Card","Card","Card","Card","Card"],"build_version":"2020-12-22","purchased_purges":0,"victory":false,"max_hp_per_floor":[75,75,75,75,75,75,75,75,75,75,75,75,75,75,75,75,75,75,75,75,75,75,75,75,75,75,75,75,75],"card_choices":[{"not_picked":["Negative_Energy_Javelin","Blood_Whip"],"picked":"Bone_Spikes","floor":1},{"not_picked":["Blood_Whip","Negative_Energy_Javelin"],"picked":"Bone_Spikes","floor":3},{"not_picked":["Blood_Is_Power","Negative_Energy_Mist"],"picked":"Spectral_Armor","floor":4},{"not_picked":["Thousand_Bone_Knives","Bone_Armor"],"picked":"Summon_Undead","floor":7},{"not_picked":["Bone_Spikes","Necromantic_Selection"],"picked":"Toxic_Smoke_Screen","floor":10},{"not_picked":["Blood_Curse","Scare"],"picked":"Summon_Undead_Army","floor":13},{"not_picked":["Blood_Magic","Skeleton_Dragon"],"picked":"Summon_Vampire_Lady","floor":16},{"not_picked":["Shackles_Of_Pain","Consume_Illness"],"picked":"Slay_Living+1","floor":18},{"not_picked":["Bone_Shift","Thousand_Bone_Knives"],"picked":"Blood_Whip","floor":19},{"not_picked":["Blood_Magic","Death_Coil"],"picked":"Violent_Necrosis","floor":23},{"not_picked":["Thousand_Bone_Knives","Chill_Blood"],"picked":"Toxic_Smoke_Screen+1","floor":24},{"not_picked":["Finger_Of_Death","Vampiric_Strike"],"picked":"Negative_Energy_Shield+1","floor":27}],"player_experience":1011485,"relics_obtained":[{"floor":7,"key":"Ornamental Fan"},{"floor":9,"key":"Omamori"},{"floor":13,"key":"CrustySpines"},{"floor":23,"key":"reliquary:PartyBalloon"},{"floor":26,"key":"ZombieTooth"},{"floor":27,"key":"reliquary:PurpleTingedLeaf"}],"event_choices":[{"damage_healed":0,"gold_gain":0,"player_choice":"Got Potions","damage_taken":0,"max_hp_gain":0,"max_hp_loss":0,"event_name":"Lab","floor":5,"gold_loss":0},{"damage_healed":0,"gold_gain":75,"player_choice":"Gold","damage_taken":11,"max_hp_gain":0,"max_hp_loss":0,"event_name":"betterThird:BetterGoop","floor":12,"gold_loss":0}],"is_beta":false,"boss_relics":[{"not_picked":["Replay:Drink Me","jesterMod:MachoBrace","aspiration:FutureDiary"]}],"items_purged_floors":[],"is_endless":false,"potions_floor_spawned":[3,7,10,18,24],"killed_by":"Elementarium:RubyGolem","ascension_level":4}}