{"host":"zzioommp09tnipoy","time":1613792392,"event":{"mods":["Act Like it!","BaseMod","Conjunction","Downfall","Friendly Minions","GifTheSpireLib","Hermit","Infinite Spire","Minty Spire (QoL Compilation)","StSLib","Td1madao Mod","The Animator","The Cursed","The Necromancer"],"gold_per_floor":[99,131,306,320,320,470,470,480,480,500,532,548,548,562,573,573,573],"floor_reached":16,"language":"ENG","playtime":1165,"items_purged":[],"score":104,"play_id":"b4491381-0337-4f46-a900-ed63dccd81d4","local_time":"20210219213952","is_ascension_mode":false,"campfire_choices":[{"data":"animator:Shinoa","floor":1,"key":"SMITH"},{"floor":13,"key":"REST"}],"circlet_count":0,"master_deck":["animator:Defend_OwariNoSeraph","animator:Strike+1","animator:Strike","animator:Defend","animator:Defend","animator:Shinoa+1","animator:Mikaela+1","animator:YaoHaDucy","animator:Demiurge","animator:PandorasActor","animator:PandorasActor","animator:Demiurge","infinitespire:Execution","infinitespire:UltimateForm","downfall:Icky","animator:PinaCoLada","animator:Cocytus","animator:Entoma","animator:GuildGirl","animator:NarberalGamma","animator:Cocytus"],"relics":["animator:LivingPicture","animator:TheMissingPiece","Whetstone","animator:RacePiece","Pantograph","infinitespire:PuzzleCube"],"acts_visited":[],"potions_floor_usage":[11,11,12,16],"damage_taken":[{"damage":0,"enemies":"Small Slimes","floor":2,"turns":3},{"damage":0,"enemies":"2 Louse","floor":4,"turns":4},{"damage":1,"enemies":"Cultist","floor":8,"turns":4},{"damage":4,"enemies":"Exordium Wildlife","floor":10,"turns":6},{"damage":46,"enemies":"Nightmare","floor":11,"turns":8},{"damage":7,"enemies":"3 Louse","floor":12,"turns":5},{"damage":10,"enemies":"2 Fungi Beasts","floor":14,"turns":5},{"damage":0,"enemies":"downfall:LooterAlt","floor":15,"turns":3},{"damage":45,"enemies":"DF_ARCHETYPE_STREAMLINE","floor":16,"turns":9}],"seed_played":"8295045226803584239","potions_obtained":[{"floor":2,"key":"PowerPotion"},{"floor":4,"key":"hexamod:SoulburnPotion"},{"floor":11,"key":"Dexterity Potion"},{"floor":15,"key":"SpeedPotion"}],"is_trial":false,"path_per_floor":["R","M","?","M","AVR","?","T","M","?","M","NM","M","R","M","M","B"],"character_chosen":"THE_ANIMATOR","items_purchased":[],"campfire_rested":1,"item_purchase_floors":[],"current_hp_per_floor":[66,66,66,66,66,66,66,66,66,62,16,9,29,19,19,0,0],"gold":573,"neow_bonus":"RANDOM_COMMON_RELIC","is_daily":false,"chose_seed":false,"campfire_upgraded":1,"win_rate":0.0,"timestamp":1613792392,"path_taken":["R","M","?","M","AVR","?","T","M","?","M","NM","M","R","M","M","BOSS"],"items_purchased_type":[],"build_version":"2020-12-22","purchased_purges":0,"victory":false,"max_hp_per_floor":[66,66,66,66,66,66,66,67,67,67,67,67,67,67,67,67,67],"card_choices":[{"not_picked":["animator:CowGirl","animator:Ciel"],"picked":"animator:YaoHaDucy","floor":2},{"not_picked":["animator:HiiragiShinya","animator:DolaCouronne"],"picked":"animator:Demiurge","floor":4},{"not_picked":["animator:Jibril","animator:LeleiLaLalena"],"picked":"animator:PinaCoLada","floor":8},{"not_picked":["animator:Shalltear","animator:PandorasActor"],"picked":"animator:Cocytus","floor":10},{"not_picked":["animator:Witch","animator:LeleiLaLalena"],"picked":"animator:Entoma","floor":11},{"not_picked":["animator:Ciel","animator:Aisha"],"picked":"animator:GuildGirl","floor":12},{"not_picked":["animator:SilverFang","animator:Spearman"],"picked":"animator:NarberalGamma","floor":14},{"not_picked":["animator:Demiurge","animator:Entoma"],"picked":"animator:Cocytus","floor":15}],"player_experience":164746,"relics_obtained":[{"floor":7,"key":"Pantograph"},{"floor":11,"key":"infinitespire:PuzzleCube"}],"event_choices":[],"is_beta":false,"boss_relics":[],"items_purged_floors":[],"is_endless":true,"potions_floor_spawned":[2,4,11,15],"killed_by":"DF_ARCHETYPE_STREAMLINE","ascension_level":0}}