{"host":"hmb95rboouqzgqy7","time":1613835152,"event":{"mods":["BaseMod","Colored Map","Colored Powertips","Highlight Path","Minty Spire (QoL Compilation)","Permanent Neow","Quick Restart","Relic Stats","StSLib"],"gold_per_floor":[209,226,238,252,327,327,252,252,252,278,303,234,234,253,253,350,350,362,379,399,399,299,299,326,326,380,380,410,410,285,320,320,420,420,440,350,363,59,59,59,93,93,119,135,152,168,168,197,197,197,197,197,110,135,135],"floor_reached":56,"language":"ENG","playtime":4309,"items_purged":["Strike_G","Strike_G","Strike_G","Strike_G","Defend_G","Defend_G"],"score":1662,"play_id":"39786a2a-473d-4f22-8f66-32191287859d","local_time":"20210220093232","is_ascension_mode":true,"campfire_choices":[{"data":"Cloak And Dagger","floor":6.0,"key":"SMITH"},{"data":"Accuracy","floor":8.0,"key":"SMITH"},{"data":"Envenom","floor":13.0,"key":"SMITH"},{"data":"Cloak And Dagger","floor":15.0,"key":"SMITH"},{"data":"Wraith Form v2","floor":23.0,"key":"SMITH"},{"data":"Blade Dance","floor":25.0,"key":"SMITH"},{"data":"Blade Dance","floor":27.0,"key":"SMITH"},{"data":"Blade Dance","floor":29.0,"key":"SMITH"},{"data":"Neutralize","floor":32.0,"key":"SMITH"},{"data":"Adrenaline","floor":40,"key":"SMITH"},{"data":"Well Laid Plans","floor":42,"key":"SMITH"},{"floor":47,"key":"RECALL"},{"data":"Expertise","floor":49,"key":"SMITH"},{"data":"Infinite Blades","floor":52,"key":"SMITH"}],"circlet_count":0,"master_deck":["Defend_G","Defend_G","Defend_G","Survivor","Neutralize+1","Blade Dance+1","Cloak And Dagger+1","Accuracy+1","Blade Dance+1","Cloak And Dagger+1","Infinite Blades+1","Envenom+1","Blade Dance+1","Wraith Form v2+1","Wraith Form v2+1","Expertise+1","Adrenaline+1","Well Laid Plans+1","Accuracy"],"relics":["Ring of the Snake","WingedGreaves","Vajra","Ninja Scroll","Sundial","Snake Skull","Du-Vu Doll","Coffee Dripper","White Beast Statue","Nunchaku","Bronze Scales","Smiling Mask","Busted Crown","Singing Bowl","TungstenRod","Bag of Marbles","Bottled Lightning"],"acts_visited":["Exordium","TheCity","TheBeyond","TheEnding"],"potions_floor_usage":[44,45,46,48,50,55,55,55],"damage_taken":[{"damage":0.0,"enemies":"2 Louse","floor":1.0,"turns":3.0},{"damage":1.0,"enemies":"Cultist","floor":2.0,"turns":3.0},{"damage":1.0,"enemies":"Small Slimes","floor":3.0,"turns":3.0},{"damage":2.0,"enemies":"3 Louse","floor":4.0,"turns":4.0},{"damage":35.0,"enemies":"Gremlin Nob","floor":10.0,"turns":4.0},{"damage":0.0,"enemies":"Lagavulin","floor":11.0,"turns":2.0},{"damage":0.0,"enemies":"Gremlin Nob","floor":12.0,"turns":1.0},{"damage":0.0,"enemies":"2 Fungi Beasts","floor":14.0,"turns":1.0},{"damage":22.0,"enemies":"The Guardian","floor":16.0,"turns":6.0},{"damage":2.0,"enemies":"Chosen","floor":18.0,"turns":3.0},{"damage":8.0,"enemies":"Shell Parasite","floor":19.0,"turns":2.0},{"damage":3.0,"enemies":"3 Cultists","floor":20.0,"turns":3.0},{"damage":3.0,"enemies":"Slavers","floor":24.0,"turns":3.0},{"damage":0.0,"enemies":"Book of Stabbing","floor":28.0,"turns":4.0},{"damage":3.0,"enemies":"Gremlin Leader","floor":31.0,"turns":4.0},{"damage":44.0,"enemies":"Collector","floor":33.0,"turns":6.0},{"damage":0.0,"enemies":"3 Shapes","floor":35.0,"turns":2.0},{"damage":0.0,"enemies":"3 Darklings","floor":37.0,"turns":1.0},{"damage":3,"enemies":"Nemesis","floor":41,"turns":3},{"damage":0,"enemies":"Spire Growth","floor":44,"turns":2},{"damage":0,"enemies":"Jaw Worm Horde","floor":45,"turns":2},{"damage":0,"enemies":"4 Shapes","floor":46,"turns":1},{"damage":0,"enemies":"Reptomancer","floor":48,"turns":3},{"damage":0,"enemies":"Time Eater","floor":50,"turns":7},{"damage":0,"enemies":"Shield and Spear","floor":54,"turns":3},{"damage":0,"enemies":"The Heart","floor":55,"turns":4}],"seed_played":"-6397478391244990643","potions_obtained":[{"floor":2.0,"key":"Dexterity Potion"},{"floor":10.0,"key":"Swift Potion"},{"floor":11.0,"key":"PowerPotion"},{"floor":19.0,"key":"SkillPotion"},{"floor":24.0,"key":"SneckoOil"},{"floor":28.0,"key":"Fire Potion"},{"floor":31.0,"key":"Swift Potion"},{"floor":33.0,"key":"Explosive Potion"},{"floor":37.0,"key":"Fruit Juice"},{"floor":41,"key":"Strength Potion"},{"floor":44,"key":"Strength Potion"},{"floor":45,"key":"FearPotion"},{"floor":46,"key":"Dexterity Potion"},{"floor":48,"key":"Explosive Potion"},{"floor":54,"key":"Swift Potion"}],"is_trial":false,"path_per_floor":["M","M","M","M","?","R","$","R","T","E","E","E","R","M","R","B",null,"M","M","M","?","$","R","E","R","T","R","E","R","$","E","R","B",null,"M","$","M","$","?","R","E","R","T","M","M","M","R","E","R","B",null,"R","$","E","B",null],"character_chosen":"THE_SILENT","items_purchased":["Well Laid Plans","Singing Bowl","Accuracy"],"campfire_rested":0,"item_purchase_floors":[36,38,53],"current_hp_per_floor":[70,69,68,66,59,59,59,59,59,24,24,24,24,24,24,2,70,68,60,57,57,57,57,54,54,54,54,54,54,54,51,51,7,70,70,70,75,75,71,71,70,70,70,70,72,74,74,76,76,76,89,89,89,91,91],"gold":135,"neow_bonus":"HUNDRED_GOLD","is_daily":false,"chose_seed":false,"campfire_upgraded":13,"win_rate":0.0,"timestamp":1613835152,"path_taken":["M","M","M","M","?","R","$","R","T","E","E","E","R","M","R","BOSS","M","M","M","?","$","R","E","R","T","R","E","R","$","E","R","BOSS","M","$","M","$","?","R","E","R","T","M","M","M","R","E","R","BOSS","R","$","E","BOSS"],"items_purchased_type":["Card","Relic","Card"],"build_version":"2020-12-22","purchased_purges":6,"victory":true,"max_hp_per_floor":[70,70,70,70,70,70,70,70,70,70,70,70,70,70,70,70,70,70,70,70,70,70,70,70,70,70,70,70,70,70,70,70,70,70,70,70,75,75,81,81,83,83,83,83,85,87,87,89,89,89,89,89,89,91,91],"relic_stats":{"Nunchaku":[30],"Busted Crown":22,"Singing Bowl":16,"counters":[26,80],"Sundial":[8],"Bronze Scales":[150],"Snake Skull":[257],"Smiling Mask":375,"obtain_stats":[{"Singing Bowl":38,"Vajra":1,"Snake Skull":0,"Smiling Mask":31,"White Beast Statue":24,"Du-Vu Doll":12,"Nunchaku":26,"Busted Crown":34,"Ninja Scroll":9,"Sundial":10,"Bronze Scales":28,"WingedGreaves":0,"Coffee Dripper":17,"Bag of Marbles":48,"Bottled Lightning":54,"TungstenRod":41,"Ring of the Snake":0},{"Singing Bowl":18,"Vajra":1,"Snake Skull":0,"Smiling Mask":15,"White Beast Statue":13,"Du-Vu Doll":7,"Nunchaku":13,"Busted Crown":16,"Ninja Scroll":4,"Sundial":5,"Bronze Scales":14,"WingedGreaves":0,"Coffee Dripper":9,"Bag of Marbles":23,"Bottled Lightning":25,"TungstenRod":19,"Ring of the Snake":0},{"Singing Bowl":55,"Vajra":3,"Snake Skull":0,"Smiling Mask":46,"White Beast Statue":38,"Du-Vu Doll":20,"Nunchaku":38,"Busted Crown":52,"Ninja Scroll":13,"Sundial":17,"Bronze Scales":42,"WingedGreaves":0,"Coffee Dripper":27,"Bag of Marbles":66,"Bottled Lightning":76,"TungstenRod":58,"Ring of the Snake":0}],"TungstenRod":62,"Ring of the Snake":[52]},"card_choices":[{"not_picked":["Deflect","Dodge and Roll","Quick Slash"],"picked":"SKIP","floor":1.0},{"not_picked":["Footwork","Bouncing Flask","Quick Slash"],"picked":"SKIP","floor":2.0},{"not_picked":["Finisher","Sucker Punch"],"picked":"Accuracy","floor":3.0},{"not_picked":["Flechettes","Phantasmal Killer","Deadly Poison"],"picked":"SKIP","floor":4.0},{"not_picked":["Deadly Poison","Heel Hook"],"picked":"Cloak And Dagger","floor":10.0},{"not_picked":["Dagger Spray","Heel Hook"],"picked":"Infinite Blades","floor":11.0},{"not_picked":["Burst","Tools of the Trade","Bane"],"picked":"SKIP","floor":12.0},{"not_picked":["Burst","Tools of the Trade","Bane"],"picked":"SKIP","floor":12.0},{"not_picked":["PiercingWail","Poisoned Stab"],"picked":"Blade Dance","floor":14.0},{"not_picked":["Flying Knee","Dodge and Roll","Blade Dance"],"picked":"SKIP","floor":18.0},{"not_picked":["Heel Hook+1","Dodge and Roll+1","Backstab+1"],"picked":"SKIP","floor":19.0},{"not_picked":["Quick Slash","Flying Knee","Sucker Punch+1"],"picked":"SKIP","floor":20.0},{"not_picked":["Prepared","Dodge and Roll","Escape Plan+1"],"picked":"SKIP","floor":24.0},{"not_picked":["Slice+1","Sucker Punch"],"picked":"Expertise","floor":28.0},{"not_picked":["Flying Knee","A Thousand Cuts","Blade Dance"],"picked":"SKIP","floor":31.0},{"not_picked":["Night Terror","Bullet Time"],"picked":"Adrenaline","floor":33.0},{"not_picked":["Infinite Blades"],"picked":"SKIP","floor":35.0},{"not_picked":["PiercingWail+1"],"picked":"SKIP","floor":37.0},{"not_picked":["Trip"],"picked":"Singing Bowl","floor":39},{"not_picked":["The Bomb"],"picked":"Singing Bowl","floor":39},{"not_picked":["Impatience"],"picked":"Singing Bowl","floor":39},{"not_picked":["Predator"],"picked":"Singing Bowl","floor":41},{"not_picked":["Flying Knee"],"picked":"SKIP","floor":44},{"not_picked":["Noxious Fumes"],"picked":"Singing Bowl","floor":45},{"not_picked":["Dagger Throw+1"],"picked":"Singing Bowl","floor":46},{"not_picked":["Backflip+1"],"picked":"Singing Bowl","floor":48},{"not_picked":["Flechettes"],"picked":"Singing Bowl","floor":54}],"player_experience":118152,"relics_obtained":[{"floor":9.0,"key":"Ninja Scroll"},{"floor":10.0,"key":"Sundial"},{"floor":11.0,"key":"Snake Skull"},{"floor":12.0,"key":"Du-Vu Doll"},{"floor":24.0,"key":"White Beast Statue"},{"floor":26.0,"key":"Nunchaku"},{"floor":28.0,"key":"Bronze Scales"},{"floor":31.0,"key":"Smiling Mask"},{"floor":41,"key":"TungstenRod"},{"floor":54,"key":"Bottled Lightning"}],"event_choices":[{"damage_healed":0.0,"max_hp_gain":0.0,"max_hp_loss":0.0,"gold_gain":75.0,"event_name":"FaceTrader","player_choice":"Touch","floor":5.0,"gold_loss":0.0,"damage_taken":7.0},{"damage_healed":0.0,"max_hp_gain":0.0,"max_hp_loss":0.0,"gold_gain":0.0,"event_name":"Duplicator","player_choice":"Copied","floor":21.0,"gold_loss":0.0,"damage_taken":0.0,"cards_obtained":["Wraith Form v2"]},{"damage_healed":0,"gold_gain":0,"player_choice":"Memory 3","damage_taken":10,"max_hp_gain":0,"max_hp_loss":0,"event_name":"SensoryStone","floor":39,"gold_loss":0}],"is_beta":false,"boss_relics":[{"not_picked":["Ectoplasm","Velvet Choker","Fusion Hammer"]},{"not_picked":["Coffee Dripper","Runic Pyramid","Sozu"]}],"items_purged_floors":[7,22,30,36,38,53],"is_endless":false,"potions_floor_spawned":[2,10,11,19,24,28,31,33,35,37,41,44,45,46,48,54],"ascension_level":3}}