{"host":"684z1xpuwaoqmmh1","time":1613819305,"event":{"mods":["BaseMod","CatGirl Mod","Downfall","Hermit","Jorbs\u0027s Wanderer Trilogy","Marisa????????","Minty Spire (QoL Compilation)","Robot Space Explorer","Shade Mod","Shapeshifter Mod","StSLib","The Bug Knight","The Clintock","The Dragon Tamer","The Elementalist","The Hayseed","The Hierophant","The Judge","The Marked","The Mystic","The Poker Player","The Runesmith","The Sage","The Saiyan","The Showman","The Spell Scribe","The Valiant","The Vixen","TheBandit","TheFirefly","TheVacant"],"gold_per_floor":[118,118,134,149,224,259,259,274,322,322,391,407,430,469,469,590,590,611,611,631,652,676,709,722,722,722,735,735,755,799,709,709,832,832,852,866,487,553,576,576,595,611,682,723,137,150,170,214,214,214,214,214,60,91,91],"floor_reached":56,"language":"ENG","playtime":3451,"items_purged":["theCatGirl:Strike","theCatGirl:Strike"],"score":1315,"play_id":"15f210d4-03fb-4b7d-99f5-b63958215946","local_time":"20210220130825","is_ascension_mode":false,"campfire_choices":[{"floor":7.0,"key":"REST"},{"data":"theCatGirl:BleedingWounds","floor":10.0,"key":"SMITH"},{"floor":15.0,"key":"REST"},{"floor":25.0,"key":"REST"},{"data":"theCatGirl:SevenLives","floor":32,"key":"SMITH"},{"floor":40,"key":"RECALL"},{"data":"theCatGirl:Howl","floor":49,"key":"SMITH"},{"data":"theCatGirl:Howl","floor":52,"key":"SMITH"}],"circlet_count":0,"master_deck":["theCatGirl:Strike","theCatGirl:Defend","theCatGirl:Defend","theCatGirl:Defend","theCatGirl:Defend","theCatGirl:ClawStrike","theCatGirl:Evasion","theCatGirl:SmellFear","theCatGirl:SpinningStrike","theCatGirl:QuickStrike","theCatGirl:BleedingWounds+1","theCatGirl:TrainWreck","theCatGirl:AllIn+1","theCatGirl:FumblingBlow","theCatGirl:SevenLives+1","theCatGirl:Howl+1","theCatGirl:Meow+1","theCatGirl:SearchBackpack","theCatGirl:ExtremeSpeed","theCatGirl:BloodScent+1","theCatGirl:Howl+1","theCatGirl:FumblingBlow+1","theCatGirl:SearchBackpack","theCatGirl:TwoStep+1","theCatGirl:AdventurersInsight","theCatGirl:ThatWasntIt+1","Finesse+1","theCatGirl:ComboAttack+1"],"relics":["theCatGirl:TrainedRelic","Golden Idol","Letter Opener","hexamod:BolsterEngine","Omamori","Pen Nib","Philosopher\u0027s Stone","sneckomod:BabySnecko","bronze:BronzeIdol","Akabeko","Enchiridion","Toxic Egg 2","Busted Crown","Sling","Boot","Lizard Tail","Mummified Hand","HornCleat","Nunchaku","theCatGirl:Ambush","Oddly Smooth Stone","Centennial Puzzle"],"acts_visited":["Exordium","TheCity","TheBeyond","TheEnding"],"potions_floor_usage":[30,37,38,54,55,55,55],"damage_taken":[{"damage":0.0,"enemies":"2 Louse","floor":1.0,"turns":3.0},{"damage":7.0,"enemies":"Small Slimes","floor":3.0,"turns":3.0},{"damage":0.0,"enemies":"Jaw Worm","floor":4.0,"turns":4.0},{"damage":21.0,"enemies":"Gremlin Nob","floor":6.0,"turns":5.0},{"damage":12.0,"enemies":"Blue Slaver","floor":8.0,"turns":4.0},{"damage":12.0,"enemies":"Gremlin Nob","floor":11.0,"turns":4.0},{"damage":8.0,"enemies":"Lots of Slimes","floor":12.0,"turns":5.0},{"damage":15.0,"enemies":"Exordium Thugs","floor":13.0,"turns":5.0},{"damage":2.0,"enemies":"3 Sentries","floor":14.0,"turns":6.0},{"damage":20.0,"enemies":"The Guardian","floor":16.0,"turns":11.0},{"damage":10.0,"enemies":"Spheric Guardian","floor":18.0,"turns":6.0},{"damage":20.0,"enemies":"3 Byrds","floor":20.0,"turns":5.0},{"damage":1.0,"enemies":"Cultist and Chosen","floor":21.0,"turns":5.0},{"damage":0.0,"enemies":"Snecko","floor":22.0,"turns":4.0},{"damage":2.0,"enemies":"HollowMod:Nosk","floor":23.0,"turns":5.0},{"damage":10.0,"enemies":"3 Cultists","floor":24.0,"turns":5.0},{"damage":0.0,"enemies":"Chosen and Byrds","floor":27.0,"turns":4.0},{"damage":4.0,"enemies":"Centurion and Healer","floor":29.0,"turns":4.0},{"damage":8,"enemies":"Slavers","floor":30,"turns":4},{"damage":17,"enemies":"Collector","floor":33,"turns":7},{"damage":0,"enemies":"Orb Walker","floor":35,"turns":2},{"damage":0,"enemies":"3 Shapes","floor":36,"turns":3},{"damage":0,"enemies":"2 Orb Walkers","floor":38,"turns":4},{"damage":0,"enemies":"Transient","floor":39,"turns":5},{"damage":0,"enemies":"3 Darklings","floor":41,"turns":3},{"damage":3,"enemies":"Jaw Worm Horde","floor":42,"turns":4},{"damage":7,"enemies":"Giant Head","floor":44,"turns":5},{"damage":2,"enemies":"Maw","floor":46,"turns":7},{"damage":0,"enemies":"Spire Growth","floor":47,"turns":4},{"damage":0,"enemies":"Nemesis","floor":48,"turns":5},{"damage":29,"enemies":"Awakened One","floor":50,"turns":10},{"damage":0,"enemies":"Shield and Spear","floor":54,"turns":5},{"damage":72,"enemies":"The Heart","floor":55,"turns":7}],"seed_played":"4812685169213896310","potions_obtained":[{"floor":1.0,"key":"EssenceOfSteel"},{"floor":3.0,"key":"Fire Potion"},{"floor":11.0,"key":"SpeedPotion"},{"floor":18.0,"key":"Block Potion"},{"floor":21.0,"key":"Regen Potion"},{"floor":24.0,"key":"champ:CounterPotion"},{"floor":27.0,"key":"sneckomod:MuddlingPotion"},{"floor":30,"key":"sagemod:Wine"},{"floor":33,"key":"Block Potion"},{"floor":39,"key":"FearPotion"},{"floor":44,"key":"PowerPotion"},{"floor":46,"key":"LiquidMemories"},{"floor":54,"key":"PowerPotion"}],"is_trial":false,"path_per_floor":["M","?","M","M","?","E","R","M","T","R","?","M","M","E","R","B",null,"M","?","M","M","M","E","M","R","T","M","?","M","E","?","R","B",null,"M","M","$","?","M","R","M","M","T","E","$","M","M","E","R","B",null,"R","$","E","B",null],"character_chosen":"THE_CATGIRL","items_purchased":["Sling","Boot","theCatGirl:ThatWasntIt+1","HornCleat","Nunchaku","Finesse+1","Oddly Smooth Stone"],"campfire_rested":3,"item_purchase_floors":[37,37,37,45,45,45,53],"current_hp_per_floor":[77,71,64,64,53,32,53,41,41,41,29,21,6,4,25,5,71,61,61,41,40,40,52,42,63,63,63,47,43,35,35,35,18,71,71,71,71,71,71,71,71,68,68,61,61,59,59,59,59,30,71,71,71,71,35],"gold":91,"neow_bonus":"TEN_PERCENT_HP_BONUS","is_daily":false,"chose_seed":false,"campfire_upgraded":4,"win_rate":0.0,"timestamp":1613819305,"path_taken":["M","?","M","M","?","E","R","M","T","R","?","M","M","E","R","BOSS","M","?","M","M","M","E","M","R","T","M","?","M","E","?","R","BOSS","M","M","$","?","M","R","M","M","T","E","$","M","M","E","R","BOSS","R","$","E","BOSS"],"items_purchased_type":["Relic","Relic","Card","Relic","Relic","Card","Relic"],"build_version":"2020-12-22","purchased_purges":2,"victory":true,"max_hp_per_floor":[77,71,71,71,71,71,71,71,71,71,71,71,71,71,71,71,71,71,71,71,71,71,71,71,71,71,71,71,71,71,71,71,71,71,71,71,71,71,71,71,71,71,71,71,71,71,71,71,71,71,71,71,71,71,71],"card_choices":[{"not_picked":["theCatGirl:TryingMyBest","theCatGirl:GoddessOfMisfortune"],"picked":"theCatGirl:SmellFear","floor":1.0},{"not_picked":["theCatGirl:LuckyBlow","theCatGirl:Growl"],"picked":"theCatGirl:SpinningStrike","floor":3.0},{"not_picked":["theCatGirl:TwoStep","theCatGirl:LearnByMistake"],"picked":"theCatGirl:QuickStrike","floor":4.0},{"not_picked":["theCatGirl:Stalk","theCatGirl:LostTrinket","theCatGirl:PlayAround"],"picked":"SKIP","floor":6.0},{"not_picked":["theCatGirl:FinishingMove","theCatGirl:TwoStep"],"picked":"theCatGirl:BleedingWounds","floor":8.0},{"not_picked":["theCatGirl:EmergencyParry","theCatGirl:ClenchYourTeeth"],"picked":"theCatGirl:TrainWreck","floor":11.0},{"not_picked":["theCatGirl:TryingMyBest","theCatGirl:AccidentalSlap"],"picked":"theCatGirl:AllIn","floor":12.0},{"not_picked":["theCatGirl:GoddessOfMisfortune","theCatGirl:BodyBlow"],"picked":"theCatGirl:FumblingBlow","floor":13.0},{"not_picked":["theCatGirl:TryingMyBest","theCatGirl:ExtremeSpeed"],"picked":"theCatGirl:SevenLives","floor":14.0},{"not_picked":["theCatGirl:LearnThePattern","theCatGirl:BleedingWounds"],"picked":"theCatGirl:Howl","floor":16.0},{"not_picked":["theCatGirl:SmellFear","theCatGirl:PlayAround"],"picked":"theCatGirl:Meow+1","floor":18.0},{"not_picked":["theCatGirl:DecliningDefenses","theCatGirl:ScratchFlurry"],"picked":"theCatGirl:SearchBackpack","floor":20.0},{"not_picked":["theCatGirl:QuickStrike","theCatGirl:BloodBath+1"],"picked":"theCatGirl:ExtremeSpeed","floor":21.0},{"not_picked":["theCatGirl:PoisedStrike","theCatGirl:LearnByMistake"],"picked":"theCatGirl:BloodScent+1","floor":22.0},{"not_picked":["theCatGirl:UnrelentingAssault","theCatGirl:Claws+1"],"picked":"theCatGirl:Howl","floor":23.0},{"not_picked":["theCatGirl:PoisedStrike","theCatGirl:ChangeOfPlans","theCatGirl:BodyBlow"],"picked":"SKIP","floor":24.0},{"not_picked":["theCatGirl:LearnByMistake","theCatGirl:Prepared"],"picked":"theCatGirl:FumblingBlow+1","floor":27.0},{"not_picked":["theCatGirl:AllIn","theCatGirl:Meow"],"picked":"theCatGirl:SearchBackpack","floor":29.0},{"not_picked":["theCatGirl:Claws","theCatGirl:DefensiveStance+1"],"picked":"theCatGirl:TwoStep+1","floor":30},{"not_picked":["theCatGirl:BleedingWounds","theCatGirl:HungerClaw"],"picked":"theCatGirl:AdventurersInsight","floor":33},{"not_picked":["theCatGirl:Claws+1"],"picked":"SKIP","floor":35},{"not_picked":["theCatGirl:RecoveryBlow+1"],"picked":"SKIP","floor":36},{"not_picked":["theCatGirl:ShockedWitness+1"],"picked":"SKIP","floor":39},{"not_picked":["theCatGirl:RecoveryBlow+1"],"picked":"SKIP","floor":41},{"not_picked":["theCatGirl:BodyBlow+1"],"picked":"SKIP","floor":42},{"not_picked":["theCatGirl:PoisedStrike"],"picked":"SKIP","floor":44},{"not_picked":["theCatGirl:ComboAttack+1"],"picked":"SKIP","floor":46},{"not_picked":[],"picked":"theCatGirl:ComboAttack+1","floor":46},{"not_picked":["theCatGirl:Prepared+1"],"picked":"SKIP","floor":47},{"not_picked":["theCatGirl:ElegantStrike+1"],"picked":"SKIP","floor":48},{"not_picked":["theCatGirl:ShockedWitness"],"picked":"SKIP","floor":54}],"player_experience":3092479,"relics_obtained":[{"floor":6.0,"key":"Letter Opener"},{"floor":9.0,"key":"hexamod:BolsterEngine"},{"floor":11.0,"key":"Omamori"},{"floor":14.0,"key":"Pen Nib"},{"floor":23.0,"key":"bronze:BronzeIdol"},{"floor":26.0,"key":"Akabeko"},{"floor":28.0,"key":"Enchiridion"},{"floor":30,"key":"Toxic Egg 2"},{"floor":38,"key":"Lizard Tail"},{"floor":44,"key":"Mummified Hand"},{"floor":48,"key":"theCatGirl:Ambush"},{"floor":54,"key":"Centennial Puzzle"}],"event_choices":[{"damage_healed":0.0,"max_hp_gain":0.0,"max_hp_loss":6.0,"gold_gain":0.0,"event_name":"Golden Idol","player_choice":"Lose Max HP","floor":2.0,"gold_loss":0.0,"damage_taken":0.0,"relics_obtained":["Golden Idol"]},{"damage_healed":0.0,"max_hp_gain":0.0,"max_hp_loss":0.0,"gold_gain":75.0,"event_name":"World of Goop","player_choice":"Gather Gold","floor":5.0,"gold_loss":0.0,"damage_taken":11.0},{"damage_healed":0.0,"max_hp_gain":0.0,"max_hp_loss":0.0,"gold_gain":0.0,"event_name":"Dead Adventurer","player_choice":"Searched \u00272\u0027 times","floor":11.0,"gold_loss":0.0,"damage_taken":0.0},{"damage_healed":0.0,"max_hp_gain":0.0,"max_hp_loss":0.0,"gold_gain":0.0,"event_name":"Cursed Tome","player_choice":"Obtained Book","floor":28.0,"gold_loss":0.0,"damage_taken":16.0},{"cards_removed":["theCatGirl:Strike"],"damage_healed":0,"gold_gain":0,"player_choice":"Upgrade and Remove","damage_taken":0,"max_hp_gain":0,"max_hp_loss":0,"event_name":"Designer","floor":31,"gold_loss":90,"cards_upgraded":["theCatGirl:AllIn"]},{"damage_healed":0,"gold_gain":0,"player_choice":"Fight","damage_taken":0,"max_hp_gain":0,"max_hp_loss":0,"event_name":"Mysterious Sphere","floor":38,"gold_loss":0}],"is_beta":false,"boss_relics":[{"not_picked":["Runic Pyramid","Tiny House"],"picked":"Philosopher\u0027s Stone"},{"not_picked":["Velvet Choker","Astrolabe"],"picked":"Busted Crown"}],"items_purged_floors":[37,45],"is_endless":false,"potions_floor_spawned":[1,3,11,18,21,24,27,30,33,35,39,44,46,54],"ascension_level":0}}