{"host":"rguvlafm46vqn9ib","time":1613802881,"event":{"mods":["2.2 Compatiblity","AchievementEnabler","Act Like it!","Arknights","Aspiration","BaseMod","Beaked The Cultist","Better Match","Better Note","Better Third Choice","BetterRewards","Colored Map","Downfall","Elementarium","GifTheSpireLib","Hermit","Highlight Path","Hubris","JesterMod","Mad Scientist","Minty Spire (QoL Compilation)","RRrroohrrRGHHhhh!!","Reliquary","Reorder Act Four","Replay The Spire","Retaliation","SCP261 Mod","Small Relic Pack","Spikes Relics","StSLib","Stuff the Spire","The Blackbeard","The Bug Knight","The Construct","The Death Knight","The Disciple","The Forsaken","The Judge","The Marked","The Mystic","The Necromancer","The Problem Sleuth","The Runesmith","TheSwordswoman"],"gold_per_floor":[116,135,111,111,123,152,171,183,183,195,195,221,0,18,18,120,120,136,136,61,20,38,38,53,53,78,109,125,125,154,1,1,119,119,153,153,187,187,242,242,286,286],"floor_reached":41,"language":"ENG","playtime":2393,"items_purged":["ats:Mental Burst+1"],"score":673,"play_id":"ea86ca93-8ddd-4088-9885-ccd080016362","local_time":"20210220063441","is_ascension_mode":true,"campfire_choices":[{"floor":11,"key":"REST"},{"floor":15,"key":"DIG"},{"data":"Die Die Die","floor":23,"key":"SMITH"},{"data":"Malaise","floor":25,"key":"SMITH"},{"floor":29,"key":"REST"},{"floor":32,"key":"REST"},{"floor":40,"key":"REST"}],"circlet_count":0,"master_deck":["ats:Mental Burst+1","Strike_G","Strike_G","Strike_G","Strike_G","Strike_G","Defend_G","Defend_G","Defend_G","Defend_G","Defend_G","Survivor","Neutralize","StuffTheSpire:Injection","StuffTheSpire:Python","rorgmod:Slice","Malaise+1","Fluid Movement","rorgmod:Slice+1","Cloak And Dagger","Blade Dance","Deadly Poison","Panacea","Toxin Wave","Die Die Die+1","Outmaneuver","Flechettes","rorgmod:Accuracy","Flying Knee+1","StuffTheSpire:Python","Crippling Poison+1","Doppelganger","Noxious Fumes+1","Envenom","Flying Knee+1","StuffTheSpire:Shiver","Riddle With Holes","Blur+1"],"relics":["Ring of the Snake","StuffTheSpire:DarkSteelAnvil","ats:Originium","LugNut","Onion Ring","Smiling Mask","Membership Card","reliquary:JackalopeAntler","SacredBark","Strawberry","relicPack:DarknessArmor","reliquary:PurpleTingedLeaf","Replay:Bandana","Elementarium:ElementariumTrophy","Philosopher\u0027s Stone"],"acts_visited":["Exordium","Exordium","TheBeyond"],"potions_floor_usage":[14,16,18,28,30,33,33,33,41],"damage_taken":[{"damage":0,"enemies":"Small Slimes","floor":1,"turns":3},{"damage":3,"enemies":"ats:Genji","floor":2,"turns":3},{"damage":0,"enemies":"2 Louse","floor":5,"turns":1},{"damage":33,"enemies":"Gremlin Nob","floor":6,"turns":5},{"damage":0,"enemies":"Looter","floor":7,"turns":3},{"damage":4,"enemies":"Red Slaver","floor":8,"turns":3},{"damage":0,"enemies":"2 Fungi Beasts","floor":10,"turns":2},{"damage":7,"enemies":"HollowMod:MossKnight","floor":12,"turns":4},{"damage":0,"enemies":"Lots of Slimes","floor":14,"turns":1},{"damage":8,"enemies":"Slime Boss","floor":16,"turns":7},{"damage":0,"enemies":"Elementarium:2_ELEMENTALS","floor":18,"turns":2},{"damage":0,"enemies":"Elementarium:VoidCorruption","floor":22,"turns":2},{"damage":8,"enemies":"Elementarium:3_ELEMENTALS","floor":24,"turns":2},{"damage":30,"enemies":"Elementarium:ElementalPortal","floor":27,"turns":7},{"damage":17,"enemies":"Elementarium:Hydrostalker","floor":28,"turns":4},{"damage":13,"enemies":"Elementarium:WarGolem","floor":30,"turns":2},{"damage":8,"enemies":"Elementarium:GoldenDragon","floor":33,"turns":6},{"damage":17,"enemies":"3 Shapes","floor":35,"turns":4},{"damage":31,"enemies":"3 Darklings","floor":37,"turns":4},{"damage":26,"enemies":"Spire Growth","floor":39,"turns":3},{"damage":37,"enemies":"Reptomancer","floor":41,"turns":4}],"seed_played":"-6982167638760228263","potions_obtained":[{"floor":1,"key":"SneckoOil"},{"floor":5,"key":"Swift Potion"},{"floor":10,"key":"SCP261:GirlTearsPotion"},{"floor":12,"key":"Adrenaline Potion"},{"floor":22,"key":"DeathKnight:RimePotion"},{"floor":28,"key":"Weak Potion"},{"floor":30,"key":"Toxic Potion"},{"floor":39,"key":"SCP261:SweetSwarmPotion"}],"is_trial":false,"path_per_floor":["M","M","$","?","M","E","M","M","T","M","R","E","$","M","R_BF","B",null,"M","?","?","$","M","R","M","R","T","E","M","R","E","$","R","B",null,"M","?","M","?","M","R","E"],"character_chosen":"THE_SILENT","items_purchased":["StuffTheSpire:DarkSteelAnvil","rorgmod:Slice","Membership Card","Deadly Poison","Panacea","rorgmod:Accuracy","Noxious Fumes+1","Replay:Bandana","PowerPotion","Strength Potion"],"campfire_rested":4,"item_purchase_floors":[0,3,13,13,13,21,31,31,31,31],"current_hp_per_floor":[70,67,67,67,67,34,34,30,30,30,51,44,44,44,44,36,70,70,70,70,70,70,70,62,62,69,39,22,45,32,32,55,48,77,60,60,31,31,5,28,0,0],"gold":286,"neow_bonus":"","is_daily":false,"chose_seed":false,"campfire_upgraded":2,"win_rate":0.0,"timestamp":1613802881,"path_taken":["M","M","$","?","M","E","M","M","T","M","R","E","$","?","R_BF","BOSS","M","?","?","$","?","R","M","R","T","E","M","R","E","$","R","BOSS","M","?","?","?","?","R","E"],"items_purchased_type":["Relic","Card","Relic","Card","Card","Card","Card","Relic","Potion","Potion"],"build_version":"2020-12-22","purchased_purges":1,"victory":false,"max_hp_per_floor":[70,70,70,70,70,70,70,70,70,70,70,70,70,70,70,70,70,70,70,70,70,70,70,70,70,77,77,77,77,77,77,77,77,77,77,77,77,77,77,77,77,77],"card_choices":[{"not_picked":["rorgmod:Slice","rorgmod:Tendon Slice"],"picked":"StuffTheSpire:Injection","floor":1},{"not_picked":["Noxious Fumes","Dagger Throw"],"picked":"StuffTheSpire:Python","floor":2},{"not_picked":["Riddle With Holes","PiercingWail"],"picked":"Malaise","floor":5},{"not_picked":["Crippling Poison","Terror"],"picked":"Fluid Movement","floor":6},{"not_picked":["rorgmod:Accuracy","Hidden Blade"],"picked":"rorgmod:Slice","floor":7},{"not_picked":["Sucker Punch","ReplayTheSpireMod:Shiv Toss"],"picked":"Cloak And Dagger","floor":8},{"not_picked":["ReplayTheSpireMod:The Works","Setup","StuffTheSpire:Shiver"],"picked":"SKIP","floor":10},{"not_picked":["Bane","StuffTheSpire:FinalStruggle"],"picked":"Blade Dance","floor":12},{"not_picked":["Bane","Bouncing Flask"],"picked":"Toxin Wave","floor":14},{"not_picked":["rorgmod:Tools of the Trade","rorgmod:Wraith Form 2"],"picked":"Die Die Die","floor":16},{"not_picked":["Dagger Throw+1","Calculated Gamble"],"picked":"Outmaneuver","floor":18},{"not_picked":["StuffTheSpire:Sprint","ReplayTheSpireMod:Scrap Shanks"],"picked":"Flechettes","floor":20},{"not_picked":["Dash+1","StuffTheSpire:Repulse"],"picked":"Flying Knee+1","floor":22},{"not_picked":["ReplayTheSpireMod:Exploit Weakness","Flying Knee"],"picked":"StuffTheSpire:Python","floor":24},{"not_picked":["StuffTheSpire:FinalStruggle","Bouncing Flask"],"picked":"Choke+1","floor":27},{"not_picked":["Toxin Wave","StuffTheSpire:Sprint+1"],"picked":"Crippling Poison+1","floor":28},{"not_picked":["Dagger Throw","StuffTheSpire:Injection"],"picked":"Doppelganger","floor":30},{"not_picked":["Burst","rorgmod:Tools of the Trade"],"picked":"Envenom","floor":33},{"not_picked":["Acrobatics+1","Quick Slash"],"picked":"Flying Knee+1","floor":35},{"not_picked":["StuffTheSpire:ClusterCrunch+1","Blur"],"picked":"Riddle With Holes","floor":37},{"not_picked":["Choke","Bouncing Flask"],"picked":"Blur+1","floor":39}],"player_experience":1009092,"relics_obtained":[{"floor":6,"key":"ats:Originium"},{"floor":6,"key":"LugNut"},{"floor":9,"key":"Onion Ring"},{"floor":12,"key":"ats:Originium"},{"floor":12,"key":"Smiling Mask"},{"floor":15,"key":"reliquary:JackalopeAntler"},{"floor":26,"key":"Strawberry"},{"floor":27,"key":"ats:Originium"},{"floor":27,"key":"relicPack:DarknessArmor"},{"floor":30,"key":"ats:Originium"},{"floor":30,"key":"reliquary:PurpleTingedLeaf"}],"event_choices":[{"damage_healed":0,"gold_gain":0,"player_choice":"Ignored","damage_taken":0,"max_hp_gain":0,"max_hp_loss":0,"event_name":"Purifier","floor":4,"gold_loss":0},{"damage_healed":0,"gold_gain":0,"player_choice":"Ignored","damage_taken":0,"max_hp_gain":0,"max_hp_loss":0,"event_name":"Elementarium:FountainOfGold","floor":19,"gold_loss":0},{"damage_healed":0,"gold_gain":0,"player_choice":"1","damage_taken":0,"max_hp_gain":0,"max_hp_loss":0,"event_name":"betterMatch:BetterMatch","floor":20,"gold_loss":0,"cards_obtained":["betterMatch:UncommonCard"]},{"damage_healed":0,"gold_gain":0,"cards_transformed":["Choke"],"player_choice":"Transformed","damage_taken":0,"max_hp_gain":0,"max_hp_loss":0,"event_name":"Transmorgrifier","floor":36,"gold_loss":0,"cards_obtained":["StuffTheSpire:Shiver"]},{"damage_healed":0,"gold_gain":0,"player_choice":"Upgraded","damage_taken":0,"max_hp_gain":0,"max_hp_loss":0,"event_name":"Upgrade Shrine","floor":38,"gold_loss":0,"cards_upgraded":["rorgmod:Slice"]}],"is_beta":false,"boss_relics":[{"not_picked":["ChewingGum","Runesmith:UraniumAnvil"],"picked":"SacredBark"},{"not_picked":["Honey Jar","Replay:Drink Me"],"picked":"Philosopher\u0027s Stone"}],"items_purged_floors":[0],"is_endless":false,"potions_floor_spawned":[1,5,10,12,22,28,30,39],"killed_by":"Reptomancer","ascension_level":2}}