{"host":"cvi30shpqg1ukvbr","time":1613791467,"event":{"mods":["Act Like it!","BaseMod","Better Altar","Better Match","Better Note","Better Sensory Stone","Better Skull","Better Third Choice","Conspire","GifTheSpireLib","Hubris","Infinite Spire","Minty Spire (QoL Compilation)","Relic Stats","Replay The Spire","Shop Mod","Spicy Shops","StSLib","Stuff the Spire"],"gold_per_floor":[369,380,380,9,72,72,100,100,147,176,194,255,274,302,302,404,404,422,441,454,504,504,504],"floor_reached":22,"language":"ENG","playtime":1255,"items_purged":[],"score":218,"play_id":"6c410f44-d392-4f17-8079-e990b1696254","local_time":"20210220122427","is_ascension_mode":true,"campfire_choices":[{"floor":6,"key":"REST"},{"data":"Accuracy","floor":8,"key":"SMITH"},{"floor":15,"key":"REST"}],"circlet_count":0,"master_deck":["Strike_G","Strike_G","Strike_G","Strike_G","Strike_G","Defend_G","Defend_G","Defend_G","Defend_G","Defend_G","Survivor","Neutralize","Poisoned Stab","Outmaneuver","Well Laid Plans","Well Laid Plans","ReplayTheSpireMod:Speed Training","Blade Dance","Accuracy+1","Dagger Throw","Tactician","Crippling Poison","Bouncing Flask","Eviscerate","Die Die Die","Flying Knee","Leg Sweep+1","Venomology"],"relics":["Ring of the Snake","SsserpentHead","Kunai","Toy Ornithopter","Replay:Wax Seal","Chameleon Ring","Pen Nib","Black Star"],"acts_visited":["Exordium","TheCity"],"potions_floor_usage":[14,16],"damage_taken":[{"damage":0,"enemies":"2 Louse","floor":1,"turns":3},{"damage":0,"enemies":"Cultist","floor":2,"turns":4},{"damage":5,"enemies":"infinitespire:Voidling","floor":5,"turns":5},{"damage":10,"enemies":"Replay:BlueRogue","floor":7,"turns":10},{"damage":6,"enemies":"Lagavulin","floor":10,"turns":8},{"damage":3,"enemies":"3 Louse","floor":11,"turns":4},{"damage":8,"enemies":"Lots of Slimes","floor":12,"turns":4},{"damage":24,"enemies":"Gremlin Gang","floor":13,"turns":7},{"damage":14,"enemies":"3 Sentries","floor":14,"turns":6},{"damage":34,"enemies":"The Guardian","floor":16,"turns":11},{"damage":24,"enemies":"Shell Parasite","floor":18,"turns":6},{"damage":0,"enemies":"conspire:FuzzyDice","floor":19,"turns":4},{"damage":28,"enemies":"3 Cultists","floor":20,"turns":6},{"damage":24,"enemies":"Centurion and Healer","floor":22,"turns":2}],"seed_played":"-3547347028173463735","potions_obtained":[{"floor":5,"key":"PowerPotion"},{"floor":7,"key":"ColorlessPotion"},{"floor":11,"key":"Reflective Coating"},{"floor":16,"key":"Doom Potion"},{"floor":18,"key":"Energy Potion"},{"floor":20,"key":"DuplicationPotion"}],"is_trial":false,"path_per_floor":["M","M","?","$","M","R","E","R","T","E","M","M","M","E","R","B",null,"M","M","M","?","M"],"character_chosen":"THE_SILENT","items_purchased":["Kunai","Well Laid Plans","ReplayTheSpireMod:Speed Training"],"campfire_rested":2,"item_purchase_floors":[4,4,4],"current_hp_per_floor":[49,49,49,49,48,69,59,59,59,53,50,42,18,9,30,1,70,46,46,18,18,0,0],"gold":504,"neow_bonus":"TWO_FIFTY_GOLD","is_daily":false,"chose_seed":false,"campfire_upgraded":1,"win_rate":0.0,"timestamp":1613791467,"path_taken":["M","M","?","$","?","R","E","R","T","E","M","?","M","E","R","BOSS","M","M","M","?","M"],"items_purchased_type":["Relic","Card","Card"],"build_version":"2020-12-22","purchased_purges":0,"victory":false,"max_hp_per_floor":[70,70,70,70,70,70,70,70,70,70,70,70,70,70,70,70,70,70,70,70,70,70,70],"relic_stats":{"SsserpentHead":150,"counters":[14,80],"Pen Nib":[5],"Black Star":0,"Kunai":[29],"obtain_stats":[{"SsserpentHead":3,"Chameleon Ring":10,"Pen Nib":14,"Black Star":17,"Kunai":4,"Replay:Wax Seal":9,"Toy Ornithopter":7,"Ring of the Snake":0},{"SsserpentHead":2,"Chameleon Ring":5,"Pen Nib":9,"Black Star":10,"Kunai":2,"Replay:Wax Seal":4,"Toy Ornithopter":4,"Ring of the Snake":0},{"SsserpentHead":7,"Chameleon Ring":30,"Pen Nib":51,"Black Star":62,"Kunai":7,"Replay:Wax Seal":22,"Toy Ornithopter":22,"Ring of the Snake":0}],"Toy Ornithopter":10,"Ring of the Snake":[28]},"card_choices":[{"not_picked":["Underhanded Strike","Dodge and Roll"],"picked":"Poisoned Stab","floor":1},{"not_picked":["Backflip","Escape Plan"],"picked":"Outmaneuver","floor":2},{"not_picked":["StuffTheSpire:ClusterCrunch","Bane"],"picked":"Blade Dance","floor":5},{"not_picked":["StuffTheSpire:Sprint","Backflip"],"picked":"Accuracy","floor":7},{"not_picked":["StuffTheSpire:Python","Bane"],"picked":"Dagger Throw","floor":10},{"not_picked":["PiercingWail","Slice"],"picked":"Tactician","floor":11},{"not_picked":["Hidden Blade","Draining Mist"],"picked":"Crippling Poison","floor":12},{"not_picked":["StuffTheSpire:Injection","Prepared"],"picked":"Bouncing Flask","floor":13},{"not_picked":["Quick Slash","Outmaneuver"],"picked":"Eviscerate","floor":14},{"not_picked":["Glass Knife","Unload"],"picked":"Die Die Die","floor":16},{"not_picked":["Outmaneuver+1","StuffTheSpire:Python"],"picked":"Flying Knee","floor":18},{"not_picked":["Deflect+1","ReplayTheSpireMod:Scrap Shanks"],"picked":"Leg Sweep+1","floor":19},{"not_picked":["hubris:SlightOfHand","StuffTheSpire:ClusterCrunch+1"],"picked":"Venomology","floor":20}],"player_experience":1855401,"relics_obtained":[{"floor":7,"key":"Toy Ornithopter"},{"floor":9,"key":"Replay:Wax Seal"},{"floor":10,"key":"Chameleon Ring"},{"floor":14,"key":"Pen Nib"}],"event_choices":[{"damage_healed":0,"gold_gain":0,"player_choice":"Trade","damage_taken":0,"relics_obtained":["SsserpentHead"],"max_hp_gain":0,"max_hp_loss":0,"event_name":"FaceTrader","floor":3,"gold_loss":0},{"damage_healed":0,"gold_gain":0,"player_choice":"Ignored","damage_taken":0,"max_hp_gain":0,"max_hp_loss":0,"event_name":"betterNote:BetterNote","floor":21,"gold_loss":0,"cards_obtained":["Creative AI"]}],"is_beta":false,"boss_relics":[{"not_picked":["Coffee Dripper","hubris:CrackedHourglass"],"picked":"Black Star"}],"items_purged_floors":[],"is_endless":false,"potions_floor_spawned":[5,7,11,12,16,18,20],"killed_by":"Centurion and Healer","ascension_level":1}}