{"host":"3n5xmnb54n2y5mb4","time":1613788020,"event":{"mods":["BaseMod","Colored Map","Colored Powertips","Downfall","Minty Spire (QoL Compilation)","Permanent Neow","StSLib","Unceasing Turn Reminder","everything is the same but u backflip on backflip"],"gold_per_floor":[116,20,195,270,90,117,117,135,183,183,197,208,238,238,238,338,338,355,367,378,200,214,214,231,231,278,293,218,238,238,238,238,238,238],"floor_reached":33,"language":"ENG","playtime":978,"items_purged":[],"score":511,"play_id":"85e1abbb-4037-4cad-ab1f-ba078cd71754","local_time":"20210219212700","is_ascension_mode":true,"campfire_choices":[{"floor":7,"key":"REST"},{"floor":10,"key":"REST"},{"data":"Fire Breathing","floor":15,"key":"SMITH"},{"floor":23,"key":"REST"},{"floor":25,"key":"REST"},{"floor":30,"key":"REST"},{"data":"Whirlwind","floor":32,"key":"SMITH"}],"circlet_count":0,"master_deck":["AscendersBane","Strike_R","Strike_R","Strike_R","Defend_R","Defend_R","Defend_R","Bash","Parasite","Battle Trance","Reaper","Fire Breathing+1","Doubt","Rupture","Immolate","Disarm","Dual Wield","Spot Weakness","Parasite","Impervious","CurseOfTheBell","Twin Strike","Seeing Red","Whirlwind+1","Inflame","Wild Strike","Dual Wield","Demon Form","Writhe"],"relics":["Burning Blood","Chemical X","Blood Vial","PreservedInsect","Boot","Calling Bell","Orichalcum","Sundial","Prayer Wheel","Vajra","Happy Flower","The Courier"],"acts_visited":["Exordium","TheCity"],"potions_floor_usage":[6,13,16,20,27],"damage_taken":[{"damage":13,"enemies":"2 Louse","floor":1,"turns":3},{"damage":59,"enemies":"Lagavulin","floor":6,"turns":10},{"damage":25,"enemies":"Jaw Worm","floor":8,"turns":4},{"damage":0,"enemies":"Small Slimes","floor":11,"turns":4},{"damage":26,"enemies":"2 Fungi Beasts","floor":12,"turns":4},{"damage":32,"enemies":"Gremlin Nob","floor":13,"turns":4},{"damage":75,"enemies":"The Guardian","floor":16,"turns":12},{"damage":24,"enemies":"Spheric Guardian","floor":18,"turns":4},{"damage":37,"enemies":"Chosen","floor":19,"turns":6},{"damage":30,"enemies":"Snake Plant","floor":20,"turns":6},{"damage":23,"enemies":"3 Cultists","floor":22,"turns":4},{"damage":26,"enemies":"Snecko","floor":24,"turns":6},{"damage":18,"enemies":"Snake Plant","floor":27,"turns":5},{"damage":23,"enemies":"Chosen and Byrds","floor":29,"turns":5},{"damage":86,"enemies":"Automaton","floor":33,"turns":6}],"seed_played":"-4261622830836384040","potions_obtained":[{"floor":8,"key":"Block Potion"},{"floor":12,"key":"Regen Potion"},{"floor":13,"key":"Ancient Potion"},{"floor":16,"key":"BloodPotion"},{"floor":20,"key":"Weak Potion"},{"floor":27,"key":"sneckomod:MuddlingPotion"}],"is_trial":false,"path_per_floor":["M","$","?","?","$","E","R","M","T","R","M","M","E","?","R","B",null,"M","M","M","$","M","R","M","R","T","M","?","M","R","?","R","B"],"character_chosen":"IRONCLAD","items_purchased":["Fruit Juice","Chemical X","Rupture","Vajra","Wild Strike"],"campfire_rested":5,"item_purchase_floors":[2,5,5,21,21],"current_hp_per_floor":[73,73,73,62,62,18,43,30,30,55,66,56,44,65,65,13,67,51,29,31,31,16,41,30,55,55,50,50,35,60,60,60,0,0],"gold":238,"neow_bonus":"TRANSFORM_TWO_CARDS","is_daily":false,"chose_seed":false,"campfire_upgraded":2,"win_rate":0.0,"timestamp":1613788020,"path_taken":["M","$","?","?","$","E","R","M","T","R","M","M","E","?","R","BOSS","M","M","M","$","M","R","M","R","T","M","?","M","R","?","R","BOSS"],"items_purchased_type":["Potion","Relic","Card","Relic","Card"],"build_version":"2020-12-22","purchased_purges":0,"victory":false,"max_hp_per_floor":[80,80,80,80,80,85,85,85,85,85,85,85,85,85,85,85,85,85,85,85,85,85,85,85,85,85,85,85,85,85,85,85,85,85],"card_choices":[{"not_picked":["Iron Wave","Anger"],"picked":"Fire Breathing","floor":1},{"not_picked":["Flex","Searing Blow"],"picked":"Immolate","floor":6},{"not_picked":["Twin Strike","Clash"],"picked":"Disarm","floor":8},{"not_picked":["Pommel Strike","Iron Wave"],"picked":"Dual Wield","floor":11},{"not_picked":["Headbutt","Carnage","Cleave"],"picked":"SKIP","floor":12},{"not_picked":["Sentinel","Flex"],"picked":"Spot Weakness","floor":13},{"not_picked":["Berserk","Barricade"],"picked":"Impervious","floor":16},{"not_picked":["Blood for Blood","Havoc"],"picked":"Twin Strike","floor":18},{"not_picked":["Searing Blow","Sword Boomerang","Iron Wave"],"picked":"SKIP","floor":18},{"not_picked":["Sever Soul","Sword Boomerang"],"picked":"Seeing Red","floor":19},{"not_picked":["Warcry","Feel No Pain+1","Anger+1"],"picked":"SKIP","floor":19},{"not_picked":["Rampage","Carnage"],"picked":"Whirlwind","floor":20},{"not_picked":["Flex","Sword Boomerang"],"picked":"Inflame","floor":20},{"not_picked":["Flex","Perfected Strike","Body Slam"],"picked":"SKIP","floor":22},{"not_picked":["Barricade","Armaments","Perfected Strike"],"picked":"SKIP","floor":22},{"not_picked":["Sentinel+1","Headbutt"],"picked":"Dual Wield","floor":24},{"not_picked":["True Grit","Clash","Thunderclap"],"picked":"SKIP","floor":24},{"not_picked":["Carnage","Cleave","Havoc"],"picked":"SKIP","floor":27},{"not_picked":["Anger","Sword Boomerang","Body Slam"],"picked":"SKIP","floor":27},{"not_picked":["Thunderclap","Perfected Strike"],"picked":"Demon Form","floor":29},{"not_picked":["Blood for Blood","Thunderclap","Seeing Red"],"picked":"SKIP","floor":29}],"player_experience":1121059,"relics_obtained":[{"floor":6,"key":"Blood Vial"},{"floor":9,"key":"PreservedInsect"},{"floor":13,"key":"Boot"},{"floor":17,"key":"Orichalcum"},{"floor":17,"key":"Sundial"},{"floor":17,"key":"Prayer Wheel"},{"floor":26,"key":"Happy Flower"}],"event_choices":[{"damage_healed":0,"gold_gain":175,"player_choice":"AGREE","damage_taken":0,"max_hp_gain":0,"max_hp_loss":0,"event_name":"Liars Game","floor":3,"gold_loss":0,"cards_obtained":["Doubt"]},{"damage_healed":0,"gold_gain":75,"player_choice":"Gather Gold","damage_taken":11,"max_hp_gain":0,"max_hp_loss":0,"event_name":"World of Goop","floor":4,"gold_loss":0},{"damage_healed":21,"gold_gain":0,"player_choice":"Healed and dodged fight","damage_taken":0,"max_hp_gain":0,"max_hp_loss":0,"event_name":"Mushrooms","floor":14,"gold_loss":0,"cards_obtained":["Parasite"]},{"cards_removed":["Strike_R"],"damage_healed":0,"gold_gain":0,"player_choice":"Gave Gold","damage_taken":0,"max_hp_gain":0,"max_hp_loss":0,"event_name":"Beggar","floor":28,"gold_loss":75},{"damage_healed":0,"gold_gain":0,"player_choice":"Opened","damage_taken":0,"relics_obtained":["The Courier"],"max_hp_gain":0,"max_hp_loss":0,"event_name":"The Mausoleum","floor":31,"gold_loss":0,"cards_obtained":["Writhe"]}],"is_beta":false,"boss_relics":[{"not_picked":["Empty Cage","Tiny House"],"picked":"Calling Bell"}],"items_purged_floors":[],"is_endless":false,"potions_floor_spawned":[8,12,13,16,20,24,27],"killed_by":"Automaton","ascension_level":12}}