{"host":"prxrhpgaxnj4om9r","time":1613792798,"event":{"mods":["AchievementEnabler","BaseMod","Colored Map","DeckTracker","Minty Spire (QoL Compilation)"],"gold_per_floor":[112,36,36,36,36,62,62,93,93,93,55,130,148,165,165,264,264,274,274,287,47,61,61,79,95,95,95,129,145,145,145,145,240,240,260,11,11,11,22,22,33,47,47,47,6,0,0,16,16,16,16,16,16,50,50,50],"floor_reached":55,"language":"KOR","playtime":1936,"items_purged":[],"score":743,"play_id":"ed75001a-7295-4db9-8658-6e21d0b132d8","local_time":"20210220124638","is_ascension_mode":false,"campfire_choices":[{"data":"Eruption","floor":7,"key":"SMITH"},{"floor":10,"key":"REST"},{"floor":15,"key":"REST"},{"data":"Vault","floor":23,"key":"SMITH"},{"data":"ForeignInfluence","floor":27,"key":"SMITH"},{"floor":30,"key":"REST"},{"floor":32,"key":"RECALL"},{"data":"Apotheosis","floor":40,"key":"SMITH"},{"data":"Scrawl","floor":44,"key":"SMITH"},{"data":"TalkToTheHand","floor":47,"key":"SMITH"},{"data":"Ragnarok","floor":49,"key":"SMITH"},{"data":"BattleHymn","floor":52,"key":"SMITH"}],"circlet_count":0,"master_deck":["Strike_P+1","Strike_P","Strike_P+1","Defend_P","Defend_P","Eruption+1","Vigilance","TalkToTheHand+1","BattleHymn+1","SignatureMove","FlurryOfBlows","WindmillStrike","DeusExMachina","FlurryOfBlows","Vault+1","BowlingBash+1","Halt+1","FearNoEvil+1","ForeignInfluence+1","Ragnarok+1","DeusExMachina","Scrawl+1","EmptyBody+1","Apotheosis+1","Madness","Madness","Prostrate","JustLucky+1"],"relics":["PureWater","Art of War","Shuriken","Matryoshka","Black Star","TeardropLocket","Potion Belt","Mango","Singing Bowl","Blood Vial","Empty Cage","Eternal Feather","The Courier","Red Mask","Nunchaku","Thread and Needle"],"acts_visited":["Exordium","TheCity","TheBeyond","TheEnding"],"potions_floor_usage":[2,6,8,16,22,24,25,28,29,33,33,33,33,33,42,42],"damage_taken":[{"damage":5,"enemies":"Small Slimes","floor":1,"turns":3},{"damage":18,"enemies":"Gremlin Nob","floor":6,"turns":3},{"damage":33,"enemies":"3 Sentries","floor":8,"turns":4},{"damage":0,"enemies":"2 Louse","floor":13,"turns":2},{"damage":0,"enemies":"Cultist","floor":14,"turns":2},{"damage":0,"enemies":"Slime Boss","floor":16,"turns":3},{"damage":2,"enemies":"Chosen","floor":18,"turns":2},{"damage":3,"enemies":"Shell Parasite","floor":20,"turns":4},{"damage":5,"enemies":"Centurion and Healer","floor":22,"turns":3},{"damage":29,"enemies":"Sentry and Sphere","floor":24,"turns":5},{"damage":7,"enemies":"Snake Plant","floor":25,"turns":4},{"damage":42,"enemies":"Slavers","floor":28,"turns":3},{"damage":0,"enemies":"3 Cultists","floor":29,"turns":3},{"damage":23,"enemies":"Champ","floor":33,"turns":5},{"damage":6,"enemies":"3 Darklings","floor":35,"turns":3},{"damage":0,"enemies":"3 Shapes","floor":39,"turns":1},{"damage":0,"enemies":"Transient","floor":41,"turns":6},{"damage":9,"enemies":"Maw","floor":42,"turns":5},{"damage":24,"enemies":"Spire Growth","floor":48,"turns":4},{"damage":80,"enemies":"Donu and Deca","floor":50,"turns":7},{"damage":81,"enemies":"Shield and Spear","floor":54,"turns":7},{"damage":56,"enemies":"The Heart","floor":55,"turns":2}],"seed_played":"6004791763117647624","potions_obtained":[{"floor":0,"key":"PowerPotion"},{"floor":0,"key":"EssenceOfSteel"},{"floor":0,"key":"Fruit Juice"},{"floor":13,"key":"Dexterity Potion"},{"floor":14,"key":"SpeedPotion"},{"floor":16,"key":"Block Potion"},{"floor":20,"key":"Block Potion"},{"floor":24,"key":"Block Potion"},{"floor":25,"key":"Ambrosia"},{"floor":28,"key":"EntropicBrew"},{"floor":35,"key":"AttackPotion"},{"floor":41,"key":"BlessingOfTheForge"}],"is_trial":false,"path_per_floor":["M","$","?","?","?","E","R","E","T","R","$","?","M","M","R","B",null,"M","?","M","$","M","R","M","M","T","R","E","M","R","?","R","B",null,"M","$","?","?","M","R","M","M","T","R","$","?","R","M","R","B",null,"R","$","E","B"],"character_chosen":"WATCHER","items_purchased":["BattleHymn","WindmillStrike","TeardropLocket","Eternal Feather","Prostrate"],"campfire_rested":3,"item_purchase_floors":[2,11,21,36,45],"current_hp_per_floor":[67,72,72,57,62,44,44,11,11,35,35,24,24,24,48,48,82,80,80,77,77,72,72,43,36,50,50,10,12,41,41,41,20,98,92,92,92,80,84,99,102,95,95,104,104,104,104,82,97,19,106,106,106,25,0,0],"gold":50,"neow_bonus":"THREE_SMALL_POTIONS","is_daily":false,"chose_seed":false,"campfire_upgraded":8,"win_rate":0.0,"timestamp":1613792798,"path_taken":["M","$","?","?","?","E","R","E","T","R","$","?","M","M","R","BOSS","M","?","?","$","M","R","M","M","T","R","E","M","R","?","R","BOSS","M","$","?","?","M","R","M","M","T","R","$","?","R","M","R","BOSS","R","$","E","BOSS"],"items_purchased_type":["Card","Card","Relic","Relic","Card"],"build_version":"2020-12-22","purchased_purges":0,"victory":false,"max_hp_per_floor":[72,77,77,77,82,82,82,82,82,82,82,82,82,82,82,82,82,82,82,82,82,82,82,82,82,96,96,98,98,98,98,98,98,98,98,98,98,98,100,100,102,104,104,104,104,104,104,106,106,106,106,106,106,106,106,106],"card_choices":[{"not_picked":["MentalFortress","Evaluate"],"picked":"TalkToTheHand","floor":1},{"not_picked":["Fasting2","WaveOfTheHand"],"picked":"SignatureMove","floor":6},{"not_picked":["CutThroughFate","Prostrate"],"picked":"FlurryOfBlows","floor":8},{"not_picked":["Prostrate","ClearTheMind"],"picked":"DeusExMachina","floor":13},{"not_picked":["Crescendo","WreathOfFlame"],"picked":"FlurryOfBlows","floor":14},{"not_picked":["Brilliance","Omniscience"],"picked":"Vault","floor":16},{"not_picked":["Meditate","Consecrate"],"picked":"BowlingBash+1","floor":18},{"not_picked":["Meditate","Nirvana","WindmillStrike"],"picked":"SKIP","floor":20},{"not_picked":["Weave","ClearTheMind"],"picked":"Halt+1","floor":22},{"not_picked":["Halt+1","FlyingSleeves"],"picked":"FearNoEvil+1","floor":24},{"not_picked":["EmptyFist","Study"],"picked":"ForeignInfluence","floor":25},{"not_picked":["Weave","Crescendo","Worship"],"picked":"Singing Bowl","floor":28},{"not_picked":["Crescendo","Halt+1"],"picked":"Ragnarok","floor":29},{"not_picked":["Devotion","SpiritShield"],"picked":"Scrawl","floor":33},{"not_picked":["Wallop","Sanctity"],"picked":"EmptyBody+1","floor":35},{"not_picked":["Deep Breath","Master of Strategy"],"picked":"Apotheosis","floor":37},{"not_picked":["Consecrate","Evaluate","Crescendo"],"picked":"Singing Bowl","floor":39},{"not_picked":["Evaluate","EmptyFist+1","ThirdEye+1"],"picked":"Singing Bowl","floor":41},{"not_picked":["SashWhip+1","ThirdEye+1","JustLucky+1"],"picked":"Singing Bowl","floor":42},{"not_picked":["Weave","Consecrate","CutThroughFate"],"picked":"Singing Bowl","floor":48},{"not_picked":["Halt","Wish"],"picked":"JustLucky+1","floor":54}],"player_experience":546127,"relics_obtained":[{"floor":6,"key":"Art of War"},{"floor":8,"key":"Shuriken"},{"floor":9,"key":"Matryoshka"},{"floor":26,"key":"Potion Belt"},{"floor":26,"key":"Mango"},{"floor":28,"key":"Singing Bowl"},{"floor":28,"key":"Blood Vial"},{"floor":43,"key":"The Courier"},{"floor":54,"key":"Nunchaku"},{"floor":54,"key":"Thread and Needle"}],"event_choices":[{"damage_healed":0,"gold_gain":0,"player_choice":"Leave","damage_taken":0,"max_hp_gain":0,"max_hp_loss":0,"event_name":"The Cleric","floor":3,"gold_loss":0},{"damage_healed":0,"gold_gain":0,"player_choice":"Entered Light","damage_taken":15,"max_hp_gain":0,"max_hp_loss":0,"event_name":"Shining Light","floor":4,"gold_loss":0,"cards_upgraded":["Strike_P","Strike_P"]},{"damage_healed":0,"gold_gain":0,"player_choice":"Donut","damage_taken":0,"max_hp_gain":5,"max_hp_loss":0,"event_name":"Big Fish","floor":5,"gold_loss":0},{"damage_healed":0,"gold_gain":75,"player_choice":"Gather Gold","damage_taken":11,"max_hp_gain":0,"max_hp_loss":0,"event_name":"World of Goop","floor":12,"gold_loss":0},{"damage_healed":0,"gold_gain":0,"player_choice":"Ignored","damage_taken":0,"max_hp_gain":0,"max_hp_loss":0,"event_name":"NoteForYourself","floor":19,"gold_loss":0},{"damage_healed":0,"gold_gain":0,"cards_transformed":["Defend_P"],"player_choice":"Transformed","damage_taken":0,"max_hp_gain":0,"max_hp_loss":0,"event_name":"Transmorgrifier","floor":31,"gold_loss":0,"cards_obtained":["DeusExMachina"]},{"damage_healed":0,"gold_gain":0,"player_choice":"Memory 1","damage_taken":0,"max_hp_gain":0,"max_hp_loss":0,"event_name":"SensoryStone","floor":37,"gold_loss":0},{"damage_healed":0,"gold_gain":0,"player_choice":"Embrace Madness","damage_taken":12,"max_hp_gain":0,"max_hp_loss":0,"event_name":"Winding Halls","floor":38,"gold_loss":0,"cards_obtained":["Madness","Madness"]},{"damage_healed":0,"gold_gain":0,"player_choice":"Paid","damage_taken":0,"relics_obtained":["Red Mask"],"max_hp_gain":0,"max_hp_loss":0,"event_name":"Tomb of Lord Red Mask","floor":46,"gold_loss":6}],"is_beta":false,"boss_relics":[{"not_picked":["Fusion Hammer","Tiny House"],"picked":"Black Star"},{"not_picked":["Philosopher\u0027s Stone","VioletLotus"],"picked":"Empty Cage"}],"items_purged_floors":[],"is_endless":false,"potions_floor_spawned":[13,14,16,20,24,25,28,35,41],"killed_by":"The Heart","ascension_level":0}}