{"host":"j1lpsl3dsviy43h8","time":1613852951,"event":{"mods":["AchievementEnabler","BaseMod","BetterRewards","Card Forge","Duelist Mod","GifTheSpireLib","Minty Spire (QoL Compilation)","Shop Mod","StSLib","The Wild Card","Unceasing Turn Reminder"],"gold_per_floor":[136,136,153,70,82,117,131,131,131,148,159,192,28,28,28,102,102,118,243,243,243,71,105,122,154,154,4,32,32,41,70,70,165,165,185,194,46,46,71,97,97,97,147,147,202,202,229,229,229,229],"floor_reached":51,"language":"ENG","playtime":2789,"items_purged":[],"score":1952,"play_id":"c509186d-4e97-45ea-acf6-ebc52ad69140","local_time":"20210220152911","is_ascension_mode":true,"campfire_choices":[{"floor":15,"key":"REST"},{"floor":27,"key":"REST"},{"floor":29,"key":"REST"},{"floor":32,"key":"REST"},{"floor":42,"key":"REST"},{"floor":46,"key":"REST"},{"floor":49,"key":"REST"}],"circlet_count":0,"master_deck":["theDuelist:YamataDragon+1","theDuelist:MetalDragon+1","theDuelist:GuardragonJusticia+1","theDuelist:CurseDragon+1","theDuelist:DragonRavine+1","theDuelist:LesserDragon+1","theDuelist:BabyDragon+1","theDuelist:BusterDrake+1","theDuelist:DoomkaiserDragon+1","theDuelist:MillenniumScorpion+1","theDuelist:TailSwipe+1","theDuelist:CaveDragon+1","theDuelist:EyeTimaeus+1","theDuelist:CastleWalls+1","theDuelist:LesserDragon+1","theDuelist:AncientGearGadjiltron+1","theDuelist:Sparks+1","theDuelist:MadFlameKaiju+1","theDuelist:Sparks+1","theDuelist:CastleWalls+1","AscendersBane","theDuelist:SafeZone+3","theDuelist:CaveDragon+1","theDuelist:TotemDragon+1","theDuelist:MirageDragon+1","theDuelist:WingedDragonRa+1","theDuelist:Mountain+1","theDuelist:TyrantWing+1","theDuelist:TailSwipe+1","theDuelist:BerserkScales+1","theDuelist:CyberDragonSieger+1","theDuelist:BackgroundDragon"],"relics":["theDuelist:MillenniumPuzzle","theDuelist:BoosterPackPoolRelic","theDuelist:CardPoolSaveRelic","theDuelist:CardPoolOptionsRelic","Hammer of Thor","Seething Fire","Anvil of the Gods","theDuelist:DragonRelic","theDuelist:MillenniumPrayerbook","Ice Cream","theDuelist:MillenniumSymbol","Black Star","Juzu Bracelet","theDuelist:BoosterExtraAllRaresRelic","Art of War","Ornamental Fan","theDuelist:SolderToken","Meat on the Bone","Mercury Hourglass","Fusion Hammer","theDuelist:MillenniumRing","MerchantsRug","theDuelist:ResummonBranch","theDuelist:NamelessPowerRelicB","theDuelist:NamelessHungerRelic","Pocketwatch","Regal Pillow","theDuelist:PrayerPageB","MealTicket","Peace Pipe","theDuelist:PrayerPageD","Calipers","Blood Vial","theDuelist:MetronomeRelicD"],"acts_visited":["Exordium","TheCity","TheBeyond"],"potions_floor_usage":[11,16,25,25,28,33,50],"damage_taken":[{"damage":0,"enemies":"Jaw Worm","floor":1,"turns":2},{"damage":0,"enemies":"2 Louse","floor":3,"turns":1},{"damage":0,"enemies":"Cultist","floor":5,"turns":2},{"damage":4,"enemies":"3 Sentries","floor":6,"turns":5},{"damage":0,"enemies":"2 Fungi Beasts","floor":7,"turns":1},{"damage":0,"enemies":"Blue Slaver","floor":10,"turns":2},{"damage":0,"enemies":"Exordium Thugs","floor":11,"turns":3},{"damage":0,"enemies":"Lagavulin","floor":12,"turns":4},{"damage":3,"enemies":"The Guardian","floor":16,"turns":5},{"damage":24,"enemies":"2 Thieves","floor":18,"turns":4},{"damage":0,"enemies":"theDuelist:KaibaA2","floor":23,"turns":2},{"damage":6,"enemies":"Shell Parasite","floor":24,"turns":3},{"damage":33,"enemies":"Gremlin Leader","floor":25,"turns":5},{"damage":3,"enemies":"Cultist and Chosen","floor":28,"turns":4},{"damage":1,"enemies":"theDuelist:KaibaA2","floor":31,"turns":3},{"damage":5,"enemies":"Automaton","floor":33,"turns":5},{"damage":14,"enemies":"3 Shapes","floor":35,"turns":4},{"damage":0,"enemies":"Mind Bloom Boss Battle","floor":39,"turns":2},{"damage":0,"enemies":"Giant Head","floor":40,"turns":6},{"damage":0,"enemies":"Giant Head","floor":45,"turns":4},{"damage":4,"enemies":"Nemesis","floor":47,"turns":4},{"damage":21,"enemies":"Donu and Deca","floor":50,"turns":6}],"seed_played":"-2762026246301292","potions_obtained":[{"floor":3,"key":"Explosive Potion"},{"floor":12,"key":"theDuelist:TributeBottle"},{"floor":25,"key":"EntropicBrew"},{"floor":28,"key":"theDuelist:SolderPotionB"},{"floor":40,"key":"theDuelist:TokenPotion"}],"is_trial":false,"path_per_floor":["M","?","M","$","M","E","M","?","T","M","M","E","$","?","R","B",null,"M","?","$","?","$","E","M","E","T","R","M","R","?","E","R","B",null,"M","?","$","?","?","E","?","R","T","?","?","R","E","?","R","B",null],"character_chosen":"THE_DUELIST","items_purchased":["theDuelist:DragonRelic","theDuelist:DragonRavine","Melange","PowerPotion","theDuelist:BusterDrake","theDuelist:MadFlameKaiju","theDuelist:MillenniumSymbol","Juzu Bracelet","MerchantsRug","theDuelist:ResummonBranch"],"campfire_rested":7,"item_purchase_floors":[0,0,0,0,0,4,13,22,37,37],"current_hp_per_floor":[63,63,63,63,63,59,59,55,55,55,55,55,55,67,82,79,81,57,57,57,57,57,57,51,18,18,42,39,63,63,62,82,77,81,67,67,67,57,57,59,75,80,80,80,80,80,76,76,80,59],"gold":229,"neow_bonus":"","is_daily":false,"chose_seed":false,"campfire_upgraded":0,"win_rate":0.0,"timestamp":1613852951,"path_taken":["M","?","M","$","M","E","M","?","T","M","?","E","$","?","R","BOSS","M","?","?","?","$","E","M","E","T","R","M","R","?","E","R","BOSS","M","?","$","?","?","E","?","R","T","?","?","R","E","?","R","BOSS"],"items_purchased_type":["Relic","Card","Relic","Potion","Card","Card","Relic","Relic","Relic","Relic"],"build_version":"2020-12-22","purchased_purges":0,"victory":true,"max_hp_per_floor":[70,70,70,70,70,70,70,70,70,70,70,70,70,82,82,82,82,82,82,82,82,82,82,82,82,82,82,82,82,82,82,82,82,82,82,82,82,78,78,80,80,80,80,80,80,80,80,80,80,80],"card_choices":[{"not_picked":["theDuelist:GenesisDragon","theDuelist:AtomicScrapDragon"],"picked":"theDuelist:TailSwipe","floor":1},{"not_picked":["theDuelist:TwinBarrelDragon","theDuelist:CyberValley"],"picked":"theDuelist:SafeZone","floor":1},{"not_picked":["theDuelist:SpiralSpearStrike","theDuelist:Earthquake","theDuelist:AxeDespair","theDuelist:FangCritias"],"picked":"theDuelist:EyeTimaeus","floor":3},{"not_picked":["theDuelist:SuperancientDinobeast","theDuelist:ArtifactSanctum"],"picked":"theDuelist:CurseDragon","floor":3},{"not_picked":["theDuelist:TwinBarrelDragon","theDuelist:StarlightRoad","theDuelist:BabyDragon","theDuelist:Anthrosaurus","theDuelist:SuperStridentBlaze"],"picked":"SKIP","floor":5},{"not_picked":["theDuelist:BusterDrake","theDuelist:CyberDragonDrei","theDuelist:MoltenDestruction"],"picked":"SKIP","floor":5},{"not_picked":["theDuelist:AmuletDragon","theDuelist:Anthrosaurus"],"picked":"theDuelist:GuardragonJusticia","floor":6},{"not_picked":["theDuelist:TwinBarrelDragon","theDuelist:MegafleetDragon","theDuelist:CaveDragon","theDuelist:AncientPixieDragon","theDuelist:AncientGearGadjiltron"],"picked":"SKIP","floor":6},{"not_picked":["theDuelist:TwinBarrelDragon","theDuelist:MegafleetDragon","theDuelist:CaveDragon","theDuelist:AncientPixieDragon"],"picked":"theDuelist:AncientGearGadjiltron","floor":6},{"not_picked":["theDuelist:ExploderDragon","theDuelist:GuardragonJusticia","theDuelist:SystemDown","theDuelist:OceanDragonLord"],"picked":"theDuelist:DoomkaiserDragon","floor":7},{"not_picked":["theDuelist:CyberDragonCore","theDuelist:Pyrorex","theDuelist:AmuletDragon"],"picked":"SKIP","floor":7},{"not_picked":["theDuelist:SauropodBrachion","theDuelist:RedRisingDragon"],"picked":"theDuelist:MetalDragon","floor":10},{"not_picked":["theDuelist:BlackStego","theDuelist:CyberDragonCore","theDuelist:Kabazauls","theDuelist:MoltenDestruction","theDuelist:BusterDrake"],"picked":"SKIP","floor":10},{"not_picked":["theDuelist:JurassicImpact","theDuelist:DragonRavine","theDuelist:Berserking"],"picked":"theDuelist:TotemDragon","floor":11},{"not_picked":["theDuelist:AmuletDragon","theDuelist:DarkfireDragon","theDuelist:AquaDolphin"],"picked":"SKIP","floor":11},{"not_picked":["theDuelist:TwinHeadedFire","theDuelist:MaskedDragon","theDuelist:CurseDragon","theDuelist:BlueEyesUltimate"],"picked":"theDuelist:MirageDragon","floor":12},{"not_picked":["theDuelist:LavaDragon","theDuelist:DefenseDraw","theDuelist:SphereChaos"],"picked":"SKIP","floor":12},{"not_picked":["theDuelist:WaterDragon","theDuelist:DoomkaiserDragon","theDuelist:DefensiveTactics","theDuelist:ChimeratechOverdragon"],"picked":"theDuelist:StardustDragon","floor":16},{"not_picked":["theDuelist:BSkullDragon","theDuelist:ArmedProtectorDragon"],"picked":"theDuelist:WingedDragonRa","floor":16},{"not_picked":["theDuelist:TwinHeadedFire","theDuelist:TwinBarrelDragon","theDuelist:Hydrogeddon+1","theDuelist:BlackPtera","theDuelist:Pyrorex"],"picked":"SKIP","floor":18},{"not_picked":["theDuelist:DefenseDraw","theDuelist:CyberDragonNachster","theDuelist:MaskedDragon"],"picked":"SKIP","floor":18},{"not_picked":["theDuelist:YamataDragon","theDuelist:AncientPixieDragon","theDuelist:BusterDrake","theDuelist:MoltenDestruction+1","theDuelist:SnowDragon"],"picked":"SKIP","floor":23},{"not_picked":["theDuelist:CyberDragon","theDuelist:CyberDinosaur","theDuelist:SafeZone"],"picked":"SKIP","floor":23},{"not_picked":["theDuelist:ViceDragon","theDuelist:MirageDragon","theDuelist:DefenseZone","theDuelist:AncientPixieDragon"],"picked":"theDuelist:Mountain","floor":24},{"not_picked":["theDuelist:CyberDinosaur","theDuelist:LesserDragon","theDuelist:HazyFlameHydra"],"picked":"SKIP","floor":24},{"not_picked":["theDuelist:GiantRex","theDuelist:Lancephorhynchus","theDuelist:ChimeratechOverdragon+1"],"picked":"SKIP","floor":25},{"not_picked":["theDuelist:CyberTwinDragon+1","theDuelist:ViceDragon","theDuelist:WhiteHowling"],"picked":"SKIP","floor":25},{"not_picked":["theDuelist:VeilDarkness+1","theDuelist:SpiralSpearStrike+1","theDuelist:SafeZone+1","theDuelist:DefenseZone+1"],"picked":"theDuelist:TyrantWing+1","floor":28},{"not_picked":["theDuelist:MegafleetDragon","theDuelist:FrostflameDragon","theDuelist:BlizzardDragon"],"picked":"SKIP","floor":28},{"not_picked":["theDuelist:YamataDragon","theDuelist:Pyrorex","theDuelist:TornadoDragon","theDuelist:DragonPiper","theDuelist:SuperancientDinobeast"],"picked":"SKIP","floor":31},{"not_picked":["theDuelist:TwinHeadedBehemoth+1","theDuelist:Lancephorhynchus","theDuelist:BabyDragon"],"picked":"SKIP","floor":31},{"not_picked":["theDuelist:WingedDragonRa","theDuelist:SurvivalFittest","theDuelist:Lancephorhynchus","theDuelist:CyberDragonInfinity"],"picked":"theDuelist:TailSwipe","floor":33},{"not_picked":["theDuelist:QueenDragunDjinn","theDuelist:GaiaDragonChamp"],"picked":"theDuelist:BerserkScales","floor":33},{"not_picked":["theDuelist:WhiteHowling","theDuelist:TyrantWing","theDuelist:DragonTreasure+1"],"picked":"theDuelist:CyberDragonSieger+1","floor":35},{"not_picked":["theDuelist:BlackStego","theDuelist:TotemDragon","theDuelist:SilverDragon"],"picked":"SKIP","floor":35},{"not_picked":["theDuelist:Beatraptor","theDuelist:FrostflameDragon","theDuelist:AmuletDragon"],"picked":"SKIP","floor":40},{"not_picked":["theDuelist:BlizzardDragon","theDuelist:CyberneticRevolution"],"picked":"theDuelist:BackgroundDragon","floor":45},{"not_picked":["theDuelist:QueenDragunDjinn","theDuelist:CyberDragonDrei+1","theDuelist:CyberneticOverflow"],"picked":"SKIP","floor":47}],"player_experience":357299,"relics_obtained":[{"floor":6,"key":"theDuelist:MillenniumPrayerbook"},{"floor":9,"key":"Ice Cream"},{"floor":12,"key":"Tough Bandages"},{"floor":23,"key":"theDuelist:BoosterExtraAllRaresRelic"},{"floor":23,"key":"theDuelist:BlessingAnubis"},{"floor":25,"key":"Art of War"},{"floor":25,"key":"Ornamental Fan"},{"floor":26,"key":"CeramicFish"},{"floor":31,"key":"Meat on the Bone"},{"floor":31,"key":"Mercury Hourglass"},{"floor":39,"key":"Pocketwatch"},{"floor":40,"key":"Regal Pillow"},{"floor":40,"key":"theDuelist:PrayerPageB"},{"floor":43,"key":"MealTicket"},{"floor":45,"key":"Peace Pipe"},{"floor":45,"key":"theDuelist:PrayerPageD"},{"floor":45,"key":"Calipers"},{"floor":47,"key":"Blood Vial"},{"floor":47,"key":"theDuelist:MetronomeRelicD"}],"event_choices":[{"damage_healed":0,"gold_gain":0,"player_choice":"Delta Electro","duelist":true,"damage_taken":0,"max_hp_gain":0,"max_hp_loss":0,"event_name":"Egyptian Village","floor":2,"gold_loss":0,"cards_obtained":["Delta Electromagnet Warrior"]},{"damage_healed":0,"gold_gain":0,"player_choice":"Bought 0 Potions","damage_taken":0,"max_hp_gain":0,"max_hp_loss":0,"event_name":"The Woman in Blue","floor":8,"gold_loss":0},{"damage_healed":0,"gold_gain":0,"player_choice":"Break - +12 Max HP","duelist":true,"damage_taken":0,"max_hp_gain":0,"max_hp_loss":0,"event_name":"Tomb of the Nameless","floor":14,"gold_loss":0},{"damage_healed":0,"gold_gain":275,"player_choice":"Desecrate","damage_taken":0,"max_hp_gain":0,"max_hp_loss":0,"event_name":"Golden Shrine","floor":19,"gold_loss":0,"cards_obtained":["Regret"]},{"damage_healed":0,"gold_gain":0,"player_choice":"Ignored","damage_taken":0,"max_hp_gain":0,"max_hp_loss":0,"event_name":"Ghosts","floor":21,"gold_loss":0},{"damage_healed":0,"gold_gain":0,"player_choice":"Stole Relic","damage_taken":0,"relics_obtained":["theDuelist:SolderToken"],"max_hp_gain":0,"max_hp_loss":0,"event_name":"Addict","floor":30,"gold_loss":0,"cards_obtained":["Shame"]},{"damage_healed":0,"gold_gain":0,"player_choice":"Took item - Received: Millennium Ring","duelist":true,"damage_taken":0,"max_hp_gain":0,"max_hp_loss":0,"event_name":"Millennium Items","floor":36,"gold_loss":0},{"power_reward":3,"total_magic_score":142,"gold_gain":0,"duelist":true,"damage_taken":10,"relics_obtained":["theDuelist:NamelessPowerRelicB","theDuelist:NamelessHungerRelic"],"points":6,"max_hp_gain":0,"max_hp_loss":4,"spent_points":{"magic":0,"greed":0,"war":0,"power":3,"hunger":3},"event_name":"Nameless Tomb","hunger_reward":3,"floor":38,"gold_loss":0,"cards_obtained":[]},{"damage_healed":0,"gold_gain":0,"player_choice":"Fight","damage_taken":0,"max_hp_gain":0,"max_hp_loss":0,"event_name":"MindBloom","floor":39,"gold_loss":0},{"damage_healed":16,"gold_gain":0,"player_choice":"Writhe","damage_taken":0,"max_hp_gain":0,"max_hp_loss":0,"event_name":"Winding Halls","floor":41,"gold_loss":0,"cards_obtained":["Writhe"]},{"cards_removed":["theDuelist:StardustDragon"],"damage_healed":0,"gold_gain":0,"player_choice":"Removed Skill","damage_taken":0,"max_hp_gain":0,"max_hp_loss":0,"event_name":"Falling","floor":44,"gold_loss":0},{"damage_healed":0,"gold_gain":0,"player_choice":"Fight","duelist":true,"damage_taken":0,"max_hp_gain":0,"max_hp_loss":0,"event_name":"Battle City","floor":45,"gold_loss":0},{"damage_healed":0,"gold_gain":0,"player_choice":"Ignored","damage_taken":0,"max_hp_gain":0,"max_hp_loss":0,"event_name":"Tomb of Lord Red Mask","floor":48,"gold_loss":0}],"is_beta":false,"boss_relics":[{"not_picked":["Pandora\u0027s Box","Runic Dome"],"picked":"Black Star"},{"not_picked":["Busted Crown","Velvet Choker"],"picked":"Fusion Hammer"}],"items_purged_floors":[],"is_endless":false,"potions_floor_spawned":[3,5,7,12,25,28,40,47],"ascension_level":16}}