{"host":"51qmnr9isyv85d0p","time":1613799750,"event":{"mods":["AchievementEnabler","BaseMod","Colored Map","Colored Powertips","Curses Come First","Downfall","Minty Spire (QoL Compilation)","Red Circlet Mod","Relic Stats","Replay The Spire","StSLib","TestMod"],"gold_per_floor":[11100,11100,11100,11058,9732,9732,9732,9763,9811,9845,9864,9132,9132,9150,9150,9279,9279,9304,9323,9323,9323,8446,8446,8482,8496,8496,8896,8896,8008,8008,8031,8031,8151,8151,8172,7208,7223,7244,7269,7303,7303,6429,6454,5779,5793,5834,5834,5870,5870,5916],"floor_reached":51,"language":"ZHS","playtime":2552,"items_purged":["Defend_B","Strike_B","downfall:Bewildered","Defend_B","Strike_B+1","FTL","Multi-Cast"],"score":984,"play_id":"3e092adc-719c-4c32-a0ef-241060d3a71e","local_time":"20210220134230","is_ascension_mode":false,"campfire_choices":[{"data":"Mayhem","floor":6,"key":"SMITH"},{"floor":15,"key":"REST"},{"data":"Zap","floor":23,"key":"SMITH"},{"data":"ReplaySolidLightProjector","floor":28,"key":"SMITH"},{"data":"Seek","floor":32,"key":"SMITH"},{"data":"Fission","floor":41,"key":"SMITH"},{"data":"Mirror Shield","floor":47,"key":"SMITH"},{"data":"Electrodynamics","floor":49,"key":"SMITH"}],"circlet_count":0,"master_deck":["Zap+1","Dualcast","ReplaySolidLightProjector+1","Storm","Beam Cell","Mayhem+1","Sweeping Beam","Go for the Eyes","Gash+1","Melter","FTL","Lockon","Seek+1","Capacitor","Defragment","Gash","Defragment","Gash","Coolheaded+1","Hello World","Panacea","Hologram","Fission+1","ReplayTheSpireMod:Calculation Training+1","Leap","Stack+1","Conserve Battery+1","All For One","Coolheaded+1","Mirror Shield+1","Apotheosis+1","Electrodynamics+1"],"relics":["Cracked Core","testmod-InfectionSource","testmod-IndustrialRevolution","testmod-Muramasa","Lee\u0027s Waffle","Guardian:GemstoneGun","Golden Idol","Pen Nib","Simple Rune","Ginger","Blue Doll","testmod-Motorcycle","testmod-RandomTest","ChewingGum","sneckomod:BabySnecko","Replay:PocketPolymizer","Chameleon Ring","DollysMirror","testmod-Fortitude","Omamori","Onion Ring","testmod-ArcanaOfDestiny","Nloth\u0027s Gift","Calling Bell","Tiny Chest","InkBottle","testmod-InjuryResistance","Oddly Smooth Stone","ReplayTheSpireMod:Shallot","Cauldron","Bag of Preparation","Orichalcum","Bronze Scales","champ:Barbells","ReplayTheSpireMod:TigerMarble","testmod-Antiphasic","Centennial Puzzle","HandDrill","testmod-BlackFramedGlasses","Replay:Bandana"],"acts_visited":["Exordium","TheCity","TheBeyond"],"potions_floor_usage":[10,16,18,24,31,33,36,40,50,50,50,50,50,50],"damage_taken":[{"damage":12,"enemies":"Small Slimes","floor":1,"turns":4},{"damage":21,"enemies":"3 Sentries","floor":8,"turns":6},{"damage":19,"enemies":"Lagavulin","floor":10,"turns":4},{"damage":1,"enemies":"Jaw Worm","floor":11,"turns":2},{"damage":0,"enemies":"Cultist","floor":14,"turns":2},{"damage":15,"enemies":"Hexaghost","floor":16,"turns":4},{"damage":1,"enemies":"Shell Parasite","floor":18,"turns":2},{"damage":14,"enemies":"2 Thieves","floor":19,"turns":3},{"damage":17,"enemies":"Gremlin Leader","floor":24,"turns":4},{"damage":0,"enemies":"Snecko","floor":25,"turns":3},{"damage":13,"enemies":"Centurion and Healer","floor":31,"turns":2},{"damage":4,"enemies":"Champ","floor":33,"turns":3},{"damage":3,"enemies":"3 Shapes","floor":35,"turns":2},{"damage":0,"enemies":"3 Darklings","floor":37,"turns":3},{"damage":0,"enemies":"Jaw Worm Horde","floor":38,"turns":3},{"damage":0,"enemies":"Writhing Mass","floor":39,"turns":2},{"damage":6,"enemies":"Giant Head","floor":40,"turns":2},{"damage":0,"enemies":"3 Darklings","floor":45,"turns":3},{"damage":0,"enemies":"Reptomancer","floor":46,"turns":3},{"damage":0,"enemies":"R_Hoarder","floor":48,"turns":2},{"damage":0,"enemies":"Awakened One","floor":50,"turns":4}],"seed_played":"7161485541250160436","potions_obtained":[{"floor":1,"key":"Energy Potion"},{"floor":10,"key":"FearPotion"},{"floor":18,"key":"Regen Potion"},{"floor":25,"key":"PowerPotion"},{"floor":35,"key":"Venom Potion"},{"floor":36,"key":"DuplicationPotion"},{"floor":36,"key":"Regen Potion"},{"floor":36,"key":"LiquidMemories"}],"is_trial":false,"path_per_floor":["M","?","?","?","$","R","?","E","T","E","M","$","?","M","R","B",null,"M","M","?","?","$","R","E","M","T","?","R","$","?","M","R","B",null,"M","$","M","M","M","E","R","$","T","$","M","E","R","E","R","B",null],"character_chosen":"DEFECT","items_purchased":["testmod-Muramasa","Lee\u0027s Waffle","Storm","Beam Cell","Mayhem","Sweeping Beam","testmod-EscapePotion","Venom Potion","Guardian:GemstoneGun","Blue Doll","testmod-Motorcycle","Adrenaline Potion","FTL","ColorlessPotion","Lockon","Replay:PocketPolymizer","Chameleon Ring","DuplicationPotion","DollysMirror","Onion Ring","testmod-ArcanaOfDestiny","OrangePellets","Panacea","Oddly Smooth Stone","ReplayTheSpireMod:Shallot","EntropicBrew","testmod-SpacePotion","Leap","Stack+1","Cauldron","Orichalcum","Bronze Scales","champ:Barbells","Apotheosis","BlessingOfTheForge","testmod-Antiphasic","Centennial Puzzle","HandDrill"],"campfire_rested":1,"item_purchase_floors":[5,5,5,5,5,5,5,5,5,12,12,12,12,12,12,22,22,22,22,29,29,29,29,36,36,36,36,36,36,36,42,42,42,42,42,44,44,44],"current_hp_per_floor":[70,70,63,63,89,89,67,46,46,27,26,26,8,8,34,19,89,88,74,74,74,74,74,79,79,79,79,79,79,79,66,66,62,89,86,86,86,88,88,82,82,82,82,82,82,82,82,84,84,89],"gold":5916,"neow_bonus":"TEN_PERCENT_HP_BONUS","is_daily":false,"chose_seed":false,"campfire_upgraded":7,"win_rate":0.0,"timestamp":1613799750,"path_taken":["M","?","?","?","$","R","?","E","T","E","?","$","?","M","R","BOSS","M","M","?","?","$","R","E","M","T","?","R","$","?","M","R","BOSS","M","$","M","M","M","E","R","$","T","$","M","E","R","E","R","BOSS"],"items_purchased_type":["Relic","Relic","Card","Card","Card","Card","Potion","Potion","Relic","Relic","Relic","Potion","Card","Potion","Card","Relic","Relic","Potion","Relic","Relic","Relic","Relic","Card","Relic","Relic","Potion","Potion","Card","Card","Relic","Relic","Relic","Relic","Card","Potion","Relic","Relic","Relic"],"build_version":"2020-12-22","purchased_purges":7,"victory":true,"max_hp_per_floor":[82,82,82,82,89,89,89,89,89,89,89,89,89,89,89,89,89,89,89,89,89,89,89,89,89,89,89,89,89,89,89,89,89,89,89,89,89,89,89,89,89,89,89,89,89,89,89,89,89,89],"relic_stats":{"Lee\u0027s Waffle":26,"counters":[21,63],"Golden Idol":161,"Pen Nib":[25],"Bag of Preparation":[8],"Ginger":[0],"Orichalcum":[6],"Centennial Puzzle":[0],"Bronze Scales":[15],"Tiny Chest":0,"Nloth\u0027s Gift":3,"HandDrill":[4],"obtain_stats":[{"Replay:PocketPolymizer":22,"Blue Doll":12,"Bag of Preparation":40,"Ginger":10,"testmod-RandomTest":13,"testmod-BlackFramedGlasses":46,"Centennial Puzzle":44,"Replay:Bandana":48,"Chameleon Ring":22,"testmod-InjuryResistance":34,"testmod-Motorcycle":12,"DollysMirror":22,"Tiny Chest":34,"HandDrill":44,"testmod-InfectionSource":0,"Cracked Core":0,"testmod-ArcanaOfDestiny":29,"InkBottle":34,"champ:Barbells":42,"testmod-Muramasa":5,"Lee\u0027s Waffle":5,"testmod-TestBox":0,"Golden Idol":7,"Guardian:GemstoneGun":5,"Oddly Smooth Stone":36,"Pen Nib":8,"Omamori":26,"Orichalcum":42,"testmod-IndustrialRevolution":2,"testmod-Fortitude":24,"Calling Bell":34,"sneckomod:BabySnecko":21,"OrangePellets":29,"Cauldron":36,"testmod-Antiphasic":44,"ReplayTheSpireMod:Shallot":36,"Bronze Scales":42,"Simple Rune":9,"ChewingGum":17,"Onion Ring":29,"Nloth\u0027s Gift":30,"ReplayTheSpireMod:TigerMarble":43},{"Replay:PocketPolymizer":8,"Blue Doll":4,"Bag of Preparation":17,"Ginger":3,"testmod-RandomTest":4,"testmod-BlackFramedGlasses":19,"Centennial Puzzle":17,"Replay:Bandana":20,"Chameleon Ring":8,"testmod-InjuryResistance":12,"testmod-Motorcycle":4,"DollysMirror":8,"Tiny Chest":12,"HandDrill":17,"testmod-InfectionSource":0,"Cracked Core":0,"testmod-ArcanaOfDestiny":10,"InkBottle":12,"champ:Barbells":17,"testmod-Muramasa":1,"Lee\u0027s Waffle":1,"testmod-TestBox":0,"Golden Idol":1,"Guardian:GemstoneGun":1,"Oddly Smooth Stone":13,"Pen Nib":2,"Omamori":10,"Orichalcum":17,"testmod-IndustrialRevolution":1,"testmod-Fortitude":9,"Calling Bell":12,"sneckomod:BabySnecko":8,"OrangePellets":10,"Cauldron":13,"testmod-Antiphasic":17,"ReplayTheSpireMod:Shallot":13,"Bronze Scales":17,"Simple Rune":2,"ChewingGum":6,"Onion Ring":10,"Nloth\u0027s Gift":10,"ReplayTheSpireMod:TigerMarble":17},{"Replay:PocketPolymizer":27,"Blue Doll":16,"Bag of Preparation":51,"Ginger":14,"testmod-RandomTest":16,"testmod-BlackFramedGlasses":57,"Centennial Puzzle":51,"Replay:Bandana":59,"Chameleon Ring":27,"testmod-InjuryResistance":39,"testmod-Motorcycle":16,"DollysMirror":27,"Tiny Chest":39,"HandDrill":51,"testmod-InfectionSource":0,"Cracked Core":0,"testmod-ArcanaOfDestiny":34,"InkBottle":39,"champ:Barbells":51,"testmod-Muramasa":4,"Lee\u0027s Waffle":4,"testmod-TestBox":0,"Golden Idol":4,"Guardian:GemstoneGun":4,"Oddly Smooth Stone":41,"Pen Nib":10,"Omamori":34,"Orichalcum":51,"testmod-IndustrialRevolution":4,"testmod-Fortitude":31,"Calling Bell":39,"sneckomod:BabySnecko":27,"OrangePellets":34,"Cauldron":41,"testmod-Antiphasic":51,"ReplayTheSpireMod:Shallot":41,"Bronze Scales":51,"Simple Rune":10,"ChewingGum":22,"Onion Ring":34,"Nloth\u0027s Gift":34,"ReplayTheSpireMod:TigerMarble":51}],"InkBottle":[30]},"card_choices":[{"not_picked":["Stack","Hologram"],"picked":"ReplaySolidLightProjector","floor":1},{"not_picked":["Compile Driver","Hologram"],"picked":"Go for the Eyes","floor":8},{"not_picked":["Creative AI","ReplayTheSpireMod:System Scan"],"picked":"Gash","floor":10},{"not_picked":["Redo","Hologram"],"picked":"Melter","floor":11},{"not_picked":["Hologram","Lockon","Blizzard"],"picked":"SKIP","floor":14},{"not_picked":["Multi-Cast","Buffer"],"picked":"Seek","floor":16},{"not_picked":["Static Discharge","Panic Button"],"picked":"Capacitor","floor":18},{"not_picked":["Coolheaded","BootSequence+1"],"picked":"Defragment","floor":19},{"not_picked":["Leap+1","Barrage"],"picked":"Gash","floor":24},{"not_picked":["Heatsinks","Streamline+1"],"picked":"Coolheaded+1","floor":25},{"not_picked":["ReplaySolidLightProjector","Loop","Go for the Eyes"],"picked":"SKIP","floor":31},{"not_picked":["ReplayTheSpireMod:Fabricate Wheel","ReplayRNGCard"],"picked":"Fission","floor":33},{"not_picked":["Time Bomb+1","Barrage+1"],"picked":"ReplayTheSpireMod:Calculation Training+1","floor":35},{"not_picked":["Go for the Eyes+1","BasicCrystalCard"],"picked":"Conserve Battery+1","floor":37},{"not_picked":["Cold Snap","Aggregate"],"picked":"All For One","floor":38},{"not_picked":["FTL+1","Steam"],"picked":"Coolheaded+1","floor":39},{"not_picked":["Mirror Shield","ReplayTheSpireMod:Fabricate Wheel","Machine Learning"],"picked":"SKIP","floor":40},{"not_picked":["Conserve Battery+1","Darkness","Cold Snap"],"picked":"SKIP","floor":45},{"not_picked":["Reprogram+1","Tempest+1","Lockon+1"],"picked":"SKIP","floor":46},{"not_picked":["Sweeping Beam+1","Amplify"],"picked":"Electrodynamics","floor":48}],"player_experience":135818,"relics_obtained":[{"floor":8,"key":"Pen Nib"},{"floor":9,"key":"Simple Rune"},{"floor":10,"key":"Ginger"},{"floor":24,"key":"testmod-Fortitude"},{"floor":26,"key":"Omamori"},{"floor":34,"key":"Tiny Chest"},{"floor":34,"key":"InkBottle"},{"floor":34,"key":"testmod-InjuryResistance"},{"floor":40,"key":"Bag of Preparation"},{"floor":43,"key":"ReplayTheSpireMod:TigerMarble"},{"floor":46,"key":"testmod-BlackFramedGlasses"},{"floor":48,"key":"Replay:Bandana"}],"event_choices":[{"damage_healed":0,"gold_gain":0,"player_choice":"Box","damage_taken":0,"relics_obtained":["testmod-IndustrialRevolution"],"max_hp_gain":0,"max_hp_loss":0,"event_name":"Big Fish","floor":2,"gold_loss":0,"cards_obtained":["Regret"]},{"cards_removed":["Regret"],"damage_healed":0,"gold_gain":0,"player_choice":"Card Removal","damage_taken":7,"max_hp_gain":0,"max_hp_loss":0,"event_name":"Golden Wing","floor":3,"gold_loss":0},{"damage_healed":0,"gold_gain":0,"player_choice":"Left Gold","damage_taken":0,"max_hp_gain":0,"max_hp_loss":0,"event_name":"World of Goop","floor":4,"gold_loss":42},{"damage_healed":0,"gold_gain":0,"player_choice":"Take Damage","damage_taken":22,"relics_obtained":["Golden Idol"],"max_hp_gain":0,"max_hp_loss":0,"event_name":"Golden Idol","floor":7,"gold_loss":0},{"damage_healed":0,"gold_gain":0,"player_choice":"Success","damage_taken":18,"relics_obtained":["testmod-RandomTest"],"max_hp_gain":0,"max_hp_loss":0,"event_name":"Scrap Ooze","floor":13,"gold_loss":0},{"damage_healed":0,"gold_gain":0,"player_choice":"Read","damage_taken":0,"max_hp_gain":0,"max_hp_loss":0,"event_name":"The Library","floor":20,"gold_loss":0,"cards_obtained":["Gash"]},{"damage_healed":0,"gold_gain":400,"player_choice":"Sell","damage_taken":0,"max_hp_gain":0,"max_hp_loss":0,"event_name":"¶÷ÂåË¹µÄÅÌ×Ó","floor":27,"relics_lost":["testmod-TestBox"],"gold_loss":0},{"damage_healed":0,"gold_gain":0,"player_choice":"Traded Relic","damage_taken":0,"relics_obtained":["Nloth\u0027s Gift"],"max_hp_gain":0,"max_hp_loss":0,"event_name":"N\u0027loth","floor":30,"relics_lost":["OrangePellets"],"gold_loss":0}],"is_beta":false,"boss_relics":[{"not_picked":["testmod-EnergyCheck","Replay:Drink Me"],"picked":"ChewingGum"},{"not_picked":["Abe\u0027s Treasure","testmod-SaigiyounoYou"],"picked":"Calling Bell"}],"items_purged_floors":[5,12,22,29,36,42,44],"is_endless":false,"potions_floor_spawned":[1,10,14,18,25,35,37,45,46,48],"ascension_level":0}}