{"host":"1ftto2vaskemldx8","time":1613843132,"event":{"mods":["BaseMod","Downfall","Minty Spire (QoL Compilation)","Replay The Spire","StSLib","Together in Spire","[功能]功能增强和修复MOD"],"gold_per_floor":[99,111,111,122,142,173,219,551,594,609,640,654,403,403,416,511,511,280,298,318,167,442,452,475,485,667,667,686,526,526,585,603,701,701,701,721,758,758,773,773,797,797,832,842,731,746,761,786,796,796,796,829,700,700,700,700],"floor_reached":57,"language":"ZHS","playtime":5140,"items_purged":["Slimebound:Strike_Slimebound","Slimebound:Defend_Slimebound","Slimebound:Strike_Slimebound","Slimebound:Defend_Slimebound","Parasite","Regret","Slimebound:LeadByExample"],"score":2258,"play_id":"c7edabd1-60d9-4792-809e-a89c4722de2d","local_time":"20210221014532","is_ascension_mode":false,"campfire_choices":[{"floor":1,"key":"RECALL"},{"data":"Slimebound:OozeBath","floor":27,"key":"SMITH"},{"data":"Slimebound:SlimeBrawl","floor":30,"key":"SMITH"},{"data":"Slimebound:Darklings","floor":40,"key":"SMITH"},{"data":"Slimebound:Repurpose","floor":54,"key":"SMITH"}],"circlet_count":0,"master_deck":["Slimebound:Tackle","Slimebound:Split","Slimebound:CorrosiveSpit","Slimebound:SlimeTap","Slimebound:SplitMire","Slimebound:MinionMaster","Slimebound:RollThrough+1","Slimebound:SlimeBrawl+1","Slimebound:GoopSpray","Slimebound:SplitAcid","Slimebound:SlimeTap+1","Slimebound:Equalize+1","Slimebound:Gluttony+1","Slimebound:TongueLash","Slimebound:FormOfPuddle","Slimebound:MinionMaster+1","Slimebound:SplitLeeching+1","expansioncontent:InvincibleStrength+1","Sadistic Nature+1","Slimebound:Repurpose+1","Slimebound:WasteNot","Slimebound:GrowthPunch+1","Slimebound:Schlurp","Slimebound:ForwardTackle+1","Slimebound:SpikyOuterGoop+1","Slimebound:Nibble","Slimebound:AcidTongue+1","Slimebound:Overexert+1","HandOfGreed+1","Slimebound:ProtectTheBoss+1","expansioncontent:StudyTheSpire+1","Slimebound:SpikyOuterGoop+1","Slimebound:SplitLeeching+1","Slimebound:Teamwork","CurseOfTheBell","Decay","CommonCold","Slimebound:SplitBruiser","Slimebound:GoopTackle+1","Slimebound:Darklings+1","Parasite","Slimebound:ViciousTackle+1","Slimebound:LeadByExample+1","Slimebound:RainOfGoop+1","Slimebound:Prepare","expansioncontent:AwakenDeath+1"],"relics":["Slimebound:AggressiveSlimeRelic","Divine Protection","Old Coin","Ancient Tea Set","Frozen Egg 2","Counterbalance","Dream Catcher","TheAbacus","m_BurningSludge","Coffee Dripper","downfall:HeartBlessingRed","downfall:HeartBlessingGreen","downfall:HeartBlessingBlue","Letter Opener","BargainBundle","Eternal Feather","Lantern","Molten Egg 2","Lizard Tail","PreservedInsect","Ice Cream","OrangePellets","Chameleon Ring","Replay:Ancient Bell","War Paint","Replay:Bottled Snecko","Du-Vu Doll","Bronze Scales","Anchor","Torii","Replay:Mystery Machine","Whetstone","Oddly Smooth Stone","Replay:Rubber Ducky","Orichalcum","HandDrill"],"acts_visited":["Exordium","TheCity","TheBeyond","TheEnding"],"potions_floor_usage":[6,8,8,11,12,13,16,25,31,31,32,32,33,33,37,43,44,48,48,48,49,50,56],"damage_taken":[{"damage":12,"enemies":"2 Louse","floor":2,"turns":3},{"damage":1,"enemies":"Cultist","floor":4,"turns":3},{"damage":0,"enemies":"Small Slimes","floor":5,"turns":2},{"damage":35,"enemies":"3 Sentries","floor":6,"turns":6},{"damage":20,"enemies":"Gremlin Nob","floor":8,"turns":4},{"damage":7,"enemies":"Exordium Thugs","floor":10,"turns":3},{"damage":13,"enemies":"Lagavulin","floor":11,"turns":5},{"damage":0,"enemies":"downfall:LooterAlt","floor":12,"turns":2},{"damage":0,"enemies":"downfall:FleeingMerchant","floor":13,"turns":4},{"damage":17,"enemies":"Lots of Slimes","floor":15,"turns":3},{"damage":5,"enemies":"WA_ARCHETYPE_RETAIN","floor":16,"turns":6},{"damage":6,"enemies":"3 Byrds","floor":19,"turns":3},{"damage":0,"enemies":"Spheric Guardian","floor":20,"turns":4},{"damage":0,"enemies":"downfall:FleeingMerchant","floor":21,"turns":4},{"damage":0,"enemies":"Cultist and Chosen","floor":23,"turns":3},{"damage":0,"enemies":"Snake Plant","floor":25,"turns":2},{"damage":6,"enemies":"downfall:FleeingMerchant","floor":26,"turns":3},{"damage":10,"enemies":"Snecko","floor":28,"turns":5},{"damage":1,"enemies":"Gremlin Leader","floor":31,"turns":2},{"damage":0,"enemies":"3 Cultists","floor":32,"turns":4},{"damage":25,"enemies":"IC_MUSHROOM_ARCHETYPE","floor":33,"turns":5},{"damage":10,"enemies":"Orb Walker","floor":36,"turns":2},{"damage":0,"enemies":"3 Shapes","floor":37,"turns":2},{"damage":13,"enemies":"Writhing Mass","floor":39,"turns":5},{"damage":15,"enemies":"R_Hoarder","floor":43,"turns":4},{"damage":0,"enemies":"Spire Growth","floor":44,"turns":4},{"damage":4,"enemies":"Transient","floor":46,"turns":5},{"damage":0,"enemies":"Maw","floor":47,"turns":4},{"damage":6,"enemies":"Reptomancer","floor":48,"turns":4},{"damage":0,"enemies":"4 Shapes","floor":49,"turns":3},{"damage":24,"enemies":"SI_POISON_ARCHETYPE","floor":50,"turns":7},{"damage":27,"enemies":"downfall:CharBossMerchant","floor":52,"turns":5},{"damage":0,"enemies":"downfall:NeowBoss","floor":55,"turns":11},{"damage":9,"enemies":"downfall:NeowBossFinal","floor":56,"turns":7}],"seed_played":"-3403331256060985775","potions_obtained":[{"floor":2,"key":"Venom Potion"},{"floor":2,"key":"LiquidMemories"},{"floor":6,"key":"Languid Potion"},{"floor":6,"key":"DuplicationPotion"},{"floor":8,"key":"Fire Potion"},{"floor":9,"key":"Weak Potion"},{"floor":10,"key":"Milkshake"},{"floor":11,"key":"SkillPotion"},{"floor":12,"key":"AttackPotion"},{"floor":15,"key":"Elixir"},{"floor":16,"key":"EssenceOfSteel"},{"floor":19,"key":"Adrenaline Potion"},{"floor":23,"key":"SkillPotion"},{"floor":25,"key":"Fire Potion"},{"floor":25,"key":"champ:CounterPotion"},{"floor":31,"key":"FearPotion"},{"floor":31,"key":"Fire Potion"},{"floor":32,"key":"DuplicationPotion"},{"floor":33,"key":"Fire Potion"},{"floor":35,"key":"SmokeBomb"},{"floor":35,"key":"FearPotion"},{"floor":39,"key":"Adrenaline Potion"},{"floor":39,"key":"Toxic Potion"},{"floor":43,"key":"Ancient Potion"},{"floor":46,"key":"Swift Potion"},{"floor":47,"key":"Adrenaline Potion"},{"floor":48,"key":"FairyPotion"},{"floor":48,"key":"Guardian:BlockOnCardUsePotion"},{"floor":48,"key":"ColorlessPotion"}],"is_trial":false,"path_per_floor":["R","M","?","M","M","E","T","E","?","M","E","M","$","?","M","B",null,"R","M","M","$","?","M","T","M","$","R","M","$","R","E","M","B",null,"R","M","M","?","M","R","T","?","E","M","$","M","M","E","M","B",null,"E","$","R","B","B",null],"character_chosen":"SLIMEBOUND","items_purchased":["Counterbalance","Dream Catcher","TheAbacus","Slimebound:MinionMaster+1","Slimebound:SplitLeeching","expansioncontent:InvincibleStrength","Sadistic Nature+1","Letter Opener","BargainBundle","Eternal Feather","Slimebound:SpikyOuterGoop+1","Slimebound:Nibble","Molten Egg 2","Lizard Tail","HandOfGreed+1","Slimebound:ProtectTheBoss+1","expansioncontent:StudyTheSpire","PreservedInsect","Ice Cream","OrangePellets","Torii","Replay:Mystery Machine","Slimebound:LeadByExample+1","Replay:Rubber Ducky","Orichalcum","HandDrill","FairyPotion","expansioncontent:AwakenDeath"],"campfire_rested":0,"item_purchase_floors":[13,13,13,13,13,13,13,21,21,21,21,21,26,26,26,26,29,29,29,29,45,45,45,53,53,53,53,53],"current_hp_per_floor":[65,57,57,60,65,38,38,26,26,27,28,40,54,54,47,56,65,75,73,75,72,72,72,72,72,72,72,62,62,72,72,72,53,72,72,64,66,66,53,72,72,72,63,65,65,72,72,72,72,54,72,51,51,72,72,72],"gold":700,"neow_bonus":"RANDOM_COMMON_RELIC","is_daily":false,"chose_seed":false,"campfire_upgraded":4,"win_rate":0.0,"timestamp":1613843132,"path_taken":["R","M","?","M","?","E","T","E","?","M","E","M","$","?","M","BOSS","R","M","M","$","?","M","T","?","$","R","M","$","R","E","M","BOSS","R","M","M","?","M","R","T","?","E","M","$","M","M","E","M","BOSS","E","$","R","BOSS","BOSS"],"items_purchased_type":["Relic","Relic","Relic","Card","Card","Card","Card","Relic","Relic","Relic","Card","Card","Relic","Relic","Card","Card","Card","Relic","Relic","Relic","Relic","Relic","Card","Relic","Relic","Relic","Potion","Card"],"build_version":"2020-12-22","purchased_purges":7,"victory":true,"max_hp_per_floor":[65,65,65,65,65,65,65,65,65,65,65,65,65,65,65,65,65,75,75,75,72,72,72,72,72,72,72,72,72,72,72,72,72,72,72,72,72,72,72,72,72,72,72,72,72,72,72,72,72,72,72,72,72,72,72,72],"card_choices":[{"not_picked":["Slimebound:Grow","Slimebound:LivingWall"],"picked":"Slimebound:SlimeTap","floor":2},{"not_picked":["Slimebound:SplitMire","Slimebound:SplitAcid"],"picked":"Slimebound:RollThrough","floor":4},{"not_picked":["Slimebound:HauntingLick","Slimebound:SamplingLick"],"picked":"Slimebound:SlimeBrawl","floor":5},{"not_picked":["Slimebound:GoopSpray","Slimebound:GoopTackle"],"picked":"Slimebound:LeadByExample","floor":6},{"not_picked":["Slimebound:SlimeSpikes","Slimebound:SplitAcid"],"picked":"Slimebound:GoopSpray","floor":8},{"not_picked":["Slimebound:Prepare","Slimebound:Dissolve"],"picked":"Slimebound:SplitAcid","floor":9},{"not_picked":["Slimebound:FinishingTackle","Slimebound:Replication"],"picked":"Slimebound:SlimeTap","floor":9},{"not_picked":["Slimebound:FirmFortitude","Slimebound:GoopTackle"],"picked":"Slimebound:Equalize","floor":10},{"not_picked":["Slimebound:SplitAcid","Slimebound:TongueLash"],"picked":"Slimebound:Gluttony+1","floor":11},{"not_picked":["Slimebound:LivingWall","Slimebound:SamplingLick"],"picked":"Slimebound:TongueLash","floor":12},{"not_picked":["Slimebound:HauntingLick","Slimebound:SplitAcid"],"picked":"Slimebound:FormOfPuddle","floor":13},{"not_picked":["Pummel","Slimebound:ItLooksTasty"],"picked":"Slimebound:Repurpose","floor":15},{"not_picked":["Slimebound:SelfFormingGoo+1","Slimebound:FirmFortitude"],"picked":"Slimebound:WasteNot","floor":16},{"not_picked":["Slimebound:BestDefense+1","Slimebound:LeechEnergy"],"picked":"Slimebound:GrowthPunch+1","floor":19},{"not_picked":["Slimebound:GoopSpray+1","Slimebound:FormOfPuddle"],"picked":"Slimebound:Schlurp","floor":20},{"not_picked":["Slimebound:Prepare","Slimebound:GoopSpray"],"picked":"Slimebound:ForwardTackle+1","floor":21},{"not_picked":["Slimebound:FormOfPuddle","Slimebound:SlimeSpikes"],"picked":"Slimebound:AcidTongue+1","floor":23},{"not_picked":["Slimebound:LivingWall","Slimebound:Schlurp","Slimebound:SplitMire"],"picked":"SKIP","floor":25},{"not_picked":["Slimebound:SplitBruiser","Slimebound:LeechingTouch+1"],"picked":"Slimebound:Overexert+1","floor":26},{"not_picked":["Slimebound:SplitLeeching","Slimebound:LeechingTouch+1","Slimebound:FinishingTackle+1"],"picked":"SKIP","floor":28},{"not_picked":["Slimebound:FinishingTackle+1","Slimebound:GoopSpray+1"],"picked":"Slimebound:SpikyOuterGoop+1","floor":31},{"not_picked":["Slimebound:HauntingLick","Slimebound:Schlurp+1"],"picked":"Slimebound:SplitLeeching+1","floor":32},{"not_picked":["Slimebound:FirmFortitude","Slimebound:PrepareCrush"],"picked":"Slimebound:Teamwork","floor":33},{"not_picked":["ReplayTheSpireMod:IOU","Amnesia"],"picked":"CurseOfTheBell","floor":34},{"not_picked":["Parasite","Delirium"],"picked":"Decay","floor":34},{"not_picked":["Replay:Hysterical Blindness","Languid"],"picked":"CommonCold","floor":34},{"not_picked":["Slimebound:Schlurp+1","Slimebound:FinishingTackle+1"],"picked":"Slimebound:SplitBruiser","floor":36},{"not_picked":["Slimebound:SplitBruiser","Slimebound:PressTheAttack+1"],"picked":"Slimebound:GoopTackle+1","floor":37},{"not_picked":["Slimebound:GrowthPunch+1","Slimebound:LeechEnergy+1","Slimebound:GoopTackle+1"],"picked":"SKIP","floor":39},{"not_picked":["Slimebound:ComboTackle+1","Slimebound:Replication","Slimebound:ItLooksTasty+1"],"picked":"SKIP","floor":43},{"not_picked":["Slimebound:Dissolve","Slimebound:GoopSpray+1"],"picked":"Slimebound:ViciousTackle+1","floor":44},{"not_picked":["Slimebound:SlimeSpikes","Slimebound:ItLooksTasty+1","Slimebound:SlimeBrawl+1"],"picked":"SKIP","floor":46},{"not_picked":["Slimebound:SlimeBarrage+1","Slimebound:Chomp+1","Slimebound:Schlurp"],"picked":"SKIP","floor":47},{"not_picked":["Slimebound:SamplingLick","Slimebound:GrowthPunch+1","Slimebound:SlimeBrawl+1"],"picked":"SKIP","floor":48},{"not_picked":["Slimebound:SplitLeeching","Slimebound:Replication+1"],"picked":"Slimebound:RainOfGoop+1","floor":49},{"not_picked":["Slimebound:LivingWall+1","Slimebound:Grow+1"],"picked":"Slimebound:Prepare","floor":52}],"player_experience":178264,"relics_obtained":[{"floor":6,"key":"Divine Protection"},{"floor":8,"key":"Old Coin"},{"floor":9,"key":"Ancient Tea Set"},{"floor":11,"key":"Frozen Egg 2"},{"floor":24,"key":"Lantern"},{"floor":31,"key":"Chameleon Ring"},{"floor":41,"key":"Bronze Scales"},{"floor":43,"key":"Anchor"},{"floor":48,"key":"Whetstone"},{"floor":52,"key":"Oddly Smooth Stone"}],"event_choices":[{"damage_healed":0,"gold_gain":0,"player_choice":"Ignored","damage_taken":0,"max_hp_gain":0,"max_hp_loss":0,"event_name":"NoteForYourself","floor":42,"gold_loss":0}],"is_beta":false,"boss_relics":[{"not_picked":["Replay:Drink Me","Runic Dome"],"picked":"Coffee Dripper"},{"not_picked":["Black Star","Velvet Choker"],"picked":"Replay:Ancient Bell"},{"not_picked":["Grinning Jar","Toy Ornithopter"],"picked":"War Paint"},{"not_picked":["Singing Bowl","Replay:Ringing Soul"],"picked":"Replay:Bottled Snecko"},{"not_picked":["StoneCalendar","Incense Burner"],"picked":"Du-Vu Doll"}],"items_purged_floors":[13,13,13,13,21,29,45],"is_endless":false,"potions_floor_spawned":[2,2,6,6,8,10,11,12,15,16,19,23,25,25,28,28,31,31,32,33,39,39,43,43,46,46,47,47,48,48,48,49],"ascension_level":0}}