{"host":"3t6uby4o5waaq95r","time":1613833510,"event":{"mods":["AchievementEnabler","BaseMod","Bestiary","Colored Map","Highlight Path","Minty Spire (QoL Compilation)","Permanent Neow","Quick Restart","Random Character Button","SuperFastMode"],"gold_per_floor":[119,269,269,282,282,302,314,199,199,215,242,242,242,242,242,242,242],"floor_reached":16,"language":"ENG","playtime":838,"items_purged":["Strike_R"],"score":180,"play_id":"c11ff670-7bb0-4cca-8540-5d5a1aea7a47","local_time":"20210220090510","is_ascension_mode":true,"campfire_choices":[{"data":"Whirlwind","floor":13.0,"key":"SMITH"},{"floor":15.0,"key":"REST"}],"circlet_count":0,"master_deck":["AscendersBane","Strike_R","Strike_R","Strike_R","Defend_R","Defend_R","Defend_R","Defend_R","Bash","Sentinel","Twin Strike","Offering","Iron Wave","Second Wind","Spot Weakness","Heavy Blade","Sever Soul","Whirlwind+1","Impervious","Entrench"],"relics":["Burning Blood","NeowsBlessing","MealTicket","Matryoshka","Boot"],"acts_visited":["Exordium"],"potions_floor_usage":[16],"damage_taken":[{"damage":0.0,"enemies":"2 Louse","floor":1.0,"turns":1.0},{"damage":0.0,"enemies":"Jaw Worm","floor":4.0,"turns":1.0},{"damage":0.0,"enemies":"Cultist","floor":6.0,"turns":1.0},{"damage":23.0,"enemies":"3 Louse","floor":7.0,"turns":3.0},{"damage":6.0,"enemies":"Red Slaver","floor":10.0,"turns":3.0},{"damage":30.0,"enemies":"3 Sentries","floor":11.0,"turns":6.0},{"damage":50,"enemies":"Slime Boss","floor":16,"turns":11}],"seed_played":"-6638200131673076858","potions_obtained":[{"floor":6.0,"key":"SpeedPotion"},{"floor":7.0,"key":"SkillPotion"},{"floor":11.0,"key":"Fruit Juice"}],"is_trial":false,"path_per_floor":["M","?","?","M","?","M","M","$","T","M","E","?","R","?","R","B"],"character_chosen":"IRONCLAD","items_purchased":["Sever Soul"],"campfire_rested":1,"item_purchase_floors":[8],"current_hp_per_floor":[74,74,74,75,75,75,58,58,58,58,39,39,39,21,45,0,0],"gold":242,"neow_bonus":"THREE_ENEMY_KILL","is_daily":false,"chose_seed":false,"campfire_upgraded":1,"win_rate":0.0,"timestamp":1613833510,"path_taken":["M","?","?","?","?","?","M","$","T","M","E","?","R","?","R","BOSS"],"items_purchased_type":["Card"],"build_version":"2020-12-22","purchased_purges":1,"victory":false,"max_hp_per_floor":[75,75,75,75,75,75,75,75,75,75,80,80,80,80,80,80,80],"card_choices":[{"not_picked":["Flex","Rupture"],"picked":"Sentinel","floor":1.0},{"not_picked":["Wild Strike","Shockwave"],"picked":"Twin Strike","floor":4.0},{"not_picked":["Warcry","Seeing Red"],"picked":"Spot Weakness","floor":6.0},{"not_picked":["Clash","Spot Weakness"],"picked":"Heavy Blade","floor":7.0},{"not_picked":["Wild Strike","Havoc"],"picked":"Whirlwind","floor":10.0},{"not_picked":["Clothesline","Evolve"],"picked":"Impervious","floor":11.0}],"player_experience":812005,"relics_obtained":[{"floor":9.0,"key":"MealTicket"},{"floor":11.0,"key":"Matryoshka"}],"event_choices":[{"damage_healed":0.0,"max_hp_gain":0.0,"max_hp_loss":0.0,"gold_gain":150.0,"event_name":"Liars Game","player_choice":"AGREE","floor":2.0,"gold_loss":0.0,"damage_taken":0.0,"cards_obtained":["Doubt"]},{"cards_removed":["Doubt"],"damage_healed":0.0,"max_hp_gain":0.0,"max_hp_loss":0.0,"gold_gain":0.0,"event_name":"Purifier","player_choice":"Purged","floor":3.0,"gold_loss":0.0,"damage_taken":0.0},{"damage_healed":0.0,"max_hp_gain":0.0,"max_hp_loss":0.0,"gold_gain":0.0,"event_name":"Match and Keep!","player_choice":"3 cards matched","floor":5.0,"gold_loss":0.0,"damage_taken":0.0,"cards_obtained":["Offering","Iron Wave","Second Wind"]},{"damage_healed":0.0,"max_hp_gain":0.0,"max_hp_loss":0.0,"gold_gain":0.0,"cards_transformed":["Strike_R"],"event_name":"Living Wall","player_choice":"Change","floor":12.0,"gold_loss":0.0,"damage_taken":0.0,"cards_obtained":["Entrench"]},{"damage_healed":0.0,"max_hp_gain":0.0,"max_hp_loss":0.0,"gold_gain":0.0,"event_name":"Scrap Ooze","player_choice":"Success","floor":14.0,"gold_loss":0.0,"damage_taken":18.0,"relics_obtained":["Boot"]}],"is_beta":false,"boss_relics":[],"items_purged_floors":[8],"is_endless":false,"potions_floor_spawned":[6,7,11],"killed_by":"Slime Boss","ascension_level":16}}