{"host":"s229x1smnerk6mew","time":1613817556,"event":{"mods":["BaseMod","Bestiary","Minty Spire (QoL Compilation)","Relic Stats"],"gold_per_floor":[115,125,135,135,153,153,228,254,254,254,254,290,290,308,308,398,398,421,421,440,440,23,54,79,123,123,123,248,248,279,279,279,373,373,388,438,22,38,52,88,421,436,509,509,509,540,557,582,582,582,582,582,582,122,148,148],"floor_reached":57,"language":"ENG","playtime":3983,"items_purged":["Strike_R","Strike_R","Strike_R"],"score":2937,"play_id":"a5192b7c-6c65-4b66-836f-e6ffd2765717","local_time":"20210220213916","is_ascension_mode":true,"campfire_choices":[{"data":"Uppercut","floor":6,"key":"SMITH"},{"floor":11,"key":"REST"},{"data":"Spot Weakness","floor":13,"key":"SMITH"},{"data":"Twin Strike","floor":15,"key":"SMITH"},{"data":"Feed","floor":27,"key":"SMITH"},{"data":"Double Tap","floor":29,"key":"SMITH"},{"data":"Immolate","floor":32,"key":"SMITH"},{"floor":45,"key":"RECALL"},{"data":"Fiend Fire","floor":49,"key":"SMITH"},{"data":"Corruption","floor":53,"key":"SMITH"}],"circlet_count":0,"master_deck":["AscendersBane","Strike_R","Defend_R","Defend_R","Defend_R","Bash","Twin Strike+1","Uppercut+1","Thunderclap","Iron Wave","Spot Weakness+1","Iron Wave","Battle Trance","Feed+1","Rage+1","Offering","Pommel Strike","Double Tap+1","Immolate+1","Corruption+1","Fiend Fire+1","Headbutt+1","Dropkick+1","Havoc+1","Seeing Red+1","Shrug It Off+1","Reaper","Sentinel+1","Impervious"],"relics":["Burning Blood","Incense Burner","Ice Cream","Philosopher\u0027s Stone","Nloth\u0027s Gift","MutagenicStrength","FossilizedHelix","Shuriken","Ornamental Fan","Unceasing Top","Question Card","Meat on the Bone","Runic Pyramid","CaptainsWheel","Pocketwatch","Paper Frog","Boot","Toy Ornithopter","Anchor","Dead Branch"],"acts_visited":["Exordium","TheCity","TheBeyond","TheEnding"],"potions_floor_usage":[12,12,28,30,33,56,56],"damage_taken":[{"damage":8,"enemies":"Small Slimes","floor":1,"turns":6},{"damage":4,"enemies":"2 Louse","floor":2,"turns":3},{"damage":0,"enemies":"Cultist","floor":3,"turns":3},{"damage":9,"enemies":"Looter","floor":5,"turns":3},{"damage":49,"enemies":"Lagavulin","floor":8,"turns":8},{"damage":9,"enemies":"Gremlin Nob","floor":12,"turns":4},{"damage":15,"enemies":"Large Slime","floor":14,"turns":9},{"damage":4,"enemies":"Hexaghost","floor":16,"turns":7},{"damage":20,"enemies":"Chosen","floor":18,"turns":5},{"damage":18,"enemies":"Spheric Guardian","floor":20,"turns":4},{"damage":9,"enemies":"Slavers","floor":23,"turns":5},{"damage":9,"enemies":"Snake Plant","floor":24,"turns":2},{"damage":6,"enemies":"Gremlin Leader","floor":25,"turns":4},{"damage":0,"enemies":"Colosseum Slavers","floor":28,"turns":3},{"damage":1,"enemies":"Colosseum Nobs","floor":28,"turns":4},{"damage":0,"enemies":"Book of Stabbing","floor":30,"turns":3},{"damage":43,"enemies":"Automaton","floor":33,"turns":8},{"damage":1,"enemies":"3 Shapes","floor":35,"turns":3},{"damage":11,"enemies":"3 Darklings","floor":38,"turns":3},{"damage":0,"enemies":"Sphere and 2 Shapes","floor":39,"turns":4},{"damage":18,"enemies":"Nemesis","floor":40,"turns":5},{"damage":1,"enemies":"Writhing Mass","floor":42,"turns":5},{"damage":10,"enemies":"Reptomancer","floor":46,"turns":5},{"damage":0,"enemies":"4 Shapes","floor":47,"turns":4},{"damage":0,"enemies":"Giant Head","floor":48,"turns":5},{"damage":8,"enemies":"Awakened One","floor":50,"turns":6},{"damage":33,"enemies":"Time Eater","floor":51,"turns":7},{"damage":12,"enemies":"Shield and Spear","floor":55,"turns":7},{"damage":97,"enemies":"The Heart","floor":56,"turns":9}],"seed_played":"-1707285910195571662","potions_obtained":[{"floor":5,"key":"LiquidMemories"},{"floor":8,"key":"Block Potion"},{"floor":16,"key":"ElixirPotion"},{"floor":23,"key":"EssenceOfSteel"},{"floor":24,"key":"Block Potion"},{"floor":28,"key":"BlessingOfTheForge"},{"floor":33,"key":"CultistPotion"},{"floor":35,"key":"SpeedPotion"},{"floor":42,"key":"DistilledChaos"}],"is_trial":false,"path_per_floor":["M","M","M","?","M","R","?","E","T","?","R","E","R","M","R","B",null,"M","?","M","?","$","E","M","E","T","R","?","R","E","?","R","B",null,"M","?","$","M","M","E","?","M","T","?","R","E","M","E","R","B","B",null,"R","$","E","B",null],"character_chosen":"IRONCLAD","items_purchased":["FossilizedHelix","CaptainsWheel","Impervious","Anchor"],"campfire_rested":1,"item_purchase_floors":[22,37,54,54],"current_hp_per_floor":[66,68,68,68,65,65,54,11,11,11,29,26,26,17,17,19,51,37,37,28,28,28,28,25,25,25,25,40,40,50,50,50,25,63,72,72,72,71,81,69,69,78,78,78,78,78,88,99,99,101,99,105,105,105,111,78],"gold":148,"neow_bonus":"REMOVE_TWO","is_daily":false,"chose_seed":false,"campfire_upgraded":8,"win_rate":0.0,"timestamp":1613817556,"path_taken":["M","M","M","?","M","R","?","E","T","?","R","E","R","M","R","BOSS","M","?","?","?","$","E","M","E","T","R","?","R","E","?","R","BOSS","M","?","$","M","?","E","?","M","T","?","R","E","M","E","R","BOSS","BOSS","R","$","E","BOSS"],"items_purchased_type":["Relic","Relic","Card","Relic"],"build_version":"2020-12-22","purchased_purges":3,"victory":true,"max_hp_per_floor":[68,68,68,68,68,68,68,68,68,62,62,62,62,62,62,62,62,62,62,65,65,65,68,68,68,68,68,72,72,76,76,76,76,76,80,80,80,84,88,88,88,92,92,87,87,91,95,99,99,103,107,107,107,107,111,111],"relic_stats":{"counters":[29,144],"Dead Branch":[35],"Question Card":11,"Boot":[13],"Burning Blood":159,"Shuriken":[58],"Ornamental Fan":[216],"Nloth\u0027s Gift":9,"obtain_stats":[{"Ice Cream":12,"Golden Idol":10,"Dead Branch":55,"Incense Burner":9,"Question Card":28,"Boot":46,"Burning Blood":0,"Bottled Flame":8,"CaptainsWheel":37,"Anchor":54,"Shuriken":23,"Ornamental Fan":25,"MutagenicStrength":21,"Philosopher\u0027s Stone":17,"Nloth\u0027s Gift":19,"FossilizedHelix":22,"Unceasing Top":28,"Toy Ornithopter":48,"Meat on the Bone":30,"Runic Pyramid":34,"Pocketwatch":40,"Paper Frog":43},{"Ice Cream":6,"Golden Idol":5,"Dead Branch":28,"Incense Burner":5,"Question Card":15,"Boot":23,"Burning Blood":0,"Bottled Flame":5,"CaptainsWheel":18,"Anchor":27,"Shuriken":11,"Ornamental Fan":13,"MutagenicStrength":10,"Philosopher\u0027s Stone":8,"Nloth\u0027s Gift":9,"FossilizedHelix":10,"Unceasing Top":15,"Toy Ornithopter":25,"Meat on the Bone":16,"Runic Pyramid":17,"Pocketwatch":21,"Paper Frog":22},{"Ice Cream":27,"Golden Idol":23,"Dead Branch":135,"Incense Burner":23,"Question Card":70,"Boot":106,"Burning Blood":0,"Bottled Flame":23,"CaptainsWheel":84,"Anchor":128,"Shuriken":57,"Ornamental Fan":63,"MutagenicStrength":52,"Philosopher\u0027s Stone":43,"Nloth\u0027s Gift":48,"FossilizedHelix":52,"Unceasing Top":70,"Toy Ornithopter":115,"Meat on the Bone":73,"Runic Pyramid":81,"Pocketwatch":96,"Paper Frog":101}],"Unceasing Top":[0],"Toy Ornithopter":0,"Meat on the Bone":12,"Pocketwatch":[6]},"card_choices":[{"not_picked":["Sword Boomerang","Body Slam"],"picked":"Twin Strike","floor":1},{"not_picked":["Iron Wave","Heavy Blade"],"picked":"Uppercut","floor":2},{"not_picked":["Warcry","Wild Strike"],"picked":"Thunderclap","floor":3},{"not_picked":["Havoc","Heavy Blade"],"picked":"Iron Wave","floor":5},{"not_picked":["Wild Strike","Seeing Red"],"picked":"Spot Weakness","floor":8},{"not_picked":["Warcry","Carnage"],"picked":"Iron Wave","floor":12},{"not_picked":["Clash","Carnage"],"picked":"Battle Trance","floor":14},{"not_picked":["Limit Break","Demon Form"],"picked":"Feed","floor":16},{"not_picked":["Iron Wave","Flex"],"picked":"Rage+1","floor":18},{"not_picked":["Heavy Blade","Wild Strike"],"picked":"Offering","floor":20},{"not_picked":["Warcry","Bloodletting"],"picked":"Pommel Strike","floor":23},{"not_picked":["Body Slam","Warcry","Heavy Blade+1"],"picked":"SKIP","floor":24},{"not_picked":["Fire Breathing","Perfected Strike","Sentinel"],"picked":"SKIP","floor":25},{"not_picked":["Rampage","Clash"],"picked":"Double Tap","floor":28},{"not_picked":["Warcry","Berserk","Havoc"],"picked":"Immolate","floor":30},{"not_picked":["Offering","Immolate","Exhume"],"picked":"Fiend Fire","floor":33},{"not_picked":["Thunderclap","Cleave","Body Slam"],"picked":"Headbutt+1","floor":35},{"not_picked":["Metallicize+1","Carnage","Body Slam"],"picked":"Dropkick+1","floor":38},{"not_picked":["Inflame+1","Sword Boomerang","Wild Strike"],"picked":"Havoc+1","floor":39},{"not_picked":["Clothesline","Sentinel","Demon Form"],"picked":"Seeing Red+1","floor":40},{"not_picked":["Seeing Red","Spot Weakness","Warcry"],"picked":"Shrug It Off+1","floor":42},{"not_picked":["Second Wind","Bludgeon","Inflame","Juggernaut"],"picked":"SKIP","floor":46},{"not_picked":["Clash","Twin Strike","Shrug It Off"],"picked":"Reaper","floor":47},{"not_picked":["Evolve","Perfected Strike+1","Headbutt"],"picked":"Sentinel+1","floor":48},{"not_picked":["Rage+1","Perfected Strike+1","Berserk","Headbutt"],"picked":"SKIP","floor":55}],"player_experience":2076851,"relics_obtained":[{"floor":8,"key":"Bottled Flame"},{"floor":9,"key":"Incense Burner"},{"floor":12,"key":"Ice Cream"},{"floor":23,"key":"Shuriken"},{"floor":25,"key":"Ornamental Fan"},{"floor":28,"key":"Unceasing Top"},{"floor":28,"key":"Question Card"},{"floor":30,"key":"Meat on the Bone"},{"floor":40,"key":"Pocketwatch"},{"floor":43,"key":"Paper Frog"},{"floor":46,"key":"Boot"},{"floor":48,"key":"Toy Ornithopter"},{"floor":55,"key":"Dead Branch"}],"event_choices":[{"damage_healed":0,"gold_gain":0,"player_choice":"Ignored","damage_taken":0,"max_hp_gain":0,"max_hp_loss":0,"event_name":"Liars Game","floor":4,"gold_loss":0},{"damage_healed":0,"gold_gain":75,"player_choice":"Gather Gold","damage_taken":11,"max_hp_gain":0,"max_hp_loss":0,"event_name":"World of Goop","floor":7,"gold_loss":0},{"damage_healed":0,"gold_gain":0,"player_choice":"Lose Max HP","damage_taken":0,"relics_obtained":["Golden Idol"],"max_hp_gain":0,"max_hp_loss":6,"event_name":"Golden Idol","floor":10,"gold_loss":0},{"damage_healed":0,"gold_gain":0,"player_choice":"Traded Relic","damage_taken":0,"relics_obtained":["Nloth\u0027s Gift"],"max_hp_gain":0,"max_hp_loss":0,"event_name":"N\u0027loth","floor":19,"relics_lost":["Bottled Flame"],"gold_loss":0},{"damage_healed":0,"gold_gain":0,"player_choice":"Inject Mutagens","damage_taken":0,"relics_obtained":["MutagenicStrength"],"max_hp_gain":0,"max_hp_loss":0,"event_name":"Drug Dealer","floor":21,"gold_loss":0},{"damage_healed":0,"gold_gain":0,"player_choice":"Fight","damage_taken":0,"max_hp_gain":0,"max_hp_loss":0,"event_name":"Colosseum","floor":28,"gold_loss":0},{"damage_healed":0,"gold_gain":0,"player_choice":"Fought Nobs","damage_taken":0,"max_hp_gain":0,"max_hp_loss":0,"event_name":"Colosseum","floor":28,"gold_loss":0},{"damage_healed":0,"gold_gain":0,"player_choice":"Read","damage_taken":0,"max_hp_gain":0,"max_hp_loss":0,"event_name":"The Library","floor":31,"gold_loss":0,"cards_obtained":["Corruption"]},{"damage_healed":0,"gold_gain":50,"player_choice":"Pray","damage_taken":0,"max_hp_gain":0,"max_hp_loss":0,"event_name":"Golden Shrine","floor":36,"gold_loss":0},{"damage_healed":0,"gold_gain":333,"player_choice":"Gave Idol","damage_taken":0,"max_hp_gain":0,"max_hp_loss":0,"event_name":"The Moai Head","floor":41,"relics_lost":["Golden Idol"],"gold_loss":0},{"damage_healed":0,"gold_gain":0,"player_choice":"Max HP","damage_taken":0,"max_hp_gain":0,"max_hp_loss":5,"event_name":"Winding Halls","floor":44,"gold_loss":0}],"is_beta":false,"boss_relics":[{"not_picked":["Runic Dome","Empty Cage"],"picked":"Philosopher\u0027s Stone"},{"not_picked":["Tiny House","Coffee Dripper"],"picked":"Runic Pyramid"}],"items_purged_floors":[22,37,54],"is_endless":false,"potions_floor_spawned":[5,8,16,23,24,28,28,33,35,40,42,46,55],"ascension_level":20}}