{"host":"roto7j7840a50pxh","time":1613856981,"event":{"mods":["Act Like it!","BaseMod","Better Altar","Better Note","Better Sensory Stone","Better Skull","Better Third Choice","BetterRewards","Colored Map","Colored Powertips","Downfall","Hermit","Highlight Path","Hubris","Infinite Spire","Minty Spire (QoL Compilation)","Replay The Spire","Robot Space Explorer","Shade Mod","Spicy Shops","StSLib","The Construct","The Cursed","The Dragon Tamer","The Hierophant","The Necromancer","The Runesmith","The Servant 0.9.4","TheVacant"],"gold_per_floor":[116,116,131,96,36,69,69,97,97,97,97,10,42,59,59,157,207,217,233,233,246,246,246,246,256,256,269,303,303,77,88,88,185,185,205,105,105,105,105,131,144,196,196,196,226,240,240,255,255,255],"floor_reached":51,"language":"ENG","playtime":3173,"items_purged":["RobotSpaceExplorer:Strike","RobotSpaceExplorer:Strike"],"score":1396,"play_id":"45f73100-3c7b-4fee-a7f9-4500590719ea","local_time":"20210220163621","is_ascension_mode":true,"campfire_choices":[{"floor":7.0,"key":"REST"},{"data":"RobotSpaceExplorer:Blaster","floor":10.0,"key":"SMITH"},{"data":"RobotSpaceExplorer:FreezeRay","floor":15.0,"key":"SMITH"},{"data":"RobotSpaceExplorer:BigMissile","floor":23.0,"key":"SMITH"},{"data":"RobotSpaceExplorer:FreezeRay","floor":29.0,"key":"SMITH"},{"data":"RobotSpaceExplorer:Autoloader","floor":44.0,"key":"SMITH"},{"floor":47.0,"key":"REST"},{"floor":49,"key":"DIG"}],"circlet_count":0,"master_deck":["SoulSculpture+1","RobotSpaceExplorer:Strike","RobotSpaceExplorer:Strike","RobotSpaceExplorer:Defend","RobotSpaceExplorer:Defend","RobotSpaceExplorer:Defend","RobotSpaceExplorer:Defend","RobotSpaceExplorer:Scan","RobotSpaceExplorer:MiniLasers","RobotSpaceExplorer:Blaster","RobotSpaceExplorer:Blaster+1","RobotSpaceExplorer:GlueShot+1","RobotSpaceExplorer:ShockKick+1","RobotSpaceExplorer:FranticSearch","RobotSpaceExplorer:FranticSearch","RobotSpaceExplorer:StunGrenade","RobotSpaceExplorer:ImprovisedAttack","RobotSpaceExplorer:PowerGlove","RobotSpaceExplorer:FranticSearch","RobotSpaceExplorer:BigMissile+1","RobotSpaceExplorer:Probe","Sadistic Nature+1","RobotSpaceExplorer:ScrapMissile","RobotSpaceExplorer:Discharger","RobotSpaceExplorer:FreezeRay+1","RobotSpaceExplorer:FreezeRay+1","RobotSpaceExplorer:ChargingLaser","RobotSpaceExplorer:MiniDrones","RobotSpaceExplorer:Smokescreen+1","RobotSpaceExplorer:ScrapToss","RobotSpaceExplorer:DroneSwarm","RobotSpaceExplorer:GlueSpray+1","RobotSpaceExplorer:Pulsar+1","Runesmith:MetallurgicalResearch+1","RobotSpaceExplorer:DoubleFind+1","RobotSpaceExplorer:PowerGlove","RobotSpaceExplorer:Ammunition+1","RobotSpaceExplorer:ShockKick","RobotSpaceExplorer:SurgingShield+1","RobotSpaceExplorer:MakeshiftVolley","RobotSpaceExplorer:Autoloader+1","RobotSpaceExplorer:StarLightning+1","RobotSpaceExplorer:StunGrenade+1","RobotSpaceExplorer:ToxicBomb+1","RobotSpaceExplorer:PowerCollector+1","RobotSpaceExplorer:ScrapMissile","RobotSpaceExplorer:BlastShield+1"],"relics":["RobotSpaceExplorer:RoboCore","TheAbacus","hubris:OldNail","Iron Hammer","ReplayTheSpireMod:Shallot","Runesmith:Nanobots","Toxic Egg 2","hubris:Towel","Ice Cream","bronze:DecasWashers","Tiny House","hubris:64BitClover","ReplayFunnel","infinitespire:Satchel","Chemical X","sneckomod:SneckoTalon","champ:DuelingGlove","Orichalcum","RobotSpaceExplorer:ToughPlating","construct:FoamFinger","Replay:WaspNest","Meat on the Bone","Guardian:PocketSentry"],"acts_visited":["Exordium","TheCity","TheBeyond"],"potions_floor_usage":[],"damage_taken":[{"damage":0.0,"enemies":"Cultist","floor":1.0,"turns":2.0},{"damage":0.0,"enemies":"2 Louse","floor":3.0,"turns":2.0},{"damage":7.0,"enemies":"Replay:BlueRogue","floor":6.0,"turns":3.0},{"damage":0.0,"enemies":"Gremlin Nob","floor":8.0,"turns":2.0},{"damage":0.0,"enemies":"Lagavulin","floor":13.0,"turns":3.0},{"damage":0.0,"enemies":"Jaw Worm","floor":14.0,"turns":1.0},{"damage":8.0,"enemies":"The Guardian","floor":16.0,"turns":6.0},{"damage":0.0,"enemies":"2 Thieves","floor":18.0,"turns":3.0},{"damage":0.0,"enemies":"Spheric Guardian","floor":19.0,"turns":1.0},{"damage":0.0,"enemies":"Centurion and Healer","floor":21.0,"turns":3.0},{"damage":0.0,"enemies":"Snecko","floor":25.0,"turns":5.0},{"damage":15.0,"enemies":"Snake Plant","floor":27.0,"turns":4.0},{"damage":12.0,"enemies":"Replay:Snechameleon","floor":28.0,"turns":5.0},{"damage":0.0,"enemies":"3 Cultists","floor":31.0,"turns":3.0},{"damage":18.0,"enemies":"hubris:MusketHawk","floor":33.0,"turns":7.0},{"damage":19.0,"enemies":"3 Darklings","floor":35.0,"turns":3.0},{"damage":0.0,"enemies":"Nemesis","floor":40.0,"turns":3.0},{"damage":0.0,"enemies":"3 Shapes","floor":41.0,"turns":2.0},{"damage":7.0,"enemies":"2 Orb Walkers","floor":42.0,"turns":3.0},{"damage":0.0,"enemies":"Reptomancer","floor":45.0,"turns":1.0},{"damage":0.0,"enemies":"Spire Growth","floor":46.0,"turns":3.0},{"damage":8,"enemies":"Writhing Mass","floor":48,"turns":2},{"damage":13,"enemies":"Donu and Deca","floor":50,"turns":6}],"seed_played":"6338599457093606349","potions_obtained":[{"floor":6.0,"key":"construct:ShiftPotion"},{"floor":8.0,"key":"Guardian:BlockOnCardUsePotion"},{"floor":16.0,"key":"Death Potion"},{"floor":17.0,"key":"Strength Potion"},{"floor":18.0,"key":"Fruit Juice"},{"floor":21.0,"key":"AttackPotion"},{"floor":33.0,"key":"Fruit Juice"},{"floor":35.0,"key":"Doom Potion"},{"floor":40.0,"key":"RobotSpaceExplorer:RecyclePotion"}],"is_trial":false,"path_per_floor":["M","?","M","?","$","E","R","E","T","R","?","$","E","M","R","B",null,"M","M","?","M","AVR","R","?","M","T","M","E","R","$","M","R_BF","B",null,"M","NS","AVR","?","?","E","M","?","T","R","E","M","R","M","R_BF","B",null],"character_chosen":"RobotSpaceExplorer","items_purchased":["TheAbacus","RobotSpaceExplorer:Blaster","RobotSpaceExplorer:GlueShot","RobotSpaceExplorer:ShockKick","hubris:OldNail","RobotSpaceExplorer:FranticSearch","RobotSpaceExplorer:StunGrenade","RobotSpaceExplorer:ImprovisedAttack","Iron Hammer","RobotSpaceExplorer:PowerGlove","RobotSpaceExplorer:FranticSearch","RobotSpaceExplorer:BigMissile","RobotSpaceExplorer:Probe","SkillPotion","RobotSpaceExplorer:FreezeRay","Ice Cream","RobotSpaceExplorer:ShockKick","Chemical X","RobotSpaceExplorer:SurgingShield+1"],"campfire_rested":2,"item_purchase_floors":[0,0,0,0,0,0,0,0,0,0,0,0,0,0,5,12,30,30,30],"current_hp_per_floor":[21,21,21,39,39,32,54,54,54,54,54,54,54,54,54,46,73,78,78,78,78,78,78,78,78,78,63,51,51,51,51,76,63,83,64,64,64,64,64,64,64,57,57,57,57,57,84,76,76,63],"gold":255,"neow_bonus":"","is_daily":false,"chose_seed":false,"campfire_upgraded":5,"win_rate":0.0,"timestamp":1613856981,"path_taken":["M","?","M","?","?","E","R","E","T","R","?","$","E","M","R","BOSS","M","M","?","?","AVR","R","?","M","T","M","E","R","$","M","R_BF","BOSS","M","NS","AVR","?","?","E","M","?","T","R","E","M","R","M","R_BF","BOSS"],"items_purchased_type":["Relic","Card","Card","Card","Relic","Card","Card","Card","Relic","Card","Card","Card","Card","Potion","Card","Relic","Card","Relic","Card"],"build_version":"2020-12-22","purchased_purges":2,"victory":true,"max_hp_per_floor":[75,75,75,75,75,75,75,75,75,75,75,75,75,75,75,75,80,85,85,85,85,85,85,85,85,85,85,85,85,85,85,85,90,90,90,90,90,90,90,90,90,90,90,90,90,90,90,90,90,90],"card_choices":[{"not_picked":["RobotSpaceExplorer:SwiftStep","RobotSpaceExplorer:FranticSearch"],"picked":"RobotSpaceExplorer:ScrapMissile","floor":1.0},{"not_picked":["RobotSpaceExplorer:Probe","RobotSpaceExplorer:SurgingStrike"],"picked":"RobotSpaceExplorer:Discharger","floor":3.0},{"not_picked":["RobotSpaceExplorer:BigMissile","RobotSpaceExplorer:StunGrenade"],"picked":"RobotSpaceExplorer:ChargingLaser","floor":6.0},{"not_picked":["RobotSpaceExplorer:Ammunition","RobotSpaceExplorer:SwiftStep"],"picked":"RobotSpaceExplorer:MiniDrones","floor":8.0},{"not_picked":["RobotSpaceExplorer:ToxicBomb+1","RobotSpaceExplorer:LuckyStrike"],"picked":"RobotSpaceExplorer:Smokescreen+1","floor":13.0},{"not_picked":["RobotSpaceExplorer:Probe","RobotSpaceExplorer:DualCore"],"picked":"RobotSpaceExplorer:ScrapToss","floor":14.0},{"not_picked":["RobotSpaceExplorer:BlastShield+1","RobotSpaceExplorer:Explosion"],"picked":"RobotSpaceExplorer:DroneSwarm","floor":16.0},{"not_picked":["RobotSpaceExplorer:TurboDodge+1","RobotSpaceExplorer:ImprovisedAttack"],"picked":"RobotSpaceExplorer:MiniDrones","floor":17.0},{"not_picked":["RobotSpaceExplorer:SurgingStrike","RobotSpaceExplorer:SwiftStep+1"],"picked":"RobotSpaceExplorer:GlueSpray+1","floor":18.0},{"not_picked":["RobotSpaceExplorer:SlimeMissile","RobotSpaceExplorer:ImprovisedAttack"],"picked":"RobotSpaceExplorer:Pulsar+1","floor":19.0},{"not_picked":["RobotSpaceExplorer:ShovelStrike","RobotSpaceExplorer:StarLightning"],"picked":"RobotSpaceExplorer:DoubleFind+1","floor":21.0},{"not_picked":["RobotSpaceExplorer:FranticSearch+1","RobotSpaceExplorer:Ammunition+1"],"picked":"RobotSpaceExplorer:PowerGlove","floor":25.0},{"not_picked":["RobotSpaceExplorer:ToxicBomb+1","RobotSpaceExplorer:Scanner"],"picked":"RobotSpaceExplorer:Ammunition+1","floor":27.0},{"not_picked":["RobotSpaceExplorer:MiniDrones","RobotSpaceExplorer:FreezingShield+1"],"picked":"RobotSpaceExplorer:SwiftStep+1","floor":28.0},{"not_picked":["RobotSpaceExplorer:Probe+1","RobotSpaceExplorer:SurgingShield+1"],"picked":"RobotSpaceExplorer:MakeshiftVolley","floor":31.0},{"not_picked":["RobotSpaceExplorer:ShockMissile","RobotSpaceExplorer:Exploration+1"],"picked":"RobotSpaceExplorer:Autoloader","floor":33.0},{"not_picked":["RobotSpaceExplorer:Ammunition+1","RobotSpaceExplorer:BigMissile"],"picked":"RobotSpaceExplorer:DoubleFind+1","floor":35.0},{"not_picked":["RobotSpaceExplorer:SlimeMissile+1","RobotSpaceExplorer:GlueShot+1"],"picked":"RobotSpaceExplorer:StarLightning+1","floor":40.0},{"not_picked":["RobotSpaceExplorer:FranticSearch+1","RobotSpaceExplorer:SlimeMissile+1"],"picked":"RobotSpaceExplorer:StunGrenade+1","floor":41.0},{"not_picked":["RobotSpaceExplorer:FranticSearch+1","RobotSpaceExplorer:Probe"],"picked":"RobotSpaceExplorer:ToxicBomb+1","floor":42.0},{"not_picked":["RobotSpaceExplorer:ShovelStrike+1","RobotSpaceExplorer:FranticSearch+1"],"picked":"RobotSpaceExplorer:PowerCollector+1","floor":45.0},{"not_picked":["RobotSpaceExplorer:ToxicBomb+1","RobotSpaceExplorer:Counterblock+1"],"picked":"RobotSpaceExplorer:ScrapMissile","floor":46.0},{"not_picked":["RobotSpaceExplorer:SurgingStrike","RobotSpaceExplorer:Counterblock+1"],"picked":"RobotSpaceExplorer:BlastShield+1","floor":48}],"player_experience":1985945,"relics_obtained":[{"floor":6.0,"key":"ReplayTheSpireMod:Shallot"},{"floor":8.0,"key":"Runesmith:Nanobots"},{"floor":9.0,"key":"Toxic Egg 2"},{"floor":13.0,"key":"bronze:DecasWashers"},{"floor":26.0,"key":"ReplayFunnel"},{"floor":28.0,"key":"infinitespire:Satchel"},{"floor":40.0,"key":"Orichalcum"},{"floor":42.0,"key":"RobotSpaceExplorer:ToughPlating"},{"floor":43.0,"key":"construct:FoamFinger"},{"floor":45.0,"key":"Replay:WaspNest"},{"floor":46.0,"key":"Meat on the Bone"},{"floor":49,"key":"Guardian:PocketSentry"}],"event_choices":[{"damage_healed":18.0,"max_hp_gain":0.0,"max_hp_loss":0.0,"gold_gain":0.0,"event_name":"The Cleric","player_choice":"Healed","floor":4.0,"gold_loss":35.0,"damage_taken":0.0},{"cards_removed":["SoulSculpture"],"damage_healed":0.0,"max_hp_gain":0.0,"max_hp_loss":0.0,"gold_gain":0.0,"event_name":"betterNote:BetterNote","player_choice":"Take \u0026 Give","floor":20.0,"gold_loss":0.0,"damage_taken":0.0,"cards_obtained":["Runesmith:MetallurgicalResearch"]},{"cards_removed":["RobotSpaceExplorer:MiniDrones"],"damage_healed":0.0,"max_hp_gain":0.0,"max_hp_loss":0.0,"gold_gain":0.0,"event_name":"Falling","player_choice":"Removed Attack","floor":38.0,"gold_loss":0.0,"damage_taken":0.0},{"damage_healed":0.0,"max_hp_gain":0.0,"max_hp_loss":0.0,"gold_gain":0.0,"event_name":"Mysterious Sphere","player_choice":"Fight","floor":42.0,"gold_loss":0.0,"damage_taken":0.0}],"is_beta":false,"boss_relics":[{"not_picked":["infinitespire:Cupcake","Velvet Choker"],"picked":"Tiny House"},{"not_picked":["SlaversCollar","Replay:Drink Me"],"picked":"sneckomod:SneckoTalon"}],"items_purged_floors":[0,37],"is_endless":false,"potions_floor_spawned":[6,8,13,16,18,21,31,33,35,40,45,46],"ascension_level":6}}