{"host":"a5lz0e76zb3fcwkm","time":1613811384,"event":{"mods":["AchievementEnabler","BaseMod","Colored Map","Colored Powertips","Minty Spire (QoL Compilation)","StSLib","SuperFastMode"],"gold_per_floor":[119,194,26,44,57,91,51,64,117,144,144,173,191,191,191,191,191],"floor_reached":16,"language":"KOR","playtime":341,"items_purged":[],"score":294,"play_id":"2a38607e-d37b-4469-a783-62439de53b22","local_time":"20210220175624","is_ascension_mode":true,"campfire_choices":[{"data":"Fusion","floor":15,"key":"SMITH"}],"circlet_count":0,"master_deck":["AscendersBane","Strike_B","Strike_B+1","Strike_B","Strike_B","Defend_B","Defend_B","Defend_B","Defend_B","Zap","Dualcast","Ball Lightning+1","Fusion+1","Buffer+1","Capacitor+1","Hello World+1","Compile Driver"],"relics":["Cracked Core","NeowsBlessing","ClockworkSouvenir","Frozen Egg 2","Tiny Chest","Whetstone","Ginger","Golden Idol"],"acts_visited":["Exordium"],"potions_floor_usage":[6,6,10,10,11],"damage_taken":[{"damage":0,"enemies":"2 Louse","floor":1,"turns":1},{"damage":0,"enemies":"Jaw Worm","floor":4,"turns":1},{"damage":0,"enemies":"Cultist","floor":5,"turns":1},{"damage":35,"enemies":"3 Sentries","floor":6,"turns":7},{"damage":6,"enemies":"Looter","floor":8,"turns":3},{"damage":0,"enemies":"Gremlin Nob","floor":10,"turns":4},{"damage":0,"enemies":"3 Louse","floor":11,"turns":2},{"damage":22,"enemies":"3 Sentries","floor":12,"turns":7},{"damage":0,"enemies":"Large Slime","floor":13,"turns":6},{"damage":9,"enemies":"Hexaghost","floor":16,"turns":8}],"seed_played":"-2129014498530162218","potions_obtained":[{"floor":1,"key":"DistilledChaos"},{"floor":5,"key":"Regen Potion"},{"floor":7,"key":"EssenceOfDarkness"},{"floor":7,"key":"Fire Potion"},{"floor":10,"key":"SmokeBomb"}],"is_trial":false,"path_per_floor":["M","?","$","M","M","E","?","M","T","E","M","E","M","?","R","B"],"character_chosen":"DEFECT","items_purchased":["ClockworkSouvenir"],"campfire_rested":0,"item_purchase_floors":[3],"current_hp_per_floor":[64,53,53,53,53,33,33,27,27,27,27,5,5,5,5,0,0],"gold":191,"neow_bonus":"THREE_ENEMY_KILL","is_daily":false,"chose_seed":false,"campfire_upgraded":1,"win_rate":0.0,"timestamp":1613811384,"path_taken":["M","?","?","?","M","E","?","?","T","E","M","E","M","?","R","BOSS"],"items_purchased_type":["Relic"],"build_version":"2020-12-22","purchased_purges":0,"victory":false,"max_hp_per_floor":[71,71,71,71,71,71,71,71,71,71,71,71,71,64,64,64,64],"card_choices":[{"not_picked":["Static Discharge","Steam"],"picked":"Ball Lightning","floor":1},{"not_picked":["Go for the Eyes","Darkness"],"picked":"Fusion","floor":4},{"not_picked":["Stack","Fusion","Conserve Battery"],"picked":"SKIP","floor":5},{"not_picked":["Chaos","Steam"],"picked":"Buffer+1","floor":6},{"not_picked":["Barrage","Lockon"],"picked":"Capacitor+1","floor":8},{"not_picked":["Reinforced Body","Coolheaded"],"picked":"Hello World+1","floor":10},{"not_picked":["Conserve Battery","Barrage"],"picked":"Compile Driver","floor":12},{"not_picked":["Scrape","Rebound","Gash"],"picked":"SKIP","floor":13}],"player_experience":1907792,"relics_obtained":[{"floor":6,"key":"Frozen Egg 2"},{"floor":9,"key":"Tiny Chest"},{"floor":10,"key":"Whetstone"},{"floor":12,"key":"Ginger"}],"event_choices":[{"damage_healed":0,"gold_gain":75,"player_choice":"Gather Gold","damage_taken":11,"max_hp_gain":0,"max_hp_loss":0,"event_name":"World of Goop","floor":2,"gold_loss":0},{"damage_healed":0,"gold_gain":0,"player_choice":"Bought 3 Potions","damage_taken":0,"max_hp_gain":0,"max_hp_loss":0,"event_name":"The Woman in Blue","floor":7,"gold_loss":0},{"damage_healed":0,"gold_gain":0,"player_choice":"Lose Max HP","damage_taken":0,"relics_obtained":["Golden Idol"],"max_hp_gain":0,"max_hp_loss":7,"event_name":"Golden Idol","floor":14,"gold_loss":0}],"is_beta":false,"boss_relics":[],"items_purged_floors":[],"is_endless":false,"potions_floor_spawned":[1,5,10],"killed_by":"Hexaghost","ascension_level":20}}