{"host":"a3wpq7kyokchzawk","time":1613850256,"event":{"mods":["BaseMod","Colored Map","Highlight Path","Minty Spire (QoL Compilation)","Permanent Neow","Potion Indicator Mod","Relic Stats","Weighted Paths"],"gold_per_floor":[114,125,137,155,166,166,192,28,28,28,28,59,59,78,78,153,153,163,179,199,26,26,26,59,79,79,79,4,4,37,55,55,55,55],"floor_reached":33,"language":"ENG","playtime":3700,"items_purged":[],"score":594,"play_id":"359c9cf7-bb62-4fb2-b392-9b13217df18e","local_time":"20210220174416","is_ascension_mode":true,"campfire_choices":[{"data":"Bash","floor":6.0,"key":"SMITH"},{"floor":11.0,"key":"REST"},{"data":"Armaments","floor":15.0,"key":"SMITH"},{"data":"Bludgeon","floor":23.0,"key":"SMITH"},{"floor":27.0,"key":"REST"},{"floor":29.0,"key":"REST"},{"floor":32,"key":"REST"}],"circlet_count":0,"master_deck":["AscendersBane","Strike_R","Strike_R","Defend_R","Defend_R","Defend_R","Bash+1","Pommel Strike","Headbutt","Heavy Blade","Twin Strike","Bludgeon+1","Warcry","Bloodletting","Armaments+1","Flame Barrier","True Grit","Immolate","Spot Weakness","Ghostly Armor","Havoc+1","Pommel Strike","Armaments"],"relics":["Burning Blood","Thread and Needle","Bottled Flame","Question Card","Sozu","OrangePellets","Tiny Chest","HornCleat","Smiling Mask"],"acts_visited":["Exordium","TheCity"],"potions_floor_usage":[],"damage_taken":[{"damage":2.0,"enemies":"2 Louse","floor":1.0,"turns":3.0},{"damage":0.0,"enemies":"Small Slimes","floor":2.0,"turns":2.0},{"damage":6.0,"enemies":"Cultist","floor":3.0,"turns":3.0},{"damage":12.0,"enemies":"Looter","floor":4.0,"turns":3.0},{"damage":19.0,"enemies":"Exordium Wildlife","floor":5.0,"turns":4.0},{"damage":45.0,"enemies":"3 Sentries","floor":7.0,"turns":8.0},{"damage":11.0,"enemies":"Gremlin Nob","floor":12.0,"turns":4.0},{"damage":5.0,"enemies":"Lots of Slimes","floor":14.0,"turns":4.0},{"damage":34.0,"enemies":"The Guardian","floor":16.0,"turns":13.0},{"damage":2.0,"enemies":"Spheric Guardian","floor":18.0,"turns":3.0},{"damage":3.0,"enemies":"Chosen","floor":19.0,"turns":2.0},{"damage":19.0,"enemies":"Snecko","floor":20.0,"turns":4.0},{"damage":54.0,"enemies":"Book of Stabbing","floor":24.0,"turns":5.0},{"damage":5.0,"enemies":"Sentry and Sphere","floor":25.0,"turns":5.0},{"damage":21.0,"enemies":"Gremlin Leader","floor":30.0,"turns":6.0},{"damage":15,"enemies":"Centurion and Healer","floor":31,"turns":7},{"damage":68,"enemies":"Champ","floor":33,"turns":11}],"seed_played":"3622228157938587581","potions_obtained":[{"floor":1.0,"key":"Fruit Juice"},{"floor":3.0,"key":"Weak Potion"},{"floor":12.0,"key":"PowerPotion"},{"floor":16.0,"key":"Block Potion"}],"is_trial":false,"path_per_floor":["M","M","M","M","M","R","E","$","T","?","R","E","?","M","R","B",null,"M","M","M","$","?","R","E","M","T","R","?","R","E","M","R","B"],"character_chosen":"IRONCLAD","items_purchased":["Energy Potion","Armaments","Flame Barrier","OrangePellets"],"campfire_rested":4,"item_purchase_floors":[8,8,8,21],"current_hp_per_floor":[77,80,80,74,61,61,22,22,22,22,46,41,41,42,42,14,64,68,71,58,58,58,58,10,11,11,35,35,59,44,35,59,0,0],"gold":55,"neow_bonus":"TRANSFORM_CARD","is_daily":false,"chose_seed":false,"campfire_upgraded":3,"win_rate":0.0,"timestamp":1613850256,"path_taken":["M","M","M","M","M","R","E","$","T","?","R","E","?","?","R","BOSS","M","M","M","$","?","R","E","M","T","R","?","R","E","M","R","BOSS"],"items_purchased_type":["Potion","Card","Card","Relic"],"build_version":"2020-12-22","purchased_purges":0,"victory":false,"max_hp_per_floor":[80,80,80,80,80,80,80,80,80,80,80,80,80,80,80,80,80,80,80,80,80,80,80,80,80,80,80,80,80,80,80,80,80,80],"relic_stats":{"Sozu":1,"OrangePellets":[0],"counters":[17,87],"Tiny Chest":0,"Question Card":9,"Smiling Mask":0,"obtain_stats":[{"Sozu":17,"OrangePellets":21,"Bottled Flame":9,"HornCleat":26,"Thread and Needle":7,"Tiny Chest":24,"Question Card":12,"Smiling Mask":30,"Burning Blood":0},{"Sozu":9,"OrangePellets":12,"Bottled Flame":6,"HornCleat":14,"Thread and Needle":6,"Tiny Chest":13,"Question Card":7,"Smiling Mask":15,"Burning Blood":0},{"Sozu":44,"OrangePellets":53,"Bottled Flame":23,"HornCleat":63,"Thread and Needle":23,"Tiny Chest":58,"Question Card":27,"Smiling Mask":69,"Burning Blood":0}],"Burning Blood":93},"card_choices":[{"not_picked":["Combust","Pommel Strike"],"picked":"Headbutt","floor":1.0},{"not_picked":["Flex","Clothesline"],"picked":"Heavy Blade","floor":2.0},{"not_picked":["Clothesline","Perfected Strike"],"picked":"Twin Strike","floor":3.0},{"not_picked":["Headbutt","Flex"],"picked":"Bludgeon","floor":4.0},{"not_picked":["Hemokinesis","Rupture"],"picked":"Warcry","floor":5.0},{"not_picked":["Searing Blow","Thunderclap"],"picked":"Bloodletting","floor":7.0},{"not_picked":["Anger","Burning Pact"],"picked":"True Grit","floor":12.0},{"not_picked":["Carnage","Burning Pact","Body Slam","Heavy Blade"],"picked":"SKIP","floor":14.0},{"not_picked":["Reaper","Barricade","Juggernaut"],"picked":"Immolate","floor":16.0},{"not_picked":["Thunderclap","Twin Strike","Cleave"],"picked":"Spot Weakness","floor":18.0},{"not_picked":["Anger","Cleave","Wild Strike","Sword Boomerang"],"picked":"SKIP","floor":19.0},{"not_picked":["Anger","Cleave","Wild Strike"],"picked":"Ghostly Armor","floor":20.0},{"not_picked":["Armaments","Fiend Fire","Body Slam"],"picked":"Havoc+1","floor":24.0},{"not_picked":["Clash","Pommel Strike","Iron Wave","Thunderclap"],"picked":"SKIP","floor":25.0},{"not_picked":["Fiend Fire","True Grit","Reckless Charge+1"],"picked":"Pommel Strike","floor":30.0},{"not_picked":["Twin Strike+1","Sword Boomerang","Sentinel"],"picked":"Armaments","floor":31}],"player_experience":2821516,"relics_obtained":[{"floor":7.0,"key":"Thread and Needle"},{"floor":9.0,"key":"Bottled Flame"},{"floor":12.0,"key":"Question Card"},{"floor":24.0,"key":"Tiny Chest"},{"floor":26.0,"key":"HornCleat"},{"floor":30.0,"key":"Smiling Mask"}],"event_choices":[{"damage_healed":0.0,"max_hp_gain":0.0,"max_hp_loss":0.0,"gold_gain":0.0,"event_name":"Liars Game","player_choice":"Ignored","floor":10.0,"gold_loss":0.0,"damage_taken":0.0},{"cards_removed":["Strike_R"],"damage_healed":0.0,"max_hp_gain":0.0,"max_hp_loss":0.0,"gold_gain":0.0,"event_name":"Bonfire Elementals","player_choice":"Offered Basic","floor":13.0,"gold_loss":0.0,"damage_taken":0.0},{"cards_removed":["Strike_R"],"damage_healed":0.0,"max_hp_gain":0.0,"max_hp_loss":0.0,"gold_gain":0.0,"event_name":"Back to Basics","player_choice":"Elegance","floor":22.0,"gold_loss":0.0,"damage_taken":0.0},{"cards_removed":["Strike_R"],"damage_healed":0.0,"max_hp_gain":0.0,"max_hp_loss":0.0,"gold_gain":0.0,"event_name":"Beggar","player_choice":"Gave Gold","floor":28.0,"gold_loss":75.0,"damage_taken":0.0}],"is_beta":false,"boss_relics":[{"not_picked":["Runic Dome","Runic Pyramid"],"picked":"Sozu"}],"items_purged_floors":[],"is_endless":false,"potions_floor_spawned":[1,3,12,16,19],"killed_by":"Champ","ascension_level":20}}