{"host":"35igpbicnxdwoo63","time":1613803626,"event":{"mods":["AchievementEnabler","BaseMod","CapriCore","Lobotomy","Minty Spire (QoL Compilation)","StSLib","SuperFastMode"],"gold_per_floor":[109,126,126,146,146,146,164,184,184,184,194,213,162,189,189,189,189],"floor_reached":16,"language":"KOR","playtime":848,"items_purged":[],"score":104,"play_id":"ef188679-c47d-4e8e-9f05-9f72c02e4dd2","local_time":"20210220154706","is_ascension_mode":false,"campfire_choices":[{"data":"Bash","floor":6,"key":"SMITH"},{"data":"Armaments","floor":10,"key":"SMITH"},{"floor":15,"key":"DIG"}],"circlet_count":0,"master_deck":["Strike_R","Strike_R","Strike_R","Strike_R","Defend_R","Defend_R","Defend_R","Defend_R","Bash+1","Bloodbath","Twin Strike","Wellcheers","Spot Weakness","UniverseFragment","Sword Boomerang","MHz","Armaments+1","OldLady","Cleave","PlagueDoctor","Warcry","FairyFestival","Sword Boomerang","Heavy Blade","DespairKnight"],"relics":["Burning Blood","CogitoBucket","CaptainsWheel","HellTrain","Shovel","Champion Belt"],"acts_visited":["Exordium"],"potions_floor_usage":[14],"damage_taken":[{"damage":8,"enemies":"Small Slimes","floor":1,"turns":4},{"damage":5,"enemies":"2 Louse","floor":2,"turns":2},{"damage":6,"enemies":"Cultist","floor":4,"turns":4},{"damage":4,"enemies":"3 Louse","floor":7,"turns":3},{"damage":7,"enemies":"Looter","floor":8,"turns":3},{"damage":12,"enemies":"Large Slime","floor":11,"turns":4},{"damage":13,"enemies":"Exordium Thugs","floor":12,"turns":5},{"damage":31,"enemies":"Gremlin Nob","floor":14,"turns":4},{"damage":75,"enemies":"Slime Boss","floor":16,"turns":5}],"seed_played":"7261146438017808164","potions_obtained":[{"floor":2,"key":"Weak Potion"},{"floor":8,"key":"DuplicationPotion"},{"floor":11,"key":"Regen Potion"}],"is_trial":false,"path_per_floor":["M","M","?","M","?","R","M","M","T","R","M","M","$","E","R","B"],"character_chosen":"IRONCLAD","items_purchased":["Heavy Blade"],"campfire_rested":0,"item_purchase_floors":[13],"current_hp_per_floor":[78,79,72,76,81,81,84,84,84,84,78,73,73,58,58,0,0],"gold":189,"neow_bonus":"","is_daily":false,"chose_seed":false,"campfire_upgraded":2,"win_rate":0.0,"timestamp":1613803626,"path_taken":["M","M","?","M","?","R","M","M","T","R","M","?","$","E","R","BOSS"],"items_purchased_type":["Card"],"build_version":"2020-12-22","purchased_purges":0,"victory":false,"max_hp_per_floor":[80,80,80,80,85,85,85,85,85,85,85,85,85,85,85,85,85],"card_choices":[{"not_picked":["CrumblingArmor","BigBadWolf"],"picked":"Bloodbath","floor":1},{"not_picked":["Warcry","Cleave"],"picked":"Twin Strike","floor":1},{"not_picked":["MeatLantern","WhitesApple"],"picked":"Wellcheers","floor":2},{"not_picked":["Barricade","Cleave"],"picked":"Spot Weakness","floor":2},{"not_picked":["OSAHOGD","VoidDream"],"picked":"UniverseFragment","floor":4},{"not_picked":["Anger","True Grit"],"picked":"Sword Boomerang","floor":4},{"not_picked":["VoidDream","Variant"],"picked":"MHz","floor":7},{"not_picked":["Searing Blow","Whirlwind"],"picked":"Armaments","floor":7},{"not_picked":["RedShoes","BeautyBeast"],"picked":"OldLady","floor":8},{"not_picked":["Armaments","Flame Barrier"],"picked":"Cleave","floor":8},{"not_picked":["BigBadWolf","OSAHOGD"],"picked":"PlagueDoctor","floor":11},{"not_picked":["Cleave","Whirlwind"],"picked":"Warcry","floor":11},{"not_picked":["CherryBlossoms","NakedNest"],"picked":"FairyFestival","floor":12},{"not_picked":["Pommel Strike","Anger"],"picked":"Sword Boomerang","floor":12},{"not_picked":["Mercenary","CherryBlossoms"],"picked":"DespairKnight","floor":14},{"not_picked":["Fiend Fire","Dropkick","Dark Embrace"],"picked":"SKIP","floor":14}],"player_experience":124917,"relics_obtained":[{"floor":9,"key":"CaptainsWheel"},{"floor":14,"key":"Shovel"},{"floor":15,"key":"Champion Belt"}],"event_choices":[{"cards_removed":["Strike_R"],"damage_healed":0,"gold_gain":0,"player_choice":"Card Removal","damage_taken":7,"max_hp_gain":0,"max_hp_loss":0,"event_name":"Golden Wing","floor":3,"gold_loss":0},{"damage_healed":0,"gold_gain":0,"player_choice":"Donut","damage_taken":0,"max_hp_gain":5,"max_hp_loss":0,"event_name":"Big Fish","floor":5,"gold_loss":0}],"is_beta":false,"boss_relics":[],"items_purged_floors":[],"is_endless":false,"potions_floor_spawned":[2,8,11],"killed_by":"Slime Boss","ascension_level":0}}