{"host":"3kvzrqphghcx5kvo","time":1613798677,"event":{"mods":["AchievementEnabler","BaseMod","Colored Map","Colored Powertips","Downfall","GifTheSpireLib","Minty Spire (QoL Compilation)","Quick Restart","Rare Cards Sparkle","Relic Stats","StSLib","Unceasing Turn Reminder","everything is the same but u backflip on backflip"],"gold_per_floor":[113,113,133,133,151,151,161,161,161,211,211,224,244,34,34,113,113,127,137,62,62,62],"floor_reached":21,"language":"ENG","playtime":2424,"items_purged":["Strike_B"],"score":342,"play_id":"24b64695-4d65-42b3-908d-d2a4524694ad","local_time":"20210219212437","is_ascension_mode":true,"campfire_choices":[{"floor":6.0,"key":"REST"},{"data":"Dualcast","floor":8.0,"key":"SMITH"},{"data":"Zap","floor":11.0,"key":"SMITH"},{"data":"Thunder Strike","floor":15.0,"key":"SMITH"}],"circlet_count":0,"master_deck":["AscendersBane","Strike_B","Strike_B","Strike_B","Defend_B","Defend_B","Defend_B","Zap+1","Dualcast+1","Conserve Battery+1","Tempest+1","Capacitor","Static Discharge","Thunder Strike+1","Echo Form","Go for the Eyes"],"relics":["Cracked Core","Ancient Tea Set","Bronze Scales","Runic Pyramid"],"acts_visited":["Exordium","TheCity"],"potions_floor_usage":[18],"damage_taken":[{"damage":0.0,"enemies":"Small Slimes","floor":1.0,"turns":2.0},{"damage":2.0,"enemies":"2 Louse","floor":3.0,"turns":2.0},{"damage":0.0,"enemies":"Cultist","floor":5.0,"turns":2.0},{"damage":8.0,"enemies":"Lots of Slimes","floor":7.0,"turns":3.0},{"damage":3.0,"enemies":"Large Slime","floor":12.0,"turns":4.0},{"damage":4.0,"enemies":"Red Slaver","floor":13.0,"turns":3.0},{"damage":40,"enemies":"Slime Boss","floor":16,"turns":6},{"damage":14,"enemies":"Chosen","floor":18,"turns":4},{"damage":39,"enemies":"Shell Parasite","floor":19,"turns":4},{"damage":12,"enemies":"Sentry and Sphere","floor":21,"turns":3}],"seed_played":"-803321093499365457","potions_obtained":[{"floor":5.0,"key":"Block Potion"},{"floor":7.0,"key":"Weak Potion"},{"floor":12.0,"key":"Dexterity Potion"},{"floor":19,"key":"DuplicationPotion"}],"is_trial":false,"path_per_floor":["M","?","M","?","M","R","M","R","T","?","R","M","M","$","R","B",null,"M","M","$","M"],"character_chosen":"DEFECT","items_purchased":["Static Discharge","Thunder Strike"],"campfire_rested":1,"item_purchase_floors":[14,14],"current_hp_per_floor":[64,64,62,41,41,62,54,54,54,54,54,51,47,47,47,7,55,41,2,2,0,0],"gold":62,"neow_bonus":"RANDOM_COMMON_RELIC","is_daily":false,"chose_seed":false,"campfire_upgraded":3,"win_rate":0.0,"timestamp":1613798677,"path_taken":["M","?","M","?","M","R","M","R","T","?","R","M","M","$","R","BOSS","M","M","$","M"],"items_purchased_type":["Card","Card"],"build_version":"2020-12-22","purchased_purges":1,"victory":false,"max_hp_per_floor":[71,71,71,71,71,71,71,71,71,71,71,71,71,71,71,71,71,71,71,71,71,71],"relic_stats":{"counters":[10,33],"Bronze Scales":[42],"obtain_stats":[{"Bronze Scales":9,"Cracked Core":0,"Ancient Tea Set":0,"Runic Pyramid":17},{"Bronze Scales":4,"Cracked Core":0,"Ancient Tea Set":0,"Runic Pyramid":7},{"Bronze Scales":9,"Cracked Core":0,"Ancient Tea Set":0,"Runic Pyramid":22}]},"card_choices":[{"not_picked":["Turbo","Barrage"],"picked":"Conserve Battery","floor":1.0},{"not_picked":["Turbo","Rip and Tear","Melter"],"picked":"SKIP","floor":3.0},{"not_picked":["Beam Cell","Rebound"],"picked":"Capacitor","floor":5.0},{"not_picked":["Compile Driver","Go for the Eyes","Hologram"],"picked":"SKIP","floor":7.0},{"not_picked":["Rebound","Redo","Cold Snap"],"picked":"SKIP","floor":12.0},{"not_picked":["Gash","Cold Snap","Rebound"],"picked":"SKIP","floor":13.0},{"not_picked":["Amplify","Thunder Strike"],"picked":"Echo Form","floor":16},{"not_picked":["Skim","Ball Lightning"],"picked":"Go for the Eyes","floor":18},{"not_picked":["Sweeping Beam","Thunder Strike","Ball Lightning"],"picked":"SKIP","floor":19}],"player_experience":1274266,"relics_obtained":[{"floor":9.0,"key":"Bronze Scales"}],"event_choices":[{"damage_healed":0.0,"max_hp_gain":0.0,"max_hp_loss":0.0,"gold_gain":0.0,"cards_transformed":["Defend_B"],"event_name":"Living Wall","player_choice":"Change","floor":2.0,"gold_loss":0.0,"damage_taken":0.0,"cards_obtained":["Tempest"]},{"damage_healed":0.0,"max_hp_gain":0.0,"max_hp_loss":0.0,"gold_gain":0.0,"event_name":"Shining Light","player_choice":"Entered Light","floor":4.0,"gold_loss":0.0,"damage_taken":21.0,"cards_upgraded":["Tempest","Conserve Battery"]},{"damage_healed":0.0,"max_hp_gain":0.0,"max_hp_loss":0.0,"gold_gain":50.0,"event_name":"Golden Shrine","player_choice":"Pray","floor":10.0,"gold_loss":0.0,"damage_taken":0.0}],"is_beta":false,"boss_relics":[{"not_picked":["SacredBark","Fusion Hammer"],"picked":"Runic Pyramid"}],"items_purged_floors":[20],"is_endless":false,"potions_floor_spawned":[5,7,12,13,19],"killed_by":"Sentry and Sphere","ascension_level":20}}