{"host":"4gkev1dtxxhiue3x","time":1613828242,"event":{"mods":["AchievementEnabler","BaseMod","Better Altar","Better Match","Better Note","Better Sensory Stone","Better Skull","Better Third Choice","Colored Powertips","Friendly Minions","Hermit","Minty Spire (QoL Compilation)","Relic Stats","Robot Space Explorer","Shop Mod","StSLib","The Disciple","The Hierophant"],"gold_per_floor":[120,143,160,176,176,213,213,163,163,179,6,18,29,29,29,29,29],"floor_reached":16,"language":"ENG","playtime":1335,"items_purged":[],"score":104,"play_id":"1e90a372-d3fa-4c5f-91b7-9e1f40f2f791","local_time":"20210220143722","is_ascension_mode":false,"campfire_choices":[{"floor":7,"key":"REST"},{"data":"hermit:CursedWeapon","floor":15,"key":"SMITH"}],"circlet_count":0,"master_deck":["hermit:Strike_Hermit","hermit:Strike_Hermit","hermit:Defend_Hermit","hermit:Defend_Hermit","hermit:Defend_Hermit","hermit:Defend_Hermit","hermit:Snapshot","hermit:Covet","hermit:Scavenge","hermit:Manifest","hermit:TakeAim","hermit:ItchyTrigger","hermit:FlashPowder","hermit:Ricochet","hermit:Magnum","hermit:ShadowCloak","hermit:GoldenBullet","hermit:Dive","hermit:ItchyTrigger","hermit:CursedWeapon+1"],"relics":["hermit:Momento","Pocketwatch","Mercury Hourglass"],"acts_visited":["Exordium"],"potions_floor_usage":[6,12,16],"damage_taken":[{"damage":0,"enemies":"2 Louse","floor":1,"turns":3},{"damage":0,"enemies":"Small Slimes","floor":2,"turns":4},{"damage":7,"enemies":"Jaw Worm","floor":3,"turns":4},{"damage":15,"enemies":"Exordium Thugs","floor":4,"turns":6},{"damage":17,"enemies":"3 Sentries","floor":6,"turns":11},{"damage":8,"enemies":"Looter","floor":10,"turns":3},{"damage":2,"enemies":"2 Fungi Beasts","floor":12,"turns":2},{"damage":0,"enemies":"Blue Slaver","floor":13,"turns":3},{"damage":58,"enemies":"The Guardian","floor":16,"turns":9}],"seed_played":"1970400752966650836","potions_obtained":[{"floor":1,"key":"CultistPotion"},{"floor":6,"key":"Explosive Potion"},{"floor":10,"key":"FearPotion"},{"floor":13,"key":"Regen Potion"}],"is_trial":false,"path_per_floor":["M","M","M","M","?","E","R","?","T","M","$","M","M","$","R","B"],"character_chosen":"HERMIT","items_purchased":["hermit:ShadowCloak","hermit:GoldenBullet","hermit:Dive"],"campfire_rested":1,"item_purchase_floors":[11,11,11],"current_hp_per_floor":[68,68,61,46,46,29,49,49,49,41,41,39,39,39,39,0,0],"gold":29,"neow_bonus":"TRANSFORM_TWO_CARDS","is_daily":false,"chose_seed":false,"campfire_upgraded":1,"win_rate":0.0,"timestamp":1613828242,"path_taken":["M","M","M","M","?","E","R","?","T","M","$","M","M","$","R","BOSS"],"items_purchased_type":["Card","Card","Card"],"build_version":"2020-12-22","purchased_purges":0,"victory":false,"max_hp_per_floor":[68,68,68,68,68,68,68,68,68,68,68,68,68,68,68,68,68],"relic_stats":{"counters":[9,44],"obtain_stats":[{"hermit:Momento":0,"Pocketwatch":6,"Mercury Hourglass":9},{"hermit:Momento":0,"Pocketwatch":5,"Mercury Hourglass":5},{"hermit:Momento":0,"Pocketwatch":28,"Mercury Hourglass":28}],"Pocketwatch":[27],"Mercury Hourglass":[52]},"card_choices":[{"not_picked":["hermit:LowProfile","hermit:Desperado"],"picked":"hermit:TakeAim","floor":1},{"not_picked":["hermit:Gestalt","hermit:Spite"],"picked":"hermit:ItchyTrigger","floor":2},{"not_picked":["hermit:HighCaliber","hermit:HoleUp"],"picked":"hermit:FlashPowder","floor":3},{"not_picked":["hermit:HighCaliber","hermit:SprayPray"],"picked":"hermit:Ricochet","floor":4},{"not_picked":["hermit:LowProfile","hermit:NoHoldsBarred","hermit:SprayPray"],"picked":"SKIP","floor":6},{"not_picked":["hermit:Quickdraw","hermit:Glare"],"picked":"hermit:Magnum","floor":10},{"not_picked":["hermit:HighCaliber","hermit:Showdown"],"picked":"hermit:ItchyTrigger","floor":12},{"not_picked":["hermit:Dive","hermit:HighCaliber"],"picked":"hermit:CursedWeapon","floor":13}],"player_experience":207692,"relics_obtained":[{"floor":6,"key":"Pocketwatch"},{"floor":9,"key":"Mercury Hourglass"}],"event_choices":[{"damage_healed":46,"gold_gain":0,"player_choice":"Embrace Burn","damage_taken":0,"max_hp_gain":0,"max_hp_loss":68,"event_name":"betterThird:BetterShining","floor":5,"gold_loss":0},{"cards_removed":["Burn"],"damage_healed":0,"gold_gain":0,"player_choice":"Card Removal","damage_taken":0,"max_hp_gain":0,"max_hp_loss":0,"event_name":"The Cleric","floor":8,"gold_loss":50}],"is_beta":false,"boss_relics":[],"items_purged_floors":[],"is_endless":false,"potions_floor_spawned":[1,6,10,13],"killed_by":"The Guardian","ascension_level":0}}