{"host":"krw8kyiy0um8ye49","time":1613822612,"event":{"mods":["BaseMod","Minty Spire (QoL Compilation)","StSLib"],"gold_per_floor":[116,116,116,135,135,173,173,186,186,224,155,155,175,213,213,213,213],"floor_reached":16,"language":"ENG","playtime":602,"items_purged":[],"score":164,"play_id":"1f2b2d7b-071f-488c-9857-5abe9bef2f1b","local_time":"20210220130332","is_ascension_mode":true,"campfire_choices":[{"data":"Noxious Fumes","floor":7,"key":"SMITH"},{"floor":15,"key":"REST"}],"circlet_count":0,"master_deck":["Strike_G","Strike_G","Strike_G","Strike_G","Strike_G+1","Defend_G","Defend_G","Defend_G","Defend_G","Defend_G","Survivor","Neutralize+1","PiercingWail","Noxious Fumes+1","Malaise","Escape Plan","Deadly Poison","Footwork+1","Acrobatics","Catalyst"],"relics":["Ring of the Snake","NeowsBlessing","Golden Idol","Meat on the Bone","Centennial Puzzle","Happy Flower","Whetstone"],"acts_visited":["Exordium"],"potions_floor_usage":[10,14],"damage_taken":[{"damage":0,"enemies":"Jaw Worm","floor":1,"turns":1},{"damage":0,"enemies":"Small Slimes","floor":4,"turns":1},{"damage":0,"enemies":"3 Sentries","floor":6,"turns":1},{"damage":4,"enemies":"Cultist","floor":8,"turns":5},{"damage":54,"enemies":"Gremlin Nob","floor":10,"turns":7},{"damage":0,"enemies":"3 Louse","floor":13,"turns":6},{"damage":17,"enemies":"3 Sentries","floor":14,"turns":7},{"damage":53,"enemies":"Slime Boss","floor":16,"turns":7}],"seed_played":"4027773679913387668","potions_obtained":[{"floor":8,"key":"BlessingOfTheForge"},{"floor":13,"key":"Fire Potion"}],"is_trial":false,"path_per_floor":["M","?","?","M","$","E","R","M","T","E","$","?","M","E","R","B"],"character_chosen":"THE_SILENT","items_purchased":["Footwork"],"campfire_rested":1,"item_purchase_floors":[11],"current_hp_per_floor":[70,70,63,63,63,63,63,59,59,17,17,17,29,24,45,0,0],"gold":213,"neow_bonus":"THREE_ENEMY_KILL","is_daily":false,"chose_seed":false,"campfire_upgraded":1,"win_rate":0.0,"timestamp":1613822612,"path_taken":["M","?","?","M","$","E","R","M","T","E","$","?","?","E","R","BOSS"],"items_purchased_type":["Card"],"build_version":"2020-12-22","purchased_purges":0,"victory":false,"max_hp_per_floor":[70,70,70,70,70,70,70,70,70,70,70,70,70,70,70,70,70],"card_choices":[{"not_picked":["Poisoned Stab","Acrobatics"],"picked":"PiercingWail","floor":1},{"not_picked":["Dagger Spray","Deadly Poison"],"picked":"Noxious Fumes","floor":4},{"not_picked":["PiercingWail","Catalyst"],"picked":"Malaise","floor":6},{"not_picked":["Terror","All Out Attack"],"picked":"Escape Plan","floor":8},{"not_picked":["Tools of the Trade","Reflex"],"picked":"Deadly Poison","floor":10},{"not_picked":["All Out Attack","Tactician"],"picked":"Acrobatics","floor":13},{"not_picked":["Prepared","PiercingWail"],"picked":"Catalyst","floor":14}],"player_experience":189798,"relics_obtained":[{"floor":6,"key":"Meat on the Bone"},{"floor":9,"key":"Centennial Puzzle"},{"floor":10,"key":"Happy Flower"},{"floor":14,"key":"Whetstone"}],"event_choices":[{"damage_healed":0,"gold_gain":0,"player_choice":"Take Wound","damage_taken":0,"relics_obtained":["Golden Idol"],"max_hp_gain":0,"max_hp_loss":0,"event_name":"Golden Idol","floor":2,"gold_loss":0,"cards_obtained":["Injury"]},{"cards_removed":["Injury"],"damage_healed":0,"gold_gain":0,"player_choice":"Card Removal","damage_taken":7,"max_hp_gain":0,"max_hp_loss":0,"event_name":"Golden Wing","floor":3,"gold_loss":0},{"damage_healed":0,"gold_gain":0,"player_choice":"Forge","damage_taken":0,"max_hp_gain":0,"max_hp_loss":0,"event_name":"Accursed Blacksmith","floor":12,"gold_loss":0,"cards_upgraded":["Footwork"]}],"is_beta":false,"boss_relics":[],"items_purged_floors":[],"is_endless":false,"potions_floor_spawned":[8,13],"killed_by":"Slime Boss","ascension_level":3}}