{"host":"2yqfi47fogfu1ic4","time":1613782406,"event":{"mods":["AchievementEnabler","BaseMod","Colored Map","Colored Powertips","Highlight Path","Minty Spire (QoL Compilation)","Permanent Neow","Relic Stats","StSLib"],"gold_per_floor":[112,112,125,141,154,154,187,207,284,284,28,87,23,56,56,129,129,143,143,159,159,159],"floor_reached":21,"language":"DEU","playtime":1396,"items_purged":[],"score":378,"play_id":"3d152b86-f9b8-4c4e-aebb-8c84ee3f4598","local_time":"20210220015326","is_ascension_mode":true,"campfire_choices":[{"data":"Bane","floor":6.0,"key":"SMITH"},{"data":"Adrenaline","floor":15.0,"key":"SMITH"}],"circlet_count":0,"master_deck":["AscendersBane","Strike_G","Strike_G","Strike_G","Strike_G","Strike_G","Defend_G","Defend_G","Defend_G","Defend_G","Survivor","Neutralize","Poisoned Stab","Bane+1","Poisoned Stab","Dagger Spray","Adrenaline+1","Bane","Parasite","Trip","Finisher","Blur","Venomology","Outmaneuver","Decay","Dagger Spray"],"relics":["Black Star","StrikeDummy","Turnip","Mummified Hand","Sling","Bag of Preparation","Pantograph","Akabeko","SacredBark"],"acts_visited":["Exordium","TheCity"],"potions_floor_usage":[21],"damage_taken":[{"damage":5.0,"enemies":"Small Slimes","floor":1.0,"turns":7.0},{"damage":1.0,"enemies":"Cultist","floor":3.0,"turns":3.0},{"damage":4.0,"enemies":"2 Louse","floor":4.0,"turns":4.0},{"damage":7.0,"enemies":"Large Slime","floor":5.0,"turns":5.0},{"damage":32.0,"enemies":"Lagavulin","floor":7.0,"turns":10.0},{"damage":3.0,"enemies":"Blue Slaver","floor":8.0,"turns":3.0},{"damage":3.0,"enemies":"Gremlin Nob","floor":12.0,"turns":3.0},{"damage":10.0,"enemies":"3 Sentries","floor":14.0,"turns":4.0},{"damage":32.0,"enemies":"The Guardian","floor":16.0,"turns":11.0},{"damage":3.0,"enemies":"Spheric Guardian","floor":18.0,"turns":5.0},{"damage":26.0,"enemies":"3 Byrds","floor":20.0,"turns":7.0},{"damage":23,"enemies":"Masked Bandits","floor":21,"turns":2}],"seed_played":"-8311513433374990258","potions_obtained":[{"floor":3.0,"key":"LiquidMemories"},{"floor":5.0,"key":"SpeedPotion"},{"floor":8.0,"key":"Dexterity Potion"},{"floor":16.0,"key":"LiquidMemories"}],"is_trial":false,"path_per_floor":["M","?","M","M","M","R","E","M","T","?","$","?","?","E","R","B",null,"M","?","M","?"],"character_chosen":"THE_SILENT","items_purchased":["Sling","Trip"],"campfire_rested":0,"item_purchase_floors":[11,11],"current_hp_per_floor":[54,54,53,49,42,42,10,7,7,23,23,20,20,10,10,3,50,47,47,21,0,0],"gold":159,"neow_bonus":"BOSS_RELIC","is_daily":false,"chose_seed":false,"campfire_upgraded":2,"win_rate":0.0,"timestamp":1613782406,"path_taken":["M","?","M","M","?","R","E","M","T","?","$","?","?","E","R","BOSS","M","?","M","?"],"items_purchased_type":["Relic","Card"],"build_version":"2020-12-22","purchased_purges":0,"victory":false,"max_hp_per_floor":[66,66,66,66,66,66,66,66,66,66,66,66,66,66,66,66,66,66,66,66,66,66],"relic_stats":{"counters":[12,64],"Mummified Hand":[0],"Pantograph":25,"Turnip":[5],"Black Star":2,"Bag of Preparation":[10],"obtain_stats":[{"Mummified Hand":9,"Pantograph":14,"SacredBark":17,"Turnip":7,"Black Star":0,"Bag of Preparation":12,"StrikeDummy":7,"Sling":11,"Akabeko":14,"Ring of the Snake":0},{"Mummified Hand":6,"Pantograph":8,"SacredBark":9,"Turnip":5,"Black Star":0,"Bag of Preparation":7,"StrikeDummy":5,"Sling":6,"Akabeko":8,"Ring of the Snake":0},{"Mummified Hand":32,"Pantograph":39,"SacredBark":50,"Turnip":29,"Black Star":0,"Bag of Preparation":35,"StrikeDummy":29,"Sling":32,"Akabeko":39,"Ring of the Snake":0}]},"card_choices":[{"not_picked":["Outmaneuver","Deadly Poison"],"picked":"Poisoned Stab","floor":1.0},{"not_picked":["Well Laid Plans","Flying Knee"],"picked":"Bane","floor":3.0},{"not_picked":["Quick Slash","Acrobatics"],"picked":"Poisoned Stab","floor":4.0},{"not_picked":["Dagger Throw","Dash"],"picked":"Dagger Spray","floor":5.0},{"not_picked":["Tactician","Deflect"],"picked":"Adrenaline","floor":7.0},{"not_picked":["Sucker Punch","Slice"],"picked":"Bane","floor":8.0},{"not_picked":["Deflect","Acrobatics"],"picked":"Finisher","floor":12.0},{"not_picked":["Bouncing Flask","Flechettes"],"picked":"Blur","floor":14.0},{"not_picked":["Adrenaline","Night Terror"],"picked":"Venomology","floor":16.0},{"not_picked":["Dagger Throw","Deadly Poison"],"picked":"Outmaneuver","floor":18.0},{"not_picked":["Deflect","Expertise"],"picked":"Dagger Spray","floor":20.0}],"player_experience":1894527,"relics_obtained":[{"floor":7.0,"key":"StrikeDummy"},{"floor":7.0,"key":"Turnip"},{"floor":9.0,"key":"Mummified Hand"},{"floor":12.0,"key":"Bag of Preparation"},{"floor":14.0,"key":"Pantograph"},{"floor":14.0,"key":"Akabeko"}],"event_choices":[{"cards_removed":["Defend_G"],"damage_healed":0.0,"max_hp_gain":0.0,"max_hp_loss":0.0,"gold_gain":0.0,"event_name":"Bonfire Elementals","player_choice":"Offered Basic","floor":2.0,"gold_loss":0.0,"damage_taken":0.0},{"damage_healed":16.0,"max_hp_gain":0.0,"max_hp_loss":0.0,"gold_gain":0.0,"event_name":"Mushrooms","player_choice":"Healed and dodged fight","floor":10.0,"gold_loss":0.0,"damage_taken":0.0,"cards_obtained":["Parasite"]},{"damage_healed":0.0,"max_hp_gain":0.0,"max_hp_loss":0.0,"gold_gain":30.0,"event_name":"Dead Adventurer","player_choice":"Searched \u00272\u0027 times","floor":12.0,"gold_loss":0.0,"damage_taken":0.0},{"damage_healed":0.0,"max_hp_gain":0.0,"max_hp_loss":0.0,"gold_gain":0.0,"event_name":"World of Goop","player_choice":"Left Gold","floor":13.0,"gold_loss":64.0,"damage_taken":0.0},{"damage_healed":0.0,"max_hp_gain":0.0,"max_hp_loss":0.0,"gold_gain":0.0,"event_name":"Forgotten Altar","player_choice":"Smashed Altar","floor":19.0,"gold_loss":0.0,"damage_taken":0.0,"cards_obtained":["Decay"]},{"damage_healed":0,"gold_gain":0,"player_choice":"Fought Bandits","damage_taken":0,"max_hp_gain":0,"max_hp_loss":0,"event_name":"Masked Bandits","floor":21,"gold_loss":0}],"is_beta":false,"boss_relics":[{"not_picked":["HoveringKite","Tiny House"],"picked":"SacredBark"}],"items_purged_floors":[],"is_endless":false,"potions_floor_spawned":[3,5,8,16],"killed_by":"Masked Bandits","ascension_level":20}}