{"host":"abdxwahegzejqccj","time":1613783277,"event":{"mods":["BaseMod","Better Note","BetterRewards","Colored Powertips","Downfall","Hermit","Minty Spire (QoL Compilation)","StSLib","The Cursed"],"gold_per_floor":[99,112,131,131,131,151,151,168,103,129,10,23,51,67,78,176,226,126,126,145,80,95,95,118,128,158,158,158,158],"floor_reached":27,"language":"ENG","playtime":1643,"items_purged":["downfall:Haunted","hexamod:Strike","hexamod:Strike"],"score":257,"play_id":"2ebeead6-2817-492f-9843-e1424ef1e3e2","local_time":"20210220120757","is_ascension_mode":true,"campfire_choices":[{"data":"Apotheosis","floor":1,"key":"SMITH"},{"data":"hexamod:HexaLevel","floor":18,"key":"SMITH"},{"data":"hexamod:FastForward","floor":23,"key":"SMITH"}],"circlet_count":0,"master_deck":["hexamod:Strike","hexamod:Strike","hexamod:Defend","hexamod:Defend+1","hexamod:Defend","hexamod:Defend","hexamod:Sear","hexamod:Float","Apotheosis+1","hexamod:Incineration","hexamod:RainOfEmbers","hexamod:RainOfEmbers","hexamod:ExtraCrispy","hexamod:PhantomFireball","hexamod:GhostflameBarrier","hexamod:RecurringNightmare","hexamod:ShieldOfDarkness","hexamod:AdvancingGuard","hexamod:SpectersWail","hexamod:ThirdSeal","hexamod:GhostShield","hexamod:VolcanoVisage","hexamod:FastForward+1","hexamod:ParanormalForm","hexamod:HexaLevel+1","hexamod:FourthSeal","hexamod:HeatShield+1","hexamod:PhantomCloak+1","hexamod:SpectersWail","hexamod:PowerFromBeyond+1"],"relics":["hexamod:SpiritBrand","Smiling Mask","Potion Belt","Bag of Preparation","Tiny House","downfall:HeartBlessingGreen","Strawberry","Tiny Chest"],"acts_visited":["Exordium","TheCity"],"potions_floor_usage":[13,16,16,16,16,16,16,20,25,26,26,26],"damage_taken":[{"damage":3,"enemies":"Jaw Worm","floor":2,"turns":3},{"damage":1,"enemies":"Cultist","floor":3,"turns":3},{"damage":7,"enemies":"Small Slimes","floor":6,"turns":4},{"damage":7,"enemies":"Blue Slaver","floor":8,"turns":3},{"damage":5,"enemies":"downfall:FleeingMerchant","floor":9,"turns":4},{"damage":18,"enemies":"3 Sentries","floor":10,"turns":8},{"damage":10,"enemies":"downfall:FleeingMerchant","floor":11,"turns":4},{"damage":0,"enemies":"downfall:LooterAlt","floor":12,"turns":4},{"damage":5,"enemies":"Lagavulin","floor":13,"turns":6},{"damage":0,"enemies":"Large Slime","floor":14,"turns":3},{"damage":1,"enemies":"Red Slaver","floor":15,"turns":3},{"damage":3,"enemies":"IC_STATUS_ARCHETYPE","floor":16,"turns":5},{"damage":0,"enemies":"Chosen","floor":19,"turns":1},{"damage":17,"enemies":"downfall:LooterAlt2","floor":20,"turns":6},{"damage":7,"enemies":"downfall:FleeingMerchant","floor":21,"turns":4},{"damage":0,"enemies":"Snecko","floor":22,"turns":5},{"damage":24,"enemies":"3 Cultists","floor":25,"turns":6},{"damage":32,"enemies":"Slavers","floor":26,"turns":5},{"damage":4,"enemies":"Shelled Parasite and Fungi","floor":27,"turns":4}],"seed_played":"6515630214762025028","potions_obtained":[{"floor":2,"key":"Fire Potion"},{"floor":8,"key":"Strength Potion"},{"floor":10,"key":"SteroidPotion"},{"floor":12,"key":"EntropicBrew"},{"floor":13,"key":"Energy Potion"},{"floor":14,"key":"SpeedPotion"},{"floor":17,"key":"Slimebound:ThreeZeroPotion"},{"floor":21,"key":"Ancient Potion"},{"floor":25,"key":"champ:CounterPotion"}],"is_trial":false,"path_per_floor":["R","M","M","?","?","M","T","M","$","E","$","M","E","M","M","B",null,"R","M","M","$","M","R","T","M","E","M"],"character_chosen":"THE_SPIRIT","items_purchased":["hexamod:AdvancingGuard"],"campfire_rested":0,"item_purchase_floors":[11],"current_hp_per_floor":[70,67,66,66,66,59,59,52,47,29,19,19,14,14,13,10,75,75,75,58,51,51,51,58,34,2,0,0,0],"gold":158,"neow_bonus":"RANDOM_COLORLESS_2","is_daily":false,"chose_seed":false,"campfire_upgraded":3,"win_rate":0.0,"timestamp":1613783277,"path_taken":["R","M","M","?","?","M","T","M","$","E","$","M","E","M","M","BOSS","R","M","M","$","M","R","T","M","E","?"],"items_purchased_type":["Card"],"build_version":"2020-12-22","purchased_purges":3,"victory":false,"max_hp_per_floor":[70,70,70,70,70,70,70,70,70,70,70,70,70,70,70,70,75,75,75,75,75,75,75,82,82,82,82,82,82],"card_choices":[{"not_picked":["Metamorphosis","Master of Strategy"],"picked":"Apotheosis","floor":0},{"not_picked":["hexamod:SpectersWail","hexamod:GhostOfSpirePast"],"picked":"hexamod:Incineration","floor":2},{"not_picked":["hexamod:GhostLash","hexamod:StepThrough"],"picked":"hexamod:RainOfEmbers","floor":3},{"not_picked":["hexamod:PowerFromBeyond","hexamod:HauntingEcho"],"picked":"hexamod:ExtraCrispy","floor":6},{"not_picked":["hexamod:FlamesFromBeyond","hexamod:Firestarter"],"picked":"hexamod:PhantomFireball","floor":8},{"not_picked":["hexamod:RadiantFlame","hexamod:GhostShield"],"picked":"hexamod:GhostflameBarrier","floor":9},{"not_picked":["hexamod:DynamicBlow","hexamod:GhostLash"],"picked":"hexamod:RecurringNightmare","floor":10},{"not_picked":["hexamod:InspiringFlames","hexamod:Firestarter"],"picked":"hexamod:ShieldOfDarkness","floor":11},{"not_picked":["hexamod:FirstSeal","hexamod:ExtraCrispy"],"picked":"hexamod:SpectersWail","floor":12},{"not_picked":["hexamod:SpectralSpark","hexamod:NightmareGuise"],"picked":"hexamod:ThirdSeal","floor":13},{"not_picked":["hexamod:PowerFromBeyond","hexamod:GhostLash"],"picked":"hexamod:GhostShield","floor":14},{"not_picked":["hexamod:Hexaguard","hexamod:SuperheatedStrike"],"picked":"hexamod:VolcanoVisage","floor":14},{"not_picked":["hexamod:NightmareStrike","hexamod:SuperheatedStrike"],"picked":"hexamod:FastForward","floor":15},{"not_picked":["hexamod:HexaLevel","hexamod:UnleashSpirits"],"picked":"hexamod:ParanormalForm","floor":16},{"not_picked":["hexamod:FifthSeal","hexamod:ApocalypticArmor"],"picked":"hexamod:HexaLevel","floor":16},{"not_picked":["hexamod:GhostShield","hexamod:HauntingEcho","hexamod:SwordOfDarkness"],"picked":"SKIP","floor":19},{"not_picked":["hexamod:PowerFromBeyond","hexamod:EmpoweredFlame+1"],"picked":"hexamod:FourthSeal","floor":20},{"not_picked":["hexamod:AdvancingGuard","hexamod:FifthSeal"],"picked":"hexamod:HeatShield+1","floor":20},{"not_picked":["hexamod:TurnItUp","hexamod:AdvancingGuard+1"],"picked":"hexamod:PhantomCloak+1","floor":21},{"not_picked":["hexamod:SkipABeat","hexamod:SuperheatedStrike"],"picked":"hexamod:SpectersWail","floor":22},{"not_picked":["hexamod:FastForward","hexamod:HeatMetal"],"picked":"hexamod:PowerFromBeyond+1","floor":25},{"not_picked":["hexamod:Firestarter","hexamod:BurningTouch+1","hexamod:GhostShield"],"picked":"SKIP","floor":25},{"not_picked":["hexamod:ApocalypticArmor","hexamod:ChargedBarrage","hexamod:ThermalTransfer"],"picked":"SKIP","floor":26}],"player_experience":409459,"relics_obtained":[{"floor":7,"key":"Smiling Mask"},{"floor":10,"key":"Potion Belt"},{"floor":13,"key":"Bag of Preparation"},{"floor":24,"key":"Strawberry"},{"floor":26,"key":"Tiny Chest"}],"event_choices":[],"is_beta":false,"boss_relics":[{"not_picked":["Black Star","Sozu"],"picked":"Tiny House"}],"items_purged_floors":[9,11,21],"is_endless":false,"potions_floor_spawned":[2,8,10,12,13,14,25],"killed_by":"Shelled Parasite and Fungi","ascension_level":1}}