{"host":"p7tmakh9l6iw5m47","time":1613788551,"event":{"mods":["Act Like it!","BaseMod","Conspire","Downfall","Googly Eyes","Highlight Path","Hubris","Ironclad Rager","Mimic Mod","Minty Spire (QoL Compilation)","Pale of the Ancients","Random Character Mod","Replay The Spire","Reworked Bosses","Ruina","Shapeshifter Mod","StSLib","The Forsaken","The IronCluck","The Juggle","The Jungle","The Necromancer","The Runesmith"],"gold_per_floor":[112,112,125,125,25,66,89,89,89,104,157,177,196,216,216,340,440,463,484,126,225,41,41,41,41,41,62,76,76,76],"floor_reached":29,"language":"ENG","playtime":1314,"items_purged":["Runesmith:Strike_RS","Runesmith:Strike_RS"],"score":302,"play_id":"284544ba-ede4-4afc-8fed-7977f9b34d54","local_time":"20210220113551","is_ascension_mode":false,"campfire_choices":[{"data":"Runesmith:HammerAndChisel","floor":8,"key":"SMITH"},{"floor":15,"key":"REST"},{"data":"Runesmith:BackupBattery","floor":23,"key":"SMITH"},{"data":"Runesmith:BackupBattery+1","floor":25,"key":"SMITH"}],"circlet_count":0,"master_deck":["Runesmith:Strike_RS","Runesmith:Strike_RS","Runesmith:Defend_RS","Runesmith:Defend_RS+1","Runesmith:Defend_RS","Runesmith:Defend_RS","Runesmith:CraftFirestone","Runesmith:Fortify","Runesmith:BackupBattery+2","Runesmith:CraftSpiculum+1","Runesmith:Repurpose","Runesmith:LithiumIon","Runesmith:HammerAndChisel+1","Runesmith:HeatExchange","Runesmith:ReplicatingBarrier","Runesmith:HammerThrow+1","Runesmith:HammerThrow+1","Runesmith:CraftMagma","Runesmith:EarthShield","Runesmith:CraftMedicinae","Runesmith:Grindstone+1","Runesmith:FieryHammer+1","Runesmith:RuneHurl+1","Runesmith:GoWithTheFlow+1","Runesmith:CreatorForm"],"relics":["Runesmith:BrokenRuby","NeowsBlessing","Golden Idol","Pen Nib","Letter Opener","Molten Egg 2","Replay:Wanted Poster","conspire:TreasureMap","Lantern","MutagenicStrength","Orichalcum"],"acts_visited":["Exordium","TheCity"],"potions_floor_usage":[13,14,27,28],"damage_taken":[{"damage":0,"enemies":"2 Louse","floor":1,"turns":1},{"damage":0,"enemies":"Small Slimes","floor":3,"turns":1},{"damage":0,"enemies":"Gremlin Nob","floor":6,"turns":1},{"damage":0,"enemies":"Cultist","floor":7,"turns":4},{"damage":4,"enemies":"Large Slime","floor":10,"turns":5},{"damage":0,"enemies":"3 Louse","floor":12,"turns":3},{"damage":2,"enemies":"Blue Slaver","floor":13,"turns":4},{"damage":4,"enemies":"Large Slime","floor":14,"turns":4},{"damage":0,"enemies":"Hexaghost","floor":16,"turns":8},{"damage":7,"enemies":"Chosen","floor":18,"turns":3},{"damage":20,"enemies":"2 Thieves","floor":19,"turns":4},{"damage":17,"enemies":"Cultist and Chosen","floor":27,"turns":7},{"damage":25,"enemies":"3 Cultists","floor":28,"turns":5},{"damage":18,"enemies":"Snecko","floor":29,"turns":3}],"seed_played":"-7523850412187724326","potions_obtained":[{"floor":3,"key":"Swift Potion"},{"floor":6,"key":"SteroidPotion"},{"floor":12,"key":"Elixir"},{"floor":14,"key":"Energy Potion"},{"floor":19,"key":"Elixir"}],"is_trial":false,"path_per_floor":["M","?","M","?","$","E","M","R","T","M","?","M","M","M","R","B",null,"M","M","$","?","$","R","?","R","T","M","M","M"],"character_chosen":"RUNESMITH_CLASS","items_purchased":["Runesmith:Repurpose","conspire:TreasureMap","Fruit Juice","Runesmith:RuneHurl+1","Lantern"],"campfire_rested":1,"item_purchase_floors":[5,20,20,22,22],"current_hp_per_floor":[70,53,53,39,39,39,39,39,39,35,7,7,5,1,22,22,70,65,45,45,45,45,45,45,45,45,33,8,0,0],"gold":76,"neow_bonus":"THREE_ENEMY_KILL","is_daily":false,"chose_seed":false,"campfire_upgraded":3,"win_rate":0.0,"timestamp":1613788551,"path_taken":["M","?","M","?","$","E","M","R","T","M","?","M","?","M","R","BOSS","M","M","$","?","$","R","?","R","T","M","M","M"],"items_purchased_type":["Card","Relic","Potion","Card","Relic"],"build_version":"2020-12-22","purchased_purges":2,"victory":false,"max_hp_per_floor":[70,70,70,70,70,70,70,70,70,70,70,70,70,70,70,70,70,70,70,70,70,70,70,70,70,70,75,75,75,75],"card_choices":[{"not_picked":["Runesmith:FrozenChisel","Runesmith:EnergizedChisel"],"picked":"Runesmith:BackupBattery","floor":1},{"not_picked":["Runesmith:BackupBattery","Runesmith:MakeshiftArmor"],"picked":"Runesmith:CraftSpiculum","floor":3},{"not_picked":["Runesmith:CraftProtectio","Runesmith:EarthShield"],"picked":"Runesmith:LithiumIon","floor":6},{"not_picked":["Runesmith:CraftProtectio","Runesmith:ShiftingStrike"],"picked":"Runesmith:HammerAndChisel","floor":7},{"not_picked":["Runesmith:Accelerate","Runesmith:RuneHurl"],"picked":"Runesmith:HeatExchange","floor":10},{"not_picked":["Runesmith:EarthShield","Runesmith:Overpower+1"],"picked":"Runesmith:ReplicatingBarrier","floor":11},{"not_picked":["Runesmith:DuctTape","Runesmith:Grindstone"],"picked":"Runesmith:HammerThrow+1","floor":11},{"not_picked":["Runesmith:ElementalConversion","Runesmith:BackupBattery"],"picked":"Runesmith:HammerThrow+1","floor":12},{"not_picked":["Runesmith:ShiftingStrike+1","Runesmith:MakeshiftArmor"],"picked":"Runesmith:CraftMagma","floor":13},{"not_picked":["Runesmith:MakeshiftArmor","Runesmith:HammerTime+1"],"picked":"Runesmith:EarthShield","floor":14},{"not_picked":["Runesmith:LightningRod","Runesmith:LastStand"],"picked":"Runesmith:CraftMedicinae","floor":16},{"not_picked":["Runesmith:RunicBlueprint+1","Runesmith:HammerThrow+1"],"picked":"Runesmith:Grindstone+1","floor":18},{"not_picked":["Runesmith:Overpower+1","Runesmith:MakeshiftArmor"],"picked":"Runesmith:FieryHammer+1","floor":19},{"not_picked":["Runesmith:ShiftingStrike+1","Runesmith:NegativeSpace"],"picked":"Runesmith:GoWithTheFlow+1","floor":27},{"not_picked":["Runesmith:HammerThrow+1","Runesmith:Refine"],"picked":"Runesmith:CreatorForm","floor":28}],"player_experience":171379,"relics_obtained":[{"floor":6,"key":"Pen Nib"},{"floor":9,"key":"Letter Opener"},{"floor":11,"key":"Molten Egg 2"},{"floor":26,"key":"Orichalcum"}],"event_choices":[{"damage_healed":0,"gold_gain":0,"player_choice":"Take Damage","damage_taken":17,"relics_obtained":["Golden Idol"],"max_hp_gain":0,"max_hp_loss":0,"event_name":"Golden Idol","floor":2,"gold_loss":0},{"damage_healed":0,"gold_gain":0,"player_choice":"Entered Light","damage_taken":14,"max_hp_gain":0,"max_hp_loss":0,"event_name":"Shining Light","floor":4,"gold_loss":0,"cards_upgraded":["Runesmith:Defend_RS","Runesmith:CraftSpiculum"]},{"damage_healed":0,"gold_gain":99,"player_choice":"Stole From Cult","damage_taken":0,"max_hp_gain":0,"max_hp_loss":0,"event_name":"Nest","floor":21,"gold_loss":0},{"damage_healed":0,"gold_gain":0,"player_choice":"Inject Mutagens","damage_taken":0,"relics_obtained":["MutagenicStrength"],"max_hp_gain":0,"max_hp_loss":0,"event_name":"Drug Dealer","floor":24,"gold_loss":0}],"is_beta":false,"boss_relics":[{"not_picked":["Replay:Fungal Core","Runic Pyramid"],"picked":"Replay:Wanted Poster"}],"items_purged_floors":[5,20],"is_endless":false,"potions_floor_spawned":[3,6,12,14,19],"killed_by":"Snecko","ascension_level":0}}