{"host":"Tylorde","time":1613795508,"event":{"mods":["BaseMod","Minty Spire (QoL Compilation)","Weighted Paths"],"gold_per_floor":[109,109,37,50,69,69,97,97,147,180,19,36,36,71,71,143,143,158,169,183,183,108,108,135,135,135,151,184,207,233,273,285,374,386,408,436,98,98,0,0,31,31,31,56,83,132,165,182,182,182,182,182,28,58,58,58],"floor_reached":55,"language":"ENG","playtime":4523,"items_purged":["Strike_R"],"score":1480,"play_id":"102c183f-5339-477b-a160-7440e1d865da","local_time":"20210219203148","is_ascension_mode":true,"campfire_choices":[{"data":"Carnage","floor":6,"key":"SMITH"},{"data":"Metallicize","floor":8,"key":"SMITH"},{"data":"Offering","floor":13,"key":"SMITH"},{"data":"Sword Boomerang","floor":15,"key":"SMITH"},{"data":"Whirlwind","floor":23,"key":"SMITH"},{"data":"Feel No Pain","floor":25,"key":"SMITH"},{"data":"Flame Barrier","floor":32,"key":"SMITH"},{"floor":40,"key":"RECALL"},{"data":"Offering","floor":49,"key":"SMITH"},{"data":"Battle Trance","floor":52,"key":"SMITH"}],"circlet_count":0,"master_deck":["AscendersBane","Strike_R","Strike_R","Strike_R","Defend_R","Defend_R","Defend_R","Defend_R","Bash","Shockwave+1","Carnage+1","Battle Trance+1","Metallicize+1","Headbutt","Offering+1","Feel No Pain+1","Offering+1","Demon Form","Whirlwind+1","Necronomicurse","Flame Barrier+1","Barricade","Flame Barrier+1","Entrench"],"relics":["Burning Blood","NeowsBlessing","Smiling Mask","Blood Vial","Eternal Feather","Gremlin Horn","Snecko Eye","Necronomicon","Singing Bowl","Bag of Marbles","MawBank","Ginger","Philosopher\u0027s Stone","Thread and Needle","Red Mask","Prayer Wheel","Gambling Chip","Molten Egg 2","Calipers","Akabeko","Chemical X","Nunchaku"],"acts_visited":["Exordium","TheCity","TheBeyond","TheEnding"],"potions_floor_usage":[10,18,24,31,33,36,50,55],"damage_taken":[{"damage":0,"enemies":"Small Slimes","floor":1,"turns":1},{"damage":0,"enemies":"Cultist","floor":4,"turns":1},{"damage":0,"enemies":"2 Louse","floor":5,"turns":1},{"damage":13,"enemies":"Gremlin Nob","floor":7,"turns":3},{"damage":14,"enemies":"Lagavulin","floor":10,"turns":7},{"damage":7,"enemies":"2 Fungi Beasts","floor":12,"turns":2},{"damage":15,"enemies":"Gremlin Nob","floor":14,"turns":4},{"damage":16,"enemies":"Slime Boss","floor":16,"turns":6},{"damage":17,"enemies":"2 Thieves","floor":18,"turns":4},{"damage":6,"enemies":"3 Byrds","floor":19,"turns":3},{"damage":7,"enemies":"Snecko","floor":20,"turns":3},{"damage":28,"enemies":"Book of Stabbing","floor":24,"turns":4},{"damage":6,"enemies":"Chosen and Byrds","floor":27,"turns":1},{"damage":0,"enemies":"Slavers","floor":28,"turns":1},{"damage":25,"enemies":"Centurion and Healer","floor":29,"turns":3},{"damage":24,"enemies":"Snake Plant","floor":30,"turns":3},{"damage":8,"enemies":"Book of Stabbing","floor":31,"turns":3},{"damage":7,"enemies":"Collector","floor":33,"turns":6},{"damage":0,"enemies":"Orb Walker","floor":35,"turns":1},{"damage":36,"enemies":"3 Shapes","floor":36,"turns":3},{"damage":6,"enemies":"Giant Head","floor":41,"turns":7},{"damage":13,"enemies":"Mind Bloom Boss Battle","floor":44,"turns":4},{"damage":18,"enemies":"Nemesis","floor":45,"turns":7},{"damage":6,"enemies":"2 Orb Walkers","floor":46,"turns":2},{"damage":8,"enemies":"Reptomancer","floor":47,"turns":3},{"damage":12,"enemies":"Maw","floor":48,"turns":5},{"damage":77,"enemies":"Donu and Deca","floor":50,"turns":7},{"damage":6,"enemies":"Shield and Spear","floor":54,"turns":2},{"damage":114,"enemies":"The Heart","floor":55,"turns":6}],"seed_played":"4339428914493104032","potions_obtained":[{"floor":5,"key":"Fire Potion"},{"floor":7,"key":"Block Potion"},{"floor":10,"key":"ElixirPotion"},{"floor":27,"key":"PowerPotion"},{"floor":30,"key":"ElixirPotion"},{"floor":31,"key":"Explosive Potion"},{"floor":33,"key":"Block Potion"},{"floor":35,"key":"BloodPotion"},{"floor":36,"key":"AttackPotion"}],"is_trial":false,"path_per_floor":["M","?","$","M","M","R","E","R","T","E","$","M","R","E","R","B",null,"M","M","M","?","?","R","E","R","T","M","E","M","M","E","R","B",null,"M","M","$","?","?","R","E","?","T","?","E","?","E","M","R","B",null,"R","$","E","B"],"character_chosen":"IRONCLAD","items_purchased":["AttackPotion","Sword Boomerang","Offering","Thread and Needle","Chemical X"],"campfire_rested":0,"item_purchase_floors":[3,3,11,37,53],"current_hp_per_floor":[74,74,74,75,75,75,68,68,68,62,62,63,72,65,75,65,73,64,66,67,51,51,63,45,57,57,61,71,56,42,42,54,55,78,87,76,76,76,76,88,91,86,86,81,71,75,77,75,87,18,75,87,87,91,0,0],"gold":58,"neow_bonus":"THREE_ENEMY_KILL","is_daily":false,"chose_seed":false,"campfire_upgraded":9,"win_rate":0.0,"timestamp":1613795508,"path_taken":["M","?","$","?","M","R","E","R","T","E","$","M","R","E","R","BOSS","M","M","?","?","?","R","E","R","T","M","E","M","M","E","R","BOSS","M","M","$","?","?","R","E","?","T","?","E","?","E","M","R","BOSS","R","$","E","BOSS"],"items_purchased_type":["Potion","Card","Card","Relic","Relic"],"build_version":"2020-12-18","purchased_purges":1,"victory":false,"max_hp_per_floor":[75,75,75,75,75,75,75,75,75,75,75,75,75,75,75,75,75,75,75,75,75,75,75,77,77,77,79,81,83,85,85,85,85,85,87,89,89,89,89,89,91,86,86,88,88,90,92,94,94,94,94,94,94,96,96,96],"card_choices":[{"not_picked":["Clash","Headbutt"],"picked":"Shockwave","floor":1},{"not_picked":["Bloodletting","True Grit"],"picked":"Carnage","floor":4},{"not_picked":["Body Slam","Wild Strike"],"picked":"Battle Trance","floor":5},{"not_picked":["Heavy Blade","Pummel"],"picked":"Metallicize","floor":7},{"not_picked":["Twin Strike","Ghostly Armor"],"picked":"Headbutt","floor":10},{"not_picked":["Shockwave","Perfected Strike"],"picked":"Feel No Pain","floor":12},{"not_picked":["Demon Form","Flex"],"picked":"Offering","floor":14},{"not_picked":["Brutality","Exhume"],"picked":"Demon Form","floor":16},{"not_picked":["Rupture+1","Flex"],"picked":"Whirlwind","floor":18},{"not_picked":["Headbutt","Seeing Red+1","Burning Pact"],"picked":"SKIP","floor":19},{"not_picked":["Dropkick","Anger","Warcry"],"picked":"SKIP","floor":20},{"not_picked":["Twin Strike","Reckless Charge","Rage"],"picked":"Singing Bowl","floor":24},{"not_picked":["Hemokinesis","Anger","Metallicize+1"],"picked":"Singing Bowl","floor":27},{"not_picked":["Clothesline","Demon Form","Iron Wave"],"picked":"Singing Bowl","floor":28},{"not_picked":["Armaments","Clash","Clothesline+1"],"picked":"Singing Bowl","floor":29},{"not_picked":["Havoc","Iron Wave","Reckless Charge"],"picked":"Singing Bowl","floor":30},{"not_picked":["Thunderclap","Sentinel"],"picked":"Flame Barrier","floor":31},{"not_picked":["Double Tap","Exhume"],"picked":"Barricade","floor":33},{"not_picked":["Armaments","Pommel Strike","Cleave"],"picked":"Singing Bowl","floor":35},{"not_picked":["Rage+1","Metallicize","Anger+1"],"picked":"Singing Bowl","floor":36},{"not_picked":["Immolate","Armaments","Flex"],"picked":"Singing Bowl","floor":41},{"not_picked":["Flex","Perfected Strike","Brutality"],"picked":"Singing Bowl","floor":44},{"not_picked":["Perfected Strike+1","Body Slam+1"],"picked":"Flame Barrier+1","floor":45},{"not_picked":["Cleave+1","Heavy Blade+1","Shockwave"],"picked":"Singing Bowl","floor":46},{"not_picked":["Ghostly Armor+1","Shrug It Off","Rage+1"],"picked":"Singing Bowl","floor":47},{"not_picked":["Havoc","Wild Strike+1","Metallicize"],"picked":"Singing Bowl","floor":48},{"not_picked":["Flex","Twin Strike+1"],"picked":"Entrench","floor":48},{"not_picked":["Intimidate","Flame Barrier","Entrench+1"],"picked":"Singing Bowl","floor":54}],"player_experience":877617,"relics_obtained":[{"floor":7,"key":"Smiling Mask"},{"floor":9,"key":"Blood Vial"},{"floor":10,"key":"Eternal Feather"},{"floor":14,"key":"Gremlin Horn"},{"floor":21,"key":"Necronomicon"},{"floor":24,"key":"Singing Bowl"},{"floor":26,"key":"Bag of Marbles"},{"floor":28,"key":"MawBank"},{"floor":31,"key":"Ginger"},{"floor":41,"key":"Prayer Wheel"},{"floor":44,"key":"Gambling Chip"},{"floor":45,"key":"Molten Egg 2"},{"floor":46,"key":"Calipers"},{"floor":47,"key":"Akabeko"},{"floor":54,"key":"Nunchaku"}],"event_choices":[{"damage_healed":0,"gold_gain":0,"player_choice":"Upgraded","damage_taken":0,"max_hp_gain":0,"max_hp_loss":0,"event_name":"Upgrade Shrine","floor":2,"gold_loss":0,"cards_upgraded":["Shockwave"]},{"damage_healed":0,"gold_gain":0,"player_choice":"Obtained Book","damage_taken":16,"max_hp_gain":0,"max_hp_loss":0,"event_name":"Cursed Tome","floor":21,"gold_loss":0},{"cards_removed":["Strike_R"],"damage_healed":0,"gold_gain":0,"player_choice":"Gave Gold","damage_taken":0,"max_hp_gain":0,"max_hp_loss":0,"event_name":"Beggar","floor":22,"gold_loss":75},{"cards_removed":["Sword Boomerang"],"damage_healed":0,"gold_gain":0,"player_choice":"Removed Attack","damage_taken":0,"max_hp_gain":0,"max_hp_loss":0,"event_name":"Falling","floor":38,"gold_loss":0},{"damage_healed":0,"gold_gain":0,"player_choice":"Paid","damage_taken":0,"relics_obtained":["Red Mask"],"max_hp_gain":0,"max_hp_loss":0,"event_name":"Tomb of Lord Red Mask","floor":39,"gold_loss":98},{"damage_healed":0,"gold_gain":0,"player_choice":"Max HP","damage_taken":0,"max_hp_gain":0,"max_hp_loss":5,"event_name":"Winding Halls","floor":42,"gold_loss":0},{"damage_healed":0,"gold_gain":0,"player_choice":"Fight","damage_taken":0,"max_hp_gain":0,"max_hp_loss":0,"event_name":"MindBloom","floor":44,"gold_loss":0},{"damage_healed":0,"gold_gain":0,"player_choice":"Fight","damage_taken":0,"max_hp_gain":0,"max_hp_loss":0,"event_name":"Mysterious Sphere","floor":46,"gold_loss":0}],"is_beta":true,"boss_relics":[{"not_picked":["Black Blood","Ectoplasm"],"picked":"Snecko Eye"},{"not_picked":["Velvet Choker","Runic Dome"],"picked":"Philosopher\u0027s Stone"}],"items_purged_floors":[37],"is_endless":false,"potions_floor_spawned":[5,7,10,14,27,30,31,33,35,36],"killed_by":"The Heart","ascension_level":14}}