{"host":"tzwikg9s6mkzv6w0","time":1613808358,"event":{"mods":["BaseMod","Good Game Mod","Minty Spire (QoL Compilation)","Spicy Shops","StSLib"],"gold_per_floor":[113,123,123,135,149,181,181,215,240,273,273,288,288,288,288],"floor_reached":14,"language":"ZHS","playtime":317,"items_purged":[],"score":263,"play_id":"31757fc2-a943-4025-b796-7075c42a5f20","local_time":"20210220160558","is_ascension_mode":true,"campfire_choices":[{"data":"Eruption","floor":11.0,"key":"SMITH"},{"data":"Blasphemy","floor":13.0,"key":"SMITH"}],"circlet_count":0,"master_deck":["AscendersBane","Strike_P","Strike_P","Strike_P","Strike_P","Defend_P","Defend_P","Eruption+1","Vigilance","Adaptation","BattleHymn","FlurryOfBlows","Establishment","Blasphemy+1"],"relics":["PureWater","REME:ComplimentaryCards","NeowsBlessing","White Beast Statue","Bag of Marbles","Damaru"],"acts_visited":["Exordium"],"potions_floor_usage":[14,14],"damage_taken":[{"damage":0.0,"enemies":"Small Slimes","floor":1.0,"turns":1.0},{"damage":0.0,"enemies":"Cultist","floor":2.0,"turns":1.0},{"damage":0.0,"enemies":"2 Louse","floor":4.0,"turns":1.0},{"damage":23.0,"enemies":"Exordium Thugs","floor":5.0,"turns":6.0},{"damage":5.0,"enemies":"Gremlin Nob","floor":6.0,"turns":3.0},{"damage":0.0,"enemies":"Lagavulin","floor":8.0,"turns":4.0},{"damage":16.0,"enemies":"Gremlin Nob","floor":10.0,"turns":3.0},{"damage":0.0,"enemies":"2 Fungi Beasts","floor":12.0,"turns":1.0},{"damage":22,"enemies":"3 Sentries","floor":14,"turns":3}],"seed_played":"401688815780096570","potions_obtained":[{"floor":2.0,"key":"ColorlessPotion"},{"floor":6.0,"key":"Fire Potion"},{"floor":12.0,"key":"CultistPotion"}],"is_trial":false,"path_per_floor":["M","M","?","M","M","E","?","E","T","E","R","M","R","E"],"character_chosen":"WATCHER","items_purchased":[],"campfire_rested":0,"item_purchase_floors":[],"current_hp_per_floor":[61,61,61,61,38,33,33,33,33,17,17,17,17,0,0],"gold":288,"neow_bonus":"THREE_ENEMY_KILL","is_daily":false,"chose_seed":false,"campfire_upgraded":2,"win_rate":0.0,"timestamp":1613808358,"path_taken":["M","M","?","?","M","E","?","E","T","E","R","M","R","E"],"items_purchased_type":[],"build_version":"2020-12-22","purchased_purges":0,"victory":false,"max_hp_per_floor":[68,68,68,68,68,68,68,68,68,68,68,68,68,68,68],"card_choices":[{"not_picked":["Weave","Halt","Protect"],"picked":"SKIP","floor":1.0},{"not_picked":["PathToVictory","FlyingSleeves"],"picked":"BattleHymn","floor":2.0},{"not_picked":["BattleHymn","ThirdEye","Halt"],"picked":"SKIP","floor":4.0},{"not_picked":["SandsOfTime","FollowUp","JustLucky"],"picked":"SKIP","floor":5.0},{"not_picked":["JustLucky","BattleHymn","Crescendo"],"picked":"SKIP","floor":6.0},{"not_picked":["JustLucky","ConjureBlade","CrushJoints"],"picked":"SKIP","floor":8.0},{"not_picked":["ForeignInfluence","Study"],"picked":"Blasphemy","floor":10.0},{"not_picked":["FlurryOfBlows","Evaluate","Prostrate"],"picked":"SKIP","floor":12.0}],"player_experience":166603,"relics_obtained":[{"floor":6.0,"key":"White Beast Statue"},{"floor":8.0,"key":"Bag of Marbles"},{"floor":10.0,"key":"Damaru"}],"event_choices":[{"damage_healed":0.0,"max_hp_gain":0.0,"max_hp_loss":0.0,"gold_gain":0.0,"cards_transformed":["Defend_P"],"event_name":"Transmorgrifier","player_choice":"Transformed","floor":3.0,"gold_loss":0.0,"damage_taken":0.0,"cards_obtained":["FlurryOfBlows"]},{"damage_healed":0.0,"max_hp_gain":0.0,"max_hp_loss":0.0,"gold_gain":0.0,"cards_transformed":["Defend_P"],"event_name":"Living Wall","player_choice":"Change","floor":7.0,"gold_loss":0.0,"damage_taken":0.0,"cards_obtained":["Establishment"]}],"is_beta":false,"boss_relics":[],"items_purged_floors":[],"is_endless":false,"potions_floor_spawned":[2,6,8,10,12],"killed_by":"3 Sentries","ascension_level":19}}