{"host":"94aus4jnk6thj94q","time":1613822793,"event":{"mods":["BaseMod","Minty Spire (QoL Compilation)","Quick Restart","StSLib"],"gold_per_floor":[16,33,33,6,6,46,46,65,116,137,181,181,200,218,218,342,342,358,373,396,419,348,348,366,366,366,387,486,486,486],"floor_reached":29,"language":"ENG","playtime":2843,"items_purged":[],"score":239,"play_id":"052aab63-ed96-4d3e-b437-8d8a4f808930","local_time":"20210220140633","is_ascension_mode":false,"campfire_choices":[{"floor":7.0,"key":"REST"},{"floor":15.0,"key":"REST"},{"floor":23,"key":"REST"}],"circlet_count":0,"master_deck":["Strike_R","Strike_R","Strike_R","Strike_R","Strike_R","Defend_R","Defend_R","Defend_R","Defend_R","Bash+1","Perfected Strike","Bloodletting","Body Slam","Body Slam","Pommel Strike","Armaments","Thunderclap","Pommel Strike","Shrug It Off","Demon Form","Flame Barrier+1","Twin Strike","Armaments+1","Spot Weakness","Perfected Strike"],"relics":["Black Blood","Mango","Golden Idol","Nunchaku","MealTicket","Girya","Ginger"],"acts_visited":["Exordium","TheCity"],"potions_floor_usage":[16],"damage_taken":[{"damage":3.0,"enemies":"Small Slimes","floor":1.0,"turns":3.0},{"damage":6.0,"enemies":"Cultist","floor":2.0,"turns":3.0},{"damage":50.0,"enemies":"3 Sentries","floor":6.0,"turns":12.0},{"damage":0.0,"enemies":"2 Louse","floor":8.0,"turns":2.0},{"damage":19.0,"enemies":"Lots of Slimes","floor":10.0,"turns":4.0},{"damage":15.0,"enemies":"Gremlin Nob","floor":11.0,"turns":4.0},{"damage":10.0,"enemies":"Looter","floor":13.0,"turns":2.0},{"damage":13.0,"enemies":"3 Louse","floor":14.0,"turns":4.0},{"damage":39,"enemies":"The Guardian","floor":16,"turns":11},{"damage":19,"enemies":"Chosen","floor":18,"turns":5},{"damage":25,"enemies":"Spheric Guardian","floor":19,"turns":6},{"damage":18,"enemies":"Centurion and Healer","floor":20,"turns":6},{"damage":25,"enemies":"Snecko","floor":21,"turns":4},{"damage":42,"enemies":"3 Cultists","floor":24,"turns":6},{"damage":34,"enemies":"Shelled Parasite and Fungi","floor":27,"turns":7},{"damage":36,"enemies":"Gremlin Leader","floor":29,"turns":2}],"seed_played":"5498157149466400808","potions_obtained":[{"floor":2.0,"key":"Energy Potion"},{"floor":10.0,"key":"Strength Potion"},{"floor":12.0,"key":"Energy Potion"},{"floor":12.0,"key":"FearPotion"},{"floor":12.0,"key":"Fruit Juice"},{"floor":20,"key":"AttackPotion"},{"floor":24,"key":"SmokeBomb"}],"is_trial":false,"path_per_floor":["M","M","?","$","?","E","R","M","T","M","E","?","M","M","R","B",null,"M","M","M","M","$","R","M","?","T","M","?","E"],"character_chosen":"IRONCLAD","items_purchased":["Body Slam","Spot Weakness"],"campfire_rested":3,"item_purchase_floors":[4,22],"current_hp_per_floor":[94,94,94,94,87,43,69,75,75,62,53,53,49,42,68,40,92,85,72,66,53,68,92,62,62,62,40,40,4,4],"gold":486,"neow_bonus":"ONE_RARE_RELIC","is_daily":false,"chose_seed":false,"campfire_upgraded":0,"win_rate":0.0,"timestamp":1613822793,"path_taken":["M","M","?","$","?","E","R","M","T","M","E","?","M","?","R","BOSS","M","M","M","M","$","R","M","?","T","?","?","E"],"items_purchased_type":["Card","Card"],"build_version":"2020-12-22","purchased_purges":0,"victory":false,"max_hp_per_floor":[94,94,94,94,87,87,87,87,87,87,87,87,87,87,87,92,92,92,92,92,92,92,92,92,92,92,92,92,92,92],"card_choices":[{"not_picked":["Body Slam","Blood for Blood"],"picked":"Perfected Strike","floor":1.0},{"not_picked":["Carnage","Entrench"],"picked":"Bloodletting","floor":2.0},{"not_picked":["Flex","Pommel Strike"],"picked":"Body Slam","floor":6.0},{"not_picked":["Bludgeon","Sever Soul"],"picked":"Pommel Strike","floor":8.0},{"not_picked":["Body Slam","Clothesline"],"picked":"Armaments","floor":10.0},{"not_picked":["Blood for Blood","Pummel"],"picked":"Thunderclap","floor":11.0},{"not_picked":["Intimidate","Body Slam"],"picked":"Pommel Strike","floor":13.0},{"not_picked":["Rampage","Warcry"],"picked":"Shrug It Off","floor":14.0},{"not_picked":["Limit Break","Offering"],"picked":"Demon Form","floor":16},{"not_picked":["Armaments","Clothesline"],"picked":"Flame Barrier+1","floor":18},{"not_picked":["Pommel Strike+1","Headbutt","Anger"],"picked":"SKIP","floor":19},{"not_picked":["Rupture","Headbutt"],"picked":"Twin Strike","floor":20},{"not_picked":["Uppercut","Flame Barrier"],"picked":"Armaments+1","floor":21},{"not_picked":["Armaments","Seeing Red"],"picked":"Perfected Strike","floor":24},{"not_picked":["Flex","Intimidate","Hemokinesis"],"picked":"SKIP","floor":27}],"player_experience":4489470,"relics_obtained":[{"floor":6.0,"key":"Nunchaku"},{"floor":9.0,"key":"MealTicket"},{"floor":11.0,"key":"Girya"},{"floor":26,"key":"Ginger"}],"event_choices":[{"damage_healed":0.0,"max_hp_gain":0.0,"max_hp_loss":0.0,"gold_gain":0.0,"event_name":"Living Wall","player_choice":"Grow","floor":3.0,"gold_loss":0.0,"damage_taken":0.0,"cards_upgraded":["Bash"]},{"damage_healed":0.0,"max_hp_gain":0.0,"max_hp_loss":7.0,"gold_gain":0.0,"event_name":"Golden Idol","player_choice":"Lose Max HP","floor":5.0,"gold_loss":0.0,"damage_taken":0.0,"relics_obtained":["Golden Idol"]},{"damage_healed":0.0,"max_hp_gain":0.0,"max_hp_loss":0.0,"gold_gain":0.0,"event_name":"Lab","player_choice":"Got Potions","floor":12.0,"gold_loss":0.0,"damage_taken":0.0},{"damage_healed":0,"gold_gain":0,"player_choice":"Ignored","damage_taken":0,"max_hp_gain":0,"max_hp_loss":0,"event_name":"NoteForYourself","floor":25,"gold_loss":0},{"damage_healed":0,"gold_gain":99,"player_choice":"Stole From Cult","damage_taken":0,"max_hp_gain":0,"max_hp_loss":0,"event_name":"Nest","floor":28,"gold_loss":0}],"is_beta":false,"boss_relics":[{"not_picked":["Runic Dome","Runic Cube"],"picked":"Black Blood"}],"items_purged_floors":[],"is_endless":false,"potions_floor_spawned":[2,10,20,24],"killed_by":"Gremlin Leader","ascension_level":0}}