{"host":"1a3cjta80tad0aqj","time":1613845817,"event":{"mods":["2.2 Compatiblity","AchievementEnabler","BaseMod","Colored Map","DeckTracker","KOR Keyword Fix","Keyboard Shortcuts","Minty Spire (QoL Compilation)","Permanent Neow","Quick Restart","Random Character Button","StSLib","SuperFastMode","everything is the same but u backflip on backflip"],"gold_per_floor":[359,370,387,407,424,424,450,450,450,450,470,482,482,482,482,582,582,602,602,602],"floor_reached":19,"language":"KOR","playtime":752,"items_purged":[],"score":248,"play_id":"51fb0568-4a2d-4fc1-a98f-dd39daec39c5","local_time":"20210221033017","is_ascension_mode":true,"campfire_choices":[{"floor":6,"key":"REST"},{"floor":8,"key":"REST"},{"floor":15,"key":"REST"}],"circlet_count":0,"master_deck":["Strike_R","Strike_R","Strike_R","Strike_R","Defend_R","Defend_R","Defend_R","Defend_R","Bash","Dark Embrace","True Grit","Seeing Red","Blood for Blood","Pommel Strike","Flex","Shrug It Off","Armaments","Offering","Warcry+1"],"relics":["Black Blood","Shovel","Bag of Preparation","Smiling Mask"],"acts_visited":["Exordium","TheCity"],"potions_floor_usage":[7,16,16],"damage_taken":[{"damage":7.0,"enemies":"2 Louse","floor":1.0,"turns":3.0},{"damage":18.0,"enemies":"Small Slimes","floor":2.0,"turns":6.0},{"damage":11.0,"enemies":"Jaw Worm","floor":3.0,"turns":6.0},{"damage":10,"enemies":"2 Fungi Beasts","floor":4,"turns":4},{"damage":27,"enemies":"Exordium Thugs","floor":5,"turns":5},{"damage":32,"enemies":"Gremlin Nob","floor":7,"turns":4},{"damage":16,"enemies":"Exordium Wildlife","floor":11,"turns":3},{"damage":3,"enemies":"Blue Slaver","floor":12,"turns":6},{"damage":34,"enemies":"Hexaghost","floor":16,"turns":8},{"damage":41,"enemies":"Shell Parasite","floor":18,"turns":8},{"damage":0,"enemies":"3 Byrds","floor":19,"turns":1}],"seed_played":"-3124204172001352624","potions_obtained":[{"floor":1.0,"key":"BlessingOfTheForge"},{"floor":2.0,"key":"AttackPotion"},{"floor":7,"key":"Weak Potion"},{"floor":12,"key":"BlessingOfTheForge"}],"is_trial":false,"path_per_floor":["M","M","M","M","M","R","E","R","T","?","M","M","?","T","R","B",null,"M","M"],"character_chosen":"IRONCLAD","items_purchased":[],"campfire_rested":3,"item_purchase_floors":[],"current_hp_per_floor":[71,59,54,50,29,50,24,45,45,45,35,38,38,38,59,31,62,33,33,33],"gold":602,"neow_bonus":"TWO_FIFTY_GOLD","is_daily":false,"chose_seed":false,"campfire_upgraded":0,"win_rate":0.0,"timestamp":1613845817,"path_taken":["M","M","M","M","M","R","E","R","T","?","M","M","?","?","R","BOSS","M","M"],"items_purchased_type":[],"build_version":"2020-12-22","purchased_purges":0,"victory":false,"max_hp_per_floor":[72,72,72,72,72,72,72,72,72,72,72,72,72,72,72,72,72,72,72,72],"card_choices":[{"not_picked":["Wild Strike","Metallicize"],"picked":"Dark Embrace","floor":1.0},{"not_picked":["Rage","Sword Boomerang"],"picked":"True Grit","floor":2.0},{"not_picked":["Pommel Strike","Warcry"],"picked":"Seeing Red","floor":3.0},{"not_picked":["Thunderclap","Clash"],"picked":"Blood for Blood","floor":4},{"not_picked":["Warcry","Cleave"],"picked":"Pommel Strike","floor":5},{"not_picked":["True Grit","Sword Boomerang"],"picked":"Flex","floor":7},{"not_picked":["Combust","Wild Strike"],"picked":"Shrug It Off","floor":11},{"not_picked":["Corruption","Iron Wave"],"picked":"Armaments","floor":12},{"not_picked":["Brutality","Immolate"],"picked":"Offering","floor":16},{"not_picked":["Fire Breathing","True Grit"],"picked":"Warcry+1","floor":18}],"player_experience":893705,"relics_obtained":[{"floor":7,"key":"Shovel"},{"floor":9,"key":"Bag of Preparation"},{"floor":14,"key":"Smiling Mask"}],"event_choices":[{"cards_removed":["Strike_R"],"damage_healed":0,"gold_gain":0,"player_choice":"Forget","damage_taken":0,"max_hp_gain":0,"max_hp_loss":0,"event_name":"Living Wall","floor":10,"gold_loss":0},{"damage_healed":0,"gold_gain":0,"player_choice":"Ignored","damage_taken":0,"max_hp_gain":0,"max_hp_loss":0,"event_name":"Liars Game","floor":13,"gold_loss":0}],"is_beta":false,"boss_relics":[{"not_picked":["Snecko Eye","Runic Dome"],"picked":"Black Blood"}],"items_purged_floors":[],"is_endless":false,"potions_floor_spawned":[1,2,7,12],"killed_by":"3 Byrds","ascension_level":9}}