{"host":"du3j2mdkciet31iv","time":1613814061,"event":{"mods":["BaseMod","Minty Spire (QoL Compilation)","Relic Stats","StSLib"],"gold_per_floor":[115,115,115,134,153,153,163,163,163,191,211,228,244,118,118,214,214,227,243,99,117,0,0,0,0],"floor_reached":24,"language":"ENG","playtime":2643,"items_purged":["Strike_G"],"score":200,"play_id":"60a450ae-fb8b-4874-b191-a80fee25840b","local_time":"20210220114101","is_ascension_mode":false,"campfire_choices":[{"data":"Riddle With Holes","floor":6,"key":"SMITH"},{"data":"Infinite Blades","floor":8,"key":"SMITH"},{"floor":15,"key":"REST"},{"data":"Skewer","floor":23,"key":"SMITH"}],"circlet_count":0,"master_deck":["Strike_G","Strike_G","Strike_G","Strike_G","Defend_G","Defend_G","Defend_G","Defend_G+1","Defend_G","Survivor","Neutralize","Blur+1","Riddle With Holes+1","Malaise","Infinite Blades+1","Skewer+1","Outmaneuver","Acrobatics","Flying Knee","Underhanded Strike","Phantasmal Killer","Flying Knee","Underhanded Strike+1","Dodge and Roll"],"relics":["Ring of the Snake","NeowsBlessing","Pocketwatch","FossilizedHelix","Frozen Egg 2","Velvet Choker","Nunchaku"],"acts_visited":["Exordium","TheCity"],"potions_floor_usage":[11,16,21],"damage_taken":[{"damage":0,"enemies":"Small Slimes","floor":1,"turns":1},{"damage":0,"enemies":"2 Louse","floor":4,"turns":1},{"damage":0,"enemies":"Jaw Worm","floor":5,"turns":1},{"damage":4,"enemies":"Large Slime","floor":7,"turns":8},{"damage":10,"enemies":"3 Sentries","floor":10,"turns":9},{"damage":0,"enemies":"Exordium Thugs","floor":11,"turns":6},{"damage":0,"enemies":"2 Fungi Beasts","floor":12,"turns":3},{"damage":0,"enemies":"Looter","floor":13,"turns":3},{"damage":1,"enemies":"Slime Boss","floor":16,"turns":13},{"damage":10,"enemies":"Spheric Guardian","floor":18,"turns":7},{"damage":9,"enemies":"Shell Parasite","floor":19,"turns":8},{"damage":40,"enemies":"Sentry and Sphere","floor":21,"turns":8},{"damage":26,"enemies":"Slavers","floor":24,"turns":4}],"seed_played":"5179716990371280325","potions_obtained":[{"floor":4,"key":"PowerPotion"},{"floor":10,"key":"SpeedPotion"},{"floor":12,"key":"FearPotion"},{"floor":13,"key":"SteroidPotion"},{"floor":16,"key":"Swift Potion"},{"floor":21,"key":"CunningPotion"}],"is_trial":false,"path_per_floor":["M","?","?","M","M","R","M","R","T","E","M","M","M","$","R","B",null,"M","M","$","M","?","R","E"],"character_chosen":"THE_SILENT","items_purchased":["Underhanded Strike","Nunchaku"],"campfire_rested":1,"item_purchase_floors":[14,20],"current_hp_per_floor":[70,52,38,38,38,38,34,34,34,24,24,24,24,24,45,44,70,60,51,51,11,11,11,0,0],"gold":0,"neow_bonus":"THREE_ENEMY_KILL","is_daily":false,"chose_seed":false,"campfire_upgraded":3,"win_rate":0.0,"timestamp":1613814061,"path_taken":["M","?","?","M","M","R","?","R","T","E","M","M","M","$","R","BOSS","M","M","$","M","?","R","E"],"items_purchased_type":["Card","Relic"],"build_version":"2020-12-22","purchased_purges":1,"victory":false,"max_hp_per_floor":[70,70,70,70,70,70,70,70,70,70,70,70,70,70,70,70,70,70,70,70,70,70,70,70,70],"relic_stats":{"Nunchaku":[2],"counters":[13,72],"obtain_stats":[{"Nunchaku":20,"NeowsBlessing":0,"Velvet Choker":17,"Frozen Egg 2":10,"FossilizedHelix":9,"Ring of the Snake":0,"Pocketwatch":2},{"Nunchaku":11,"NeowsBlessing":0,"Velvet Choker":9,"Frozen Egg 2":5,"FossilizedHelix":4,"Ring of the Snake":0,"Pocketwatch":1},{"Nunchaku":60,"NeowsBlessing":0,"Velvet Choker":45,"Frozen Egg 2":20,"FossilizedHelix":11,"Ring of the Snake":0,"Pocketwatch":1}],"Ring of the Snake":[26],"Pocketwatch":[84]},"card_choices":[{"not_picked":["Dagger Throw","Poisoned Stab"],"picked":"Blur","floor":1},{"not_picked":["Terror","Tactician"],"picked":"Riddle With Holes","floor":4},{"not_picked":["PiercingWail","Dodge and Roll"],"picked":"Malaise","floor":5},{"not_picked":["Dagger Throw","Prepared"],"picked":"Infinite Blades","floor":7},{"not_picked":["Flechettes","Escape Plan"],"picked":"Skewer","floor":10},{"not_picked":["Acrobatics","Poisoned Stab"],"picked":"Outmaneuver","floor":11},{"not_picked":["Poisoned Stab","Outmaneuver"],"picked":"Acrobatics","floor":12},{"not_picked":["Heel Hook","Deflect"],"picked":"Flying Knee","floor":13},{"not_picked":["After Image+1","Wraith Form v2+1"],"picked":"Phantasmal Killer","floor":16},{"not_picked":["Sucker Punch+1","Blade Dance"],"picked":"Flying Knee","floor":18},{"not_picked":["Choke+1","Catalyst"],"picked":"Underhanded Strike+1","floor":19},{"not_picked":["Dagger Throw","Backflip"],"picked":"Dodge and Roll","floor":21}],"player_experience":16288,"relics_obtained":[{"floor":9,"key":"FossilizedHelix"},{"floor":10,"key":"Frozen Egg 2"}],"event_choices":[{"damage_healed":0,"gold_gain":0,"player_choice":"Success","damage_taken":18,"relics_obtained":["Pocketwatch"],"max_hp_gain":0,"max_hp_loss":0,"event_name":"Scrap Ooze","floor":2,"gold_loss":0},{"damage_healed":0,"gold_gain":0,"player_choice":"Entered Light","damage_taken":14,"max_hp_gain":0,"max_hp_loss":0,"event_name":"Shining Light","floor":3,"gold_loss":0,"cards_upgraded":["Blur","Defend_G"]},{"damage_healed":0,"gold_gain":0,"player_choice":"Paid Fearfully","damage_taken":0,"max_hp_gain":0,"max_hp_loss":0,"event_name":"Masked Bandits","floor":22,"gold_loss":117}],"is_beta":false,"boss_relics":[{"not_picked":["SlaversCollar","Tiny House"],"picked":"Velvet Choker"}],"items_purged_floors":[14],"is_endless":false,"potions_floor_spawned":[4,10,12,13,16,18,21],"killed_by":"Slavers","ascension_level":0}}