{"host":"08yfhu6uhosdn245","time":1613865434,"event":{"mods":["2.2 Compatiblity","AchievementEnabler","BaseMod","Bestiary","Colored Map","Colored Powertips","Curses Come First","Highlight Path","Minty Spire (QoL Compilation)","Quick Restart","Relic Stats","StSLib"],"gold_per_floor":[17,33,48,61,79,79,90,101,101,101,101],"floor_reached":10,"language":"ENG","playtime":468,"items_purged":[],"score":86,"play_id":"f3fe83c2-c26c-42c3-a10b-45d0790f9bd8","local_time":"20210220185714","is_ascension_mode":true,"campfire_choices":[{"data":"Machine Learning","floor":6,"key":"SMITH"}],"circlet_count":0,"master_deck":["Strike_B","Strike_B","Defend_B","Defend_B","Defend_B","Defend_B","Zap","Dualcast","Compile Driver","Loop","Reprogram","Coolheaded","Machine Learning+1","Capacitor","Stack"],"relics":["Cracked Core","Darkstone Periapt"],"acts_visited":["Exordium"],"potions_floor_usage":[3,10,10],"damage_taken":[{"damage":1,"enemies":"Cultist","floor":1,"turns":4},{"damage":4,"enemies":"Jaw Worm","floor":2,"turns":4},{"damage":7,"enemies":"Small Slimes","floor":3,"turns":3},{"damage":5,"enemies":"2 Fungi Beasts","floor":4,"turns":3},{"damage":31,"enemies":"Exordium Thugs","floor":5,"turns":6},{"damage":10,"enemies":"Looter","floor":7,"turns":4},{"damage":9,"enemies":"Large Slime","floor":8,"turns":7},{"damage":2,"enemies":"3 Sentries","floor":10,"turns":2}],"seed_played":"-4874130162565524824","potions_obtained":[{"floor":2,"key":"DistilledChaos"},{"floor":7,"key":"SkillPotion"},{"floor":8,"key":"Energy Potion"}],"is_trial":false,"path_per_floor":["M","M","M","M","M","R","M","M","T","E"],"character_chosen":"DEFECT","items_purchased":[],"campfire_rested":0,"item_purchase_floors":[],"current_hp_per_floor":[67,63,56,51,20,20,10,1,1,0,0],"gold":101,"neow_bonus":"REMOVE_TWO","is_daily":false,"chose_seed":false,"campfire_upgraded":1,"win_rate":0.0,"timestamp":1613865434,"path_taken":["M","M","M","M","?","R","M","M","T","E"],"items_purchased_type":[],"build_version":"2020-12-22","purchased_purges":0,"victory":false,"max_hp_per_floor":[75,75,75,75,75,75,75,75,75,75,75],"relic_stats":{"Darkstone Periapt":0,"counters":[8,33],"obtain_stats":[{"Darkstone Periapt":9,"Cracked Core":0},{"Darkstone Periapt":7,"Cracked Core":0},{"Darkstone Periapt":31,"Cracked Core":0}]},"card_choices":[{"not_picked":["Rebound","Hologram"],"picked":"Compile Driver","floor":1},{"not_picked":["Lockon","Stack"],"picked":"Loop","floor":2},{"not_picked":["Barrage","Ball Lightning"],"picked":"Reprogram","floor":3},{"not_picked":["BootSequence","White Noise"],"picked":"Coolheaded","floor":4},{"not_picked":["Redo","Gash"],"picked":"Machine Learning","floor":5},{"not_picked":["Consume","Doom and Gloom"],"picked":"Capacitor","floor":7},{"not_picked":["Coolheaded","Darkness"],"picked":"Stack","floor":8}],"player_experience":419875,"relics_obtained":[{"floor":9,"key":"Darkstone Periapt"}],"event_choices":[],"is_beta":false,"boss_relics":[],"items_purged_floors":[],"is_endless":false,"potions_floor_spawned":[2,7,8],"killed_by":"3 Sentries","ascension_level":7}}