{"host":"a5lz0e76zb3fcwkm","time":1613830785,"event":{"mods":["AchievementEnabler","BaseMod","Colored Map","Colored Powertips","Minty Spire (QoL Compilation)","StSLib","SuperFastMode"],"gold_per_floor":[118,6,6,26,46,46,2,2,2,2,12,22,57,72,72,146,146,160,160,160],"floor_reached":19,"language":"KOR","playtime":454,"items_purged":["Defend_B"],"score":338,"play_id":"45b43163-ff0c-4b9c-a094-82f160e74964","local_time":"20210220231945","is_ascension_mode":true,"campfire_choices":[{"data":"Fusion","floor":6,"key":"SMITH"},{"data":"Recycle","floor":8,"key":"SMITH"},{"data":"Dualcast","floor":10,"key":"SMITH"},{"data":"Lockon","floor":15,"key":"SMITH"}],"circlet_count":0,"master_deck":["AscendersBane","Strike_B","Strike_B","Strike_B","Strike_B","Defend_B","Defend_B","Defend_B","Zap","Dualcast+1","Glacier","Undo","Recycle+1","Fusion+1","Glacier","Redo+1","Echo Form","Lockon+1","White Noise+1","Biased Cognition","Redo+1"],"relics":["Cracked Core","NeowsBlessing","Toxic Egg 2","StrikeDummy","Runic Dome"],"acts_visited":["Exordium","TheCity"],"potions_floor_usage":[11,13,16],"damage_taken":[{"damage":0,"enemies":"Cultist","floor":1,"turns":1},{"damage":0,"enemies":"Small Slimes","floor":4,"turns":1},{"damage":0,"enemies":"Jaw Worm","floor":5,"turns":1},{"damage":0,"enemies":"Exordium Wildlife","floor":11,"turns":3},{"damage":7,"enemies":"Looter","floor":12,"turns":4},{"damage":12,"enemies":"3 Sentries","floor":13,"turns":9},{"damage":6,"enemies":"3 Louse","floor":14,"turns":4},{"damage":35,"enemies":"Hexaghost","floor":16,"turns":14},{"damage":48,"enemies":"2 Thieves","floor":18,"turns":4},{"damage":6,"enemies":"Shell Parasite","floor":19,"turns":1}],"seed_played":"6093882017539102261","potions_obtained":[{"floor":4,"key":"Explosive Potion"},{"floor":11,"key":"Explosive Potion"},{"floor":13,"key":"Fire Potion"}],"is_trial":false,"path_per_floor":["M","$","?","M","M","R","$","R","T","R","M","M","E","M","R","B",null,"M","M"],"character_chosen":"DEFECT","items_purchased":["Glacier","Glacier"],"campfire_rested":0,"item_purchase_floors":[2,7],"current_hp_per_floor":[64,64,64,64,64,64,64,64,64,64,64,57,45,39,39,4,54,6,0,0],"gold":160,"neow_bonus":"THREE_ENEMY_KILL","is_daily":false,"chose_seed":false,"campfire_upgraded":4,"win_rate":0.0,"timestamp":1613830785,"path_taken":["M","?","?","?","M","R","?","R","T","R","M","M","E","M","R","BOSS","M","M"],"items_purchased_type":["Card","Card"],"build_version":"2020-12-22","purchased_purges":1,"victory":false,"max_hp_per_floor":[71,71,71,71,71,71,71,71,71,71,71,71,71,71,71,71,71,71,71,71],"card_choices":[{"not_picked":["Redo","Rebound","Stack"],"picked":"SKIP","floor":1},{"not_picked":["Consume","Stack"],"picked":"Recycle","floor":4},{"not_picked":["Conserve Battery","Steam Power"],"picked":"Fusion","floor":5},{"not_picked":["Barrage","Tempest+1"],"picked":"Redo+1","floor":11},{"not_picked":["Compile Driver","Conserve Battery+1"],"picked":"Echo Form","floor":12},{"not_picked":["Go for the Eyes","Steam Power+1"],"picked":"Lockon","floor":13},{"not_picked":["Redo+1","Steam Power+1"],"picked":"White Noise+1","floor":14},{"not_picked":["Machine Learning","All For One"],"picked":"Biased Cognition","floor":16},{"not_picked":["Sweeping Beam+1","Tempest+1"],"picked":"Redo+1","floor":18}],"player_experience":1913043,"relics_obtained":[{"floor":9,"key":"Toxic Egg 2"},{"floor":13,"key":"StrikeDummy"}],"event_choices":[{"damage_healed":0,"gold_gain":0,"player_choice":"1 cards matched","damage_taken":0,"max_hp_gain":0,"max_hp_loss":0,"event_name":"Match and Keep!","floor":3,"gold_loss":0,"cards_obtained":["Undo"]}],"is_beta":false,"boss_relics":[{"not_picked":["Tiny House","SlaversCollar"],"picked":"Runic Dome"}],"items_purged_floors":[2],"is_endless":false,"potions_floor_spawned":[4,11,13],"killed_by":"Shell Parasite","ascension_level":20}}