{"host":"a4s27ghlnr83kbqz","time":1613813314,"event":{"mods":["AchievementEnabler","BaseMod","Colored Map","Minty Spire (QoL Compilation)","Permanent Neow","SuperFastMode"],"gold_per_floor":[117,42,42,42,60,91,91,91,91,102,129,149,180,191,191,265,265,283,283,283,283,297,326,344,344,344],"floor_reached":25,"language":"KOR","playtime":592,"items_purged":["Strike_G"],"score":439,"play_id":"4bedd1d6-26a3-438a-94b1-9ba0dc6dcce1","local_time":"20210220182834","is_ascension_mode":true,"campfire_choices":[{"data":"Bouncing Flask","floor":8.0,"key":"SMITH"},{"data":"Catalyst","floor":15,"key":"SMITH"}],"circlet_count":0,"master_deck":["AscendersBane","Strike_G","Strike_G","Strike_G","Strike_G","Defend_G","Defend_G","Defend_G","Defend_G","Survivor","Neutralize","Dagger Throw","Bouncing Flask+1","PiercingWail","Dodge and Roll","Catalyst+1","Crippling Poison","Deadly Poison","Blur","Bullet Time","Leg Sweep"],"relics":["Ring of the Snake","NeowsBlessing","Anchor","Matryoshka","The Specimen","Toy Ornithopter","Snecko Eye","Meat on the Bone"],"acts_visited":["Exordium","TheCity"],"potions_floor_usage":[23],"damage_taken":[{"damage":0.0,"enemies":"Cultist","floor":1.0,"turns":1.0},{"damage":0.0,"enemies":"Jaw Worm","floor":5.0,"turns":1.0},{"damage":0.0,"enemies":"Lagavulin","floor":6.0,"turns":1.0},{"damage":0.0,"enemies":"2 Louse","floor":10.0,"turns":4.0},{"damage":16.0,"enemies":"Gremlin Nob","floor":11.0,"turns":3.0},{"damage":8.0,"enemies":"Exordium Thugs","floor":12.0,"turns":4.0},{"damage":8.0,"enemies":"3 Sentries","floor":13.0,"turns":6.0},{"damage":0,"enemies":"Blue Slaver","floor":14,"turns":2},{"damage":10,"enemies":"The Guardian","floor":16,"turns":6},{"damage":6,"enemies":"Shell Parasite","floor":18,"turns":4},{"damage":0,"enemies":"Spheric Guardian","floor":22,"turns":2},{"damage":44,"enemies":"Gremlin Leader","floor":23,"turns":5},{"damage":1,"enemies":"Chosen and Byrds","floor":24,"turns":4},{"damage":24,"enemies":"Snake Plant","floor":25,"turns":3}],"seed_played":"-4687647949565948504","potions_obtained":[{"floor":1.0,"key":"SkillPotion"},{"floor":6.0,"key":"ColorlessPotion"},{"floor":10.0,"key":"AttackPotion"},{"floor":11.0,"key":"SkillPotion"},{"floor":16,"key":"ColorlessPotion"}],"is_trial":false,"path_per_floor":["M","$","?","?","M","E","?","R","T","M","E","M","E","M","R","B",null,"M","?","?","?","M","E","M","M"],"character_chosen":"THE_SILENT","items_purchased":[],"campfire_rested":0,"item_purchase_floors":[],"current_hp_per_floor":[63,63,63,63,63,63,63,63,63,63,47,39,31,31,31,21,58,52,52,52,52,52,13,24,0,0],"gold":344,"neow_bonus":"THREE_ENEMY_KILL","is_daily":false,"chose_seed":false,"campfire_upgraded":2,"win_rate":0.0,"timestamp":1613813314,"path_taken":["M","$","?","?","M","E","?","R","T","M","E","?","E","M","R","BOSS","M","?","?","?","M","E","M","M"],"items_purchased_type":[],"build_version":"2020-12-22","purchased_purges":1,"victory":false,"max_hp_per_floor":[70,70,70,70,70,70,70,70,70,70,70,70,70,70,70,70,70,70,70,70,70,70,70,70,70,70],"card_choices":[{"not_picked":["Distraction","Slice"],"picked":"Dagger Throw","floor":1.0},{"not_picked":["Prepared","Calculated Gamble"],"picked":"Bouncing Flask","floor":5.0},{"not_picked":["Prepared","Cloak And Dagger"],"picked":"PiercingWail","floor":6.0},{"not_picked":["Escape Plan","Choke"],"picked":"Dodge and Roll","floor":10.0},{"not_picked":["Deflect","Dagger Spray"],"picked":"Catalyst","floor":11.0},{"not_picked":["Caltrops","Flying Knee"],"picked":"Crippling Poison","floor":12.0},{"not_picked":["Underhanded Strike","Dagger Spray"],"picked":"Deadly Poison","floor":13.0},{"not_picked":["Dash","Calculated Gamble"],"picked":"Blur","floor":14},{"not_picked":["Tools of the Trade","Glass Knife"],"picked":"Bullet Time","floor":16},{"not_picked":["Dagger Spray","Concentrate","All Out Attack"],"picked":"SKIP","floor":18},{"not_picked":["Sucker Punch","Bane","Flying Knee"],"picked":"SKIP","floor":22},{"not_picked":["Deadly Poison","Accuracy","Quick Slash"],"picked":"SKIP","floor":23},{"not_picked":["Cloak And Dagger","Bouncing Flask","Dodge and Roll"],"picked":"SKIP","floor":24}],"player_experience":1140466,"relics_obtained":[{"floor":6.0,"key":"Anchor"},{"floor":9.0,"key":"Matryoshka"},{"floor":11.0,"key":"The Specimen"},{"floor":13.0,"key":"Toy Ornithopter"},{"floor":23,"key":"Meat on the Bone"}],"event_choices":[{"damage_healed":0.0,"max_hp_gain":0.0,"max_hp_loss":0.0,"gold_gain":0.0,"event_name":"The Cleric","player_choice":"Leave","floor":3.0,"gold_loss":0.0,"damage_taken":0.0},{"damage_healed":0.0,"max_hp_gain":0.0,"max_hp_loss":0.0,"gold_gain":0.0,"event_name":"Liars Game","player_choice":"Ignored","floor":4.0,"gold_loss":0.0,"damage_taken":0.0},{"cards_removed":["Defend_G"],"damage_healed":0.0,"max_hp_gain":0.0,"max_hp_loss":0.0,"gold_gain":0.0,"event_name":"Bonfire Elementals","player_choice":"Offered Basic","floor":7.0,"gold_loss":0.0,"damage_taken":0.0},{"damage_healed":0,"gold_gain":0,"player_choice":"Read","damage_taken":0,"max_hp_gain":0,"max_hp_loss":0,"event_name":"The Library","floor":19,"gold_loss":0,"cards_obtained":["Leg Sweep"]},{"damage_healed":0,"gold_gain":0,"player_choice":"Ignored","damage_taken":0,"max_hp_gain":0,"max_hp_loss":0,"event_name":"Vampires","floor":20,"gold_loss":0},{"damage_healed":0,"gold_gain":0,"player_choice":"Ignored","damage_taken":0,"max_hp_gain":0,"max_hp_loss":0,"event_name":"Ghosts","floor":21,"gold_loss":0}],"is_beta":false,"boss_relics":[{"not_picked":["Ring of the Serpent","WristBlade"],"picked":"Snecko Eye"}],"items_purged_floors":[2],"is_endless":false,"potions_floor_spawned":[1,6,10,11,16],"killed_by":"Snake Plant","ascension_level":13}}