{"host":"03qh43t1tt22vioj","time":1613811611,"event":{"mods":["2.2 Compatiblity","A Penny For Your Troubles","AchievementEnabler","Alarm Clock","Aspiration","BaseMod","Beaked The Cultist","Bestiary","Better Altar","Better Match","Better Note","Better Sensory Stone","Better Skull","Better Third Choice","Better Vampires","Bossed Relics","CapriCore","Colored Map","Colored Powertips","Conspire","Curses Come First","DeckTracker","Disable Question Mark Monsters","Displayed Cursed Tome","Downfall","Friendly Minions","Halation","Highlight Path","Hubris","Infinite Spire","Jedi Mod","Key Reminder","Marked Mod","Mimic Mod","Minty Spire (QoL Compilation)","Permanent Neow","Quick Restart","Random Character Button","Random Character Mod","Rare Cards Sparkle","Relic Stats","Reliquary","Replay The Spire","SacredBarkPlus","Shop Mod","Spire Arcade","StSLib","Synergy Search","The Blue Laboratory","The Construct","Uncapped","Unceasing Turn Reminder","Unknown Chances"],"gold_per_floor":[111,161,15,15,34,47,68,85,138,154,154,157,157],"floor_reached":12,"language":"ENG","playtime":675,"items_purged":[],"score":72,"play_id":"8800e8c5-12bf-4990-835c-322686fff947","local_time":"20210220100011","is_ascension_mode":false,"campfire_choices":[{"data":"beaked:Brace","floor":11,"key":"SMITH"}],"circlet_count":0,"master_deck":["beaked:Strike_Y","beaked:Strike_Y","beaked:Strike_Y","beaked:Strike_Y","beaked:Strike_Y","beaked:Strike_Y","beaked:Defend_Y","beaked:Defend_Y","beaked:Defend_Y","beaked:Defend_Y","beaked:Ceremony","beaked:Ceremony","beaked:Ceremony+1","beaked:Brace+1","beaked:StickSmack","beaked:BraceForImpact","beaked:BloodRitual","ReplayTheSpireMod:Compounding Headache","beaked:RitualOfBody","beaked:WarriorEssence"],"relics":["beaked:MendingPlumage","Ring of Hypnosis","Ring of Greed","Smiling Mask","halation:IllGainedPizza","MerchantsRug","Omamori"],"acts_visited":["Exordium"],"potions_floor_usage":[12,12],"damage_taken":[{"damage":5,"enemies":"2 Louse","floor":1,"turns":4},{"damage":6,"enemies":"Jaw Worm","floor":5,"turns":6},{"damage":14,"enemies":"Cultist","floor":6,"turns":5},{"damage":33,"enemies":"Exordium Thugs","floor":7,"turns":6},{"damage":29,"enemies":"Looter","floor":8,"turns":4},{"damage":13,"enemies":"3 Louse","floor":10,"turns":5},{"damage":33,"enemies":"Gremlin Nob","floor":12,"turns":3}],"seed_played":"-109149927455660010","potions_obtained":[{"floor":5,"key":"Weak Potion"},{"floor":6,"key":"blueLaboratory:AbyssPotion"},{"floor":10,"key":"jedi:StrikingPotion"}],"is_trial":false,"path_per_floor":["M","?","$","$","M","M","M","M","T","M","R","E"],"character_chosen":"BEAKED_THE_CULTIST","items_purchased":["MerchantsRug"],"campfire_rested":0,"item_purchase_floors":[3],"current_hp_per_floor":[48,48,48,48,50,42,29,14,14,18,18,0,0],"gold":157,"neow_bonus":"UPGRADE_CARD","is_daily":false,"chose_seed":false,"campfire_upgraded":1,"win_rate":0.0,"timestamp":1613811611,"path_taken":["M","?","?","$","?","?","M","M","T","M","R","E"],"items_purchased_type":["Relic"],"build_version":"2020-12-22","purchased_purges":0,"victory":false,"max_hp_per_floor":[50,50,50,50,50,50,50,50,50,50,50,50,50],"relic_stats":{"counters":[7,33],"Smiling Mask":0,"obtain_stats":[{"MerchantsRug":3,"Ring of Hypnosis":2,"halation:IllGainedPizza":2,"Omamori":9,"Ring of Greed":2,"beaked:MendingPlumage":0,"Smiling Mask":2},{"MerchantsRug":1,"Ring of Hypnosis":1,"halation:IllGainedPizza":1,"Omamori":5,"Ring of Greed":1,"beaked:MendingPlumage":0,"Smiling Mask":1},{"MerchantsRug":4,"Ring of Hypnosis":4,"halation:IllGainedPizza":4,"Omamori":25,"Ring of Greed":4,"beaked:MendingPlumage":0,"Smiling Mask":4}]},"card_choices":[{"not_picked":["beaked:Cower","beaked:WarriorEssence"],"picked":"beaked:Brace","floor":1},{"not_picked":["beaked:Devastation","beaked:CrazyRituals"],"picked":"beaked:StickSmack","floor":5},{"not_picked":["beaked:Poke","beaked:SacrificialAttack"],"picked":"beaked:BraceForImpact","floor":6},{"not_picked":["beaked:MaddeningMurmurs","beaked:Pecker"],"picked":"beaked:BloodRitual","floor":7},{"not_picked":["beaked:Flinch","beaked:BloodForTheGods"],"picked":"beaked:RitualOfBody","floor":8},{"not_picked":["beaked:RuinSticks","beaked:CursingBlood"],"picked":"beaked:WarriorEssence","floor":10}],"player_experience":216393,"relics_obtained":[{"floor":2,"key":"Ring of Hypnosis"},{"floor":2,"key":"Ring of Greed"},{"floor":2,"key":"Smiling Mask"},{"floor":2,"key":"halation:IllGainedPizza"},{"floor":9,"key":"Omamori"}],"event_choices":[],"is_beta":false,"boss_relics":[],"items_purged_floors":[],"is_endless":false,"potions_floor_spawned":[5,6,10],"killed_by":"Gremlin Nob","ascension_level":0}}