{"host":"ovivighfa421z0zp","time":1613821724,"event":{"mods":["BaseMod","Colored Map","DeckTracker","Keyboard Shortcuts","Minty Spire (QoL Compilation)","Permanent Neow","Quick Restart","Replay The Spire","StSLib","SuperFastMode","The Cursed"],"gold_per_floor":[116,129,145,162,87,87,99,113,138,169,169,181,36,50,50,50,50],"floor_reached":16,"language":"KOR","playtime":701,"items_purged":["TheCursedMod:Strike_TheCursed"],"score":127,"play_id":"ff95180f-90ab-4f8f-aef7-49a5e3fc91b8","local_time":"20210220204844","is_ascension_mode":true,"campfire_choices":[{"data":"TheCursedMod:DemonicPact","floor":6.0,"key":"SMITH"},{"floor":11,"key":"REST"},{"data":"TheCursedMod:SpitefulStrike","floor":15,"key":"SMITH"}],"circlet_count":0,"master_deck":["TheCursedMod:Strike_TheCursed","TheCursedMod:Strike_TheCursed","TheCursedMod:Strike_TheCursed","TheCursedMod:Defend_TheCursed","TheCursedMod:Defend_TheCursed","TheCursedMod:Defend_TheCursed","TheCursedMod:Defend_TheCursed","TheCursedMod:CursedWand","TheCursedMod:CleanUpWorkshop","TheCursedMod:Dregs","TheCursedMod:PrepareRite","TheCursedMod:SpitefulStrike+1","TheCursedMod:CursedBlade","TheCursedMod:DemonicPact+1","TheCursedMod:SpitefulPray","TheCursedMod:RapidMovement","TheCursedMod:SpitefulStrike"],"relics":["TheCursedMod:BlackMagic101","TungstenRod","Bronze Scales","Singing Bowl","Lee\u0027s Waffle"],"acts_visited":["Exordium"],"potions_floor_usage":[16,16],"damage_taken":[{"damage":0.0,"enemies":"Cultist","floor":1.0,"turns":3.0},{"damage":4.0,"enemies":"Jaw Worm","floor":2.0,"turns":3.0},{"damage":1.0,"enemies":"Small Slimes","floor":3.0,"turns":4.0},{"damage":10.0,"enemies":"Exordium Thugs","floor":4.0,"turns":6.0},{"damage":7.0,"enemies":"Blue Slaver","floor":7.0,"turns":3.0},{"damage":7.0,"enemies":"Looter","floor":8.0,"turns":3.0},{"damage":35,"enemies":"Gremlin Nob","floor":10,"turns":5},{"damage":0,"enemies":"Exordium Wildlife","floor":12,"turns":3},{"damage":11,"enemies":"Exordium Thugs","floor":14,"turns":4},{"damage":59,"enemies":"The Guardian","floor":16,"turns":9}],"seed_played":"1008546906715193041","potions_obtained":[{"floor":1.0,"key":"Block Potion"},{"floor":8.0,"key":"Milkshake"},{"floor":14,"key":"Block Potion"}],"is_trial":false,"path_per_floor":["M","M","M","M","$","R","M","M","T","E","R","M","$","M","R","B"],"character_chosen":"THE_CURSED","items_purchased":["Lee\u0027s Waffle"],"campfire_rested":1,"item_purchase_floors":[13],"current_hp_per_floor":[68,64,63,53,53,53,46,39,39,6,27,29,79,68,68,9,9],"gold":50,"neow_bonus":"ONE_RARE_RELIC","is_daily":false,"chose_seed":false,"campfire_upgraded":2,"win_rate":0.0,"timestamp":1613821724,"path_taken":["M","M","M","M","$","R","M","M","T","E","R","M","$","M","R","BOSS"],"items_purchased_type":["Relic"],"build_version":"2020-12-22","purchased_purges":1,"victory":false,"max_hp_per_floor":[68,68,68,68,68,68,68,68,68,70,70,72,79,79,79,79,79],"card_choices":[{"not_picked":["TheCursedMod:CircleOfWindfury","TheCursedMod:Obscuration"],"picked":"TheCursedMod:PrepareRite","floor":1.0},{"not_picked":["TheCursedMod:Obscuration","TheCursedMod:Torture"],"picked":"TheCursedMod:SpitefulStrike","floor":2.0},{"not_picked":["TheCursedMod:CircleOfBlood","TheCursedMod:CursedMace"],"picked":"TheCursedMod:CursedBlade","floor":3.0},{"not_picked":["TheCursedMod:CircleOfCorruption","TheCursedMod:Torture"],"picked":"TheCursedMod:DemonicPact","floor":4.0},{"not_picked":["TheCursedMod:BloodBarrier","TheCursedMod:SurpriseAttack"],"picked":"TheCursedMod:SpitefulPray","floor":7.0},{"not_picked":["TheCursedMod:CircleOfCorruption","TheCursedMod:EmpowerCircles"],"picked":"TheCursedMod:RapidMovement","floor":8.0},{"not_picked":["TheCursedMod:CursedArmor","TheCursedMod:Obscuration","TheCursedMod:RavingStaff"],"picked":"Singing Bowl","floor":10},{"not_picked":["TheCursedMod:BlessingInDisguise","TheCursedMod:FleshFromBone","TheCursedMod:VitalStrike"],"picked":"Singing Bowl","floor":12},{"not_picked":["TheCursedMod:CircleOfCorruption","TheCursedMod:Obscuration"],"picked":"TheCursedMod:SpitefulStrike","floor":14}],"player_experience":754239,"relics_obtained":[{"floor":9.0,"key":"Bronze Scales"},{"floor":10,"key":"Singing Bowl"}],"event_choices":[],"is_beta":false,"boss_relics":[],"items_purged_floors":[5],"is_endless":false,"potions_floor_spawned":[1,8,14],"killed_by":"The Guardian","ascension_level":4}}