{"host":"prxrhpgaxnj4om9r","time":1613830129,"event":{"mods":["AchievementEnabler","BaseMod","Colored Map","DeckTracker","Minty Spire (QoL Compilation)"],"gold_per_floor":[113,113,213,227,250,291,291,326,396,396,396],"floor_reached":10,"language":"KOR","playtime":464,"items_purged":[],"score":76,"play_id":"e8742e17-81fc-41d7-ae6e-cba129ed0e14","local_time":"20210220230849","is_ascension_mode":false,"campfire_choices":[{"floor":7,"key":"REST"}],"circlet_count":0,"master_deck":["Strike_P","Strike_P","Strike_P","Strike_P","Defend_P","Defend_P","Defend_P","Defend_P","Eruption","Vigilance","Discovery","Adaptation","JustLucky","CutThroughFate","ReachHeaven","Consecrate"],"relics":["PureWater","Golden Idol","CaptainsWheel","Anchor"],"acts_visited":["Exordium"],"potions_floor_usage":[6,6,6,6,6,8],"damage_taken":[{"damage":0,"enemies":"Cultist","floor":1,"turns":2},{"damage":20,"enemies":"Jaw Worm","floor":4,"turns":3},{"damage":7,"enemies":"2 Louse","floor":5,"turns":4},{"damage":1,"enemies":"3 Sentries","floor":6,"turns":3},{"damage":52,"enemies":"Lagavulin","floor":8,"turns":4},{"damage":16,"enemies":"3 Sentries","floor":10,"turns":2}],"seed_played":"3930865444453466689","potions_obtained":[{"floor":1,"key":"Strength Potion"},{"floor":5,"key":"EntropicBrew"},{"floor":6,"key":"Regen Potion"}],"is_trial":false,"path_per_floor":["M","?","?","M","M","E","R","E","T","E"],"character_chosen":"WATCHER","items_purchased":[],"campfire_rested":1,"item_purchase_floors":[],"current_hp_per_floor":[72,54,54,34,27,26,47,7,7,0,0],"gold":396,"neow_bonus":"RANDOM_COLORLESS","is_daily":false,"chose_seed":false,"campfire_upgraded":0,"win_rate":0.0,"timestamp":1613830129,"path_taken":["M","?","?","M","?","E","R","E","T","E"],"items_purchased_type":[],"build_version":"2020-12-22","purchased_purges":0,"victory":false,"max_hp_per_floor":[72,72,72,72,72,72,72,72,72,72,72],"card_choices":[{"not_picked":["Madness","Blind"],"picked":"Discovery","floor":0},{"not_picked":["FollowUp","SashWhip"],"picked":"Adaptation","floor":1},{"not_picked":["Evaluate","Adaptation"],"picked":"JustLucky","floor":4},{"not_picked":["Evaluate","SashWhip"],"picked":"CutThroughFate","floor":5},{"not_picked":["JustLucky","FlyingSleeves"],"picked":"ReachHeaven","floor":6},{"not_picked":["EmptyBody","Establishment"],"picked":"Consecrate","floor":8}],"player_experience":559685,"relics_obtained":[{"floor":6,"key":"CaptainsWheel"},{"floor":8,"key":"Anchor"}],"event_choices":[{"damage_healed":0,"gold_gain":0,"player_choice":"Take Damage","damage_taken":18,"relics_obtained":["Golden Idol"],"max_hp_gain":0,"max_hp_loss":0,"event_name":"Golden Idol","floor":2,"gold_loss":0},{"damage_healed":0,"gold_gain":100,"player_choice":"Pray","damage_taken":0,"max_hp_gain":0,"max_hp_loss":0,"event_name":"Golden Shrine","floor":3,"gold_loss":0}],"is_beta":false,"boss_relics":[],"items_purged_floors":[],"is_endless":false,"potions_floor_spawned":[1,5,6],"killed_by":"3 Sentries","ascension_level":0}}