{"host":"z5aqe3v2ouyhz36u","time":1613820197,"event":{"mods":["AchievementEnabler","BaseMod","Colored Map","Colored Powertips","DeckTracker","Minty Spire (QoL Compilation)","Rare Cards Sparkle","Relic Stats","StSLib"],"gold_per_floor":[117,130,142,142,142,142,217,242,242,242,207,228,228,181,181,310,310,323,323,339,339,357,357,398,411,411,435,435,460,484,484,484,615,615,629,62,395,424,451,451,490,490,513,537,551,551,551,31,31,31],"floor_reached":51,"language":"ENG","playtime":2313,"items_purged":[],"score":798,"play_id":"eb268aea-22a4-457d-af67-0e05f671542d","local_time":"20210220062317","is_ascension_mode":true,"campfire_choices":[{"data":"FearNoEvil","floor":6,"key":"SMITH"},{"data":"Swivel","floor":10,"key":"SMITH"},{"data":"CrushJoints","floor":15,"key":"SMITH"},{"floor":23,"key":"REST"},{"data":"Devotion","floor":28,"key":"SMITH"},{"data":"ConjureBlade","floor":32,"key":"SMITH"},{"data":"Worship","floor":40,"key":"SMITH"},{"data":"DevaForm","floor":46,"key":"SMITH"},{"data":"ReachHeaven","floor":49,"key":"SMITH"}],"circlet_count":0,"master_deck":["Strike_P","Strike_P+1","Strike_P","Strike_P+1","Defend_P","Defend_P","Defend_P","Defend_P","Eruption","Vigilance","Swivel+1","FearNoEvil+1","Wireheading","LikeWater","CrushJoints+1","Devotion+1","ClearTheMind+1","Crescendo","Prostrate","Devotion+1","LikeWater","ThirdEye+1","ConjureBlade+1","Prostrate","Prostrate+1","DevaForm+1","CurseOfTheBell","Worship+1","Protect+1","ReachHeaven+1","ReachHeaven+1","Evaluate+1","ReachHeaven"],"relics":["PureWater","Dead Branch","HornCleat","Philosopher\u0027s Stone","StoneCalendar","CloakClasp","Bottled Tornado","Calling Bell","CeramicFish","Yang","FossilizedHelix","Blue Candle","OrangePellets","Bronze Scales","Calipers","Omamori","Damaru","Whetstone","Toolbox","Pen Nib"],"acts_visited":["Exordium","TheCity","TheBeyond"],"potions_floor_usage":[29],"damage_taken":[{"damage":0,"enemies":"Cultist","floor":1,"turns":2},{"damage":0,"enemies":"Small Slimes","floor":2,"turns":3},{"damage":0,"enemies":"2 Louse","floor":3,"turns":2},{"damage":14,"enemies":"Blue Slaver","floor":8,"turns":3},{"damage":13,"enemies":"Lots of Slimes","floor":12,"turns":3},{"damage":40,"enemies":"Slime Boss","floor":16,"turns":9},{"damage":17,"enemies":"2 Thieves","floor":18,"turns":4},{"damage":19,"enemies":"3 Byrds","floor":20,"turns":7},{"damage":14,"enemies":"Centurion and Healer","floor":22,"turns":5},{"damage":0,"enemies":"Slavers","floor":24,"turns":1},{"damage":42,"enemies":"3 Cultists","floor":25,"turns":7},{"damage":8,"enemies":"Snecko","floor":27,"turns":6},{"damage":32,"enemies":"Shelled Parasite and Fungi","floor":29,"turns":4},{"damage":29,"enemies":"Cultist and Chosen","floor":30,"turns":7},{"damage":23,"enemies":"Champ","floor":33,"turns":7},{"damage":0,"enemies":"3 Darklings","floor":35,"turns":1},{"damage":2,"enemies":"Orb Walker","floor":38,"turns":7},{"damage":0,"enemies":"Maw","floor":39,"turns":7},{"damage":59,"enemies":"Nemesis","floor":41,"turns":5},{"damage":1,"enemies":"Transient","floor":44,"turns":5},{"damage":0,"enemies":"Spire Growth","floor":45,"turns":4},{"damage":32,"enemies":"Awakened One","floor":50,"turns":8}],"seed_played":"-4108268410118967649","potions_obtained":[{"floor":1,"key":"SkillPotion"},{"floor":2,"key":"Regen Potion"},{"floor":16,"key":"Weak Potion"},{"floor":22,"key":"LiquidMemories"},{"floor":30,"key":"Swift Potion"}],"is_trial":false,"path_per_floor":["M","M","M","?","?","R","?","M","T","R","?","M","T","$","R","B",null,"M","?","M","?","M","R","E","M","T","M","R","M","M","T","R","B",null,"M","$","?","M","M","R","E","T","T","M","M","R","?","$","R","B",null],"character_chosen":"WATCHER","items_purchased":["CrushJoints","Worship","Blue Candle","OrangePellets","Bronze Scales","ReachHeaven","Whetstone","Toolbox","Pen Nib"],"campfire_rested":1,"item_purchase_floors":[14,36,36,36,36,48,48,48,48],"current_hp_per_floor":[79,79,79,79,79,79,68,54,54,54,73,60,60,60,60,20,79,62,79,60,60,46,69,69,27,27,19,19,47,18,18,18,56,79,79,79,79,77,77,77,18,18,18,78,78,78,78,78,78,46],"gold":31,"neow_bonus":"TEN_PERCENT_HP_BONUS","is_daily":false,"chose_seed":false,"campfire_upgraded":8,"win_rate":0.0,"timestamp":1613820197,"path_taken":["M","?","M","?","?","R","?","M","T","R","?","M","?","$","R","BOSS","M","?","?","?","M","R","E","M","T","M","R","M","?","?","R","BOSS","M","$","?","M","M","R","E","?","T","M","M","R","?","$","R","BOSS"],"items_purchased_type":["Card","Card","Relic","Relic","Relic","Card","Relic","Relic","Relic"],"build_version":"2020-12-22","purchased_purges":0,"victory":true,"max_hp_per_floor":[79,79,79,79,79,79,79,79,79,79,79,79,79,79,79,79,79,79,79,79,79,79,79,79,79,79,79,79,79,79,79,79,79,79,79,79,79,79,79,79,79,79,79,79,79,79,79,79,79,79],"relic_stats":{"OrangePellets":[15],"counters":[22,107],"Dead Branch":[57],"CeramicFish":54,"Blue Candle":[5],"Bronze Scales":[113],"StoneCalendar":[107],"Yang":[65],"Pen Nib":[1],"CloakClasp":[146],"Whetstone":["Strike_P","Strike_P"],"obtain_stats":[{"Calipers":41,"Golden Idol":4,"Dead Branch":9,"CeramicFish":34,"Blue Candle":36,"Damaru":43,"StoneCalendar":24,"Yang":34,"Pen Nib":48,"CloakClasp":26,"Omamori":42,"Whetstone":48,"Bottled Tornado":31,"Calling Bell":34,"OrangePellets":36,"HornCleat":13,"Bronze Scales":36,"Toolbox":48,"Philosopher\u0027s Stone":17,"PureWater":0,"FossilizedHelix":34},{"Calipers":19,"Golden Idol":3,"Dead Branch":4,"CeramicFish":15,"Blue Candle":16,"Damaru":19,"StoneCalendar":10,"Yang":15,"Pen Nib":21,"CloakClasp":11,"Omamori":19,"Whetstone":21,"Bottled Tornado":14,"Calling Bell":15,"OrangePellets":16,"HornCleat":5,"Bronze Scales":16,"Toolbox":21,"Philosopher\u0027s Stone":6,"PureWater":0,"FossilizedHelix":15},{"Calipers":90,"Golden Idol":7,"Dead Branch":10,"CeramicFish":70,"Blue Candle":71,"Damaru":90,"StoneCalendar":39,"Yang":70,"Pen Nib":99,"CloakClasp":46,"Omamori":90,"Whetstone":99,"Bottled Tornado":63,"Calling Bell":70,"OrangePellets":71,"HornCleat":13,"Bronze Scales":71,"Toolbox":99,"Philosopher\u0027s Stone":22,"PureWater":0,"FossilizedHelix":70}]},"card_choices":[{"not_picked":["Nirvana","EmptyFist"],"picked":"Swivel","floor":1},{"not_picked":["InnerPeace","EmptyFist"],"picked":"FearNoEvil","floor":2},{"not_picked":["WaveOfTheHand","SashWhip"],"picked":"Wireheading","floor":3},{"not_picked":["ThirdEye","ClearTheMind"],"picked":"WheelKick","floor":8},{"not_picked":["Prostrate","Wallop"],"picked":"LikeWater","floor":12},{"not_picked":["Ragnarok","Scrawl"],"picked":"Devotion","floor":16},{"not_picked":["PathToVictory","CrushJoints+1"],"picked":"ClearTheMind+1","floor":18},{"not_picked":["FollowUp","EmptyMind+1"],"picked":"Crescendo","floor":20},{"not_picked":["FlurryOfBlows","CutThroughFate"],"picked":"Prostrate","floor":22},{"not_picked":["TalkToTheHand","WindmillStrike"],"picked":"LikeWater","floor":24},{"not_picked":["Consecrate","PathToVictory"],"picked":"ThirdEye+1","floor":25},{"not_picked":["ClearTheMind","Prostrate+1"],"picked":"ConjureBlade","floor":27},{"not_picked":["Sanctity+1","WaveOfTheHand"],"picked":"Prostrate","floor":29},{"not_picked":["FollowUp","Halt+1"],"picked":"Prostrate+1","floor":30},{"not_picked":["Devotion","SpiritShield"],"picked":"DevaForm","floor":33},{"not_picked":["FollowUp+1","Indignation","Adaptation+1"],"picked":"SKIP","floor":35},{"not_picked":["InnerPeace+1","ThirdEye+1"],"picked":"Protect+1","floor":38},{"not_picked":["Perseverance","LikeWater"],"picked":"ReachHeaven+1","floor":39},{"not_picked":["FollowUp","Evaluate"],"picked":"ReachHeaven","floor":41},{"not_picked":["Meditate+1","CrushJoints"],"picked":"Evaluate+1","floor":44},{"not_picked":["EmptyFist","EmptyBody","Halt+1"],"picked":"SKIP","floor":45}],"player_experience":211357,"relics_obtained":[{"floor":9,"key":"Dead Branch"},{"floor":13,"key":"HornCleat"},{"floor":24,"key":"StoneCalendar"},{"floor":26,"key":"CloakClasp"},{"floor":31,"key":"Bottled Tornado"},{"floor":34,"key":"CeramicFish"},{"floor":34,"key":"Yang"},{"floor":34,"key":"FossilizedHelix"},{"floor":41,"key":"Calipers"},{"floor":42,"key":"Omamori"},{"floor":43,"key":"Damaru"}],"event_choices":[{"damage_healed":0,"gold_gain":0,"player_choice":"Take Wound","damage_taken":0,"relics_obtained":["Golden Idol"],"max_hp_gain":0,"max_hp_loss":0,"event_name":"Golden Idol","floor":4,"gold_loss":0,"cards_obtained":["Injury"]},{"cards_removed":["Injury"],"damage_healed":0,"gold_gain":0,"player_choice":"Forget","damage_taken":0,"max_hp_gain":0,"max_hp_loss":0,"event_name":"Living Wall","floor":5,"gold_loss":0},{"damage_healed":0,"gold_gain":75,"player_choice":"Gather Gold","damage_taken":11,"max_hp_gain":0,"max_hp_loss":0,"event_name":"World of Goop","floor":7,"gold_loss":0},{"damage_healed":19,"gold_gain":0,"player_choice":"Healed","damage_taken":0,"max_hp_gain":0,"max_hp_loss":0,"event_name":"The Cleric","floor":11,"gold_loss":35},{"cards_removed":["WheelKick"],"damage_healed":17,"gold_gain":0,"player_choice":"Offered Uncommon","damage_taken":0,"max_hp_gain":0,"max_hp_loss":0,"event_name":"Bonfire Elementals","floor":19,"gold_loss":0},{"damage_healed":0,"gold_gain":0,"player_choice":"Got Potions","damage_taken":0,"max_hp_gain":0,"max_hp_loss":0,"event_name":"Lab","floor":21,"gold_loss":0},{"damage_healed":0,"gold_gain":333,"player_choice":"Gave Idol","damage_taken":0,"max_hp_gain":0,"max_hp_loss":0,"event_name":"The Moai Head","floor":37,"relics_lost":["Golden Idol"],"gold_loss":0},{"damage_healed":0,"gold_gain":0,"player_choice":"Ignored","damage_taken":0,"max_hp_gain":0,"max_hp_loss":0,"event_name":"Tomb of Lord Red Mask","floor":47,"gold_loss":0}],"is_beta":false,"boss_relics":[{"not_picked":["Tiny House","Snecko Eye"],"picked":"Philosopher\u0027s Stone"},{"not_picked":["Runic Dome","Pandora\u0027s Box"],"picked":"Calling Bell"}],"items_purged_floors":[],"is_endless":false,"potions_floor_spawned":[1,2,16,20,22,25,27,30,35,39,41,44],"ascension_level":1}}