{"host":"sct5htsgcw1q318k","time":1613861629,"event":{"mods":["BaseMod","Colored Map","Minty Spire (QoL Compilation)","Permanent Neow"],"gold_per_floor":[368,368,368,11,11,90,90,90,90],"floor_reached":8,"language":"ENG","playtime":520,"items_purged":[],"score":91,"play_id":"dff2fac5-112d-4e38-a467-ac9c1a208d80","local_time":"20210220165349","is_ascension_mode":true,"campfire_choices":[{"data":"HandOfGreed","floor":7,"key":"SMITH"}],"circlet_count":0,"master_deck":["AscendersBane","Strike_G","Strike_G","Strike_G","Strike_G","Strike_G","Defend_G","Defend_G","Defend_G","Defend_G","Survivor","Neutralize","Endless Agony","HandOfGreed+1","Backflip","Deadly Poison"],"relics":["Ring of the Snake","TheAbacus","Golden Idol","Potion Belt"],"acts_visited":["Exordium"],"potions_floor_usage":[8],"damage_taken":[{"damage":2,"enemies":"Jaw Worm","floor":1,"turns":6},{"damage":35,"enemies":"3 Sentries","floor":6,"turns":11},{"damage":27,"enemies":"Lagavulin","floor":8,"turns":6}],"seed_played":"5454481438894138784","potions_obtained":[{"floor":1,"key":"Explosive Potion"}],"is_trial":false,"path_per_floor":["M","?","?","$","?","E","R","E"],"character_chosen":"THE_SILENT","items_purchased":["TheAbacus","HandOfGreed","Backflip"],"campfire_rested":0,"item_purchase_floors":[4,4,4],"current_hp_per_floor":[42,35,57,57,57,22,22,0,0],"gold":90,"neow_bonus":"TWO_FIFTY_GOLD","is_daily":false,"chose_seed":false,"campfire_upgraded":1,"win_rate":0.0,"timestamp":1613861629,"path_taken":["M","?","?","?","?","E","R","E"],"items_purchased_type":["Relic","Card","Card"],"build_version":"2020-12-22","purchased_purges":0,"victory":false,"max_hp_per_floor":[66,66,66,66,60,60,60,60,60],"card_choices":[{"not_picked":["Heel Hook","Outmaneuver"],"picked":"Endless Agony","floor":1},{"not_picked":["PiercingWail","Infinite Blades"],"picked":"Deadly Poison","floor":6}],"player_experience":867150,"relics_obtained":[{"floor":6,"key":"Potion Belt"}],"event_choices":[{"cards_removed":["Defend_G"],"damage_healed":0,"gold_gain":0,"player_choice":"Card Removal","damage_taken":7,"max_hp_gain":0,"max_hp_loss":0,"event_name":"Golden Wing","floor":2,"gold_loss":0},{"damage_healed":22,"gold_gain":0,"player_choice":"Banana","damage_taken":0,"max_hp_gain":0,"max_hp_loss":0,"event_name":"Big Fish","floor":3,"gold_loss":0},{"damage_healed":0,"gold_gain":0,"player_choice":"Lose Max HP","damage_taken":0,"relics_obtained":["Golden Idol"],"max_hp_gain":0,"max_hp_loss":6,"event_name":"Golden Idol","floor":5,"gold_loss":0}],"is_beta":false,"boss_relics":[],"items_purged_floors":[],"is_endless":false,"potions_floor_spawned":[1],"killed_by":"Lagavulin","ascension_level":15}}