{"host":"tod","time":1613831347,"event":{"mods":["ATMod(∞¢Ë™Mod)","AchievementEnabler","Act Like it!","BaseMod","CapriCore","Energized Spire","Highlight Path","Lobotomy","Marisa£®ÏF”Í°°ƒß¿Ì…≥£©","Minty Spire (QoL Compilation)","Quick Restart","Reimu£®≤©¿ˆ¡È√Œ£©","Relic Filter Mod","Relic Stats","Remilia£®¿Ÿ√◊¿Ú—«£©","Replay The Spire","Shop Mod","StSLib","The Cursed","The Immortal","Yakumo Yukari mod","Youmu£®ªÍ∆«—˝√Œ£©"],"gold_per_floor":[117,117,132,143,143,143,169,169,242,271,271,286,300,300,300,378,378,378,303,317,333,351,386,386,412,435,435,455,478,478,508,508,586,586,600,213,264,280,334,365,365,240,240,255,272,305,155,186,186,186,186,186,186,186,11,36,36],"floor_reached":58,"language":"ZHS","playtime":2889,"items_purged":["Strike_R","Bash","Strike_R","Defend_R","Strike_R"],"score":4151,"play_id":"51f9cd0f-fbfe-4a8f-9613-cca8441ddb43","local_time":"20210220222907","is_ascension_mode":true,"campfire_choices":[{"data":"ReplayTheSpireMod:Strike From Hell","floor":6.0,"key":"SMITH"},{"data":"Pommel Strike","floor":8.0,"key":"SMITH"},{"data":"AT_BreakingExtremeWeapon","floor":11.0,"key":"SMITH"},{"data":"ReplayTheSpireMod:Strike From Hell","floor":24,"key":"SMITH"},{"data":"ReplayTheSpireMod:Strike From Hell","floor":27,"key":"SMITH"},{"floor":30,"key":"RECALL"},{"data":"Warcry","floor":32,"key":"SMITH"},{"data":"AT_CaressingTears","floor":41,"key":"SMITH"},{"data":"Feel No Pain","floor":49,"key":"SMITH"},{"data":"Battle Trance","floor":54,"key":"SMITH"}],"circlet_count":0,"master_deck":["AscendersBane","Strike_R","Defend_R+1","Defend_R+1","Defend_R","AT_BreakingExtremeWeapon+1","ReplayTheSpireMod:Strike From Hell+1","Pommel Strike+1","Warcry+1","Dual Wield","ReplayTheSpireMod:Strike From Hell+1","ReplayTheSpireMod:Strike From Hell+1","Battle Trance+1","Battle Trance+1","AT_CaressingTears+1","AT_GerminateFire+1","Feel No Pain+1"],"relics":["Black Blood","AT_ATBox","War Paint","Red Skull","RedLine:ReiMu","AT_Kusabimaru","ReplayTheSpireMod:Lightbulb","RuthlessExorcism:ReiMu","Happy Flower","Replay:Baseball","Bottled Flame","CatCart","Counterbalance","Bag of Marbles","Sundial","Omamori","AT_SunfireAegis","Replay:Rubber Ducky"],"acts_visited":["Exordium","TheCity","TheBeyond","TheEnding"],"potions_floor_usage":[57],"damage_taken":[{"damage":9.0,"enemies":"2 Louse","floor":1.0,"turns":3.0},{"damage":7.0,"enemies":"Small Slimes","floor":3.0,"turns":3.0},{"damage":6.0,"enemies":"Cultist","floor":4.0,"turns":3.0},{"damage":20.0,"enemies":"3 Sentries","floor":7.0,"turns":3.0},{"damage":0.0,"enemies":"Lagavulin","floor":10.0,"turns":4.0},{"damage":15.0,"enemies":"Exordium Thugs","floor":12.0,"turns":4.0},{"damage":4.0,"enemies":"Red Slaver","floor":13.0,"turns":3.0},{"damage":23.0,"enemies":"The Guardian","floor":16.0,"turns":3.0},{"damage":0.0,"enemies":"3 Byrds","floor":18.0,"turns":1.0},{"damage":0,"enemies":"Chosen","floor":20,"turns":2},{"damage":0,"enemies":"Sentry and Sphere","floor":21,"turns":2},{"damage":0,"enemies":"Shelled Parasite and Fungi","floor":22,"turns":1},{"damage":24,"enemies":"Book of Stabbing","floor":23,"turns":2},{"damage":2,"enemies":"Gremlin Leader","floor":25,"turns":2},{"damage":0,"enemies":"Snake Plant","floor":28,"turns":1},{"damage":0,"enemies":"Slavers","floor":31,"turns":1},{"damage":0,"enemies":"Pondfish","floor":33,"turns":2},{"damage":0,"enemies":"Orb Walker","floor":35,"turns":1},{"damage":0,"enemies":"Orin","floor":37,"turns":2},{"damage":30,"enemies":"3 Shapes","floor":38,"turns":1},{"damage":0,"enemies":"2 Orb Walkers","floor":39,"turns":1},{"damage":0,"enemies":"Reptomancer","floor":40,"turns":1},{"damage":0,"enemies":"Jaw Worm Horde","floor":44,"turns":1},{"damage":0,"enemies":"3 Darklings","floor":45,"turns":1},{"damage":0,"enemies":"Nemesis","floor":46,"turns":1},{"damage":0,"enemies":"R_Hoarder","floor":48,"turns":1},{"damage":0,"enemies":"Time Eater","floor":50,"turns":1},{"damage":0,"enemies":"Donu and Deca","floor":51,"turns":1},{"damage":0,"enemies":"Shield and Spear","floor":56,"turns":1},{"damage":1,"enemies":"The Heart","floor":57,"turns":4}],"seed_played":"2477024364690349231","potions_obtained":[{"floor":3.0,"key":"Elixir"},{"floor":7.0,"key":"Explosive Potion"},{"floor":12.0,"key":"ColorlessPotion"},{"floor":21,"key":"DuplicationPotion"},{"floor":25,"key":"GamblersBrew"},{"floor":44,"key":"LifebloodPotion"}],"is_trial":false,"path_per_floor":["M","$","M","M","?","R","E","R","T","E","R","M","M","?","R","B",null,"M","$","M","M","M","E","R","E","T","R","M","T","R","E","R","B",null,"M","$","?","M","?","E","R","$","T","M","M","E","$","E","R","B","B",null,null,"R","$","E","B",null],"character_chosen":"IRONCLAD","items_purchased":["Bottled Flame"],"campfire_rested":0,"item_purchase_floors":[36],"current_hp_per_floor":[65,65,64,64,69,69,55,55,55,61,61,52,54,54,54,37,64,70,70,73,73,73,55,55,59,59,59,65,65,65,71,71,73,73,73,73,73,55,67,73,73,73,73,73,73,73,73,73,73,73,73,73,73,73,73,73,73],"gold":36,"neow_bonus":"RANDOM_COLORLESS_2","is_daily":false,"chose_seed":false,"campfire_upgraded":9,"win_rate":0.0,"timestamp":1613831347,"path_taken":["M","$","M","M","?","R","E","R","T","E","R","M","M","?","R","BOSS","M","?","M","M","M","E","R","E","T","R","M","?","R","E","R","BOSS","M","$","?","M","?","E","R","$","T","M","M","E","$","E","R","BOSS","BOSS","R","$","E","BOSS"],"items_purchased_type":["Relic"],"build_version":"2020-12-18","purchased_purges":5,"victory":true,"max_hp_per_floor":[68,68,68,68,73,73,73,73,73,73,73,73,73,73,73,73,73,73,73,73,73,73,73,73,73,73,73,73,73,73,73,73,73,73,73,73,73,73,73,73,73,73,73,73,73,73,73,73,73,73,73,73,73,73,73,73,73],"relic_stats":{"Happy Flower":[6],"counters":[30,57],"Sundial":[0],"Black Blood":113,"War Paint":["Defend_R","Defend_R"],"obtain_stats":[{"AT_ATBox":0,"Happy Flower":29,"Counterbalance":39,"Black Blood":34,"Omamori":46,"War Paint":7,"Burning Blood":0,"RedLine:ReiMu":17,"Replay:Rubber Ducky":56,"Replay:Baseball":31,"Bottled Flame":36,"AT_Kusabimaru":23,"Sundial":43,"Bag of Marbles":40,"CatCart":37,"AT_SunfireAegis":48,"ReplayTheSpireMod:Lightbulb":25,"Red Skull":10,"RuthlessExorcism:ReiMu":26},{"AT_ATBox":0,"Happy Flower":15,"Counterbalance":21,"Black Blood":17,"Omamori":25,"War Paint":4,"Burning Blood":0,"RedLine:ReiMu":8,"Replay:Rubber Ducky":29,"Replay:Baseball":16,"Bottled Flame":18,"AT_Kusabimaru":13,"Sundial":22,"Bag of Marbles":22,"CatCart":19,"AT_SunfireAegis":26,"ReplayTheSpireMod:Lightbulb":14,"Red Skull":5,"RuthlessExorcism:ReiMu":14},{"AT_ATBox":0,"Happy Flower":37,"Counterbalance":45,"Black Blood":40,"Omamori":49,"War Paint":12,"Burning Blood":0,"RedLine:ReiMu":26,"Replay:Rubber Ducky":53,"Replay:Baseball":38,"Bottled Flame":41,"AT_Kusabimaru":34,"Sundial":46,"Bag of Marbles":46,"CatCart":43,"AT_SunfireAegis":50,"ReplayTheSpireMod:Lightbulb":36,"Red Skull":16,"RuthlessExorcism:ReiMu":36}]},"card_choices":[{"not_picked":["Apotheosis","Transmutation"],"picked":"AT_BreakingExtremeWeapon","floor":0.0},{"not_picked":["Replay:Undeath\u0027s Touch","Flame Barrier","Flex"],"picked":"SKIP","floor":1.0},{"not_picked":["Heavy Blade","Warcry"],"picked":"ReplayTheSpireMod:Strike From Hell","floor":3.0},{"not_picked":["AT_IchimonjiDouble","Replay:Undeath\u0027s Touch","Inflame"],"picked":"SKIP","floor":4.0},{"not_picked":["Replay:Undeath\u0027s Touch","AT_ManFootWork"],"picked":"Pommel Strike","floor":7.0},{"not_picked":["ReplayTheSpireMod:Limb From Limb","Evolve","Perfected Strike"],"picked":"SKIP","floor":10.0},{"not_picked":["Combust","Shrug It Off"],"picked":"Warcry","floor":12.0},{"not_picked":["Evolve","Armaments","Iron Wave"],"picked":"SKIP","floor":13.0},{"not_picked":["Clash","Headbutt+1"],"picked":"ReplayTheSpireMod:Strike From Hell","floor":20},{"not_picked":["Replay:Undeath\u0027s Touch","AT_BodySlamDance","Twin Strike"],"picked":"SKIP","floor":21},{"not_picked":["Twin Strike","Immolate"],"picked":"ReplayTheSpireMod:Strike From Hell","floor":22},{"not_picked":["Pommel Strike","Rage"],"picked":"Battle Trance","floor":23},{"not_picked":["Flame Barrier","True Grit"],"picked":"Battle Trance+1","floor":25},{"not_picked":["Warcry","ReplayReversal","Ghostly Armor+1"],"picked":"SKIP","floor":28},{"not_picked":["Shockwave","Wild Strike","Pummel"],"picked":"SKIP","floor":31},{"not_picked":["Flex","Run Through","Replay:Undeath\u0027s Touch"],"picked":"SKIP","floor":35},{"not_picked":["Feel No Pain+1","Perfected Strike"],"picked":"AT_CaressingTears","floor":38},{"not_picked":["Whirlwind","AT_ShrugMaster","Demonic Infusion"],"picked":"SKIP","floor":40},{"not_picked":["Heavy Blade","Perfected Strike+1"],"picked":"AT_GerminateFire+1","floor":44},{"not_picked":["True Grit","Shockwave+1","Iron Wave+1"],"picked":"SKIP","floor":45},{"not_picked":["Anger","Clash"],"picked":"Feel No Pain","floor":46},{"not_picked":["Run Through+1","True Grit","Sentinel"],"picked":"SKIP","floor":48},{"not_picked":["Pommel Strike","Pummel+1","Dropkick"],"picked":"SKIP","floor":56}],"player_experience":414583,"relics_obtained":[{"floor":7.0,"key":"War Paint"},{"floor":10.0,"key":"Red Skull"},{"floor":23,"key":"AT_Kusabimaru"},{"floor":25,"key":"ReplayTheSpireMod:Lightbulb"},{"floor":26,"key":"RuthlessExorcism:ReiMu"},{"floor":29,"key":"Happy Flower"},{"floor":31,"key":"Replay:Baseball"},{"floor":37,"key":"CatCart"},{"floor":39,"key":"Counterbalance"},{"floor":40,"key":"Bag of Marbles"},{"floor":43,"key":"Sundial"},{"floor":46,"key":"Omamori"},{"floor":48,"key":"AT_SunfireAegis"},{"floor":56,"key":"Replay:Rubber Ducky"}],"event_choices":[{"damage_healed":0.0,"max_hp_gain":5.0,"max_hp_loss":0.0,"gold_gain":0.0,"event_name":"Big Fish","player_choice":"Donut","floor":5.0,"gold_loss":0.0,"damage_taken":0.0},{"damage_healed":0.0,"max_hp_gain":0.0,"max_hp_loss":0.0,"gold_gain":0.0,"event_name":"Match and Keep!","player_choice":"0 cards matched","floor":14.0,"gold_loss":0.0,"damage_taken":0.0,"cards_obtained":[]},{"damage_healed":0,"gold_gain":0,"player_choice":"Fight","damage_taken":0,"max_hp_gain":0,"max_hp_loss":0,"event_name":"OrinTheCat","floor":37,"gold_loss":0},{"damage_healed":0,"gold_gain":0,"player_choice":"Fight","damage_taken":0,"max_hp_gain":0,"max_hp_loss":0,"event_name":"Mysterious Sphere","floor":39,"gold_loss":0}],"is_beta":true,"boss_relics":[{"not_picked":["Electric Blood","SacredBark"],"picked":"RedLine:ReiMu"},{"not_picked":["Abe\u0027s Treasure","Fusion Hammer"],"picked":"Black Blood"}],"items_purged_floors":[19,36,42,47,55],"is_endless":false,"potions_floor_spawned":[3,7,12,21,23,25,31,33,38,40,44,46,48],"ascension_level":20}}