{"host":"tzulxga4bfkqqj6q","time":1613788876,"event":{"mods":["BaseMod","Downfall","Minty Spire (QoL Compilation)","StSLib"],"gold_per_floor":[99,116,31,41,26,26,102,9,9,37,37,22,33,133,148,244,244,144,160,173,89,108,108,132,161,175,175,85,85,85,103,114,219,219,219,235,247,71,87,87,112,129,146,146,159,176,176,211,111,111],"floor_reached":51,"language":"ENG","playtime":7883,"items_purged":["Pride"],"score":724,"play_id":"d937ddc6-58bc-44a8-8162-871663b407c2","local_time":"20210219204116","is_ascension_mode":false,"campfire_choices":[{"floor":1,"key":"RECALL"},{"data":"champ:Encircle","floor":6,"key":"SMITH"},{"data":"champ:RisingSlash","floor":9,"key":"SMITH"},{"floor":11,"key":"REST"},{"data":"champ:UltimateStance","floor":18,"key":"SMITH"},{"floor":30,"key":"REST"},{"data":"champ:GladiatorForm","floor":35,"key":"SMITH"},{"data":"champ:FancyFootwork","floor":40,"key":"SMITH"},{"floor":44,"key":"REST"},{"floor":49,"key":"REST"}],"circlet_count":0,"master_deck":["champ:Strike","champ:Strike","champ:Strike","champ:Strike","champ:Defend","champ:Defend","champ:Defend","champ:Execute","champ:Taunt","champ:FocusedBerserking","champ:Encircle+1","champ:AdrenalArmor","champ:RisingSlash+1","champ:SetATrap","champ:ArenaPreparation","champ:CrownThrow","champ:BerserkersShout","champ:GutPunch","champ:ShieldSlam","champ:Circumvent+1","champ:UltimateStance+1","champ:FancyFootwork+1","champ:PreciseThrust","champ:PreciseThrust+1","champ:ShieldWall","champ:BringItOn+1","expansioncontent:QuickStudy","champ:Backstep+1","champ:LastStand","Iron Wave","champ:FlashCut+1","champ:GladiatorForm+1","champ:TornadoPunch","expansioncontent:StudyTheSpire","champ:StanceDance+1"],"relics":["champ:ChampionCrown","Gremlin Horn","Vajra","CloakClasp","Busted Crown","downfall:HeartBlessingRed","PreservedInsect","Singing Bowl","Runic Pyramid","War Paint","Red Mask","downfall:RedIOUUpgrade","Smiling Mask","downfall:HeartBlessingGreen"],"acts_visited":["Exordium","TheCity","TheBeyond"],"potions_floor_usage":[3,14,14,16,21,21,28,33,36,37,37,39,45,46,48,48,50],"damage_taken":[{"damage":10,"enemies":"Cultist","floor":2,"turns":5},{"damage":30,"enemies":"downfall:FleeingMerchant","floor":3,"turns":4},{"damage":0,"enemies":"Small Slimes","floor":4,"turns":3},{"damage":15,"enemies":"downfall:FleeingMerchant","floor":5,"turns":4},{"damage":20,"enemies":"downfall:FleeingMerchant","floor":8,"turns":4},{"damage":61,"enemies":"3 Sentries","floor":10,"turns":6},{"damage":35,"enemies":"downfall:FleeingMerchant","floor":12,"turns":4},{"damage":15,"enemies":"Jaw Worm","floor":13,"turns":2},{"damage":43,"enemies":"Jaw Worm","floor":14,"turns":4},{"damage":0,"enemies":"downfall:LooterAlt","floor":15,"turns":3},{"damage":69,"enemies":"SI_SHIV_ARCHETYPE","floor":16,"turns":5},{"damage":25,"enemies":"3 Byrds","floor":19,"turns":3},{"damage":30,"enemies":"Spheric Guardian","floor":20,"turns":3},{"damage":26,"enemies":"downfall:FleeingMerchant","floor":21,"turns":4},{"damage":54,"enemies":"Snake Plant","floor":22,"turns":3},{"damage":57,"enemies":"Gremlin Leader","floor":25,"turns":4},{"damage":51,"enemies":"Centurion and Healer","floor":26,"turns":5},{"damage":25,"enemies":"downfall:FleeingMerchant","floor":28,"turns":4},{"damage":20,"enemies":"Sentry and Sphere","floor":31,"turns":6},{"damage":35,"enemies":"Cultist and Chosen","floor":32,"turns":4},{"damage":85,"enemies":"IC_MUSHROOM_ARCHETYPE","floor":33,"turns":6},{"damage":8,"enemies":"3 Darklings","floor":36,"turns":2},{"damage":10,"enemies":"3 Shapes","floor":37,"turns":3},{"damage":22,"enemies":"Jaw Worm Horde","floor":39,"turns":3},{"damage":35,"enemies":"4 Shapes","floor":42,"turns":5},{"damage":41,"enemies":"Spire Growth","floor":43,"turns":2},{"damage":20,"enemies":"Jaw Worm Horde","floor":45,"turns":3},{"damage":53,"enemies":"Transient","floor":46,"turns":5},{"damage":48,"enemies":"Reptomancer","floor":48,"turns":5},{"damage":65,"enemies":"WA_ARCHETYPE_DIVINITY","floor":50,"turns":8}],"seed_played":"-7065288927348437538","potions_obtained":[{"floor":2,"key":"ColorlessPotion"},{"floor":10,"key":"EssenceOfSteel"},{"floor":13,"key":"AttackPotion"},{"floor":14,"key":"SteroidPotion"},{"floor":15,"key":"SteroidPotion"},{"floor":20,"key":"Explosive Potion"},{"floor":25,"key":"champ:TechniquePotion"},{"floor":26,"key":"sneckomod:MuddlingPotion"},{"floor":32,"key":"Slimebound:ThreeZeroPotion"},{"floor":33,"key":"Swift Potion"},{"floor":36,"key":"EntropicBrew"},{"floor":43,"key":"LiquidMemories"},{"floor":45,"key":"EssenceOfSteel"},{"floor":46,"key":"Energy Potion"}],"is_trial":false,"path_per_floor":["R","M","$","M","$","R","T","$","R","E","R","$","M","?","M","B",null,"R","M","M","$","M","?","T","E","M","?","$","?","R","M","M","B",null,"R","M","M","$","M","R","T","M","M","R","M","M","?","E","R","B",null],"character_chosen":"THE_CHAMP","items_purchased":["champ:Encircle","champ:ArenaPreparation","champ:ShieldWall","expansioncontent:QuickStudy","champ:Backstep","champ:LastStand","expansioncontent:StudyTheSpire"],"campfire_rested":4,"item_purchase_floors":[3,8,21,28,28,28,38],"current_hp_per_floor":[99,99,94,94,94,94,94,79,79,48,77,72,72,69,69,60,99,99,94,94,93,69,69,69,52,44,44,46,46,76,73,73,53,105,105,102,104,104,97,97,97,84,85,111,113,70,70,54,88,53],"gold":111,"neow_bonus":"TEN_PERCENT_HP_BONUS","is_daily":false,"chose_seed":false,"campfire_upgraded":5,"win_rate":0.0,"timestamp":1613788876,"path_taken":["R","M","$","M","$","R","T","?","R","E","R","$","?","?","M","BOSS","R","M","M","$","M","?","T","E","M","?","?","?","R","M","M","BOSS","R","M","M","$","?","R","T","M","M","R","M","M","?","E","R","BOSS"],"items_purchased_type":["Card","Card","Card","Card","Card","Card","Card"],"build_version":"2020-12-22","purchased_purges":1,"victory":true,"max_hp_per_floor":[99,99,99,99,99,99,99,99,99,99,99,99,99,99,99,99,99,99,99,99,99,99,99,99,99,101,101,103,103,103,105,105,105,105,105,105,107,107,107,107,107,109,111,111,113,113,113,115,115,115],"card_choices":[{"not_picked":["champ:Backstep","champ:GladiatorStyle"],"picked":"champ:FocusedBerserking","floor":2},{"not_picked":["champ:TornadoPunch","champ:Haymaker","champ:CrookedStrike"],"picked":"SKIP","floor":3},{"not_picked":["champ:SkillfulDodge","champ:FocusedBerserking"],"picked":"champ:AdrenalArmor","floor":4},{"not_picked":["champ:Circumvent","champ:SkillfulDodge"],"picked":"champ:RisingSlash","floor":5},{"not_picked":["champ:Shatter","champ:CheapShot"],"picked":"champ:SetATrap","floor":8},{"not_picked":["champ:Backstep","champ:Circumvent"],"picked":"champ:CrownThrow","floor":10},{"not_picked":["champ:DefensiveShout","champ:RecklessLeap"],"picked":"champ:BerserkersShout","floor":12},{"not_picked":["champ:Shatter","champ:FlashCut"],"picked":"champ:GutPunch","floor":13},{"not_picked":["champ:Encircle","champ:SkillfulDodge"],"picked":"champ:ShieldSlam","floor":14},{"not_picked":["champ:FanOfKnives","champ:RecklessLeap"],"picked":"champ:Circumvent","floor":15},{"not_picked":["champ:ShieldThrow","champ:CheapShot"],"picked":"champ:UltimateStance","floor":16},{"not_picked":[],"picked":"champ:FancyFootwork","floor":19},{"not_picked":[],"picked":"champ:PreciseThrust","floor":20},{"not_picked":[],"picked":"champ:PreciseThrust+1","floor":21},{"not_picked":["champ:FocusedBerserking"],"picked":"SKIP","floor":22},{"not_picked":[],"picked":"champ:BringItOn+1","floor":25},{"not_picked":["champ:CrownThrow"],"picked":"Singing Bowl","floor":26},{"not_picked":["champ:Encircle"],"picked":"Singing Bowl","floor":28},{"not_picked":["champ:BringItOn"],"picked":"Singing Bowl","floor":31},{"not_picked":[],"picked":"champ:FlashCut+1","floor":32},{"not_picked":[],"picked":"champ:GladiatorForm","floor":33},{"not_picked":[],"picked":"champ:TornadoPunch","floor":36},{"not_picked":["champ:Parry"],"picked":"Singing Bowl","floor":37},{"not_picked":[],"picked":"champ:CrookedStrike+1","floor":39},{"not_picked":["champ:TornadoPunch+1"],"picked":"Singing Bowl","floor":42},{"not_picked":["champ:Backstep"],"picked":"Singing Bowl","floor":43},{"not_picked":["champ:GutPunch+1"],"picked":"Singing Bowl","floor":45},{"not_picked":[],"picked":"champ:StanceDance+1","floor":46},{"not_picked":["champ:Lariat+1"],"picked":"Singing Bowl","floor":48}],"player_experience":330259,"relics_obtained":[{"floor":7,"key":"Gremlin Horn"},{"floor":10,"key":"Vajra"},{"floor":14,"key":"CloakClasp"},{"floor":24,"key":"PreservedInsect"},{"floor":25,"key":"Singing Bowl"},{"floor":41,"key":"War Paint"},{"floor":48,"key":"Smiling Mask"}],"event_choices":[{"damage_healed":0,"gold_gain":0,"player_choice":"Stole Relic","damage_taken":0,"relics_obtained":["champ:DefensiveTrainingManual"],"max_hp_gain":0,"max_hp_loss":0,"event_name":"Addict","floor":23,"gold_loss":0,"cards_obtained":["Pride"]},{"cards_removed":["champ:Defend"],"damage_healed":0,"gold_gain":0,"player_choice":"Took Card","damage_taken":0,"max_hp_gain":0,"max_hp_loss":0,"event_name":"NoteForYourself","floor":29,"gold_loss":0,"cards_obtained":["Iron Wave"]}],"is_beta":false,"boss_relics":[{"not_picked":["Black Star","Snecko Eye"],"picked":"Busted Crown"},{"not_picked":["Pandora\u0027s Box","Cursed Key"],"picked":"Runic Pyramid"}],"items_purged_floors":[28],"is_endless":false,"potions_floor_spawned":[2,10,13,14,15,20,25,26,32,33,36,43,45,46],"ascension_level":0}}