{"host":"szp1d6dso4pv7ddl","time":1613784499,"event":{"mods":["AchievementEnabler","Alarm Clock","BaseMod","Bestiary","Block Reminder","Colored Map","Colored Powertips","Curses Come First","Dark Map","Displayed Cursed Tome","Highlight Path","Minty Spire (QoL Compilation)","Permanent Neow","Quick Restart","Relic Sorter","Relic Stats","StSLib","Synergy Search"],"gold_per_floor":[112,187,10,10,10,10,38,56,128,142,142,184,184,166,166,166,166],"floor_reached":16,"language":"ENG","playtime":692,"items_purged":["Regret"],"score":216,"play_id":"605892ab-0b45-4944-be25-f981a93564dc","local_time":"20210219172819","is_ascension_mode":true,"campfire_choices":[{"floor":6.0,"key":"REST"},{"floor":15.0,"key":"REST"}],"circlet_count":0,"master_deck":["AscendersBane","Strike_G","Strike_G","Strike_G+1","Strike_G","Defend_G","Defend_G","Defend_G","Defend_G","Defend_G","Survivor","Neutralize","Quick Slash","Sucker Punch","Noxious Fumes","Riddle With Holes+1","Crippling Poison","Dash","PiercingWail"],"relics":["Ring of the Snake","StoneCalendar","InkBottle","Mercury Hourglass","Whetstone","CeramicFish"],"acts_visited":["Exordium"],"potions_floor_usage":[],"damage_taken":[{"damage":14.0,"enemies":"Cultist","floor":1.0,"turns":5.0},{"damage":35.0,"enemies":"Gremlin Nob","floor":7.0,"turns":5.0},{"damage":1.0,"enemies":"Jaw Worm","floor":8.0,"turns":4.0},{"damage":2.0,"enemies":"Small Slimes","floor":10.0,"turns":2.0},{"damage":9.0,"enemies":"Lagavulin","floor":12.0,"turns":7.0},{"damage":3.0,"enemies":"Exordium Thugs","floor":14.0,"turns":4.0},{"damage":24,"enemies":"Hexaghost","floor":16,"turns":9}],"seed_played":"-7526070639001776155","potions_obtained":[{"floor":1.0,"key":"Weak Potion"},{"floor":8.0,"key":"PowerPotion"}],"is_trial":false,"path_per_floor":["M","?","$","?","$","R","E","M","T","M","T","E","T","M","R","B"],"character_chosen":"THE_SILENT","items_purchased":["Sucker Punch","Noxious Fumes"],"campfire_rested":2,"item_purchase_floors":[3,3],"current_hp_per_floor":[45,34,34,34,34,53,18,17,17,15,15,6,6,3,22,0,0],"gold":166,"neow_bonus":"ONE_RARE_RELIC","is_daily":false,"chose_seed":false,"campfire_upgraded":0,"win_rate":0.0,"timestamp":1613784499,"path_taken":["M","?","?","?","$","R","E","?","T","M","?","E","?","M","R","BOSS"],"items_purchased_type":["Card","Card"],"build_version":"2020-12-22","purchased_purges":1,"victory":false,"max_hp_per_floor":[66,66,66,66,66,66,66,66,66,66,66,66,66,66,66,66,66],"relic_stats":{"counters":[7,36],"CeramicFish":18,"StoneCalendar":[60],"Whetstone":["Riddle With Holes","Strike_G"],"obtain_stats":[{"CeramicFish":12,"StoneCalendar":0,"Whetstone":11,"InkBottle":7,"Ring of the Snake":0,"Mercury Hourglass":9},{"CeramicFish":5,"StoneCalendar":0,"Whetstone":4,"InkBottle":2,"Ring of the Snake":0,"Mercury Hourglass":3},{"CeramicFish":23,"StoneCalendar":0,"Whetstone":16,"InkBottle":10,"Ring of the Snake":0,"Mercury Hourglass":14}],"InkBottle":[7],"Ring of the Snake":[14],"Mercury Hourglass":[60]},"card_choices":[{"not_picked":["Infinite Blades","Deflect"],"picked":"Quick Slash","floor":1.0},{"not_picked":["Sucker Punch","Distraction","Choke"],"picked":"SKIP","floor":7.0},{"not_picked":["Acrobatics","Accuracy"],"picked":"Riddle With Holes","floor":8.0},{"not_picked":["Flechettes","Choke"],"picked":"Crippling Poison","floor":10.0},{"not_picked":["Quick Slash","Dagger Spray"],"picked":"Dash","floor":12.0},{"not_picked":["Setup","Well Laid Plans"],"picked":"PiercingWail","floor":14.0}],"player_experience":1597866,"relics_obtained":[{"floor":7.0,"key":"InkBottle"},{"floor":9.0,"key":"Mercury Hourglass"},{"floor":11.0,"key":"Whetstone"},{"floor":12.0,"key":"CeramicFish"}],"event_choices":[{"damage_healed":0.0,"max_hp_gain":0.0,"max_hp_loss":0.0,"gold_gain":75.0,"event_name":"World of Goop","player_choice":"Gather Gold","floor":2.0,"gold_loss":0.0,"damage_taken":11.0},{"cards_removed":["Strike_G"],"damage_healed":0.0,"max_hp_gain":0.0,"max_hp_loss":0.0,"gold_gain":0.0,"event_name":"Purifier","player_choice":"Purged","floor":4.0,"gold_loss":0.0,"damage_taken":0.0}],"is_beta":false,"boss_relics":[],"items_purged_floors":[3],"is_endless":false,"potions_floor_spawned":[1,8,10],"killed_by":"Hexaghost","ascension_level":20}}