{"host":"7xbu8gt067z192g2","time":1613849467,"event":{"mods":["BaseMod","Better Note","Colored Map","Colored Powertips","Downfall","Googly Eyes","Highlight Path","Minty Spire (QoL Compilation)","Rare Cards Sparkle","Replay The Spire","StSLib"],"gold_per_floor":[99,114,128,143,156,182,230,130,146,146,146,206,216,216,227,227,227,227],"floor_reached":16,"language":"ENG","playtime":1577,"items_purged":[],"score":104,"play_id":"857a254a-a103-40d4-8749-9119bbbf4134","local_time":"20210220143107","is_ascension_mode":false,"campfire_choices":[{"data":"hexamod:Float","floor":1,"key":"SMITH"},{"data":"hexamod:HeatCrush","floor":8,"key":"SMITH"},{"floor":10,"key":"REST"}],"circlet_count":0,"master_deck":["hexamod:Strike","hexamod:Strike","hexamod:Strike","hexamod:Defend","hexamod:Defend","hexamod:Defend","hexamod:Defend","hexamod:Sear","hexamod:Float+1","hexamod:HeatCrush+1","hexamod:RadiantFlame","hexamod:FastForward","hexamod:ThermalTransfer","hexamod:FastForward","hexamod:FirstSeal","hexamod:SpectersWail","hexamod:Rewind","Pain","hexamod:Incineration"],"relics":["hexamod:SpiritBrand","Replay:Bottled Steam","Orichalcum","downfall:HeartBlessingGreen","Blood Vial","WarpedTongs"],"acts_visited":["Exordium"],"potions_floor_usage":[6,9,16],"damage_taken":[{"damage":1,"enemies":"Jaw Worm","floor":2,"turns":3},{"damage":0,"enemies":"Small Slimes","floor":3,"turns":2},{"damage":6,"enemies":"Cultist","floor":4,"turns":3},{"damage":6,"enemies":"Exordium Wildlife","floor":5,"turns":3},{"damage":36,"enemies":"3 Sentries","floor":6,"turns":7},{"damage":16,"enemies":"Lots of Slimes","floor":9,"turns":5},{"damage":21,"enemies":"Lagavulin Event","floor":12,"turns":5},{"damage":0,"enemies":"Large Slime","floor":13,"turns":5},{"damage":4,"enemies":"Red Slaver","floor":15,"turns":2},{"damage":46,"enemies":"IC_STATUS_ARCHETYPE","floor":16,"turns":9}],"seed_played":"1373270091944911028","potions_obtained":[{"floor":2,"key":"Regen Potion"},{"floor":5,"key":"Doom Potion"},{"floor":6,"key":"Milkshake"},{"floor":9,"key":"Dexterity Potion"},{"floor":12,"key":"LiquidBronze"}],"is_trial":false,"path_per_floor":["R_BF","M","M","M","M","E","T","R","M","R","?","?","M","?","M","B"],"character_chosen":"THE_SPIRIT","items_purchased":[],"campfire_rested":1,"item_purchase_floors":[],"current_hp_per_floor":[77,76,76,70,64,42,42,42,26,49,49,37,46,46,44,0,0,0],"gold":227,"neow_bonus":"TEN_PERCENT_HP_BONUS","is_daily":false,"chose_seed":false,"campfire_upgraded":2,"win_rate":0.0,"timestamp":1613849467,"path_taken":["R_BF","M","M","M","M","E","T","R","M","R","?","?","M","?","M","BOSS"],"items_purchased_type":[],"build_version":"2020-12-22","purchased_purges":0,"victory":false,"max_hp_per_floor":[77,77,77,77,77,77,77,77,77,77,77,77,77,77,77,77,77,77],"card_choices":[{"not_picked":["hexamod:ThirdSeal","hexamod:BacktrackSmack"],"picked":"hexamod:HeatCrush","floor":2},{"not_picked":["hexamod:NightmareStrike","hexamod:Hexaguard"],"picked":"hexamod:RadiantFlame","floor":3},{"not_picked":["hexamod:NecessarySacrifice","hexamod:ExtraCrispy"],"picked":"hexamod:FastForward","floor":4},{"not_picked":["hexamod:ThirdSeal","hexamod:NightmareGuise"],"picked":"hexamod:ThermalTransfer","floor":5},{"not_picked":["hexamod:Firestarter","hexamod:RecurringNightmare"],"picked":"hexamod:FastForward","floor":6},{"not_picked":["hexamod:FifthSeal","hexamod:GhostShield"],"picked":"hexamod:FirstSeal","floor":9},{"not_picked":["hexamod:FirstSeal","hexamod:Again"],"picked":"hexamod:SpectersWail","floor":12},{"not_picked":["hexamod:Firestarter","hexamod:GhostLash"],"picked":"hexamod:Rewind","floor":13},{"not_picked":["hexamod:AdvancingGuard","hexamod:GhostShield"],"picked":"hexamod:Incineration","floor":15}],"player_experience":228095,"relics_obtained":[{"floor":6,"key":"Replay:Bottled Steam"},{"floor":7,"key":"Orichalcum"}],"event_choices":[{"damage_healed":0,"gold_gain":0,"player_choice":"Rummage","damage_taken":0,"relics_obtained":["WarpedTongs"],"max_hp_gain":0,"max_hp_loss":0,"event_name":"Accursed Blacksmith","floor":14,"gold_loss":0,"cards_obtained":["Pain"]}],"is_beta":false,"boss_relics":[],"items_purged_floors":[],"is_endless":false,"potions_floor_spawned":[2,5,6,9,12],"killed_by":"IC_STATUS_ARCHETYPE","ascension_level":0}}