{"host":"xhd4yuu3rnu1c5xc","time":1613820189,"event":{"mods":["A Penny For Your Troubles","ATMod(°¢èªMod)","Act Like it!","Aspiration","BaseMod","Better Altar","Better Debug","Better Note","Better Sensory Stone","Better Skull","Better Third Choice","Better Vampires","Better-Laid Plans","Conspire","Displayed Cursed Tome","Dota2Spire","Downfall","Emptier Cage","Energized Spire","Gensokyo","GungeonMod","Hubris","Lobotomy","Marisa£¨ìFÓê¡¡Ä§ÀíÉ³£©","Minty Spire (QoL Compilation)","Mirrors Mod","MostiFishMod","Pale of the Ancients","Potion Indicator Mod","Quick Restart","Relic Stats","Reliquary","Reorder Act Four","Replay The Spire","RumiaBox-Â¶Ã×æ«µÄÉñÃØºÐ×Ó","SacredBarkPlus","StSLib","TestMod","The Jungle","Transform Curses","Uncapped","[IsaacMod]ÒÔÈö¼âËþ","¡¾¹¦ÄÜMod¡¿»ìãçÖ®»·ÐÞ¸´²¹¶¡","¡¾ÒÅÎï¿¨ÅÆ¡¿REMEMod","óô»ðÖ¸ÄÏ"],"gold_per_floor":[116,132,57,115,115,140,155,186,211,161,161,161],"floor_reached":11,"language":"ZHS","playtime":377,"items_purged":["Strike_R","Strike_R"],"score":212,"play_id":"cd98e6ff-6601-495a-bd30-b1b956fd2572","local_time":"20210220192309","is_ascension_mode":true,"campfire_choices":[],"circlet_count":0,"master_deck":["AscendersBane","Strike_R","Strike_R","Strike_R","Defend_R","Defend_R","Defend_R","Defend_R","Bash","Finesse","Body Slam","AT_ShrugMaster"],"relics":["Burning Blood","testmod-TestBox","HushsDoor","DaveBox","AT_ATBox","REME_ComplimentaryCards","testmod-Charity","DeadEye","BrkXgEgg","NeowsBlessing","SynthV:TestCard","Smiling Mask","Golden Egg","Blue Doll"],"acts_visited":["Exordium"],"potions_floor_usage":[7,8],"damage_taken":[{"damage":0,"enemies":"FloatingMirror","floor":1,"turns":1},{"damage":0,"enemies":"Cultist","floor":2,"turns":1},{"damage":0,"enemies":"3 Sentries","floor":6,"turns":2},{"damage":0,"enemies":"conspire:RoseBush","floor":7,"turns":5},{"damage":44,"enemies":"Lagavulin","floor":8,"turns":12},{"damage":7,"enemies":"Replay:BlueRogue","floor":11,"turns":5}],"seed_played":"5642739490093338583","potions_obtained":[{"floor":1,"key":"AttackPotion"},{"floor":7,"key":"Adrenaline Potion"}],"is_trial":false,"path_per_floor":["M","M","$","?","?","E","M","E","T","$","E"],"character_chosen":"IRONCLAD","items_purchased":[],"campfire_rested":0,"item_purchase_floors":[],"current_hp_per_floor":[75,77,77,63,52,59,66,29,30,30,23,23],"gold":161,"neow_bonus":"THREE_ENEMY_KILL","is_daily":false,"chose_seed":false,"campfire_upgraded":0,"win_rate":0.0,"timestamp":1613820189,"path_taken":["M","M","$","?","?","E","M","E","T","$","E"],"items_purchased_type":[],"build_version":"2020-12-22","purchased_purges":2,"victory":false,"max_hp_per_floor":[76,77,77,78,78,79,80,81,82,82,82,82],"relic_stats":{"counters":[6,26],"Smiling Mask":50,"obtain_stats":[{"KeepersGift":0,"Golden Egg":8,"testmod-TestBox":0,"AT_ATBox":0,"DaveBox":0,"NeowsBlessing":0,"Blue Doll":9,"BrkXgEgg":0,"DemoMod:GlassGuonStoneRelic":1,"DeadEye":0,"Smiling Mask":6,"Burning Blood":0,"testmod-Charity":0,"SynthV:TestCard":1,"HushsDoor":0,"REME_ComplimentaryCards":0},{"KeepersGift":0,"Golden Egg":5,"testmod-TestBox":0,"AT_ATBox":0,"DaveBox":0,"NeowsBlessing":0,"Blue Doll":5,"BrkXgEgg":0,"DemoMod:GlassGuonStoneRelic":1,"DeadEye":0,"Smiling Mask":3,"Burning Blood":0,"testmod-Charity":0,"SynthV:TestCard":1,"HushsDoor":0,"REME_ComplimentaryCards":0},{"KeepersGift":0,"Golden Egg":21,"testmod-TestBox":0,"AT_ATBox":0,"DaveBox":0,"NeowsBlessing":0,"Blue Doll":21,"BrkXgEgg":0,"DemoMod:GlassGuonStoneRelic":1,"DeadEye":0,"Smiling Mask":4,"Burning Blood":0,"testmod-Charity":0,"SynthV:TestCard":1,"HushsDoor":0,"REME_ComplimentaryCards":0}],"Burning Blood":25},"card_choices":[{"not_picked":["Clothesline","Wild Strike","Flex"],"picked":"SKIP","floor":1},{"not_picked":["REME_Scribble","Spot Weakness","Thunderclap","Wild Strike","AT_BodySlamDance"],"picked":"SKIP","floor":2},{"not_picked":["AT_GerminateFire","MostiFishMod:Mania+1","Havoc","Wild Strike"],"picked":"Body Slam","floor":6},{"not_picked":["Abandon","Warcry","Headbutt","Entrench"],"picked":"AT_ShrugMaster","floor":7},{"not_picked":["AT_BodySlamDance","AT_ManFootWork","Heavy Blade","AT_IchimonjiDouble","Havoc"],"picked":"SKIP","floor":8}],"player_experience":1985765,"relics_obtained":[{"floor":1,"key":"SynthV:TestCard"},{"floor":6,"key":"Smiling Mask"},{"floor":8,"key":"Golden Egg"},{"floor":9,"key":"Blue Doll"}],"event_choices":[{"damage_healed":0,"gold_gain":0,"player_choice":"Damaged","damage_taken":11,"max_hp_gain":0,"max_hp_loss":0,"event_name":"Wheel of Change","floor":5,"gold_loss":0}],"is_beta":false,"boss_relics":[],"items_purged_floors":[3,10],"is_endless":false,"potions_floor_spawned":[1,7],"killed_by":"Replay:BlueRogue","ascension_level":20}}