{"host":"63beink0jfv5ch5g","time":1613807974,"event":{"mods":["ATMod(°¢èªMod)","AchievementEnabler","Act Like it!","Aspiration","BaseMod","CapriCore","Conspire","Gensokyo","GungeonMod","Hallownest","Marisa£¨ìFÓê¡¡Ä§ÀíÉ³£©","Minty Spire (QoL Compilation)","MostiFishMod","Pale of the Ancients","Quick Restart","Reimu£¨²©ÀöÁéÃÎ£©","Replay The Spire","SOS£¨Ë¹°Í´ïÖ®×Ó£©","Shop Mod","StSLib","The Bug Knight","Waifu the Spire","óô»ðÖ¸ÄÏ"],"gold_per_floor":[118,118,118,118,118,118,132,132,178,33,33,49,62,80,80,80,80],"floor_reached":16,"language":"ZHS","playtime":745,"items_purged":[],"score":117,"play_id":"80011a16-5bfd-4b44-81b2-39ed498c5f0e","local_time":"20210220155934","is_ascension_mode":true,"campfire_choices":[{"data":"SealNeedle:ReiMu","floor":6,"key":"SMITH"},{"data":"AT_FamilyPortrait","floor":11,"key":"SMITH"},{"data":"Determination:ReiMu","floor":15,"key":"SMITH"}],"circlet_count":0,"master_deck":["Strike_Lin:ReiMu","Defend_Lin:ReiMu","Defend_Lin:ReiMu","Defend_Lin:ReiMu","NB:ReiMu+1","Stagnation:ReiMu","AT_FamilyPortrait+1","Revelation:ReiMu","SealNeedle:ReiMu+1","Determination:ReiMu+1","Meditation:ReiMu","FoulBorder2:ReiMu","WonderfulDomain:ReiMu","AlertArray:ReiMu"],"relics":["FlyPower:ReiMu","DaveBox","AT_ATBox","ThornShield","SynthV:TestCard","conspire:GiftBox","ReplayFunnel","AT_BladeRuinedKing"],"acts_visited":["Exordium"],"potions_floor_usage":[],"damage_taken":[{"damage":0.0,"enemies":"2 Louse","floor":1.0,"turns":3.0},{"damage":2,"enemies":"conspire:RoseBush","floor":7,"turns":4},{"damage":0,"enemies":"Small Slimes","floor":12,"turns":2},{"damage":0,"enemies":"Looter","floor":13,"turns":3},{"damage":4,"enemies":"Lots of Slimes","floor":14,"turns":4},{"damage":51,"enemies":"Fading Forest","floor":16,"turns":10}],"seed_played":"-4020456610368017281","potions_obtained":[{"floor":12,"key":"BlessingOfTheForge"},{"floor":13,"key":"DistilledChaos"}],"is_trial":false,"path_per_floor":["M","?","?","?","?","R","M","?","T","$","R","M","M","M","R","B"],"character_chosen":"REIMU","items_purchased":["AT_BladeRuinedKing"],"campfire_rested":0,"item_purchase_floors":[10],"current_hp_per_floor":[47,47,47,44,44,44,42,42,42,42,42,42,42,38,38,0,0],"gold":80,"neow_bonus":"REMOVE_TWO","is_daily":false,"chose_seed":false,"campfire_upgraded":3,"win_rate":0.0,"timestamp":1613807974,"path_taken":["M","?","?","?","?","R","?","?","T","$","R","?","M","M","R","BOSS"],"items_purchased_type":["Relic"],"build_version":"2020-12-22","purchased_purges":0,"victory":false,"max_hp_per_floor":[68,68,68,68,68,68,68,68,68,68,68,68,68,68,68,68,68],"card_choices":[{"not_picked":["SubAcupoint:ReiMu","Conquer:ReiMu"],"picked":"Revelation:ReiMu","floor":1.0},{"not_picked":["PrayRite:ReiMu","Authority:ReiMu"],"picked":"Determination:ReiMu","floor":4.0},{"not_picked":["Intuition:ReiMu","ManaGlint:ReiMu","DoubleButterfly:ReiMu","LearningPray:ReiMu"],"picked":"Meditation:ReiMu","floor":7},{"not_picked":["EmergencyTakeOff:ReiMu","Conquer:ReiMu","SubAcupoint:ReiMu","SpringWay:ReiMu"],"picked":"FoulBorder2:ReiMu","floor":12},{"not_picked":["SpringWay:ReiMu","Intuition:ReiMu","Amulet:ReiMu","Meditation:ReiMu"],"picked":"WonderfulDomain:ReiMu","floor":13},{"not_picked":["EmergencyTakeOff:ReiMu","CareerPray:ReiMu","ForcedLanding:ReiMu","Amulet:ReiMu"],"picked":"AlertArray:ReiMu","floor":14}],"player_experience":178586,"relics_obtained":[{"floor":1.0,"key":"SynthV:TestCard"},{"floor":9,"key":"ReplayFunnel"}],"event_choices":[{"damage_healed":0.0,"max_hp_gain":0.0,"max_hp_loss":0.0,"gold_gain":0.0,"cards_transformed":["Strike_Lin:ReiMu"],"event_name":"Living Wall","player_choice":"Change","floor":3.0,"gold_loss":0.0,"damage_taken":0.0,"cards_obtained":["SealNeedle:ReiMu"]},{"damage_healed":0.0,"max_hp_gain":0.0,"max_hp_loss":0.0,"gold_gain":0.0,"event_name":"Scrap Ooze","player_choice":"Success","floor":4.0,"gold_loss":0.0,"damage_taken":3.0,"relics_obtained":["conspire:GiftBox"]},{"damage_healed":0,"gold_gain":0,"player_choice":"0 cards matched","damage_taken":0,"max_hp_gain":0,"max_hp_loss":0,"event_name":"Match and Keep!","floor":5,"gold_loss":0,"cards_obtained":[]},{"cards_removed":["Strike_Lin:ReiMu"],"damage_healed":0,"gold_gain":0,"player_choice":"Offered Basic","damage_taken":0,"max_hp_gain":0,"max_hp_loss":0,"event_name":"Bonfire Elementals","floor":8,"gold_loss":0}],"is_beta":false,"boss_relics":[],"items_purged_floors":[],"is_endless":false,"potions_floor_spawned":[12,13],"killed_by":"Fading Forest","ascension_level":6}}