{"host":"avjwtc49fhlk6kym","time":1613860475,"event":{"mods":["AchievementEnabler","BaseMod","Better Match","Better Note","Better Third Choice","Colored Map","Colored Powertips","Displayed Cursed Tome","Highlight Path","Minty Spire (QoL Compilation)","Permanent Neow","Quick Restart","StSLib"],"gold_per_floor":[117,137,152,169,344,375,375,404,440,472,484,531,618,650,662,778,790,783,810,832,844,844],"floor_reached":21,"language":"ENG","playtime":1165,"items_purged":[],"score":221,"play_id":"a66904c4-718a-4199-b9c5-f7a82a214ca3","local_time":"20210220173435","is_ascension_mode":true,"campfire_choices":[{"floor":7,"key":"REST"},{"floor":11,"key":"REST"},{"floor":15,"key":"REST"}],"circlet_count":0,"master_deck":["Strike_P","Strike_P","Strike_P","Strike_P","Defend_P","Defend_P","Defend_P","Defend_P","Eruption","Vigilance","Devotion","LikeWater","BowlingBash","Conclude","Protect","Doubt","BattleHymn","Prostrate","LikeWater","EmptyFist","Devotion","CurseOfTheBell","ThirdEye","ThirdEye"],"relics":["PureWater","InkBottle","MawBank","Anchor","Odd Mushroom","Potion Belt","Calling Bell","Bag of Marbles","Blue Candle","Dead Branch"],"acts_visited":["Exordium","TheCity"],"potions_floor_usage":[6,8,10,21],"damage_taken":[{"damage":4,"enemies":"Small Slimes","floor":1,"turns":3},{"damage":0,"enemies":"2 Louse","floor":2,"turns":4},{"damage":0,"enemies":"Cultist","floor":3,"turns":2},{"damage":11,"enemies":"3 Louse","floor":4,"turns":2},{"damage":10,"enemies":"3 Sentries","floor":6,"turns":7},{"damage":39,"enemies":"Lagavulin","floor":8,"turns":8},{"damage":10,"enemies":"The Mushroom Lair","floor":10,"turns":4},{"damage":5,"enemies":"3 Sentries","floor":12,"turns":7},{"damage":0,"enemies":"Lots of Slimes","floor":14,"turns":4},{"damage":26,"enemies":"Hexaghost","floor":16,"turns":10},{"damage":19,"enemies":"2 Thieves","floor":18,"turns":4},{"damage":19,"enemies":"3 Byrds","floor":19,"turns":6},{"damage":16,"enemies":"Shelled Parasite and Fungi","floor":20,"turns":4},{"damage":21,"enemies":"3 Cultists","floor":21,"turns":4}],"seed_played":"-6115775275617450491","potions_obtained":[{"floor":1,"key":"Energy Potion"},{"floor":6,"key":"SpeedPotion"},{"floor":8,"key":"EssenceOfSteel"},{"floor":16,"key":"FearPotion"},{"floor":20,"key":"LiquidMemories"}],"is_trial":false,"path_per_floor":["M","M","M","M","?","E","R","E","T","?","R","E","?","M","R","B",null,"M","M","M","M"],"character_chosen":"WATCHER","items_purchased":[],"campfire_rested":3,"item_purchase_floors":[],"current_hp_per_floor":[68,68,68,57,57,47,68,29,29,19,40,35,28,28,49,23,72,53,34,18,0,0],"gold":844,"neow_bonus":"ONE_RANDOM_RARE_CARD","is_daily":false,"chose_seed":false,"campfire_upgraded":0,"win_rate":0.0,"timestamp":1613860475,"path_taken":["M","M","M","M","?","E","R","E","T","?","R","E","?","M","R","BOSS","M","?","M","M"],"items_purchased_type":[],"build_version":"2020-12-22","purchased_purges":0,"victory":false,"max_hp_per_floor":[72,72,72,72,72,72,72,72,72,72,72,72,72,72,72,72,72,72,72,72,72,72],"card_choices":[{"not_picked":["EmptyBody","Consecrate"],"picked":"LikeWater","floor":1},{"not_picked":["Nirvana","Crescendo"],"picked":"BowlingBash","floor":2},{"not_picked":["Halt","WindmillStrike"],"picked":"Conclude","floor":3},{"not_picked":["EmptyFist","Halt"],"picked":"Protect","floor":4},{"not_picked":["Prostrate","Blasphemy"],"picked":"BattleHymn","floor":6},{"not_picked":["Omniscience","Swivel","Crescendo"],"picked":"SKIP","floor":8},{"not_picked":["Halt","ClearTheMind"],"picked":"Prostrate","floor":10},{"not_picked":["Tantrum","SandsOfTime"],"picked":"LikeWater","floor":12},{"not_picked":["FlyingSleeves","Protect"],"picked":"EmptyFist","floor":14},{"not_picked":["Alpha","Scrawl"],"picked":"Devotion","floor":16},{"not_picked":["MentalFortress","Halt"],"picked":"ThirdEye","floor":18},{"not_picked":["FlyingSleeves","SashWhip","WreathOfFlame"],"picked":"SKIP","floor":19},{"not_picked":["Evaluate","SashWhip"],"picked":"ThirdEye","floor":20}],"player_experience":459400,"relics_obtained":[{"floor":6,"key":"InkBottle"},{"floor":8,"key":"MawBank"},{"floor":9,"key":"Anchor"},{"floor":10,"key":"Odd Mushroom"},{"floor":12,"key":"Potion Belt"},{"floor":17,"key":"Bag of Marbles"},{"floor":17,"key":"Blue Candle"},{"floor":17,"key":"Dead Branch"}],"event_choices":[{"damage_healed":0,"gold_gain":175,"player_choice":"AGREE","damage_taken":169,"max_hp_gain":0,"max_hp_loss":0,"event_name":"betterThird:BetterSerpent","floor":5,"gold_loss":0},{"damage_healed":0,"gold_gain":0,"player_choice":"Fought Mushrooms","damage_taken":0,"max_hp_gain":0,"max_hp_loss":0,"event_name":"Mushrooms","floor":10,"gold_loss":0},{"damage_healed":0,"gold_gain":75,"player_choice":"Touch","damage_taken":7,"max_hp_gain":0,"max_hp_loss":0,"event_name":"FaceTrader","floor":13,"gold_loss":0}],"is_beta":false,"boss_relics":[{"not_picked":["SacredBark","Black Star"],"picked":"Calling Bell"}],"items_purged_floors":[],"is_endless":false,"potions_floor_spawned":[1,6,8,16,20],"killed_by":"3 Cultists","ascension_level":2}}