{"host":"hqhp2gyqzjx7w974","time":1613782821,"event":{"mods":["BaseMod","Colored Map","Downfall","Hermit","Highlight Path","Marisa????????","Minty Spire (QoL Compilation)","Permanent Neow","Relic Stats","Replay The Spire","StSLib","The Bug Knight","The Servant 0.9.4"],"gold_per_floor":[115,132,150,150,54,67,139,139,37,52,52,65,65,50,50,152,152,165,176,187,17,17,17,17],"floor_reached":23,"language":"ENG","playtime":1317,"items_purged":[],"score":201,"play_id":"e523f577-32a2-4167-8bca-46155b5d8706","local_time":"20210219150021","is_ascension_mode":true,"campfire_choices":[{"data":"Slimebound:Gluttony","floor":8.0,"key":"SMITH"},{"data":"Slimebound:SpikyOuterGoop","floor":11.0,"key":"SMITH"},{"data":"Slimebound:MegaLick","floor":13.0,"key":"SMITH"},{"data":"Slimebound:Grow","floor":15.0,"key":"SMITH"}],"circlet_count":0,"master_deck":["Slimebound:Strike_Slimebound","Slimebound:Strike_Slimebound","Slimebound:Tackle","Slimebound:Defend_Slimebound","Slimebound:Defend_Slimebound","Slimebound:Defend_Slimebound","Slimebound:Split","Slimebound:CorrosiveSpit","Slimebound:TongueLash+1","Slimebound:Prepare","Slimebound:Grow+1","Slimebound:MegaLick+1","Slimebound:Dissolve+1","Slimebound:GrowthPunch","Slimebound:Gluttony+1","Slimebound:MegaLick","Slimebound:SamplingLick","Slimebound:SpikyOuterGoop+1","Sickly","Sickly","downfall:Malfunctioning","Slimebound:Dissolve","Slimebound:Equalize+1","Slimebound:Teamwork"],"relics":["Slimebound:AbsorbEndCombat","Replay:Bottled Eggs","Replay:Ancient Bell","Pet Ghost","Replay:Arrowhead","Strange Spoon"],"acts_visited":["Exordium","TheCity"],"potions_floor_usage":[21,23],"damage_taken":[{"damage":4.0,"enemies":"2 Louse","floor":1.0,"turns":2.0},{"damage":6.0,"enemies":"Cultist","floor":2.0,"turns":3.0},{"damage":0.0,"enemies":"Small Slimes","floor":3.0,"turns":3.0},{"damage":0.0,"enemies":"downfall:FleeingMerchant","floor":5.0,"turns":4.0},{"damage":22.0,"enemies":"Exordium Thugs","floor":6.0,"turns":5.0},{"damage":10.0,"enemies":"downfall:FleeingMerchant","floor":9.0,"turns":4.0},{"damage":14.0,"enemies":"downfall:LooterAlt","floor":10.0,"turns":3.0},{"damage":4.0,"enemies":"3 Louse","floor":12.0,"turns":4.0},{"damage":6.0,"enemies":"downfall:FleeingMerchant","floor":14.0,"turns":4.0},{"damage":1.0,"enemies":"SI_SHIV_ARCHETYPE","floor":16.0,"turns":7.0},{"damage":11.0,"enemies":"Chosen","floor":18.0,"turns":6.0},{"damage":48.0,"enemies":"3 Byrds","floor":19.0,"turns":5.0},{"damage":8.0,"enemies":"Snecko","floor":20.0,"turns":4.0},{"damage":12,"enemies":"downfall:FleeingMerchant","floor":21,"turns":4},{"damage":11,"enemies":"HollowMod:Nosk","floor":23,"turns":5}],"seed_played":"-6108975519046524488","potions_obtained":[{"floor":2.0,"key":"FearPotion"},{"floor":6.0,"key":"Slimebound:ThreeZeroPotion"},{"floor":10.0,"key":"Elixir"},{"floor":16.0,"key":"BlessingOfTheForge"},{"floor":20.0,"key":"SpeedPotion"}],"is_trial":false,"path_per_floor":["M","M","M","?","$","M","T","R","$","M","R","M","R","$","R","B",null,"R_BF","M","M","$","?","E"],"character_chosen":"SLIMEBOUND","items_purchased":["Slimebound:GrowthPunch","Slimebound:MegaLick","Slimebound:SamplingLick","Strange Spoon"],"campfire_rested":0,"item_purchase_floors":[5,9,9,21],"current_hp_per_floor":[57,51,55,55,59,45,45,45,43,35,35,39,39,41,41,48,59,52,12,12,8,8,5,5],"gold":17,"neow_bonus":"TRANSFORM_TWO_CARDS","is_daily":false,"chose_seed":false,"campfire_upgraded":4,"win_rate":0.0,"timestamp":1613782821,"path_taken":["M","M","M","?","$","M","T","R","?","M","R","M","R","$","R","BOSS","R_BF","M","M","$","?","E"],"items_purchased_type":["Card","Card","Card","Relic"],"build_version":"2020-12-22","purchased_purges":0,"victory":false,"max_hp_per_floor":[59,59,59,59,59,59,59,59,59,59,59,59,59,59,59,59,59,59,59,59,59,59,59,59],"relic_stats":{"Strange Spoon":[11],"counters":[15,63],"obtain_stats":[{"Strange Spoon":21,"Slimebound:AbsorbEndCombat":0,"Replay:Ancient Bell":17,"Replay:Bottled Eggs":7,"HollowMod:StagPassRelic":17,"Pet Ghost":17,"Replay:Arrowhead":17},{"Strange Spoon":14,"Slimebound:AbsorbEndCombat":0,"Replay:Ancient Bell":10,"Replay:Bottled Eggs":5,"HollowMod:StagPassRelic":10,"Pet Ghost":10,"Replay:Arrowhead":10},{"Strange Spoon":58,"Slimebound:AbsorbEndCombat":0,"Replay:Ancient Bell":39,"Replay:Bottled Eggs":17,"HollowMod:StagPassRelic":39,"Pet Ghost":39,"Replay:Arrowhead":39}]},"card_choices":[{"not_picked":["Slimebound:SplitMire","Slimebound:SplitAcid"],"picked":"Slimebound:Grow","floor":1.0},{"not_picked":["Slimebound:PressTheAttack","Slimebound:SplitMire"],"picked":"Slimebound:MegaLick","floor":2.0},{"not_picked":["Slimebound:FinishingTackle","Slimebound:GoopSpray"],"picked":"Slimebound:Dissolve","floor":3.0},{"not_picked":["Slimebound:PressTheAttack","Slimebound:FinishingTackle","Slimebound:Overexert"],"picked":"SKIP","floor":5.0},{"not_picked":["Slimebound:SplitBruiser","Slimebound:Replication"],"picked":"Slimebound:Gluttony","floor":6.0},{"not_picked":["Slimebound:Darklings","Slimebound:LivingWall","Slimebound:SplitLeeching"],"picked":"SKIP","floor":9.0},{"not_picked":["Slimebound:ComboTackle","Slimebound:HauntingLick"],"picked":"Slimebound:SpikyOuterGoop","floor":10.0},{"not_picked":["Slimebound:Equalize","Slimebound:Nibble","Slimebound:FinishingTackle"],"picked":"SKIP","floor":12.0},{"not_picked":["Slimebound:LivingWall","Slimebound:ServeAndProtect","Slimebound:SpikyOuterGoop"],"picked":"SKIP","floor":14.0},{"not_picked":["downfall:Aged","Hallucinations"],"picked":"Sickly","floor":17.0},{"not_picked":["Decay","ReplayTheSpireMod:Doomed"],"picked":"Sickly","floor":17.0},{"not_picked":["Regret","Spreading Infection"],"picked":"downfall:Malfunctioning","floor":17.0},{"not_picked":["Slimebound:ItLooksTasty","Slimebound:SlimeSpikes","Slimebound:BestDefense"],"picked":"SKIP","floor":18.0},{"not_picked":["Slimebound:ComboTackle","Slimebound:SplitLeeching+1"],"picked":"Slimebound:Dissolve","floor":19.0},{"not_picked":["Slimebound:LeechEnergy+1","Slimebound:SplitSpecialist","Slimebound:PressTheAttack"],"picked":"SKIP","floor":20.0},{"not_picked":["Slimebound:Chomp+1","Slimebound:LivingWall"],"picked":"Slimebound:Equalize+1","floor":21}],"player_experience":51736,"relics_obtained":[{"floor":7.0,"key":"Replay:Bottled Eggs"}],"event_choices":[{"damage_healed":0.0,"max_hp_gain":0.0,"max_hp_loss":0.0,"gold_gain":0.0,"event_name":"Accursed Blacksmith","player_choice":"Forge","floor":4.0,"gold_loss":0.0,"damage_taken":0.0,"cards_upgraded":["Slimebound:Dissolve"]}],"is_beta":false,"boss_relics":[{"not_picked":["Astrolabe","Ring of Chaos"],"picked":"Replay:Ancient Bell"},{"not_picked":["Centennial Puzzle","Slimebound:AggressiveSlimeRelic"],"picked":"Pet Ghost"},{"not_picked":["Toxic Egg 2","Frozen Egg 2"],"picked":"HollowMod:StagPassRelic"},{"not_picked":["Replay:Multitool","Bird Faced Urn"],"picked":"Replay:Arrowhead"}],"items_purged_floors":[],"is_endless":false,"potions_floor_spawned":[2,6,10,16,20],"killed_by":"HollowMod:Nosk","ascension_level":2}}