{"host":"1n4zh8skucxnzijq","time":1613834331,"event":{"mods":["AchievementEnabler","BaseMod","Minty Spire (QoL Compilation)","Quick Restart"],"gold_per_floor":[113,38,56,66,78,78,104,29,29,43,43,78,78,107,107,181,181,196,214,214,214,214,214],"floor_reached":22,"language":"ENG","playtime":837,"items_purged":["Strike_B"],"score":508,"play_id":"63bcc2a7-d36f-4c0d-a573-70dc102a7c52","local_time":"20210220151851","is_ascension_mode":true,"campfire_choices":[{"data":"Zap","floor":6,"key":"SMITH"},{"data":"White Noise","floor":15,"key":"SMITH"}],"circlet_count":0,"master_deck":["AscendersBane","Defend_B","Defend_B","Defend_B","Defend_B","Zap+1","Dualcast","Sweeping Beam","Rip and Tear","Beam Cell","Lockon","Reboot","Ball Lightning","White Noise+1","Electrodynamics","Fission","Conserve Battery","Fusion+1","Cold Snap","Decay","Fission","Biased Cognition"],"relics":["Cracked Core","Potion Belt","Eternal Feather","Gambling Chip","Prayer Wheel","The Courier","Philosopher\u0027s Stone"],"acts_visited":["Exordium","TheCity"],"potions_floor_usage":[12,14,16],"damage_taken":[{"damage":1,"enemies":"Cultist","floor":1,"turns":3},{"damage":2,"enemies":"2 Louse","floor":3,"turns":2},{"damage":7,"enemies":"Jaw Worm","floor":4,"turns":3},{"damage":9,"enemies":"3 Louse","floor":5,"turns":2},{"damage":25,"enemies":"Lagavulin","floor":7,"turns":4},{"damage":2,"enemies":"2 Fungi Beasts","floor":10,"turns":3},{"damage":0,"enemies":"Gremlin Nob","floor":12,"turns":2},{"damage":0,"enemies":"3 Sentries","floor":14,"turns":2},{"damage":7,"enemies":"Slime Boss","floor":16,"turns":6},{"damage":26,"enemies":"2 Thieves","floor":18,"turns":3},{"damage":29,"enemies":"3 Byrds","floor":19,"turns":3},{"damage":2,"enemies":"Cultist and Chosen","floor":22,"turns":3}],"seed_played":"8758069700750648381","potions_obtained":[{"floor":1,"key":"EssenceOfSteel"},{"floor":5,"key":"Energy Potion"},{"floor":7,"key":"SteroidPotion"},{"floor":14,"key":"BlessingOfTheForge"},{"floor":16,"key":"Strength Potion"}],"is_trial":false,"path_per_floor":["M","$","M","M","M","R","E","?","T","M","?","E","$","E","R","B",null,"M","M","?","?","M"],"character_chosen":"DEFECT","items_purchased":[],"campfire_rested":0,"item_purchase_floors":[],"current_hp_per_floor":[63,63,61,54,45,45,20,20,20,18,18,18,18,18,27,20,58,32,3,3,3,1,1],"gold":214,"neow_bonus":"RANDOM_COMMON_RELIC","is_daily":false,"chose_seed":false,"campfire_upgraded":2,"win_rate":0.0,"timestamp":1613834331,"path_taken":["M","?","M","?","M","R","E","?","T","M","?","E","$","E","R","BOSS","M","M","?","?","M"],"items_purchased_type":[],"build_version":"2020-12-22","purchased_purges":1,"victory":false,"max_hp_per_floor":[71,71,71,71,71,71,71,71,71,71,71,71,71,71,71,71,71,71,71,71,71,71,71],"card_choices":[{"not_picked":["Recycle","Turbo"],"picked":"Sweeping Beam","floor":1},{"not_picked":["Compile Driver","Undo"],"picked":"Rip and Tear","floor":3},{"not_picked":["Sweeping Beam","Stack"],"picked":"Beam Cell","floor":4},{"not_picked":["Rebound","Aggregate"],"picked":"Lockon","floor":5},{"not_picked":["Doom and Gloom","Sweeping Beam"],"picked":"Reboot","floor":7},{"not_picked":["Compile Driver","Rebound"],"picked":"Ball Lightning","floor":10},{"not_picked":["Darkness","Cold Snap"],"picked":"White Noise","floor":12},{"not_picked":["Chaos","Go for the Eyes"],"picked":"Electrodynamics","floor":14},{"not_picked":["All For One","Reboot"],"picked":"Fission","floor":16},{"not_picked":["Loop","Leap"],"picked":"Conserve Battery","floor":18},{"not_picked":["Genetic Algorithm","Sweeping Beam"],"picked":"Fusion+1","floor":18},{"not_picked":["Turbo","Rebound"],"picked":"Cold Snap","floor":19},{"not_picked":["Turbo","Streamline","Multi-Cast"],"picked":"SKIP","floor":19}],"player_experience":1114540,"relics_obtained":[{"floor":7,"key":"Eternal Feather"},{"floor":9,"key":"Gambling Chip"},{"floor":12,"key":"Prayer Wheel"},{"floor":14,"key":"The Courier"}],"event_choices":[{"cards_removed":["Strike_B"],"damage_healed":0,"gold_gain":0,"player_choice":"Card Removal","damage_taken":0,"max_hp_gain":0,"max_hp_loss":0,"event_name":"The Cleric","floor":8,"gold_loss":75},{"damage_healed":0,"gold_gain":0,"player_choice":"Searched \u00270\u0027 times","damage_taken":0,"max_hp_gain":0,"max_hp_loss":0,"event_name":"Dead Adventurer","floor":11,"gold_loss":0},{"damage_healed":0,"gold_gain":0,"player_choice":"Smashed Altar","damage_taken":0,"max_hp_gain":0,"max_hp_loss":0,"event_name":"Forgotten Altar","floor":20,"gold_loss":0,"cards_obtained":["Decay"]},{"damage_healed":0,"gold_gain":0,"cards_transformed":["Strike_B","Strike_B"],"player_choice":"Became Test Subject","damage_taken":0,"max_hp_gain":0,"max_hp_loss":0,"event_name":"Drug Dealer","floor":21,"gold_loss":0,"cards_obtained":["Fission","Biased Cognition"]}],"is_beta":false,"boss_relics":[{"not_picked":["Busted Crown","Snecko Eye"],"picked":"Philosopher\u0027s Stone"}],"items_purged_floors":[2],"is_endless":false,"potions_floor_spawned":[1,5,7,14,16],"killed_by":"Cultist and Chosen","ascension_level":20}}