{"host":"udyc8f81k2jocuhg","time":1613826970,"event":{"mods":["2.2 Compatiblity","BaseMod","Better Third Choice","Colored Powertips","Conspire","Custom Start","GifTheSpireLib","Hermit","Minty Spire (QoL Compilation)","Permanent Neow","Quick Restart","Relic Filter","Relic Stats","Replay The Spire","Shop Mod","Spikes Relics","StSLib","Stuff the Spire"],"gold_per_floor":[111,124,142,158,178,178,178],"floor_reached":6,"language":"ENG","playtime":225,"items_purged":[],"score":74,"play_id":"d248c6d1-1eac-4d16-b0ba-493ddf1839ea","local_time":"20210220141610","is_ascension_mode":true,"campfire_choices":[],"circlet_count":0,"master_deck":["AscendersBane","Strike_G","Strike_G","Strike_G","Strike_G","Strike_G","Defend_G","Defend_G","Defend_G","Defend_G","Defend_G","Survivor","Neutralize","Corpse Explosion","Fluid Movement","Dodge and Roll","Dodge and Roll","PiercingWail"],"relics":["Ring of the Snake"],"acts_visited":["Exordium"],"potions_floor_usage":[6],"damage_taken":[{"damage":6.0,"enemies":"Cultist","floor":1.0,"turns":4.0},{"damage":6.0,"enemies":"Small Slimes","floor":2.0,"turns":5.0},{"damage":1.0,"enemies":"2 Louse","floor":3.0,"turns":3.0},{"damage":0.0,"enemies":"Lots of Slimes","floor":4.0,"turns":1.0},{"damage":6.0,"enemies":"2 Fungi Beasts","floor":5.0,"turns":4.0},{"damage":34,"enemies":"Gremlin Nob","floor":6,"turns":5}],"seed_played":"-285717643177718345","potions_obtained":[{"floor":1.0,"key":"Weak Potion"}],"is_trial":false,"path_per_floor":["M","M","M","M","M","E"],"character_chosen":"THE_SILENT","items_purchased":[],"campfire_rested":0,"item_purchase_floors":[],"current_hp_per_floor":[53,47,46,46,40,6,6],"gold":178,"neow_bonus":"ONE_RANDOM_RARE_CARD","is_daily":false,"chose_seed":false,"campfire_upgraded":0,"win_rate":0.0,"timestamp":1613826970,"path_taken":["M","M","M","M","M","E"],"items_purchased_type":[],"build_version":"2020-12-22","purchased_purges":0,"victory":false,"max_hp_per_floor":[66,66,66,66,66,66,66],"relic_stats":{"counters":[6,22],"obtain_stats":[{"Ring of the Snake":0},{"Ring of the Snake":0},{"Ring of the Snake":0}],"Ring of the Snake":[12]},"card_choices":[{"not_picked":["Slice","StuffTheSpire:Python"],"picked":"Fluid Movement","floor":1.0},{"not_picked":["Terror","Cloak And Dagger"],"picked":"Dodge and Roll","floor":2.0},{"not_picked":["Blade Dance","ReplayTheSpireMod:Scrap Shanks"],"picked":"Dodge and Roll","floor":3.0},{"not_picked":["Underhanded Strike","Heel Hook"],"picked":"PiercingWail","floor":4.0},{"not_picked":["StuffTheSpire:Python","Poisoned Stab","conspire:PoisonWeapons"],"picked":"SKIP","floor":5.0}],"player_experience":2040823,"relics_obtained":[],"event_choices":[],"is_beta":false,"boss_relics":[],"items_purged_floors":[],"is_endless":false,"potions_floor_spawned":[1],"killed_by":"Gremlin Nob","ascension_level":17}}