{"host":"vxxgntm1odai56nh","time":1613847186,"event":{"mods":["AchievementEnabler","BaseMod","Colored Map","Colored Powertips","Highlight Path","Minty Spire (QoL Compilation)","Permanent Neow","Rare Cards Sparkle","Relic Stats","StSLib"],"gold_per_floor":[18,18,36,36,54,97,97,120,143,143,143],"floor_reached":10,"language":"ENG","playtime":230,"items_purged":[],"score":85,"play_id":"6ebf8196-571a-40e4-86c4-6621e364136e","local_time":"20210220135306","is_ascension_mode":true,"campfire_choices":[{"data":"Corruption","floor":7,"key":"SMITH"}],"circlet_count":0,"master_deck":["Strike_R","Strike_R","Strike_R","Strike_R","Strike_R","Defend_R","Defend_R","Defend_R","Defend_R","Bash","Disarm","Heavy Blade","Inflame","Corruption+1","Ghostly Armor"],"relics":["Burning Blood","Ginger","Golden Idol","Happy Flower","Pen Nib"],"acts_visited":["Exordium"],"potions_floor_usage":[6,6],"damage_taken":[{"damage":2,"enemies":"2 Louse","floor":1,"turns":3},{"damage":14,"enemies":"Jaw Worm","floor":3,"turns":5},{"damage":1,"enemies":"Cultist","floor":5,"turns":4},{"damage":20,"enemies":"3 Sentries","floor":6,"turns":3},{"damage":24,"enemies":"Exordium Wildlife","floor":8,"turns":4},{"damage":26,"enemies":"Gremlin Nob","floor":10,"turns":3}],"seed_played":"-7976130582834536472","potions_obtained":[{"floor":3,"key":"Strength Potion"},{"floor":4,"key":"Fruit Juice"},{"floor":4,"key":"PowerPotion"},{"floor":5,"key":"AttackPotion"}],"is_trial":false,"path_per_floor":["M","?","M","?","M","E","R","M","T","E"],"character_chosen":"IRONCLAD","items_purchased":[],"campfire_rested":0,"item_purchase_floors":[],"current_hp_per_floor":[80,60,52,52,57,43,43,25,25,0,0],"gold":143,"neow_bonus":"ONE_RARE_RELIC","is_daily":false,"chose_seed":false,"campfire_upgraded":1,"win_rate":0.0,"timestamp":1613847186,"path_taken":["M","?","M","?","M","E","R","?","T","E"],"items_purchased_type":[],"build_version":"2020-12-22","purchased_purges":0,"victory":false,"max_hp_per_floor":[80,80,80,80,80,80,80,80,80,80,80],"relic_stats":{"Happy Flower":[2],"counters":[6,22],"Golden Idol":22,"Pen Nib":[0],"Ginger":[2],"obtain_stats":[{"Happy Flower":6,"Golden Idol":2,"Pen Nib":9,"Ginger":0,"Burning Blood":0},{"Happy Flower":4,"Golden Idol":1,"Pen Nib":5,"Ginger":0,"Burning Blood":0},{"Happy Flower":15,"Golden Idol":3,"Pen Nib":19,"Ginger":0,"Burning Blood":0}],"Burning Blood":26},"card_choices":[{"not_picked":["True Grit","Headbutt"],"picked":"Disarm","floor":1},{"not_picked":["Body Slam","Iron Wave"],"picked":"Heavy Blade","floor":3},{"not_picked":["Rage","Infernal Blade"],"picked":"Inflame","floor":5},{"not_picked":["Twin Strike","True Grit"],"picked":"Corruption","floor":6},{"not_picked":["Dual Wield","True Grit"],"picked":"Ghostly Armor","floor":8}],"player_experience":155476,"relics_obtained":[{"floor":6,"key":"Happy Flower"},{"floor":9,"key":"Pen Nib"}],"event_choices":[{"damage_healed":0,"gold_gain":0,"player_choice":"Take Damage","damage_taken":20,"relics_obtained":["Golden Idol"],"max_hp_gain":0,"max_hp_loss":0,"event_name":"Golden Idol","floor":2,"gold_loss":0},{"damage_healed":0,"gold_gain":0,"player_choice":"Got Potions","damage_taken":0,"max_hp_gain":0,"max_hp_loss":0,"event_name":"Lab","floor":4,"gold_loss":0}],"is_beta":false,"boss_relics":[],"items_purged_floors":[],"is_endless":false,"potions_floor_spawned":[3,5],"killed_by":"Gremlin Nob","ascension_level":5}}