{"host":"dcj2yvrgcvh5dl2s","time":1613786134,"event":{"mods":["BaseMod","Bestiary","Better Note","Block Reminder","Colored Powertips","Curses Come First","DeckTracker","Displayed Cursed Tome","Minty Spire (QoL Compilation)","Quick Restart","Rare Cards Sparkle","Relic Stats","StSLib"],"gold_per_floor":[112,112,112,126,16,36,36,36],"floor_reached":7,"language":"ENG","playtime":245,"items_purged":[],"score":82,"play_id":"6555cfcc-10a0-4c26-bdf9-270164d43ba8","local_time":"20210220115534","is_ascension_mode":true,"campfire_choices":[],"circlet_count":0,"master_deck":["AscendersBane","Strike_R","Strike_R","Strike_R","Strike_R","Defend_R","Defend_R","Defend_R","Defend_R","Bash","Intimidate+1","Cleave","Flex","Heavy Blade","Shrug It Off"],"relics":["Burning Blood","Incense Burner"],"acts_visited":[],"potions_floor_usage":[7],"damage_taken":[{"damage":15,"enemies":"Small Slimes","floor":1,"turns":3},{"damage":0,"enemies":"Cultist","floor":4,"turns":4},{"damage":3,"enemies":"2 Louse","floor":6,"turns":3},{"damage":33,"enemies":"Lagavulin","floor":7,"turns":7}],"seed_played":"6981011057999895533","potions_obtained":[{"floor":1,"key":"EntropicBrew"}],"is_trial":false,"path_per_floor":["M","?","?","M","$","M","E"],"character_chosen":"IRONCLAD","items_purchased":["Flex","Heavy Blade"],"campfire_rested":0,"item_purchase_floors":[5,5],"current_hp_per_floor":[41,41,41,47,47,50,17,17],"gold":36,"neow_bonus":"ONE_RARE_RELIC","is_daily":false,"chose_seed":false,"campfire_upgraded":0,"win_rate":0.0,"timestamp":1613786134,"path_taken":["M","?","?","M","$","M","E"],"items_purchased_type":["Card","Card"],"build_version":"2020-12-22","purchased_purges":0,"victory":false,"max_hp_per_floor":[75,75,75,75,75,75,75,75],"relic_stats":{"counters":[4,17],"obtain_stats":[{"Incense Burner":0,"Burning Blood":0},{"Incense Burner":0,"Burning Blood":0},{"Incense Burner":0,"Burning Blood":0}],"Burning Blood":18},"card_choices":[{"not_picked":["Sever Soul","Bloodletting"],"picked":"Intimidate","floor":1},{"not_picked":["Dual Wield","Clothesline"],"picked":"Cleave","floor":4},{"not_picked":["Evolve","True Grit"],"picked":"Shrug It Off","floor":6}],"player_experience":2451474,"relics_obtained":[],"event_choices":[{"damage_healed":0,"gold_gain":0,"player_choice":"Grow","damage_taken":0,"max_hp_gain":0,"max_hp_loss":0,"event_name":"Living Wall","floor":2,"gold_loss":0,"cards_upgraded":["Intimidate"]},{"cards_removed":["Strike_R"],"damage_healed":0,"gold_gain":0,"player_choice":"Purged","damage_taken":0,"max_hp_gain":0,"max_hp_loss":0,"event_name":"Purifier","floor":3,"gold_loss":0}],"is_beta":false,"boss_relics":[],"items_purged_floors":[],"is_endless":false,"potions_floor_spawned":[1],"killed_by":"Lagavulin","ascension_level":20}}