{"host":"8673i1trltb7nj1l","time":1613829060,"event":{"mods":["BaseMod","Colored Map","Colored Powertips","DeckTracker","Highlight Path","Minty Spire (QoL Compilation)","Quick Restart","Random Character Button","Relic Sorter","StSLib","Synergy Search"],"gold_per_floor":[113,113,127,127,143,161,187,187,187],"floor_reached":8,"language":"ENG","playtime":310,"items_purged":[],"score":48,"play_id":"c1981b76-db04-4016-8c07-d8036f4adeb8","local_time":"20210220135100","is_ascension_mode":false,"campfire_choices":[],"circlet_count":0,"master_deck":["Strike_R","Strike_R","Strike_R","Strike_R","Strike_R","Defend_R","Defend_R","Defend_R","Defend_R","Bash","Heavy Blade+1","Iron Wave","Pommel Strike","Thunderclap","Disarm"],"relics":["Burning Blood","NeowsBlessing","Odd Mushroom"],"acts_visited":["Exordium"],"potions_floor_usage":[],"damage_taken":[{"damage":0,"enemies":"Small Slimes","floor":1,"turns":1},{"damage":0,"enemies":"Jaw Worm","floor":3,"turns":1},{"damage":0,"enemies":"2 Louse","floor":5,"turns":1},{"damage":8,"enemies":"2 Fungi Beasts","floor":6,"turns":3},{"damage":31,"enemies":"The Mushroom Lair","floor":7,"turns":6},{"damage":61,"enemies":"Lagavulin","floor":8,"turns":8}],"seed_played":"405223512412079612","potions_obtained":[{"floor":3,"key":"ColorlessPotion"},{"floor":5,"key":"Strength Potion"}],"is_trial":false,"path_per_floor":["M","?","M","?","M","M","?","E"],"character_chosen":"IRONCLAD","items_purchased":[],"campfire_rested":0,"item_purchase_floors":[],"current_hp_per_floor":[80,80,80,80,80,78,53,0,0],"gold":187,"neow_bonus":"THREE_ENEMY_KILL","is_daily":false,"chose_seed":false,"campfire_upgraded":0,"win_rate":0.0,"timestamp":1613829060,"path_taken":["M","?","M","?","M","M","?","E"],"items_purchased_type":[],"build_version":"2020-12-22","purchased_purges":0,"victory":false,"max_hp_per_floor":[80,80,80,80,80,80,80,80,80],"card_choices":[{"not_picked":["Inflame","Pummel"],"picked":"Heavy Blade","floor":1},{"not_picked":["True Grit","Blood for Blood"],"picked":"Iron Wave","floor":3},{"not_picked":["Heavy Blade","Anger"],"picked":"Pommel Strike","floor":5},{"not_picked":["Feel No Pain","Evolve"],"picked":"Thunderclap","floor":6},{"not_picked":["Anger","Perfected Strike"],"picked":"Disarm","floor":7}],"player_experience":83450,"relics_obtained":[{"floor":7,"key":"Odd Mushroom"}],"event_choices":[{"damage_healed":0,"gold_gain":0,"player_choice":"Grow","damage_taken":0,"max_hp_gain":0,"max_hp_loss":0,"event_name":"Living Wall","floor":2,"gold_loss":0,"cards_upgraded":["Heavy Blade"]},{"damage_healed":0,"gold_gain":0,"player_choice":"Ignored","damage_taken":0,"max_hp_gain":0,"max_hp_loss":0,"event_name":"Liars Game","floor":4,"gold_loss":0},{"damage_healed":0,"gold_gain":0,"player_choice":"Fought Mushrooms","damage_taken":0,"max_hp_gain":0,"max_hp_loss":0,"event_name":"Mushrooms","floor":7,"gold_loss":0}],"is_beta":false,"boss_relics":[],"items_purged_floors":[],"is_endless":false,"potions_floor_spawned":[3,5],"killed_by":"Lagavulin","ascension_level":0}}