{"host":"s9znsjs818tlhh47","time":1613798201,"event":{"mods":["2.2 Compatiblity","ATMod(°¢èªMod)","AchievementEnabler","Act Like it!","Arknights","BaseMod","Better Note","Better Skull","Better Third Choice","Better Vampires","Bossed Relics","Card Forge","Colored Powertips","Force Act Four","Minty Spire (QoL Compilation)","Permanent Neow","Quick Restart","StSLib","¡¾¹¦ÄÜMod¡¿»ìãçÖ®»·ÐÞ¸´²¹¶¡","¡¾ÒÅÎï¿¨ÅÆ¡¿REMEMod"],"gold_per_floor":[115,115,130,142,292,327,327,327,327],"floor_reached":8,"language":"ZHS","playtime":274,"items_purged":[],"score":112,"play_id":"9c0fc98b-9c13-436b-9eae-732ef9505952","local_time":"20210220001641","is_ascension_mode":true,"campfire_choices":[{"data":"REME_DataAnalysis","floor":7,"key":"SMITH"}],"circlet_count":0,"master_deck":["AscendersBane","Strike_B","Strike_B","Strike_B","Strike_B","Defend_B","Defend_B","Defend_B","Defend_B+1","Zap+1","Dualcast+1","Electrodynamics+1","AT_FamilyPortrait+1","Redo+1","Capacitor+1","AT_ThreeBodyProblem+1","REME_DataAnalysis+1"],"relics":["Hammer of Thor","Seething Fire","Anvil of the Gods","REME_ComplimentaryCards","AT_ATBox","Coffee Dripper","Happy Flower"],"acts_visited":["Exordium"],"potions_floor_usage":[6,8],"damage_taken":[{"damage":4.0,"enemies":"Small Slimes","floor":1.0,"turns":3.0},{"damage":6.0,"enemies":"Cultist","floor":3.0,"turns":3.0},{"damage":9,"enemies":"ats:Genji","floor":4,"turns":4},{"damage":20,"enemies":"3 Sentries","floor":6,"turns":3},{"damage":30,"enemies":"Gremlin Nob","floor":8,"turns":3}],"seed_played":"-8249778253400128250","potions_obtained":[{"floor":4,"key":"FocusPotion"},{"floor":6,"key":"Fire Potion"}],"is_trial":false,"path_per_floor":["M","?","M","M","?","E","R","E"],"character_chosen":"DEFECT","items_purchased":[],"campfire_rested":0,"item_purchase_floors":[],"current_hp_per_floor":[60,60,54,45,45,25,25,0,0],"gold":327,"neow_bonus":"BOSS_RELIC","is_daily":false,"chose_seed":false,"campfire_upgraded":1,"win_rate":0.0,"timestamp":1613798201,"path_taken":["M","?","M","?","?","E","R","E"],"items_purchased_type":[],"build_version":"2020-12-22","purchased_purges":0,"victory":false,"max_hp_per_floor":[71,71,71,71,71,71,71,71,71],"card_choices":[{"not_picked":["Leap","Sweeping Beam"],"picked":"Redo","floor":1.0},{"not_picked":["Lockon","Beam Cell"],"picked":"Capacitor","floor":3.0},{"not_picked":["Turbo","Go for the Eyes"],"picked":"AT_ThreeBodyProblem","floor":4},{"not_picked":["Conserve Battery","Rainbow"],"picked":"REME_DataAnalysis","floor":6}],"player_experience":338413,"relics_obtained":[{"floor":6,"key":"Happy Flower"}],"event_choices":[{"damage_healed":0.0,"max_hp_gain":0.0,"max_hp_loss":0.0,"gold_gain":0.0,"event_name":"Upgrade Shrine","player_choice":"Upgraded","floor":2.0,"gold_loss":0.0,"damage_taken":0.0,"cards_upgraded":["Defend_B"]},{"damage_healed":0,"gold_gain":150,"player_choice":"AGREE","damage_taken":142,"max_hp_gain":0,"max_hp_loss":0,"event_name":"betterThird:BetterSerpent","floor":5,"gold_loss":0}],"is_beta":false,"boss_relics":[],"items_purged_floors":[],"is_endless":false,"potions_floor_spawned":[4,6],"killed_by":"Gremlin Nob","ascension_level":20}}