{"host":"itbqv4oobgse7q4n","time":1613818772,"event":{"mods":["100% Spire Juice","2.2 Compatiblity","Act Like it!","Aspiration","BaseMod","Bossed Relics","CapriCore","Card Forge","Colored Powertips","Evolution","Extra Virgin Snecko Oil","Friendly Minions","FutureSeer","Gensokyo","GifTheSpireLib","Highlight Path","HololiveMod","Hubris","LagranYue(???·?)","Minty Spire (QoL Compilation)","Relic Filter","Reliquary","Replay The Spire","Ruina","Shapeshifter Mod","Shop Mod","Small Relic Pack","StSLib","Td1madao Mod","The Alterego","The Animator","The Immortal","The Sage","The Servant 0.9.4","The Wild Card","Wandering Minibosses","Yakumo Yukari mod"],"gold_per_floor":[119,135,15,45,24,54,21,350,350,381,400,431,449,449,449,556,556,526,526,552,552,552],"floor_reached":21,"language":"RUS","playtime":2508,"items_purged":[],"score":244,"play_id":"ba3116f7-0f1c-4b5f-94f9-2629e254bdb3","local_time":"20210220135932","is_ascension_mode":true,"campfire_choices":[{"floor":15,"key":"RECALL"}],"circlet_count":0,"master_deck":["animator:Strike_TenSura+1","animator:Defend_TenSura+1","animator:Strike+1","animator:Strike+1","animator:Strike+1","animator:Defend+1","animator:Defend+1","animator:Defend+1","animator:Benimaru+1","animator:Shuna+1","animator:Aisha+1","animator:Shuna+1","animator:Demiurge+1","animator:Ainz+1","animator:OrikoMikuni+1","animator:Raven+1","animator:Cirno+1","animator:KotoriKanbe+1","animator:Shion+1","animator:Souei+1","animator:Tyuule+1","animator:Tyuule+1","animator:Elesis+2","animator:Ciel+1","animator:Shalltear+1","animator:PandorasActor+1","animator:Shuna+1","animator:Saitama+1","animator:NagisaMomoe+1","animator:GazelDwargon+1"],"relics":["animator:LivingPicture","animator:TheMissingPiece","Hammer of Thor","Seething Fire","Anvil of the Gods","EVO:Axolotl","BargainBundle","hubris:MedicalManual","reliquary:Firecrackers","hubris:BottledRain","Omamori","reliquary:Stiletto","LagranYue:SoulBurningRelic","hubris:FruitBowl","hubris:EvacipatedBox"],"acts_visited":["Gensokyo:Gensokyo","ruina:Briah"],"potions_floor_usage":[],"damage_taken":[{"damage":2,"enemies":"Gensokyo:3_Fairies","floor":1,"turns":5},{"damage":0,"enemies":"Gensokyo:Python","floor":2,"turns":3},{"damage":9,"enemies":"Gensokyo:Gryphon","floor":4,"turns":4},{"damage":9,"enemies":"Gensokyo:Cirno","floor":6,"turns":8},{"damage":2,"enemies":"Gensokyo:Aya","floor":8,"turns":4},{"damage":8,"enemies":"Gensokyo:Mamizou","floor":10,"turns":6},{"damage":9,"enemies":"Gensokyo:3_Kodama","floor":11,"turns":3},{"damage":0,"enemies":"Gensokyo:Cirno","floor":12,"turns":4},{"damage":0,"enemies":"Gensokyo:2_Rabbits","floor":13,"turns":2},{"damage":2,"enemies":"Gensokyo:Kokoro","floor":16,"turns":10},{"damage":22,"enemies":"ruina:Nosferatu","floor":18,"turns":7},{"damage":11,"enemies":"ruina:BadWolf","floor":20,"turns":6},{"damage":2,"enemies":"ruina:KnightOfDespair","floor":21,"turns":1}],"seed_played":"6250517924896918111","potions_obtained":[{"floor":1,"key":"DistilledChaos"},{"floor":2,"key":"Doom Potion"},{"floor":18,"key":"Flashbang"}],"is_trial":false,"path_per_floor":["M","M","$","M","COS","E","$","E","T","E","M","E","M","?","R","B",null,"M","$","M","M"],"character_chosen":"THE_ANIMATOR","items_purchased":["animator:Demiurge","BargainBundle","animator:Ainz","animator:OrikoMikuni","animator:Raven","animator:Cirno","hubris:MedicalManual","Flashbang","PanachePotion","animator:KotoriKanbe","animator:Tyuule","hubris:FruitBowl","hubris:EvacipatedBox"],"campfire_rested":0,"item_purchase_floors":[3,3,3,3,3,3,3,3,3,3,7,19,19],"current_hp_per_floor":[70,70,70,61,61,53,53,51,51,43,34,34,34,41,41,39,73,51,13,2,0,0],"gold":552,"neow_bonus":"TEN_PERCENT_HP_BONUS","is_daily":false,"chose_seed":false,"campfire_upgraded":0,"win_rate":0.0,"timestamp":1613818772,"path_taken":["M","M","$","M","COS","E","$","E","T","E","M","E","?","?","R","BOSS","M","?","M","?"],"items_purchased_type":["Card","Relic","Card","Card","Card","Card","Relic","Potion","Potion","Card","Card","Relic","Relic"],"build_version":"2020-12-22","purchased_purges":0,"victory":false,"max_hp_per_floor":[72,72,72,72,72,73,73,73,73,73,73,73,73,73,73,73,73,73,73,73,73,73],"card_choices":[{"not_picked":["animator:Cocytus","animator:Bozes"],"picked":"animator:Aisha","floor":1},{"not_picked":["animator:YuiTsuruno","animator:Emonzaemon"],"picked":"animator:Shuna","floor":2},{"not_picked":["animator:Millim","animator:Ciel"],"picked":"animator:Shion","floor":4},{"not_picked":["animator:Benimaru","animator:Hakurou"],"picked":"animator:Souei","floor":6},{"not_picked":["animator:TukaLunaMarceau","animator:YachiyoNanami"],"picked":"animator:Elesis","floor":8},{"not_picked":["animator:Sonic","animator:NagisaMomoe"],"picked":"animator:Ciel","floor":10},{"not_picked":["animator:Genos","animator:SuzuneAmano"],"picked":"animator:Shalltear","floor":11},{"not_picked":["animator:NarberalGamma","animator:Ainz"],"picked":"animator:PandorasActor","floor":12},{"not_picked":["animator:Raven","animator:Geryuganshoop"],"picked":"animator:Shuna","floor":13},{"not_picked":["animator:Ainz","animator:Biyorigo"],"picked":"animator:Saitama","floor":16},{"not_picked":["animator:IrohaTamaki","animator:TukaLunaMarceau"],"picked":"animator:NagisaMomoe+1","floor":18},{"not_picked":["animator:Konayuki","animator:Hakurou+1"],"picked":"animator:GazelDwargon","floor":20}],"player_experience":183696,"relics_obtained":[{"floor":6,"key":"Mercury Hourglass"},{"floor":8,"key":"reliquary:Firecrackers"},{"floor":9,"key":"hubris:BottledRain"},{"floor":10,"key":"Omamori"},{"floor":12,"key":"reliquary:Stiletto"}],"event_choices":[],"is_beta":false,"boss_relics":[{"not_picked":["hubris:HollowSoul","aspiration:SilentSkillbook"],"picked":"LagranYue:SoulBurningRelic"}],"items_purged_floors":[],"is_endless":false,"potions_floor_spawned":[1,2,6,8,11,18],"killed_by":"ruina:KnightOfDespair","ascension_level":1}}