{"host":"4eao2pkwlmv012cz","time":1613793856,"event":{"mods":["BaseMod","Bestiary","Bossed Relics","Colored Powertips","Minty Spire (QoL Compilation)","Permanent Neow","Quick Restart","Random Character Button","StSLib"],"gold_per_floor":[114,129,24,39,54,84,99,99,99,99,99,3,3,18,18,118,118,133,148,148,163,193,193,208,208,208],"floor_reached":25,"language":"ENG","playtime":1062,"items_purged":[],"score":250,"play_id":"2835b0eb-64d5-4730-a066-7b9e00a4d22c","local_time":"20210219230416","daily_mods":["Shiny","Red Cards","DeadlyEvents"],"is_ascension_mode":false,"campfire_choices":[{"data":"Rainbow","floor":8,"key":"SMITH"},{"floor":10,"key":"REST"},{"data":"Recycle","floor":13,"key":"SMITH"},{"data":"Storm","floor":15,"key":"SMITH"},{"floor":23,"key":"REST"}],"circlet_count":0,"master_deck":["Double Tap","Demon Form","Bludgeon","Feed","Limit Break","Corruption","Barricade+1","Fiend Fire","Berserk","Impervious","Juggernaut","Brutality","Reaper","Exhume","Offering","Immolate","Multi-Cast","Thunder Strike","Biased Cognition","Machine Learning","Electrodynamics","Buffer","Rainbow+1","Seek","Meteor Strike","Echo Form","All For One","Reboot","Amplify","Creative AI","Fission+1","Core Surge","Cold Snap","Entrench","Coolheaded","Coolheaded","Sword Boomerang","Biased Cognition","Pommel Strike","Conserve Battery","Recycle+1","Storm+1","Juggernaut","Battle Trance+1","Doom and Gloom","Burning Pact"],"relics":["Cracked Core","Anchor","Oddly Smooth Stone","Empty Cage","Gambling Chip"],"acts_visited":["Exordium","TheCity"],"potions_floor_usage":[16,18,21,22,22,22],"damage_taken":[{"damage":6,"enemies":"Cultist","floor":1,"turns":2},{"damage":17,"enemies":"Jaw Worm","floor":2,"turns":2},{"damage":15,"enemies":"Small Slimes","floor":4,"turns":3},{"damage":9,"enemies":"Looter","floor":5,"turns":3},{"damage":9,"enemies":"3 Sentries","floor":6,"turns":4},{"damage":0,"enemies":"2 Fungi Beasts","floor":7,"turns":2},{"damage":0,"enemies":"Large Slime","floor":14,"turns":4},{"damage":24,"enemies":"Hexaghost","floor":16,"turns":5},{"damage":0,"enemies":"Spheric Guardian","floor":18,"turns":4},{"damage":0,"enemies":"Chosen","floor":19,"turns":3},{"damage":13,"enemies":"Snecko","floor":21,"turns":4},{"damage":36,"enemies":"Slavers","floor":22,"turns":4},{"damage":32,"enemies":"Snake Plant","floor":24,"turns":3},{"damage":33,"enemies":"Gremlin Leader","floor":25,"turns":3}],"seed_played":"3618718455484561711","potions_obtained":[{"floor":7,"key":"CultistPotion"},{"floor":14,"key":"SteroidPotion"},{"floor":16,"key":"SkillPotion"},{"floor":18,"key":"CultistPotion"},{"floor":19,"key":"SkillPotion"},{"floor":21,"key":"ColorlessPotion"}],"is_trial":false,"path_per_floor":["M","M","$","M","M","E","M","R","T","R","?","$","R","M","R","B",null,"M","M","?","M","E","R","M","E"],"character_chosen":"DEFECT","items_purchased":["Rupture","Coolheaded","Conserve Battery","Recycle"],"campfire_rested":2,"item_purchase_floors":[3,3,12,12],"current_hp_per_floor":[69,56,56,44,35,29,29,29,29,53,37,37,37,37,37,13,81,81,81,81,68,38,62,30,0,0],"gold":208,"neow_bonus":"","is_daily":true,"chose_seed":false,"campfire_upgraded":3,"win_rate":0.0,"timestamp":1613793856,"path_taken":["M","M","$","M","M","E","M","R","T","R","?","$","R","M","R","BOSS","M","M","?","M","?","R","M","E"],"items_purchased_type":["Card","Card","Card","Card"],"build_version":"2020-12-22","purchased_purges":0,"victory":false,"max_hp_per_floor":[75,75,75,78,78,81,81,81,81,81,81,81,81,81,81,81,81,81,81,81,81,81,81,81,81,81],"card_choices":[{"not_picked":["Gash","Intimidate"],"picked":"Cold Snap","floor":1},{"not_picked":["Clothesline","Dual Wield"],"picked":"Entrench","floor":2},{"not_picked":["Sword Boomerang","Dark Embrace"],"picked":"Coolheaded","floor":4},{"not_picked":["True Grit","Intimidate"],"picked":"Sword Boomerang","floor":5},{"not_picked":["Dual Wield","Conserve Battery"],"picked":"Biased Cognition","floor":6},{"not_picked":["Loop","Doom and Gloom"],"picked":"Pommel Strike","floor":7},{"not_picked":["Reinforced Body","Heavy Blade"],"picked":"Storm","floor":14},{"not_picked":["Buffer","Double Tap"],"picked":"Juggernaut","floor":16},{"not_picked":["Beam Cell","Seeing Red"],"picked":"Battle Trance+1","floor":18},{"not_picked":["Streamline","Genetic Algorithm","Hemokinesis"],"picked":"SKIP","floor":19},{"not_picked":["Gash","Redo","Anger"],"picked":"SKIP","floor":21},{"not_picked":["Dropkick","Clash"],"picked":"Doom and Gloom","floor":22},{"not_picked":["Consume","Headbutt"],"picked":"Burning Pact","floor":24}],"player_experience":2940386,"relics_obtained":[{"floor":6,"key":"Anchor"},{"floor":9,"key":"Oddly Smooth Stone"},{"floor":22,"key":"Gambling Chip"}],"event_choices":[{"damage_healed":0,"gold_gain":0,"player_choice":"Entered Light","damage_taken":16,"max_hp_gain":0,"max_hp_loss":0,"event_name":"Shining Light","floor":11,"gold_loss":0,"cards_upgraded":["Barricade","Fission"]},{"damage_healed":0,"gold_gain":0,"player_choice":"Ignored","damage_taken":0,"max_hp_gain":0,"max_hp_loss":0,"event_name":"N\u0027loth","floor":20,"gold_loss":0}],"is_beta":false,"boss_relics":[{"not_picked":["Tiny House","Runic Dome"],"picked":"Empty Cage"}],"items_purged_floors":[],"is_endless":false,"potions_floor_spawned":[7,14,16,18,19,21],"killed_by":"Gremlin Leader","ascension_level":0}}