{"host":"lnfs5t5iydkm2lft","time":1613781797,"event":{"mods":["AchievementEnabler","Aspiration","BaseMod","Better Third Choice","BetterRewards","Colored Powertips","Downfall","Hermit","Hubris","Infinite Spire","Marisa????????","Minty Spire (QoL Compilation)","Quick Restart","Reliquary","Replay The Spire","StSLib","The Runesmith","TheBandit","everything is the same but u backflip on backflip"],"gold_per_floor":[113,128,143,113,113,113,113,113],"floor_reached":7,"language":"ENG","playtime":448,"items_purged":[],"score":51,"play_id":"d041964a-f237-4967-bc90-978e6ce39e70","local_time":"20210219184317","is_ascension_mode":true,"campfire_choices":[{"data":"Caltrops","floor":6,"key":"SMITH"}],"circlet_count":0,"master_deck":["Strike_G","Strike_G","Strike_G","Strike_G","Strike_G","Defend_G","Defend_G","Defend_G","Defend_G","Defend_G","Survivor","Neutralize","Caltrops+1","Backflip"],"relics":["Ring of the Snake","Omamori","hubris:Towel"],"acts_visited":["Exordium"],"potions_floor_usage":[7,7],"damage_taken":[{"damage":14,"enemies":"infinitespire:Voidling","floor":1,"turns":7},{"damage":1,"enemies":"Cultist","floor":2,"turns":4},{"damage":1,"enemies":"Small Slimes","floor":3,"turns":4},{"damage":0,"enemies":"Looter","floor":4,"turns":4},{"damage":26,"enemies":"3 Sentries","floor":7,"turns":5}],"seed_played":"-4941661490020945299","potions_obtained":[{"floor":2,"key":"Dexterity Potion"}],"is_trial":false,"path_per_floor":["M","M","M","M","?","R","E"],"character_chosen":"THE_SILENT","items_purchased":["Omamori","PowerPotion","AttackPotion"],"campfire_rested":0,"item_purchase_floors":[0,0,0],"current_hp_per_floor":[56,55,54,54,54,54,28,28],"gold":113,"neow_bonus":"","is_daily":false,"chose_seed":false,"campfire_upgraded":1,"win_rate":0.0,"timestamp":1613781797,"path_taken":["M","?","M","M","?","R","E"],"items_purchased_type":["Relic","Potion","Potion"],"build_version":"2020-12-22","purchased_purges":0,"victory":false,"max_hp_per_floor":[70,70,70,70,70,70,70,70],"card_choices":[{"not_picked":["Sucker Punch","Hidden Blade"],"picked":"Caltrops","floor":1},{"not_picked":["Acrobatics","Setup"],"picked":"Backflip","floor":2},{"not_picked":["Outmaneuver","Sucker Punch","Finisher"],"picked":"SKIP","floor":3},{"not_picked":["Crippling Poison","Sucker Punch","Quick Slash"],"picked":"SKIP","floor":4}],"player_experience":397318,"relics_obtained":[],"event_choices":[],"is_beta":false,"boss_relics":[],"items_purged_floors":[],"is_endless":false,"potions_floor_spawned":[2],"killed_by":"3 Sentries","ascension_level":5}}