{"host":"jpzdg3po3tjxdjri","time":1613779301,"event":{"mods":["BaseMod","Better Third Choice","Colored Map","Colored Powertips","Minty Spire (QoL Compilation)","StSLib"],"gold_per_floor":[110,120,137,137,137,162,35,35,35,35,35,67,87,103,103,198,198,211,223,223,322,7,7,7,35,59,89,101,113,140,0,12,128,140,164,226,185,185,3,3,3],"floor_reached":40,"language":"ENG","playtime":1104,"items_purged":[],"score":456,"play_id":"cfd7e443-840c-467d-b347-6985f7314eaa","local_time":"20210220000141","is_ascension_mode":true,"campfire_choices":[{"data":"Footwork","floor":8,"key":"SMITH"},{"data":"Dagger Spray","floor":11,"key":"SMITH"},{"data":"Cloak And Dagger","floor":15,"key":"SMITH"},{"data":"A Thousand Cuts","floor":23,"key":"SMITH"},{"floor":29,"key":"RECALL"},{"floor":32,"key":"REST"}],"circlet_count":0,"master_deck":["Strike_G+1","Strike_G+1","Strike_G","Defend_G","Defend_G","Defend_G","Defend_G","Defend_G","Survivor","Neutralize","Skewer","Dagger Spray+1","Flying Knee","Footwork+1","Blade Dance","Infinite Blades","PiercingWail","Cloak And Dagger+1","A Thousand Cuts+1","Adrenaline+1","Backflip+1","Phantasmal Killer+1","Caltrops+1","Sucker Punch","Accuracy","Dagger Spray","Dagger Throw","Crippling Poison","Adrenaline","Expertise","Cloak And Dagger","Infinite Blades"],"relics":["Ring of the Snake","NeowsBlessing","StrikeDummy","Du-Vu Doll","Astrolabe","Ornamental Fan","MutagenicStrength","Pantograph","MawBank","Gremlin Horn","Philosopher\u0027s Stone","Calipers","Strawberry"],"acts_visited":["Exordium","TheCity","TheBeyond"],"potions_floor_usage":[12,13,33],"damage_taken":[{"damage":0,"enemies":"Cultist","floor":1,"turns":1},{"damage":0,"enemies":"Small Slimes","floor":2,"turns":1},{"damage":0,"enemies":"Jaw Worm","floor":3,"turns":1},{"damage":26,"enemies":"3 Sentries","floor":6,"turns":9},{"damage":2,"enemies":"Lagavulin","floor":12,"turns":5},{"damage":1,"enemies":"Blue Slaver","floor":13,"turns":4},{"damage":3,"enemies":"Large Slime","floor":14,"turns":4},{"damage":21,"enemies":"Slime Boss","floor":16,"turns":11},{"damage":5,"enemies":"Spheric Guardian","floor":18,"turns":3},{"damage":0,"enemies":"Chosen","floor":19,"turns":4},{"damage":14,"enemies":"Book of Stabbing","floor":25,"turns":5},{"damage":19,"enemies":"Centurion and Healer","floor":27,"turns":5},{"damage":15,"enemies":"Cultist and Chosen","floor":30,"turns":6},{"damage":20,"enemies":"Automaton","floor":33,"turns":10},{"damage":4,"enemies":"Orb Walker","floor":35,"turns":3},{"damage":68,"enemies":"2 Orb Walkers","floor":36,"turns":5},{"damage":21,"enemies":"Nemesis","floor":40,"turns":1}],"seed_played":"-8883140511890414987","potions_obtained":[{"floor":3,"key":"Strength Potion"},{"floor":13,"key":"Fruit Juice"},{"floor":14,"key":"Dexterity Potion"},{"floor":19,"key":"DistilledChaos"},{"floor":27,"key":"Weak Potion"},{"floor":33,"key":"Ancient Potion"}],"is_trial":false,"path_per_floor":["M","M","M","?","?","E","$","R","T","$","R","E","M","M","R","B",null,"M","M","?","?","$","R","?","E","T","M","T","R","M","?","R","B",null,"M","?","$","?","$","E"],"character_chosen":"THE_SILENT","items_purchased":["Footwork","Blade Dance","Accuracy","Ornamental Fan","Cloak And Dagger","Strawberry","Infinite Blades"],"campfire_rested":1,"item_purchase_floors":[7,7,22,22,37,39,39],"current_hp_per_floor":[70,70,70,56,61,35,35,35,35,35,35,33,37,34,34,13,80,75,75,60,60,60,60,60,46,46,27,27,27,12,12,37,42,85,81,13,13,13,20,0,0],"gold":3,"neow_bonus":"THREE_ENEMY_KILL","is_daily":false,"chose_seed":false,"campfire_upgraded":4,"win_rate":0.0,"timestamp":1613779301,"path_taken":["M","?","M","?","?","E","$","R","T","$","R","E","M","M","R","BOSS","M","M","?","?","$","R","?","E","T","?","?","R","M","?","R","BOSS","M","?","$","?","$","E"],"items_purchased_type":["Card","Card","Card","Relic","Card","Relic","Card"],"build_version":"2020-12-22","purchased_purges":0,"victory":false,"max_hp_per_floor":[70,70,70,70,75,75,75,75,75,75,75,75,80,80,80,80,80,80,80,85,85,85,85,85,85,85,85,85,85,85,85,85,85,85,85,85,85,85,92,92,92],"card_choices":[{"not_picked":["Bane","Acrobatics"],"picked":"Skewer","floor":1},{"not_picked":["Dodge and Roll","Accuracy"],"picked":"Riddle With Holes","floor":2},{"not_picked":["Bouncing Flask","Slice"],"picked":"Dagger Spray","floor":3},{"not_picked":["Bane","Slice"],"picked":"Flying Knee","floor":6},{"not_picked":["Flying Knee","Bouncing Flask"],"picked":"Infinite Blades","floor":12},{"not_picked":["Outmaneuver","Deflect"],"picked":"PiercingWail","floor":13},{"not_picked":["Backflip","Flying Knee"],"picked":"Cloak And Dagger","floor":14},{"not_picked":["Adrenaline","Venomology"],"picked":"A Thousand Cuts","floor":16},{"not_picked":["All Out Attack+1","Choke"],"picked":"Caltrops+1","floor":18},{"not_picked":["Infinite Blades+1","Underhanded Strike"],"picked":"Sucker Punch","floor":19},{"not_picked":["Infinite Blades","Venomology"],"picked":"Dagger Spray","floor":25},{"not_picked":["Catalyst+1","Deflect"],"picked":"Dagger Throw","floor":27},{"not_picked":["Dagger Spray+1","Predator+1"],"picked":"Crippling Poison","floor":30},{"not_picked":["Grand Finale","Storm of Steel"],"picked":"Adrenaline","floor":33},{"not_picked":["Concentrate+1","Underhanded Strike","Crippling Poison"],"picked":"SKIP","floor":35},{"not_picked":["Bane+1","Caltrops+1"],"picked":"Expertise","floor":36}],"player_experience":918381,"relics_obtained":[{"floor":6,"key":"StrikeDummy"},{"floor":12,"key":"Du-Vu Doll"},{"floor":25,"key":"Pantograph"},{"floor":26,"key":"MawBank"},{"floor":28,"key":"Gremlin Horn"},{"floor":36,"key":"Calipers"}],"event_choices":[{"damage_healed":70,"gold_gain":0,"player_choice":"Upgrade","damage_taken":14,"max_hp_gain":0,"max_hp_loss":70,"event_name":"betterThird:BetterShining","floor":4,"gold_loss":0,"cards_upgraded":["Strike_G","Strike_G"]},{"damage_healed":0,"gold_gain":0,"player_choice":"Donut","damage_taken":0,"max_hp_gain":5,"max_hp_loss":0,"event_name":"Big Fish","floor":5,"gold_loss":0},{"damage_healed":0,"gold_gain":0,"player_choice":"Shed Blood","damage_taken":20,"max_hp_gain":5,"max_hp_loss":0,"event_name":"Forgotten Altar","floor":20,"gold_loss":0},{"damage_healed":0,"gold_gain":99,"player_choice":"Steal","damage_taken":0,"max_hp_gain":0,"max_hp_loss":0,"event_name":"betterThird:BetterNest","floor":21,"gold_loss":0},{"damage_healed":0,"gold_gain":0,"player_choice":"Inject Mutagens","damage_taken":0,"relics_obtained":["MutagenicStrength"],"max_hp_gain":0,"max_hp_loss":0,"event_name":"Drug Dealer","floor":24,"gold_loss":0},{"damage_healed":0,"gold_gain":0,"player_choice":"Paid Fearfully","damage_taken":0,"max_hp_gain":0,"max_hp_loss":0,"event_name":"Masked Bandits","floor":31,"gold_loss":152},{"damage_healed":0,"gold_gain":0,"player_choice":"Fight","damage_taken":0,"max_hp_gain":0,"max_hp_loss":0,"event_name":"Mysterious Sphere","floor":36,"gold_loss":0},{"damage_healed":0,"gold_gain":0,"player_choice":"Ignored","damage_taken":0,"max_hp_gain":0,"max_hp_loss":0,"event_name":"Tomb of Lord Red Mask","floor":38,"gold_loss":0}],"is_beta":false,"boss_relics":[{"not_picked":["Pandora\u0027s Box","SacredBark"],"picked":"Astrolabe"},{"not_picked":["Calling Bell","Ring of the Serpent"],"picked":"Philosopher\u0027s Stone"}],"items_purged_floors":[],"is_endless":false,"potions_floor_spawned":[3,13,14,19,27,33],"killed_by":"Nemesis","ascension_level":1}}