{"host":"Cenci","time":1613821926,"event":{"mods":["BaseMod","Bestiary","Downfall","Highlight Path","Minty Spire (QoL Compilation)","StSLib"],"gold_per_floor":[99,111,23,42,55,86,86,146,46,75,75,75,24,38,55,155,155,55,65,81,281,310,326,404,404,404,404],"floor_reached":25,"language":"ENG","playtime":973,"items_purged":[],"score":264,"play_id":"0ba4f6e9-4cce-469a-adc7-9340a18c9f25","local_time":"20210220125206","is_ascension_mode":true,"campfire_choices":[{"data":"bronze:Replicate","floor":1.0,"key":"SMITH"},{"floor":9.0,"key":"RECALL"},{"data":"bronze:FindAndReplace","floor":12.0,"key":"SMITH"},{"data":"bronze:FindAndReplace","floor":18.0,"key":"SMITH"}],"circlet_count":0,"master_deck":["bronze:Strike","bronze:Strike","bronze:Strike","bronze:Strike","bronze:Defend","bronze:Defend","bronze:Defend","bronze:Defend","bronze:Replicate+1","bronze:Goto","Clumsy","bronze:InfiniteBeams","bronze:InfiniteBeams","bronze:Backtrace","bronze:Library","bronze:FindAndReplace+1","bronze:DelayedSlice+1","bronze:GetLatest","bronze:FindAndReplace+1","bronze:DelayedGuard","bronze:GetLatest","downfall:Haunted","bronze:Library"],"relics":["bronze:BronzeCore","hexamod:Sixitude","The Courier","MealTicket","downfall:HeartBlessingBlue","Molten Egg 2","Sozu","downfall:HeartBlessingRed","Red Mask","StrikeDummy"],"acts_visited":["Exordium","TheCity"],"potions_floor_usage":[23],"damage_taken":[{"damage":6.0,"enemies":"2 Louse","floor":2.0,"turns":4.0},{"damage":0.0,"enemies":"downfall:FleeingMerchant","floor":3.0,"turns":4.0},{"damage":2.0,"enemies":"Jaw Worm","floor":4.0,"turns":3.0},{"damage":1.0,"enemies":"Cultist","floor":5.0,"turns":3.0},{"damage":15.0,"enemies":"3 Sentries","floor":6.0,"turns":5.0},{"damage":23.0,"enemies":"Gremlin Nob","floor":8.0,"turns":4.0},{"damage":25.0,"enemies":"Lagavulin","floor":10.0,"turns":5.0},{"damage":7.0,"enemies":"downfall:FleeingMerchant","floor":13.0,"turns":4.0},{"damage":1.0,"enemies":"Exordium Wildlife","floor":14.0,"turns":3.0},{"damage":0.0,"enemies":"Large Slime","floor":15.0,"turns":2.0},{"damage":24.0,"enemies":"SI_SHIV_ARCHETYPE","floor":16.0,"turns":4.0},{"damage":19.0,"enemies":"3 Byrds","floor":19.0,"turns":3.0},{"damage":11.0,"enemies":"Spheric Guardian","floor":20.0,"turns":3.0},{"damage":7.0,"enemies":"Masked Bandits","floor":22.0,"turns":2.0},{"damage":21,"enemies":"Shelled Parasite and Fungi","floor":23,"turns":4},{"damage":6,"enemies":"Snake Plant","floor":25,"turns":1}],"seed_played":"-4690091324836259472","potions_obtained":[{"floor":5.0,"key":"SmokeBomb"},{"floor":6.0,"key":"FairyPotion"},{"floor":8.0,"key":"Dexterity Potion"},{"floor":11.0,"key":"Dexterity Potion"},{"floor":16.0,"key":"sneckomod:MuddlingPotion"}],"is_trial":false,"path_per_floor":["R","M","$","M","M","E","T","?","R","E","?","R","$","M","M","B",null,"R","M","M","?","?","M","T","M"],"character_chosen":"THE_AUTOMATON","items_purchased":["bronze:InfiniteBeams","bronze:DelayedSlice+1"],"campfire_rested":0,"item_purchase_floors":[3,13],"current_hp_per_floor":[70,64,64,62,61,46,46,23,33,8,8,8,16,15,15,16,64,64,45,34,34,27,6,6,0,0,0],"gold":404,"neow_bonus":"ONE_RARE_RELIC","is_daily":false,"chose_seed":false,"campfire_upgraded":3,"win_rate":0.0,"timestamp":1613821926,"path_taken":["R","M","$","M","M","E","T","?","R","E","?","R","$","M","M","BOSS","R","M","M","?","?","M","T","M"],"items_purchased_type":["Card","Card"],"build_version":"2020-11-17","purchased_purges":0,"victory":false,"max_hp_per_floor":[70,70,70,70,70,70,70,70,80,80,80,80,80,80,80,80,80,80,80,80,80,80,80,80,80,80,80],"card_choices":[{"not_picked":["bronze:ForLoop","bronze:ItsAFeature","bronze:WhirlingStrike"],"picked":"SKIP","floor":2.0},{"not_picked":["bronze:DelayedGuard","bronze:Turbo"],"picked":"bronze:InfiniteBeams","floor":3.0},{"not_picked":["bronze:OilSpill","bronze:FineTuning","bronze:Safeguard"],"picked":"SKIP","floor":4.0},{"not_picked":["bronze:Deprecate","bronze:ItsAFeature"],"picked":"bronze:Backtrace","floor":5.0},{"not_picked":["bronze:Deprecate","bronze:Philosophize"],"picked":"bronze:Library","floor":6.0},{"not_picked":["bronze:Turbo","bronze:CutThrough+1"],"picked":"bronze:FindAndReplace","floor":10.0},{"not_picked":["bronze:DelayedGuard","bronze:Iterate+1","bronze:Shield"],"picked":"SKIP","floor":13.0},{"not_picked":["bronze:Branch+1","bronze:Deprecate"],"picked":"bronze:GetLatest","floor":14.0},{"not_picked":["bronze:Invalidate","bronze:Overheat+1","bronze:BronzeArmor"],"picked":"SKIP","floor":15.0},{"not_picked":["bronze:Virus+1","bronze:ShipIt+1"],"picked":"bronze:FindAndReplace","floor":16.0},{"not_picked":["bronze:Separator+1","bronze:Shield"],"picked":"bronze:DelayedGuard","floor":19.0},{"not_picked":["bronze:Flail+1","bronze:Turbo"],"picked":"bronze:GetLatest","floor":20.0},{"not_picked":["bronze:GetLatest+1","bronze:ForLoop"],"picked":"bronze:Library","floor":23}],"player_experience":379852,"relics_obtained":[{"floor":6.0,"key":"The Courier"},{"floor":10.0,"key":"Molten Egg 2"},{"floor":22.0,"key":"Red Mask"},{"floor":24,"key":"StrikeDummy"}],"event_choices":[{"damage_healed":0.0,"max_hp_gain":0.0,"max_hp_loss":0.0,"gold_gain":0.0,"event_name":"Lab","player_choice":"Got Potions","floor":11.0,"gold_loss":0.0,"damage_taken":0.0},{"damage_healed":0.0,"max_hp_gain":0.0,"max_hp_loss":0.0,"gold_gain":0.0,"event_name":"Masked Bandits","player_choice":"Fought Bandits","floor":22.0,"gold_loss":0.0,"damage_taken":0.0}],"is_beta":true,"boss_relics":[{"not_picked":["Velvet Choker","Fusion Hammer"],"picked":"Sozu"}],"items_purged_floors":[],"is_endless":false,"potions_floor_spawned":[5,6,8,14,15,16,19,20,22],"killed_by":"Snake Plant","ascension_level":5}}