{"host":"eawh33iyj6swubhn","time":1613791479,"event":{"mods":["Act Like it!","Arknights","BaseMod","Best Route Mod","Better Third Choice","CapriCore","Downfall","GifTheSpireLib","HololiveMod","Mari Mod (Legacy)","Mari\u0027s V1 Patch","Minty Spire (QoL Compilation)","Permanent Neow","Reliquary","Replay The Spire","StSLib","Stuff the Spire","The Bladedancer","The Immortal","egg"],"gold_per_floor":[111,39,39,39,57,90,90,110,133,133,149,149,181,181,181,277,277,297,314,514,529,454,454,454,454,454,481,143,163,183,183,183,183,183],"floor_reached":33,"language":"ENG","playtime":2400,"items_purged":[],"score":273,"play_id":"d8ac0056-3419-4d11-8ae0-6a727071dbd2","local_time":"20210220002439","is_ascension_mode":false,"campfire_choices":[{"floor":7.0,"key":"REST"},{"floor":10.0,"key":"REST"},{"floor":15.0,"key":"RECALL"},{"floor":23,"key":"REST"},{"floor":25,"key":"REST"},{"floor":32,"key":"REST"}],"circlet_count":0,"master_deck":["ats:Strike C+1","ats:Strike G+1","ats:Strike S+1","ats:Strike V+1","ats:Armor Crushing Shot+1","ats:Defend+1","ats:Defend+1","ats:Defend+1","ats:Defend+1","ats:Emotion Absorption","ats:Apocalypse","ats:Thermite Blade","ats:Sword Rain+1","ats:Charging Defense","ats:Hammer On","ats:Dogmatic Field","ats:Roar Of Ursus","ats:Blood Oath","ats:Serious Mode","ats:Shell Defense","ats:Powerful Strike","ats:Defend Order","ats:Disruption Kick","ats:Fractured Body","ats:Assault Order+1"],"relics":["ats:Sanity","Ancient Tea Set","ats:Originium","StuffTheSpire:Mouthbags","Whetstone","reliquary:PartyBalloon","Garlic","reliquary:RedCape","Blood Vial","Girya","ats:Arts"],"acts_visited":["Exordium","TheCity"],"potions_floor_usage":[21,27,29,29],"damage_taken":[{"damage":5.0,"enemies":"Cultist","floor":1.0,"turns":4.0},{"damage":5.0,"enemies":"Jaw Worm","floor":5.0,"turns":5.0},{"damage":70.0,"enemies":"Lagavulin","floor":6.0,"turns":8.0},{"damage":5.0,"enemies":"Small Slimes","floor":8.0,"turns":3.0},{"damage":5.0,"enemies":"Looter","floor":11.0,"turns":3.0},{"damage":15.0,"enemies":"Gremlin Nob","floor":13.0,"turns":5.0},{"damage":75.0,"enemies":"The Guardian","floor":16.0,"turns":12.0},{"damage":16,"enemies":"Chosen","floor":18,"turns":6},{"damage":13,"enemies":"Spheric Guardian","floor":19,"turns":4},{"damage":43,"enemies":"Chosen and Byrds","floor":21,"turns":7},{"damage":46,"enemies":"Slavers","floor":27,"turns":6},{"damage":26,"enemies":"3 Cultists","floor":29,"turns":5},{"damage":29,"enemies":"Snecko","floor":30,"turns":5},{"damage":42,"enemies":"Champ","floor":33,"turns":7}],"seed_played":"-8490981469555390577","potions_obtained":[{"floor":8.0,"key":"Regen Potion"},{"floor":11.0,"key":"AttackPotion"},{"floor":16.0,"key":"ColorlessPotion"},{"floor":19,"key":"CultistPotion"},{"floor":21,"key":"AttackPotion"},{"floor":29,"key":"Doom Potion"}],"is_trial":false,"path_per_floor":["M","$","T","?","M","E","R","M","T","R","M","?","E","T","R","B",null,"M","M","?","M","?","R","?","R","T","E","$","M","M","?","R","B"],"character_chosen":"DOCTOR_CLASS","items_purchased":["ats:Thermite Blade","ats:Arts","ats:Disruption Kick","Fire Potion"],"campfire_rested":5,"item_purchase_floors":[2,28,28,28],"current_hp_per_floor":[74,74,74,74,77,19,42,41,41,64,62,62,63,63,63,15,79,63,59,59,33,33,56,56,79,79,40,40,21,1,1,24,0,0],"gold":183,"neow_bonus":"TEN_PERCENT_HP_BONUS","is_daily":false,"chose_seed":false,"campfire_upgraded":0,"win_rate":0.0,"timestamp":1613791479,"path_taken":["M","$","?","?","M","E","R","M","T","R","M","?","E","?","R","BOSS","M","M","?","?","?","R","?","R","T","E","$","?","M","?","R","BOSS"],"items_purchased_type":["Card","Relic","Card","Potion"],"build_version":"2020-12-13","purchased_purges":0,"victory":false,"max_hp_per_floor":[79,79,79,79,79,79,79,79,79,79,79,79,79,79,79,79,79,79,79,79,79,79,79,79,79,79,79,79,79,79,79,79,79,79],"card_choices":[{"not_picked":["ats:Curse Doll","ats:Cat Scratch"],"picked":"ats:Apocalypse","floor":1.0},{"not_picked":["ats:Leaping Hammer","ats:Durian"],"picked":"ats:Blood Oath","floor":5.0},{"not_picked":["ats:Cat Scratch","ats:Curse Doll"],"picked":"ats:Sword Rain","floor":6.0},{"not_picked":["ats:Blood Oath","ats:Absolute Focus"],"picked":"ats:Charging Defense","floor":8.0},{"not_picked":["ats:Absolute Focus","ats:Flame Of Heaven"],"picked":"ats:Hammer On","floor":11.0},{"not_picked":["ats:Consecutive Shot Auto","ats:Sunburst"],"picked":"ats:Dogmatic Field","floor":13.0},{"not_picked":["ats:Soul Rend","ats:Durian"],"picked":"ats:Roar Of Ursus","floor":16.0},{"not_picked":["ats:Spore Proliferation","ats:Flexible Camouflage"],"picked":"ats:Serious Mode","floor":18},{"not_picked":["ats:Consecutive Shot Auto","ats:Ignite+1"],"picked":"ats:Shell Defense","floor":19},{"not_picked":["ats:Consecutive Shot Auto","ats:Guardian Obelisk"],"picked":"ats:Powerful Strike","floor":21},{"not_picked":["ats:Spore Proliferation","ats:Blood Oath"],"picked":"ats:Defend Order","floor":27},{"not_picked":["ats:Closed Bolt Burst Fire","ats:Poison Spread"],"picked":"ats:Fractured Body","floor":29},{"not_picked":["ats:Overload","ats:Hammer On"],"picked":"ats:Assault Order+1","floor":30}],"player_experience":45627,"relics_obtained":[{"floor":6.0,"key":"ats:Originium"},{"floor":6.0,"key":"StuffTheSpire:Mouthbags"},{"floor":9.0,"key":"Whetstone"},{"floor":13.0,"key":"ats:Originium"},{"floor":13.0,"key":"reliquary:PartyBalloon"},{"floor":14.0,"key":"Garlic"},{"floor":26,"key":"Blood Vial"},{"floor":27,"key":"ats:Originium"},{"floor":27,"key":"Girya"}],"event_choices":[{"damage_healed":0,"gold_gain":250,"player_choice":"Bet on Owner","damage_taken":0,"max_hp_gain":0,"max_hp_loss":0,"event_name":"The Joust","floor":20,"gold_loss":50},{"cards_removed":["StuffTheSpire:CuriosityCurse"],"damage_healed":0,"gold_gain":0,"player_choice":"Gave Gold","damage_taken":0,"max_hp_gain":0,"max_hp_loss":0,"event_name":"Beggar","floor":22,"gold_loss":75},{"damage_healed":0,"gold_gain":0,"player_choice":"0 cards matched","damage_taken":0,"max_hp_gain":0,"max_hp_loss":0,"event_name":"Match and Keep!","floor":24,"gold_loss":0,"cards_obtained":[]},{"damage_healed":0,"gold_gain":0,"player_choice":"Simplicity","damage_taken":0,"max_hp_gain":0,"max_hp_loss":7,"event_name":"betterThird:BetterWriting","floor":31,"gold_loss":0}],"is_beta":false,"boss_relics":[{"not_picked":["Ectoplasm","Replay:Drink Me"],"picked":"reliquary:RedCape"}],"items_purged_floors":[],"is_endless":false,"potions_floor_spawned":[8,11,16,19,21,29],"killed_by":"Champ","ascension_level":0}}