{"host":"m1hrbr0uwda4cktq","time":1613840010,"event":{"mods":["BaseMod","BetterRewards","Colored Map","Colored Powertips","Highlight Path","Minty Spire (QoL Compilation)","Shop Mod","SuperFastMode"],"gold_per_floor":[109,121,141,153,10,38,38,64,64,64,24,35,47,60,60,160,160,178,178,191,204,218,252,252,279,324,359,373,398,409,441,441,538,538,551,551,561,561,581,581,613,623,650,681,681,681,691,127,127,127,127,127,34,34,34],"floor_reached":54,"language":"ENG","playtime":4812,"items_purged":[],"score":1110,"play_id":"7e3bef79-cc49-411d-b6be-157b563f2237","local_time":"20210220135330","is_ascension_mode":true,"campfire_choices":[{"data":"Sweeping Beam","floor":10.0,"key":"SMITH"},{"data":"Lockon","floor":15.0,"key":"SMITH"},{"data":"Zap","floor":24.0,"key":"SMITH"},{"data":"Dualcast","floor":32.0,"key":"SMITH"},{"floor":40.0,"key":"RECALL"},{"floor":45.0,"key":"REST"},{"floor":49.0,"key":"REST"},{"data":"Panacea","floor":52.0,"key":"SMITH"}],"circlet_count":0,"master_deck":["Strike_B","Strike_B","Defend_B+1","Defend_B","Defend_B+1","Zap+1","Dualcast+1","Cold Snap","Force Field+1","BootSequence+1","Go for the Eyes+1","Darkness","Compile Driver","Glacier","Creative AI+1","Sweeping Beam+1","Self Repair+1","Lockon+1","Chill","Electrodynamics+1","Steam","Ball Lightning","Steam","Static Discharge+1","Steam","Gash","Barrage","Hologram","FTL","Doom and Gloom","Panacea+1","Capacitor+1","Static Discharge+1","Conserve Battery+1","Hologram","Loop+1"],"relics":["Cracked Core","MerchantsRug","War Paint","Potion Belt","Ornamental Fan","Runic Pyramid","Gambling Chip","StoneCalendar","Happy Flower","Bottled Tornado","Ice Cream","Mango","Orichalcum","Incense Burner","OrangePellets","Kunai"],"acts_visited":["Exordium","TheCity","TheBeyond","TheEnding"],"potions_floor_usage":[54,54,54,54],"damage_taken":[{"damage":0.0,"enemies":"Cultist","floor":1.0,"turns":3.0},{"damage":0.0,"enemies":"Small Slimes","floor":2.0,"turns":3.0},{"damage":0.0,"enemies":"Jaw Worm","floor":3.0,"turns":3.0},{"damage":0.0,"enemies":"3 Louse","floor":4.0,"turns":5.0},{"damage":5.0,"enemies":"Lagavulin","floor":6.0,"turns":6.0},{"damage":29.0,"enemies":"3 Sentries","floor":8.0,"turns":10.0},{"damage":8.0,"enemies":"Looter","floor":12.0,"turns":3.0},{"damage":0.0,"enemies":"2 Fungi Beasts","floor":13.0,"turns":3.0},{"damage":11.0,"enemies":"Large Slime","floor":14.0,"turns":4.0},{"damage":20.0,"enemies":"Slime Boss","floor":16.0,"turns":6.0},{"damage":19.0,"enemies":"3 Byrds","floor":18.0,"turns":3.0},{"damage":14.0,"enemies":"2 Thieves","floor":20.0,"turns":4.0},{"damage":5.0,"enemies":"Snake Plant","floor":21.0,"turns":4.0},{"damage":0.0,"enemies":"Centurion and Healer","floor":22.0,"turns":5.0},{"damage":12.0,"enemies":"Gremlin Leader","floor":23.0,"turns":4.0},{"damage":13.0,"enemies":"Slavers","floor":25.0,"turns":3.0},{"damage":1.0,"enemies":"Gremlin Leader","floor":27.0,"turns":5.0},{"damage":0.0,"enemies":"Snecko","floor":28.0,"turns":4.0},{"damage":4.0,"enemies":"Book of Stabbing","floor":29.0,"turns":4.0},{"damage":0.0,"enemies":"Snake Plant","floor":30.0,"turns":2.0},{"damage":19.0,"enemies":"Slavers","floor":31.0,"turns":3.0},{"damage":20.0,"enemies":"Automaton","floor":33.0,"turns":10.0},{"damage":0.0,"enemies":"Orb Walker","floor":35.0,"turns":4.0},{"damage":0.0,"enemies":"3 Shapes","floor":37.0,"turns":2.0},{"damage":8.0,"enemies":"3 Darklings","floor":39.0,"turns":5.0},{"damage":51.0,"enemies":"Giant Head","floor":41.0,"turns":8.0},{"damage":37.0,"enemies":"Writhing Mass","floor":42.0,"turns":4.0},{"damage":11.0,"enemies":"Nemesis","floor":44.0,"turns":5.0},{"damage":27.0,"enemies":"Spire Growth","floor":47.0,"turns":6.0},{"damage":37.0,"enemies":"Time Eater","floor":50.0,"turns":11.0},{"damage":120,"enemies":"Shield and Spear","floor":54,"turns":6}],"seed_played":"-3540175276215534729","potions_obtained":[{"floor":2.0,"key":"PowerPotion"},{"floor":3.0,"key":"FearPotion"},{"floor":4.0,"key":"PowerPotion"},{"floor":13.0,"key":"FocusPotion"},{"floor":14.0,"key":"EssenceOfSteel"},{"floor":16.0,"key":"PowerPotion"},{"floor":18.0,"key":"Fruit Juice"},{"floor":25.0,"key":"LiquidMemories"},{"floor":27.0,"key":"Fire Potion"},{"floor":31.0,"key":"Swift Potion"},{"floor":42.0,"key":"FearPotion"}],"is_trial":false,"path_per_floor":["M","M","M","M","$","E","$","E","T","R","$","M","M","M","R","B",null,"M","$","M","M","M","E","R","E","T","E","M","E","M","E","R","B",null,"M","?","M","?","M","R","E","M","T","E","R","?","M","$","R","B",null,"R","$","E"],"character_chosen":"DEFECT","items_purchased":["Calipers","Cold Snap","War Paint","Self Repair+1","Loop+1","Incense Burner","OrangePellets","PowerPotion","LiquidBronze","Kunai"],"campfire_rested":2,"item_purchase_floors":[0,0,5,11,48,48,48,48,53,53],"current_hp_per_floor":[75,75,75,75,75,70,70,41,41,41,41,43,53,52,52,32,75,71,71,67,72,80,68,68,55,55,64,64,70,70,61,61,41,80,80,80,80,80,80,80,53,16,16,15,43,43,26,26,54,27,94,94,94,0,0],"gold":34,"neow_bonus":"","is_daily":false,"chose_seed":false,"campfire_upgraded":5,"win_rate":0.0,"timestamp":1613840010,"path_taken":["M","M","M","M","?","E","$","E","T","R","$","M","M","M","R","BOSS","M","$","M","M","M","E","R","E","T","E","M","E","M","E","R","BOSS","M","?","M","?","M","R","E","M","T","E","R","?","M","$","R","BOSS","R","$","E"],"items_purchased_type":["Relic","Card","Relic","Card","Card","Relic","Relic","Potion","Potion","Relic"],"build_version":"2020-12-22","purchased_purges":0,"victory":false,"max_hp_per_floor":[75,75,75,75,75,75,75,75,75,75,75,75,75,75,75,75,75,80,80,80,80,80,80,80,80,80,80,80,80,80,80,80,80,80,80,80,80,80,80,80,94,94,94,94,94,94,94,94,94,94,94,94,94,94,94],"card_choices":[{"not_picked":["Beam Cell","Streamline","Chaos"],"picked":"SKIP","floor":1.0},{"not_picked":["Auto Shields","Turbo"],"picked":"Darkness","floor":2.0},{"not_picked":["Rip and Tear","Skim"],"picked":"Compile Driver","floor":3.0},{"not_picked":["Turbo","Go for the Eyes"],"picked":"Glacier","floor":4.0},{"not_picked":["Double Energy","Sunder"],"picked":"Creative AI+1","floor":6.0},{"not_picked":["Melter","Sunder"],"picked":"Sweeping Beam","floor":8.0},{"not_picked":["Sweeping Beam","Coolheaded"],"picked":"Lockon","floor":12.0},{"not_picked":["Self Repair+1","Auto Shields"],"picked":"Ball Lightning","floor":13.0},{"not_picked":["Lockon","Streamline"],"picked":"Chill","floor":14.0},{"not_picked":["Biased Cognition+1","Machine Learning+1"],"picked":"Electrodynamics+1","floor":16.0},{"not_picked":["Sweeping Beam","FTL"],"picked":"Steam","floor":18.0},{"not_picked":["Skim","Reinforced Body"],"picked":"Ball Lightning","floor":20.0},{"not_picked":["Coolheaded","Sweeping Beam"],"picked":"Steam","floor":21.0},{"not_picked":["Tempest","Scrape"],"picked":"Static Discharge+1","floor":22.0},{"not_picked":["Redo","Stack"],"picked":"Steam","floor":23.0},{"not_picked":["Beam Cell+1","Sunder","Compile Driver"],"picked":"SKIP","floor":25.0},{"not_picked":["Glacier","Compile Driver"],"picked":"Gash","floor":27.0},{"not_picked":["Genetic Algorithm","Beam Cell"],"picked":"Barrage","floor":28.0},{"not_picked":["Turbo","Streamline","Stack"],"picked":"SKIP","floor":29.0},{"not_picked":["All For One","Gash"],"picked":"Hologram","floor":30.0},{"not_picked":["Sweeping Beam","Coolheaded","Turbo"],"picked":"SKIP","floor":31.0},{"not_picked":["Conserve Battery","Ball Lightning+1"],"picked":"FTL","floor":35.0},{"not_picked":["Fusion+1","Barrage"],"picked":"Doom and Gloom","floor":37.0},{"not_picked":["Mind Blast","PanicButton"],"picked":"Panacea","floor":38.0},{"not_picked":["Coolheaded","Tempest","Sweeping Beam+1"],"picked":"SKIP","floor":39.0},{"not_picked":["Aggregate","Sweeping Beam"],"picked":"Capacitor+1","floor":41.0},{"not_picked":["Stack+1","Gash"],"picked":"Static Discharge+1","floor":42.0},{"not_picked":["Stack+1","Turbo+1"],"picked":"Conserve Battery+1","floor":44.0},{"not_picked":["Turbo","Core Surge"],"picked":"Hologram","floor":47.0}],"player_experience":117154,"relics_obtained":[{"floor":6.0,"key":"Frozen Egg 2"},{"floor":8.0,"key":"Potion Belt"},{"floor":9.0,"key":"Ornamental Fan"},{"floor":23.0,"key":"Gambling Chip"},{"floor":25.0,"key":"StoneCalendar"},{"floor":26.0,"key":"Happy Flower"},{"floor":27.0,"key":"Bottled Tornado"},{"floor":29.0,"key":"Ice Cream"},{"floor":31.0,"key":"Tiny Chest"},{"floor":41.0,"key":"Mango"},{"floor":44.0,"key":"Orichalcum"}],"event_choices":[{"damage_healed":0.0,"max_hp_gain":0.0,"max_hp_loss":0.0,"gold_gain":0.0,"event_name":"Tomb of Lord Red Mask","player_choice":"Ignored","floor":36.0,"gold_loss":0.0,"damage_taken":0.0},{"damage_healed":0.0,"max_hp_gain":0.0,"max_hp_loss":0.0,"gold_gain":0.0,"event_name":"SensoryStone","player_choice":"Memory 1","floor":38.0,"gold_loss":0.0,"damage_taken":0.0},{"cards_removed":["Ball Lightning"],"damage_healed":0.0,"max_hp_gain":0.0,"max_hp_loss":0.0,"gold_gain":0.0,"event_name":"Falling","player_choice":"Removed Attack","floor":46.0,"gold_loss":0.0,"damage_taken":0.0}],"is_beta":false,"boss_relics":[{"not_picked":["Velvet Choker","Runic Dome"],"picked":"Runic Pyramid"},{"not_picked":["Cursed Key","Snecko Eye","FrozenCore"]}],"items_purged_floors":[],"is_endless":false,"potions_floor_spawned":[2,3,4,13,14,16,18,25,27,29,31,37,41,42],"killed_by":"Shield and Spear","ascension_level":1}}