{"host":"tm8iu37e08ep7d0e","time":1613797381,"event":{"mods":["2.2 Compatiblity","AchievementEnabler","Aspiration","BaseMod","Best Route Mod","Better Match","Better Third Choice","BetterRewards","CCEM2","ChefMod","Colored Map","Gold Saver","Googly Eyes","Hermit","Ironclad Rager","Minty Spire (QoL Compilation)","Permanent Neow","Quick Restart","Shop Mod","StSLib","The Druid","The Hierophant","The Marked","The Necromancer","The Servant 0.9.4","TheWitcher"],"gold_per_floor":[141,141,141,161,131,160,160,191,191,191,201,211,211,126,126,203,203,219,219,19,19,35,35,47,47,70,70,90,100,100,128,128,128,128],"floor_reached":33,"language":"ENG","playtime":1302,"items_purged":[],"score":532,"play_id":"902453d5-b22d-4998-b5d2-7ad1571841e3","local_time":"20210219220301","is_ascension_mode":true,"campfire_choices":[{"floor":7,"key":"REST"},{"floor":10,"key":"REST"},{"floor":13,"key":"REST"},{"data":"Noxious Fumes","floor":15,"key":"SMITH"},{"data":"Apotheosis","floor":23,"key":"SMITH"},{"data":"After Image","floor":30,"key":"SMITH"},{"floor":32,"key":"REST"}],"circlet_count":0,"master_deck":["AscendersBane","Strike_G","Strike_G","Strike_G","Strike_G","Strike_G","Defend_G","Defend_G","Defend_G","Defend_G","Defend_G","Survivor","Neutralize","Infinite Blades+1","Noxious Fumes+1","Crippling Poison","Caltrops","Deflect","Skewer","Accuracy","After Image+1","Outmaneuver","Apotheosis+1","Deflect","Terror","Blur","Cloak And Dagger+1"],"relics":["Ring of the Snake","Ancient Tea Set","CCEMRelics:FakeTeeth","MealTicket","Dream Catcher","Sozu","Smiling Mask","Ginger"],"acts_visited":["Exordium","TheCity"],"potions_floor_usage":[6],"damage_taken":[{"damage":0,"enemies":"2 Louse","floor":1,"turns":4},{"damage":6,"enemies":"Cultist","floor":4,"turns":4},{"damage":26,"enemies":"Gremlin Nob","floor":6,"turns":4},{"damage":24,"enemies":"3 Sentries","floor":8,"turns":12},{"damage":4,"enemies":"Jaw Worm","floor":11,"turns":4},{"damage":14,"enemies":"Exordium Thugs","floor":12,"turns":5},{"damage":45,"enemies":"The Guardian","floor":16,"turns":10},{"damage":14,"enemies":"Shell Parasite","floor":18,"turns":6},{"damage":15,"enemies":"Chosen","floor":22,"turns":7},{"damage":0,"enemies":"Centurion and Healer","floor":24,"turns":7},{"damage":4,"enemies":"Snecko","floor":28,"turns":6},{"damage":15,"enemies":"Cultist and Chosen","floor":29,"turns":5},{"damage":40,"enemies":"Slavers","floor":31,"turns":7},{"damage":40,"enemies":"Champ","floor":33,"turns":11}],"seed_played":"1963234660284822182","potions_obtained":[{"floor":5,"key":"Ancient Potion"},{"floor":5,"key":"FearPotion"},{"floor":6,"key":"Poison Potion"}],"is_trial":false,"path_per_floor":["M","$","?","M","?","E","R","E","T","R","M","M","R","$","R","B",null,"M","?","$","$","M","R","M","$","T","$","M","M","R","E","R","B"],"character_chosen":"THE_SILENT","items_purchased":["Accuracy","Apotheosis"],"campfire_rested":4,"item_purchase_floors":[14,20],"current_hp_per_floor":[59,59,59,53,53,27,46,22,22,41,37,23,42,57,57,12,53,39,52,66,66,51,51,51,66,66,66,62,47,47,7,26,0,0],"gold":128,"neow_bonus":"RANDOM_COMMON_RELIC","is_daily":false,"chose_seed":false,"campfire_upgraded":3,"win_rate":0.0,"timestamp":1613797381,"path_taken":["M","$","?","?","?","E","R","E","T","R","M","M","R","$","R","BOSS","M","?","?","$","M","R","M","$","T","$","M","M","R","E","R","BOSS"],"items_purchased_type":["Card","Card"],"build_version":"2020-12-22","purchased_purges":0,"victory":false,"max_hp_per_floor":[66,66,66,66,66,66,66,66,66,66,66,66,66,66,66,66,66,66,66,66,66,66,66,66,66,66,66,66,66,66,66,66,66,66],"card_choices":[{"not_picked":["Backflip","Eviscerate"],"picked":"Infinite Blades","floor":1},{"not_picked":["Heel Hook","Quick Slash","Underhanded Strike"],"picked":"SKIP","floor":4},{"not_picked":["Bouncing Flask","Deadly Poison","PiercingWail"],"picked":"SKIP","floor":6},{"not_picked":["Eviscerate","Heel Hook"],"picked":"Noxious Fumes","floor":8},{"not_picked":["Backflip","Riddle With Holes"],"picked":"Crippling Poison","floor":10},{"not_picked":["Cloak And Dagger","Riddle With Holes"],"picked":"Caltrops","floor":11},{"not_picked":["Bouncing Flask","Deadly Poison"],"picked":"Deflect","floor":12},{"not_picked":["Choke","Endless Agony"],"picked":"Skewer","floor":13},{"not_picked":["Tools of the Trade","Glass Knife"],"picked":"After Image","floor":16},{"not_picked":["PiercingWail+1","Slice"],"picked":"Outmaneuver","floor":18},{"not_picked":["Crippling Poison","Concentrate","Endless Agony"],"picked":"SKIP","floor":22},{"not_picked":["Dagger Throw","Slice+1"],"picked":"Deflect","floor":24},{"not_picked":["Prepared","Dodge and Roll"],"picked":"Terror","floor":28},{"not_picked":["Heel Hook","Choke","Terror"],"picked":"SKIP","floor":29},{"not_picked":["Dagger Spray","Deadly Poison"],"picked":"Blur","floor":31},{"not_picked":["All Out Attack","Prepared"],"picked":"Cloak And Dagger+1","floor":32}],"player_experience":1282975,"relics_obtained":[{"floor":6,"key":"CCEMRelics:FakeTeeth"},{"floor":8,"key":"MealTicket"},{"floor":9,"key":"Dream Catcher"},{"floor":26,"key":"Smiling Mask"},{"floor":31,"key":"Ginger"}],"event_choices":[{"damage_healed":0,"gold_gain":0,"player_choice":"Upgraded","damage_taken":0,"max_hp_gain":0,"max_hp_loss":0,"event_name":"Upgrade Shrine","floor":3,"gold_loss":0,"cards_upgraded":["Infinite Blades"]},{"damage_healed":0,"gold_gain":0,"player_choice":"Bought 2 Potions","damage_taken":0,"max_hp_gain":0,"max_hp_loss":0,"event_name":"The Woman in Blue","floor":5,"gold_loss":0},{"damage_healed":13,"gold_gain":0,"player_choice":"Heal","damage_taken":0,"max_hp_gain":0,"max_hp_loss":0,"event_name":"The Library","floor":19,"gold_loss":0}],"is_beta":false,"boss_relics":[{"not_picked":["CCEMRelics:ExpiredCReal","CCEMRelics:TransientCore"],"picked":"Sozu"}],"items_purged_floors":[],"is_endless":false,"potions_floor_spawned":[6,12,22,28,29],"killed_by":"Champ","ascension_level":19}}