{"host":"rantoq7h0pygex6x","time":1613804398,"event":{"mods":["AchievementEnabler","BaseMod","BetterRewards","Minty Spire (QoL Compilation)","SuperFastMode"],"gold_per_floor":[34,54,69,82,7,7,7,7,7],"floor_reached":8,"language":"ENG","playtime":160,"items_purged":["Strike_R"],"score":96,"play_id":"1acc003e-39cd-4beb-8c25-cf4e54434bb0","local_time":"20210220145958","is_ascension_mode":true,"campfire_choices":[{"data":"Armaments","floor":6.0,"key":"SMITH"}],"circlet_count":0,"master_deck":["AscendersBane","Strike_R","Strike_R","Strike_R","Defend_R","Defend_R","Defend_R","Defend_R","Bash","Metallicize","Shrug It Off","Good Instincts","Infernal Blade","Flash of Steel","Armaments+1","Heavy Blade","Rage","Reckless Charge"],"relics":["Burning Blood","Kunai","MealTicket","Omamori","Golden Idol"],"acts_visited":["Exordium"],"potions_floor_usage":[8],"damage_taken":[{"damage":1.0,"enemies":"Cultist","floor":1.0,"turns":4.0},{"damage":7.0,"enemies":"Small Slimes","floor":2.0,"turns":4.0},{"damage":0.0,"enemies":"2 Louse","floor":3.0,"turns":3.0},{"damage":6.0,"enemies":"2 Fungi Beasts","floor":4.0,"turns":4.0},{"damage":41,"enemies":"Gremlin Nob","floor":8,"turns":4}],"seed_played":"7801533147919402138","potions_obtained":[{"floor":1.0,"key":"BlessingOfTheForge"},{"floor":2.0,"key":"AttackPotion"}],"is_trial":false,"path_per_floor":["M","M","M","M","?","R","?","E"],"character_chosen":"IRONCLAD","items_purchased":["Kunai","Metallicize","Shrug It Off","MealTicket","Good Instincts","Infernal Blade","Flash of Steel","Armaments","Omamori"],"campfire_rested":0,"item_purchase_floors":[0,0,0,0,0,0,0,0,0],"current_hp_per_floor":[27,26,32,32,32,32,32,0,0],"gold":7,"neow_bonus":"","is_daily":false,"chose_seed":false,"campfire_upgraded":1,"win_rate":0.0,"timestamp":1613804398,"path_taken":["M","M","M","M","?","R","?","E"],"items_purchased_type":["Relic","Card","Card","Relic","Card","Card","Card","Card","Relic"],"build_version":"2020-12-22","purchased_purges":1,"victory":false,"max_hp_per_floor":[75,75,75,75,75,75,75,75,75],"card_choices":[{"not_picked":["True Grit","Sword Boomerang","Feel No Pain"],"picked":"SKIP","floor":1.0},{"not_picked":["Rampage","Sentinel"],"picked":"Rage","floor":2.0},{"not_picked":["Wild Strike","Clash","Headbutt"],"picked":"SKIP","floor":3.0},{"not_picked":["Hemokinesis","Dark Embrace"],"picked":"Reckless Charge","floor":4.0}],"player_experience":1007982,"relics_obtained":[],"event_choices":[{"cards_removed":["Strike_R"],"damage_healed":0.0,"max_hp_gain":0.0,"max_hp_loss":0.0,"gold_gain":0.0,"event_name":"The Cleric","player_choice":"Card Removal","floor":5.0,"gold_loss":75.0,"damage_taken":0.0},{"damage_healed":0.0,"max_hp_gain":0.0,"max_hp_loss":0.0,"gold_gain":0.0,"event_name":"Golden Idol","player_choice":"Take Wound","floor":7.0,"gold_loss":0.0,"damage_taken":0.0,"relics_obtained":["Golden Idol"],"cards_obtained":["Injury"]}],"is_beta":false,"boss_relics":[],"items_purged_floors":[0],"is_endless":false,"potions_floor_spawned":[1,2],"killed_by":"Gremlin Nob","ascension_level":20}}