{"host":"mnpd8gh7cwxsn5kh","time":1613852566,"event":{"mods":["BaseMod","Bestiary","Block Reminder","Colored Map","Colored Powertips","Highlight Path","Minty Spire (QoL Compilation)","Relic Sorter","Relic Stats"],"gold_per_floor":[109,33,46,58,77,105,105,134,134,147,147,182,182,107,107,107,107],"floor_reached":16,"language":"ENG","playtime":954,"items_purged":["Strike_B"],"score":240,"play_id":"55557610-3955-4168-b7ee-29533350359c","local_time":"20210220212246","is_ascension_mode":true,"campfire_choices":[{"data":"Zap","floor":7,"key":"SMITH"},{"data":"Dualcast","floor":11,"key":"SMITH"},{"data":"Conserve Battery","floor":15,"key":"SMITH"}],"circlet_count":0,"master_deck":["AscendersBane","Strike_B","Strike_B","Strike_B","Defend_B","Defend_B","Defend_B","Defend_B","Zap+1","Dualcast+1","Ball Lightning","Glacier","FTL","Compile Driver","Genetic Algorithm","Conserve Battery+1","Rebound"],"relics":["Cracked Core","NeowsBlessing","Nunchaku","Art of War","Regal Pillow","Pantograph"],"acts_visited":["Exordium"],"potions_floor_usage":[6,8,12],"damage_taken":[{"damage":0,"enemies":"Cultist","floor":1,"turns":1},{"damage":0,"enemies":"2 Louse","floor":3,"turns":1},{"damage":0,"enemies":"Small Slimes","floor":4,"turns":1},{"damage":4,"enemies":"Red Slaver","floor":5,"turns":4},{"damage":11,"enemies":"3 Sentries","floor":6,"turns":5},{"damage":24,"enemies":"Gremlin Nob","floor":8,"turns":4},{"damage":0,"enemies":"Blue Slaver","floor":10,"turns":3},{"damage":5,"enemies":"3 Sentries","floor":12,"turns":6},{"damage":36,"enemies":"Hexaghost","floor":16,"turns":10}],"seed_played":"-4969054744652437632","potions_obtained":[{"floor":4,"key":"SneckoOil"},{"floor":5,"key":"Explosive Potion"},{"floor":10,"key":"Regen Potion"}],"is_trial":false,"path_per_floor":["M","$","M","M","M","E","R","E","T","M","R","E","?","$","R","B"],"character_chosen":"DEFECT","items_purchased":["Glacier"],"campfire_rested":0,"item_purchase_floors":[2],"current_hp_per_floor":[64,64,64,64,60,49,49,25,25,25,25,35,9,9,9,0,0],"gold":107,"neow_bonus":"THREE_ENEMY_KILL","is_daily":false,"chose_seed":false,"campfire_upgraded":3,"win_rate":0.0,"timestamp":1613852566,"path_taken":["M","$","M","?","M","E","R","E","T","M","R","E","?","$","R","BOSS"],"items_purchased_type":["Card"],"build_version":"2020-12-22","purchased_purges":1,"victory":false,"max_hp_per_floor":[71,71,71,71,71,71,71,71,71,71,71,71,71,71,71,71,71],"relic_stats":{"Nunchaku":[4],"Regal Pillow":0,"counters":[9,35],"Pantograph":25,"Art of War":[1],"obtain_stats":[{"Nunchaku":6,"Regal Pillow":9,"NeowsBlessing":0,"Pantograph":12,"Art of War":8,"Cracked Core":0},{"Nunchaku":5,"Regal Pillow":6,"NeowsBlessing":0,"Pantograph":8,"Art of War":6,"Cracked Core":0},{"Nunchaku":12,"Regal Pillow":16,"NeowsBlessing":0,"Pantograph":25,"Art of War":16,"Cracked Core":0}]},"card_choices":[{"not_picked":["Conserve Battery","Turbo"],"picked":"Ball Lightning","floor":1},{"not_picked":["Coolheaded","Turbo","Hologram"],"picked":"SKIP","floor":3},{"not_picked":["Hologram","Go for the Eyes"],"picked":"FTL","floor":4},{"not_picked":["Coolheaded","Loop"],"picked":"Compile Driver","floor":5},{"not_picked":["Undo","Steam"],"picked":"Genetic Algorithm","floor":6},{"not_picked":["Hologram","Compile Driver"],"picked":"Conserve Battery","floor":8},{"not_picked":["Double Energy","Reprogram"],"picked":"Rebound","floor":10},{"not_picked":["Hologram","Beam Cell","Recycle"],"picked":"SKIP","floor":12}],"player_experience":649362,"relics_obtained":[{"floor":6,"key":"Nunchaku"},{"floor":8,"key":"Art of War"},{"floor":9,"key":"Regal Pillow"},{"floor":12,"key":"Pantograph"}],"event_choices":[{"damage_healed":0,"gold_gain":0,"player_choice":"Fled","damage_taken":26,"max_hp_gain":0,"max_hp_loss":0,"event_name":"Scrap Ooze","floor":13,"gold_loss":0}],"is_beta":false,"boss_relics":[],"items_purged_floors":[14],"is_endless":false,"potions_floor_spawned":[4,5,10],"killed_by":"Hexaghost","ascension_level":20}}