{"host":"b5ofb9azpmwqws3x","time":1613832790,"event":{"mods":["BaseMod","Minty Spire (QoL Compilation)"],"gold_per_floor":[117,136,136,148,180,192,229,258,270,131,148,5,5,30,30,128,128,143,173,189,104,104,104,433,433,433],"floor_reached":25,"language":"ENG","playtime":1121,"items_purged":[],"score":355,"play_id":"7009edbd-813a-46fa-ac42-86c7eba53f77","local_time":"20210220175310","is_ascension_mode":true,"campfire_choices":[{"floor":6.0,"key":"REST"},{"floor":15.0,"key":"REST"},{"floor":23,"key":"REST"}],"circlet_count":0,"master_deck":["AscendersBane","Strike_G","Strike_G","Strike_G","Strike_G","Strike_G","Defend_G","Defend_G","Defend_G","Defend_G","Defend_G","Survivor","Neutralize","Crippling Poison","PiercingWail","Blade Dance","Riddle With Holes+1","Poisoned Stab","Footwork","Envenom","CurseOfTheBell"],"relics":["Ring of the Snake","Potion Belt","MawBank","Tingsha","Letter Opener","Snake Skull","Sling","StrikeDummy","Calling Bell","Strawberry","Sundial","StoneCalendar","Red Mask","TungstenRod","Old Coin"],"acts_visited":["Exordium","TheCity"],"potions_floor_usage":[19,19,24],"damage_taken":[{"damage":4.0,"enemies":"Cultist","floor":1.0,"turns":6.0},{"damage":4.0,"enemies":"Small Slimes","floor":2.0,"turns":4.0},{"damage":0.0,"enemies":"2 Louse","floor":5.0,"turns":5.0},{"damage":32.0,"enemies":"3 Sentries","floor":7.0,"turns":13.0},{"damage":16.0,"enemies":"Large Slime","floor":8.0,"turns":9.0},{"damage":0.0,"enemies":"Exordium Wildlife","floor":11.0,"turns":3.0},{"damage":8.0,"enemies":"Lagavulin","floor":14.0,"turns":5.0},{"damage":8.0,"enemies":"The Guardian","floor":16.0,"turns":13.0},{"damage":0.0,"enemies":"3 Byrds","floor":18.0,"turns":5.0},{"damage":30,"enemies":"Masked Bandits","floor":19,"turns":6},{"damage":3,"enemies":"Chosen","floor":20,"turns":4},{"damage":46,"enemies":"Gremlin Leader","floor":24,"turns":8},{"damage":24,"enemies":"Snake Plant","floor":25,"turns":5}],"seed_played":"-4007609697804295443","potions_obtained":[{"floor":1.0,"key":"GamblersBrew"},{"floor":2.0,"key":"Explosive Potion"},{"floor":14.0,"key":"GhostInAJar"},{"floor":16.0,"key":"ColorlessPotion"},{"floor":18.0,"key":"LiquidMemories"},{"floor":20,"key":"Regen Potion"}],"is_trial":false,"path_per_floor":["M","M","?","?","M","R","E","M","T","$","M","$","?","E","R","B",null,"M","?","M","?","?","R","E","M"],"character_chosen":"THE_SILENT","items_purchased":["Snake Skull","Sling"],"campfire_rested":3,"item_purchase_floors":[10,12],"current_hp_per_floor":[59,55,37,37,37,58,26,10,10,10,10,10,10,2,23,15,63,63,33,30,30,30,53,22,0,0],"gold":433,"neow_bonus":"RANDOM_COMMON_RELIC","is_daily":false,"chose_seed":false,"campfire_upgraded":0,"win_rate":0.0,"timestamp":1613832790,"path_taken":["M","?","?","?","?","R","E","M","T","$","M","$","?","E","R","BOSS","M","?","M","?","?","R","E","M"],"items_purchased_type":["Relic","Relic"],"build_version":"2020-12-22","purchased_purges":0,"victory":false,"max_hp_per_floor":[70,70,70,70,70,70,70,70,70,70,70,70,70,70,70,70,77,77,77,77,77,77,77,77,77,77],"card_choices":[{"not_picked":["Endless Agony","Underhanded Strike"],"picked":"Crippling Poison","floor":1.0},{"not_picked":["Dagger Spray","Bane"],"picked":"PiercingWail","floor":2.0},{"not_picked":["Bane","Deflect"],"picked":"Blade Dance","floor":5.0},{"not_picked":["Bullet Time","Acrobatics"],"picked":"Riddle With Holes","floor":7.0},{"not_picked":["Cloak And Dagger","Deflect"],"picked":"Poisoned Stab","floor":8.0},{"not_picked":["Calculated Gamble","Poisoned Stab"],"picked":"Footwork","floor":11.0},{"not_picked":["Riddle With Holes","Underhanded Strike","Blade Dance"],"picked":"SKIP","floor":14.0},{"not_picked":["Corpse Explosion","Storm of Steel"],"picked":"Envenom","floor":16.0},{"not_picked":["Underhanded Strike+1","Sucker Punch","Poisoned Stab+1"],"picked":"SKIP","floor":18.0},{"not_picked":["Sucker Punch+1","Acrobatics","Tactician+1"],"picked":"SKIP","floor":20},{"not_picked":["Leg Sweep","Blur","Dodge and Roll+1"],"picked":"SKIP","floor":24}],"player_experience":314699,"relics_obtained":[{"floor":7.0,"key":"Tingsha"},{"floor":9.0,"key":"Letter Opener"},{"floor":14.0,"key":"StrikeDummy"},{"floor":17.0,"key":"Strawberry"},{"floor":17.0,"key":"Sundial"},{"floor":17.0,"key":"StoneCalendar"},{"floor":19,"key":"Red Mask"},{"floor":24,"key":"Old Coin"}],"event_choices":[{"damage_healed":0.0,"max_hp_gain":0.0,"max_hp_loss":0.0,"gold_gain":0.0,"event_name":"Scrap Ooze","player_choice":"Success","floor":3.0,"gold_loss":0.0,"damage_taken":18.0,"relics_obtained":["MawBank"]},{"damage_healed":0.0,"max_hp_gain":0.0,"max_hp_loss":0.0,"gold_gain":0.0,"event_name":"Match and Keep!","player_choice":"0 cards matched","floor":4.0,"gold_loss":0.0,"damage_taken":0.0,"cards_obtained":[]},{"damage_healed":0.0,"max_hp_gain":0.0,"max_hp_loss":0.0,"gold_gain":0.0,"event_name":"Living Wall","player_choice":"Grow","floor":13.0,"gold_loss":0.0,"damage_taken":0.0,"cards_upgraded":["Riddle With Holes"]},{"damage_healed":0,"gold_gain":0,"player_choice":"Fought Bandits","damage_taken":0,"max_hp_gain":0,"max_hp_loss":0,"event_name":"Masked Bandits","floor":19,"gold_loss":0},{"damage_healed":0,"gold_gain":0,"player_choice":"Obtained Relic","damage_taken":0,"relics_obtained":["TungstenRod"],"max_hp_gain":0,"max_hp_loss":0,"event_name":"Addict","floor":21,"gold_loss":85},{"damage_healed":0,"gold_gain":0,"player_choice":"Ignored","damage_taken":0,"max_hp_gain":0,"max_hp_loss":0,"event_name":"Ghosts","floor":22,"gold_loss":0}],"is_beta":false,"boss_relics":[{"not_picked":["Runic Pyramid","Coffee Dripper"],"picked":"Calling Bell"}],"items_purged_floors":[],"is_endless":false,"potions_floor_spawned":[1,2,14,16,18,20],"killed_by":"Snake Plant","ascension_level":11}}