{"host":"zx7wygemkkdud4lm","time":1613844361,"event":{"mods":["2.2 Compatiblity","AchievementEnabler","BaseMod","Better Match","Better Note","Better Skull","BetterRewards","Block Reminder","Colored Map","Emptier Cage","Minty Spire (QoL Compilation)","Relic Stats","Slay-I","Spicy Shops","StSLib","Transform Curses"],"gold_per_floor":[115,130,80,93,93,133,133,166,191,226,245,90,111,154,154,279,279,293,316,339,362,403,446,470,470,497,497,515,559,575,618,618,747,747,768,85,108,441,441,476,476,510,534,756,93,111,139,158,158,158,158,158,58,84,84],"floor_reached":56,"language":"ENG","playtime":2696,"items_purged":["Strike_R","Strike_R","Strike_R","True Grit","Strike_R","Defend_R","Defend_R"],"score":2678,"play_id":"981c6868-4844-4d40-aa3c-2f56c2411eb4","local_time":"20210220120601","is_ascension_mode":true,"campfire_choices":[{"floor":7,"key":"REST"},{"data":"True Grit","floor":15,"key":"SMITH"},{"floor":25,"key":"RECALL"},{"floor":32,"key":"REST"},{"floor":41,"key":"REST"},{"floor":49,"key":"REST"},{"floor":52,"key":"REST"}],"circlet_count":0,"master_deck":["AscendersBane","Defend_R","Defend_R","Bash","Feel No Pain","Shrug It Off","Immolate","Feel No Pain","Flame Barrier","Master of Strategy","True Grit+1","Spot Weakness","Feel No Pain","Inflame","Metallicize","Whirlwind+1","Disarm","Shrug It Off","Flame Barrier","Juggernaut","Shockwave","Inflame+1","Sword Boomerang+1","True Grit+1","Disarm+1","Corruption","Necronomicurse","Uppercut+1","Feed+1","Pommel Strike+1","Barricade","Exhume","Whirlwind+1","Reaper+1","Whirlwind+1","Power Through+1","Limit Break"],"relics":["Burning Blood","Bag of Preparation","Chemical X","Ornamental Fan","Pocketwatch","Art of War","OrangePellets","Akabeko","Mango","Question Card","MealTicket","Molten Egg 2","Red Skull","StrikeDummy","Medical Kit","Juzu Bracelet","Fusion Hammer","Red Mask","Smiling Mask","Necronomicon","Bird Faced Urn","HornCleat","Velvet Choker","Dead Branch","DollysMirror","Bottled Tornado","Shuriken","Nunchaku","PreservedInsect","Ice Cream","Gambling Chip","Orichalcum","Thread and Needle"],"acts_visited":["Exordium","TheCity","TheBeyond","TheEnding"],"potions_floor_usage":[6,29,33,35,55,55],"damage_taken":[{"damage":0,"enemies":"Jaw Worm","floor":1,"turns":2},{"damage":0,"enemies":"Small Slimes","floor":2,"turns":1},{"damage":0,"enemies":"Cultist","floor":4,"turns":4},{"damage":16,"enemies":"Gremlin Nob","floor":6,"turns":3},{"damage":4,"enemies":"3 Sentries","floor":8,"turns":5},{"damage":6,"enemies":"Lagavulin","floor":10,"turns":7},{"damage":0,"enemies":"2 Fungi Beasts","floor":11,"turns":2},{"damage":0,"enemies":"Large Slime","floor":13,"turns":3},{"damage":0,"enemies":"3 Sentries","floor":14,"turns":1},{"damage":0,"enemies":"The Guardian","floor":16,"turns":7},{"damage":12,"enemies":"Chosen","floor":18,"turns":2},{"damage":0,"enemies":"Shell Parasite","floor":19,"turns":2},{"damage":0,"enemies":"Centurion and Healer","floor":20,"turns":2},{"damage":3,"enemies":"Cultist and Chosen","floor":21,"turns":3},{"damage":0,"enemies":"Masked Bandits","floor":22,"turns":1},{"damage":18,"enemies":"Gremlin Leader","floor":23,"turns":5},{"damage":0,"enemies":"Shelled Parasite and Fungi","floor":24,"turns":3},{"damage":1,"enemies":"Snake Plant","floor":28,"turns":2},{"damage":14,"enemies":"Slavers","floor":29,"turns":3},{"damage":0,"enemies":"Snecko","floor":30,"turns":2},{"damage":0,"enemies":"Book of Stabbing","floor":31,"turns":2},{"damage":0,"enemies":"Automaton","floor":33,"turns":9},{"damage":0,"enemies":"Orb Walker","floor":35,"turns":3},{"damage":0,"enemies":"3 Darklings","floor":37,"turns":3},{"damage":0,"enemies":"Reptomancer","floor":40,"turns":2},{"damage":0,"enemies":"Giant Head","floor":42,"turns":6},{"damage":0,"enemies":"Jaw Worm Horde","floor":46,"turns":1},{"damage":0,"enemies":"Reptomancer","floor":47,"turns":1},{"damage":16,"enemies":"4 Shapes","floor":48,"turns":1},{"damage":28,"enemies":"Time Eater","floor":50,"turns":3},{"damage":0,"enemies":"Shield and Spear","floor":54,"turns":1},{"damage":76,"enemies":"The Heart","floor":55,"turns":7}],"seed_played":"-3279292555422353728","potions_obtained":[{"floor":2,"key":"ColorlessPotion"},{"floor":4,"key":"ElixirPotion"},{"floor":8,"key":"SmokeBomb"},{"floor":14,"key":"LiquidBronze"},{"floor":19,"key":"DistilledChaos"},{"floor":22,"key":"ElixirPotion"},{"floor":30,"key":"SmokeBomb"},{"floor":31,"key":"Fruit Juice"},{"floor":33,"key":"Explosive Potion"},{"floor":35,"key":"Block Potion"},{"floor":40,"key":"Energy Potion"},{"floor":48,"key":"CultistPotion"},{"floor":54,"key":"CultistPotion"}],"is_trial":false,"path_per_floor":["M","M","?","M","?","E","R","E","T","E","M","$","M","E","R","B",null,"M","M","M","M","?","E","M","R","T","?","M","E","M","E","R","B",null,"M","$","M","?","?","E","R","E","T","?","$","M","E","M","R","B",null,"R","$","E","B",null],"character_chosen":"IRONCLAD","items_purchased":["Bag of Preparation","Feel No Pain","Chemical X","Ornamental Fan","Shrug It Off","Immolate","Feel No Pain","OrangePellets","Akabeko","Mango","Question Card","Master of Strategy","True Grit","Medical Kit","Dead Branch","DollysMirror","Reaper+1","Bottled Tornado","Ice Cream","Gambling Chip"],"campfire_rested":5,"item_purchase_floors":[0,0,0,0,0,0,0,0,0,0,0,0,0,12,36,36,36,36,45,45],"current_hp_per_floor":[44,50,50,56,33,23,51,53,53,53,59,74,80,86,86,92,94,88,94,94,94,94,82,88,88,88,72,77,69,77,87,94,98,98,103,103,103,103,93,99,103,103,103,103,103,103,103,95,103,83,98,103,103,103,103],"gold":84,"neow_bonus":"","is_daily":false,"chose_seed":false,"campfire_upgraded":1,"win_rate":0.0,"timestamp":1613844361,"path_taken":["M","M","?","M","?","E","R","E","T","E","M","?","?","E","R","BOSS","M","M","M","M","?","E","M","R","T","?","M","E","M","E","R","BOSS","M","$","M","?","?","E","R","E","T","?","?","M","E","M","R","BOSS","R","$","E","BOSS"],"items_purchased_type":["Relic","Card","Relic","Relic","Card","Card","Card","Relic","Relic","Relic","Relic","Card","Card","Relic","Relic","Relic","Card","Relic","Relic","Relic"],"build_version":"2020-12-22","purchased_purges":7,"victory":true,"max_hp_per_floor":[94,94,94,94,94,94,94,94,94,94,94,94,94,94,94,94,94,94,94,94,94,94,94,94,94,94,94,94,94,94,94,94,98,98,103,103,103,103,103,103,103,103,103,103,103,103,103,103,103,103,103,103,103,103,103],"relic_stats":{"counters":[149,532],"Dead Branch":[400],"PreservedInsect":139,"Bag of Preparation":[110],"Juzu Bracelet":0,"Orichalcum":[12],"Question Card":33,"Medical Kit":[47],"Smiling Mask":550,"Burning Blood":636,"OrangePellets":[43],"Nunchaku":[8],"Ornamental Fan":[20],"Shuriken":[20],"Bird Faced Urn":[17],"Gambling Chip":[27],"MealTicket":15,"Art of War":[34],"Necronomicon":[28],"Chemical X":[46],"obtain_stats":[{"Whetstone":0,"Ginger":25,"Bottled Tornado":9,"Sling":39,"MealTicket":20,"Fusion Hammer":17,"HandDrill":53,"Necronomicon":27,"Kunai":46,"Pear":3,"Velvet Choker":34,"Eternal Feather":9,"Pen Nib":25,"Akabeko":23,"Bird Faced Urn":29,"Mark of Pain":34,"StrikeDummy":46,"Unceasing Top":53,"Lantern":3,"Regal Pillow":23,"Torii":0,"Singing Bowl":39,"Magic Flower":36,"StoneCalendar":7,"Bag of Preparation":0,"Cursed Key":34,"Ancient Tea Set":13,"Smiling Mask":23,"Burning Blood":0,"Toolbox":20,"Chemical X":0,"Paper Frog":19,"Potion Belt":47,"Lee\u0027s Waffle":44,"Golden Idol":5,"Thread and Needle":10,"PreservedInsect":23,"The Courier":23,"Omamori":41,"Frozen Egg 2":43,"MawBank":31,"Ornamental Fan":48,"Orrery":53,"Ectoplasm":17,"Turnip":0,"Art of War":6,"Champion Belt":0,"Bottled Lightning":39,"Toy Ornithopter":20,"Ice Cream":47,"Calipers":9,"Vajra":28,"Sozu":34,"Centennial Puzzle":21,"Lizard Tail":20,"HornCleat":31,"DollysMirror":47,"Strawberry":53,"Prayer Wheel":11,"Toxic Egg 2":0,"Girya":0,"Happy Flower":29,"Dead Branch":0,"Oddly Smooth Stone":54,"Charon\u0027s Ashes":45,"Letter Opener":27,"War Paint":54,"Question Card":0,"WarpedTongs":38,"OrangePellets":20,"Shuriken":31,"Bronze Scales":46,"Molten Egg 2":43,"Pocketwatch":0,"Darkstone Periapt":40,"Mango":44,"Juzu Bracelet":40,"Incense Burner":53,"Empty Cage":17,"ClockworkSouvenir":0,"Frozen Eye":53,"Nunchaku":27,"Mummified Hand":8,"Gambling Chip":26,"Tiny Chest":30,"Red Mask":21,"Red Skull":47,"Runic Pyramid":17,"Orichalcum":0,"Medical Kit":53,"White Beast Statue":54,"Mercury Hourglass":44,"CaptainsWheel":14,"Anchor":0,"Bag of Marbles":42,"Coffee Dripper":17,"Membership Card":0,"TungstenRod":39,"FossilizedHelix":0},{"Whetstone":29,"Ginger":40,"Bottled Tornado":60,"Sling":76,"MealTicket":38,"Fusion Hammer":127,"HandDrill":115,"Necronomicon":134,"Kunai":81,"Pear":30,"Velvet Choker":139,"Eternal Feather":4,"Pen Nib":40,"Akabeko":40,"Bird Faced Urn":136,"Mark of Pain":104,"StrikeDummy":113,"Unceasing Top":53,"Lantern":30,"Regal Pillow":69,"Torii":55,"Singing Bowl":76,"Magic Flower":20,"StoneCalendar":3,"Bag of Preparation":0,"Cursed Key":44,"Ancient Tea Set":63,"Smiling Mask":133,"Burning Blood":0,"Toolbox":38,"Chemical X":0,"Paper Frog":96,"Potion Belt":25,"Lee\u0027s Waffle":49,"Golden Idol":2,"Thread and Needle":5,"PreservedInsect":12,"The Courier":98,"Omamori":49,"Frozen Egg 2":23,"MawBank":103,"Ornamental Fan":82,"Orrery":53,"Ectoplasm":8,"Turnip":55,"Art of War":90,"Champion Belt":29,"Bottled Lightning":76,"Toy Ornithopter":66,"Ice Cream":51,"Calipers":31,"Vajra":14,"Sozu":18,"Centennial Puzzle":10,"Lizard Tail":66,"HornCleat":138,"DollysMirror":81,"Strawberry":53,"Prayer Wheel":33,"Toxic Egg 2":85,"Girya":55,"Happy Flower":42,"Dead Branch":85,"Oddly Smooth Stone":84,"Charon\u0027s Ashes":50,"Letter Opener":41,"War Paint":28,"Question Card":117,"WarpedTongs":76,"OrangePellets":38,"Shuriken":43,"Bronze Scales":24,"Molten Egg 2":111,"Pocketwatch":29,"Darkstone Periapt":109,"Mango":49,"Juzu Bracelet":22,"Incense Burner":53,"Empty Cage":95,"ClockworkSouvenir":29,"Frozen Eye":27,"Nunchaku":14,"Mummified Hand":31,"Gambling Chip":40,"Tiny Chest":16,"Red Mask":97,"Red Skull":81,"Runic Pyramid":37,"Orichalcum":29,"Medical Kit":83,"White Beast Statue":54,"Mercury Hourglass":24,"CaptainsWheel":7,"Anchor":29,"Bag of Marbles":23,"Coffee Dripper":64,"Membership Card":29,"TungstenRod":21,"FossilizedHelix":29},{"Whetstone":138,"Ginger":181,"Bottled Tornado":263,"Sling":329,"MealTicket":171,"Fusion Hammer":468,"HandDrill":426,"Necronomicon":486,"Kunai":347,"Pear":141,"Velvet Choker":504,"Eternal Feather":19,"Pen Nib":181,"Akabeko":181,"Bird Faced Urn":491,"Mark of Pain":403,"StrikeDummy":422,"Unceasing Top":238,"Lantern":141,"Regal Pillow":299,"Torii":249,"Singing Bowl":329,"Magic Flower":96,"StoneCalendar":16,"Bag of Preparation":0,"Cursed Key":203,"Ancient Tea Set":274,"Smiling Mask":483,"Burning Blood":0,"Toolbox":171,"Chemical X":0,"Paper Frog":387,"Potion Belt":115,"Lee\u0027s Waffle":219,"Golden Idol":8,"Thread and Needle":26,"PreservedInsect":58,"The Courier":391,"Omamori":219,"Frozen Egg 2":105,"MawBank":400,"Ornamental Fan":350,"Orrery":238,"Ectoplasm":42,"Turnip":249,"Art of War":375,"Champion Belt":138,"Bottled Lightning":329,"Toy Ornithopter":288,"Ice Cream":221,"Calipers":143,"Vajra":66,"Sozu":88,"Centennial Puzzle":49,"Lizard Tail":288,"HornCleat":495,"DollysMirror":347,"Strawberry":238,"Prayer Wheel":150,"Toxic Egg 2":364,"Girya":249,"Happy Flower":190,"Dead Branch":364,"Oddly Smooth Stone":356,"Charon\u0027s Ashes":220,"Letter Opener":185,"War Paint":133,"Question Card":433,"WarpedTongs":329,"OrangePellets":171,"Shuriken":194,"Bronze Scales":111,"Molten Egg 2":417,"Pocketwatch":138,"Darkstone Periapt":414,"Mango":219,"Juzu Bracelet":102,"Incense Burner":238,"Empty Cage":386,"ClockworkSouvenir":138,"Frozen Eye":129,"Nunchaku":66,"Mummified Hand":143,"Gambling Chip":181,"Tiny Chest":73,"Red Mask":388,"Red Skull":347,"Runic Pyramid":164,"Orichalcum":138,"Medical Kit":354,"White Beast Statue":241,"Mercury Hourglass":111,"CaptainsWheel":35,"Anchor":138,"Bag of Marbles":105,"Coffee Dripper":280,"Membership Card":138,"TungstenRod":98,"FossilizedHelix":138}],"Pocketwatch":[126]},"card_choices":[{"not_picked":["Second Wind","Flex","Feel No Pain"],"picked":"Spot Weakness","floor":1},{"not_picked":["Body Slam","Searing Blow","Combust"],"picked":"Feel No Pain","floor":2},{"not_picked":["Spot Weakness","Entrench","Twin Strike"],"picked":"Inflame","floor":4},{"not_picked":["Sever Soul","Searing Blow","Demon Form","Flex"],"picked":"SKIP","floor":6},{"not_picked":["Perfected Strike+1","Headbutt+1","Wild Strike+1"],"picked":"Metallicize","floor":8},{"not_picked":["Armaments","Pommel Strike+1","Shrug It Off"],"picked":"Whirlwind+1","floor":10},{"not_picked":["Rampage+1","Fire Breathing","Thunderclap+1"],"picked":"Disarm","floor":11},{"not_picked":["Havoc","Combust","Cleave+1"],"picked":"Shrug It Off","floor":13},{"not_picked":["Blood for Blood+1","Iron Wave+1","Berserk"],"picked":"Flame Barrier","floor":14},{"not_picked":["Demon Form","Immolate+1","Limit Break"],"picked":"Juggernaut","floor":16},{"not_picked":["Body Slam+1","Shrug It Off","Evolve+1"],"picked":"True Grit","floor":18},{"not_picked":["Twin Strike+1","Sword Boomerang+1","Battle Trance"],"picked":"Shockwave","floor":19},{"not_picked":["Feel No Pain+1","Blood for Blood+1","Sword Boomerang+1"],"picked":"Inflame+1","floor":20},{"not_picked":["Armaments","Evolve","Havoc"],"picked":"Sword Boomerang+1","floor":21},{"not_picked":["Shockwave+1","Sword Boomerang+1","Shrug It Off"],"picked":"True Grit+1","floor":22},{"not_picked":["Searing Blow+1","Havoc","Bloodletting"],"picked":"Disarm+1","floor":23},{"not_picked":["Perfected Strike+1","Seeing Red","Shrug It Off"],"picked":"Corruption","floor":24},{"not_picked":["Shrug It Off","Intimidate","Clothesline+1"],"picked":"Uppercut+1","floor":28},{"not_picked":["True Grit","Juggernaut","Sword Boomerang+1"],"picked":"Feed+1","floor":29},{"not_picked":["Thunderclap+1","Sword Boomerang+1","Iron Wave+1"],"picked":"Pommel Strike+1","floor":30},{"not_picked":["Fire Breathing+1","Carnage+1","Uppercut+1"],"picked":"Barricade","floor":31},{"not_picked":["Demon Form","Bludgeon+1","Corruption"],"picked":"Exhume","floor":33},{"not_picked":["Sword Boomerang+1","Fire Breathing","Anger+1","Perfected Strike+1"],"picked":"SKIP","floor":35},{"not_picked":["Heavy Blade+1","Fire Breathing","Pommel Strike+1"],"picked":"Whirlwind+1","floor":37},{"not_picked":["Thunderclap+1","Carnage+1","Anger+1"],"picked":"Power Through+1","floor":40},{"not_picked":["Heavy Blade+1","Hemokinesis+1","Iron Wave+1","Havoc+1"],"picked":"SKIP","floor":42},{"not_picked":["Heavy Blade+1","Clash+1","Cleave+1","Warcry+1"],"picked":"SKIP","floor":46},{"not_picked":["Inflame+1","Anger+1","Combust","Thunderclap+1"],"picked":"SKIP","floor":47},{"not_picked":["Spot Weakness","Anger+1","Heavy Blade+1","Shockwave"],"picked":"SKIP","floor":48},{"not_picked":["Rampage+1","Flex","Bloodletting+1"],"picked":"Limit Break","floor":54}],"player_experience":140398,"relics_obtained":[{"floor":6,"key":"MealTicket"},{"floor":8,"key":"Molten Egg 2"},{"floor":9,"key":"Red Skull"},{"floor":10,"key":"StrikeDummy"},{"floor":14,"key":"Juzu Bracelet"},{"floor":22,"key":"Red Mask"},{"floor":23,"key":"Smiling Mask"},{"floor":27,"key":"Necronomicon"},{"floor":29,"key":"Bird Faced Urn"},{"floor":31,"key":"HornCleat"},{"floor":40,"key":"Shuriken"},{"floor":42,"key":"Nunchaku"},{"floor":43,"key":"PreservedInsect"},{"floor":47,"key":"Orichalcum"},{"floor":54,"key":"Thread and Needle"}],"event_choices":[{"cards_removed":["Strike_R"],"damage_healed":0,"gold_gain":0,"player_choice":"Card Removal","damage_taken":0,"max_hp_gain":0,"max_hp_loss":0,"event_name":"The Cleric","floor":3,"gold_loss":50},{"damage_healed":0,"gold_gain":0,"player_choice":"Take Damage","damage_taken":23,"relics_obtained":["Golden Idol"],"max_hp_gain":0,"max_hp_loss":0,"event_name":"Golden Idol","floor":5,"gold_loss":0},{"damage_healed":0,"gold_gain":0,"player_choice":"Fought Bandits","damage_taken":0,"max_hp_gain":0,"max_hp_loss":0,"event_name":"Masked Bandits","floor":22,"gold_loss":0},{"damage_healed":0,"gold_gain":0,"player_choice":"Obtained Book","damage_taken":16,"max_hp_gain":0,"max_hp_loss":0,"event_name":"Cursed Tome","floor":27,"gold_loss":0},{"damage_healed":0,"gold_gain":333,"player_choice":"Gave Idol","damage_taken":0,"max_hp_gain":0,"max_hp_loss":0,"event_name":"The Moai Head","floor":38,"relics_lost":["Golden Idol"],"gold_loss":0},{"damage_healed":0,"gold_gain":0,"player_choice":"Memory 3","damage_taken":10,"max_hp_gain":0,"max_hp_loss":0,"event_name":"SensoryStone","floor":39,"gold_loss":0},{"damage_healed":0,"gold_gain":222,"player_choice":"Wore Mask","damage_taken":0,"max_hp_gain":0,"max_hp_loss":0,"event_name":"Tomb of Lord Red Mask","floor":44,"gold_loss":0}],"is_beta":false,"boss_relics":[{"not_picked":["Empty Cage","Busted Crown"],"picked":"Fusion Hammer"},{"not_picked":["Calling Bell","Black Blood"],"picked":"Velvet Choker"}],"items_purged_floors":[0,0,0,36,45,53,53],"is_endless":false,"potions_floor_spawned":[2,4,8,14,19,22,30,31,33,35,40,48,54],"ascension_level":10}}