{"host":"g7mkzn6qfoxkk5sz","time":1613780737,"event":{"mods":["BaseMod","Colored Map","Colored Powertips","Downfall","Minty Spire (QoL Compilation)","StSLib"],"gold_per_floor":[99,549,549,17,17,17,70,70,70,85,85,145,145,163,193,305,305,305,305,341,358,458,458,458,458,488,488,488,348,365,375,396,500,500,500,511,297,322,336,379,430,462,462,462,462],"floor_reached":43,"language":"ENG","playtime":2100,"items_purged":["downfall:Icky","hexamod:Strike","hexamod:Strike"],"score":535,"play_id":"c8b13e08-ed2e-4f02-ba3f-2a38543b7b9c","local_time":"20210220022537","is_ascension_mode":false,"campfire_choices":[{"data":"hexamod:Sear","floor":1,"key":"SMITH"},{"data":"hexamod:BurningTouch","floor":6,"key":"SMITH"},{"data":"hexamod:VolcanoVisage","floor":9,"key":"SMITH"},{"data":"hexamod:AdvancingGuard","floor":13,"key":"SMITH"},{"data":"hexamod:WildfireWeapon","floor":18,"key":"SMITH"},{"data":"hexamod:SuperheatedStrike","floor":23,"key":"SMITH"},{"data":"hexamod:RadiantFlame","floor":25,"key":"SMITH"},{"floor":27,"key":"REST"},{"floor":35,"key":"REST"}],"circlet_count":0,"master_deck":["hexamod:Strike","hexamod:Strike","hexamod:Defend+1","hexamod:Defend+1","hexamod:Defend","hexamod:Defend","hexamod:Sear+1","hexamod:Float","hexamod:BacktrackSmack","hexamod:SpectersWail","hexamod:AdvancingGuard+1","hexamod:VolcanoVisage+1","hexamod:SwordOfDarkness","hexamod:BurningTouch+1","hexamod:ShieldOfDarkness","hexamod:FlamesFromBeyond","hexamod:Firestarter","hexamod:RadiantFlame+1","hexamod:FastForward","hexamod:Hexaguard","hexamod:WildfireWeapon+1","hexamod:SuperheatedStrike+1","hexamod:SpectersWail","hexamod:Incineration","hexamod:ShieldOfDarkness","hexamod:SoulSteal","hexamod:RadiantFlame+1"],"relics":["hexamod:SpiritBrand","downfall:HeartsMalice","Orrery","PreservedInsect","War Paint","CeramicFish","Lantern","hexamod:IceCube","hexamod:TheBrokenSeal","StoneCalendar","Slimebound:PreparedRelic","Mummified Hand","Ice Cream","Fusion Hammer","Akabeko","Toy Ornithopter","hexamod:MatchstickCase","Anchor","Ornamental Fan"],"acts_visited":["Exordium","TheCity","TheBeyond"],"potions_floor_usage":[16,16,33,33,33,40,42,43],"damage_taken":[{"damage":0,"enemies":"downfall:FleeingMerchant","floor":4,"turns":1},{"damage":0,"enemies":"Jaw Worm","floor":5,"turns":1},{"damage":0,"enemies":"Small Slimes","floor":8,"turns":1},{"damage":0,"enemies":"2 Louse","floor":10,"turns":2},{"damage":27,"enemies":"Gremlin Nob","floor":12,"turns":4},{"damage":23,"enemies":"Lagavulin","floor":14,"turns":6},{"damage":4,"enemies":"Blue Slaver","floor":15,"turns":4},{"damage":6,"enemies":"IC_STATUS_ARCHETYPE","floor":16,"turns":6},{"damage":25,"enemies":"Spheric Guardian","floor":20,"turns":9},{"damage":5,"enemies":"Shell Parasite","floor":21,"turns":5},{"damage":7,"enemies":"Colosseum Nobs","floor":22,"turns":4},{"damage":15,"enemies":"Slavers","floor":26,"turns":4},{"damage":0,"enemies":"downfall:FleeingMerchant","floor":29,"turns":4},{"damage":5,"enemies":"Snake Plant","floor":30,"turns":4},{"damage":4,"enemies":"Cultist and Chosen","floor":31,"turns":4},{"damage":22,"enemies":"Chosen and Byrds","floor":32,"turns":6},{"damage":26,"enemies":"DF_ARCHETYPE_CLAW","floor":33,"turns":7},{"damage":7,"enemies":"3 Darklings","floor":36,"turns":4},{"damage":3,"enemies":"downfall:FleeingMerchant","floor":37,"turns":4},{"damage":1,"enemies":"3 Shapes","floor":38,"turns":3},{"damage":19,"enemies":"Jaw Worm Horde","floor":39,"turns":4},{"damage":35,"enemies":"Giant Head","floor":40,"turns":7},{"damage":10,"enemies":"Reptomancer","floor":42,"turns":4},{"damage":21,"enemies":"Maw","floor":43,"turns":4}],"seed_played":"-6362438516415735877","potions_obtained":[{"floor":10,"key":"Strength Potion"},{"floor":12,"key":"Strength Potion"},{"floor":12,"key":"AttackPotion"},{"floor":14,"key":"Explosive Potion"},{"floor":16,"key":"hexamod:DoubleChargePotion"},{"floor":16,"key":"LiquidMemories"},{"floor":20,"key":"DuplicationPotion"},{"floor":31,"key":"hexamod:SoulburnPotion"},{"floor":33,"key":"SpeedPotion"},{"floor":38,"key":"Explosive Potion"},{"floor":42,"key":"hexamod:SoulburnPotion"}],"is_trial":false,"path_per_floor":["R","?","?","$","M","R","T","M","R","M","?","E","R","E","M","B",null,"R","?","M","M","?","R","T","R","E","R","?","$","M","M","M","B",null,"R","M","$","M","M","E","T","E","M"],"character_chosen":"THE_SPIRIT","items_purchased":["hexamod:SecondSeal","Orrery","PreservedInsect","hexamod:ThirdSeal","hexamod:Incineration","Akabeko","Toy Ornithopter","AttackPotion","SkillPotion"],"campfire_rested":2,"item_purchase_floors":[4,4,4,4,29,37,37,37,37],"current_hp_per_floor":[70,70,70,70,70,70,70,70,70,70,63,43,43,27,30,31,70,70,70,67,62,55,55,55,55,40,64,64,64,59,55,33,7,80,80,73,70,69,50,20,20,15,0,0,0],"gold":462,"neow_bonus":"THREE_ENEMY_KILL","is_daily":false,"chose_seed":false,"campfire_upgraded":7,"win_rate":0.0,"timestamp":1613780737,"path_taken":["R","?","?","$","M","R","T","M","R","M","?","E","R","E","M","BOSS","R","?","M","M","?","R","T","R","E","R","?","$","M","M","M","BOSS","R","M","$","M","M","E","T","E","M"],"items_purchased_type":["Card","Relic","Relic","Card","Card","Relic","Relic","Potion","Potion"],"build_version":"2020-12-22","purchased_purges":3,"victory":false,"max_hp_per_floor":[70,70,70,70,70,70,70,70,70,70,70,70,70,70,70,70,70,70,70,80,80,80,80,80,80,80,80,80,80,80,80,80,80,80,80,80,80,80,80,80,80,80,80,80,80],"card_choices":[{"not_picked":["hexamod:HauntingEcho","hexamod:Again"],"picked":"hexamod:BacktrackSmack","floor":4},{"not_picked":["hexamod:ThermalTransfer","hexamod:GhostLash"],"picked":"hexamod:SpectersWail","floor":4},{"not_picked":["hexamod:NightmareStrike","hexamod:HauntingEcho"],"picked":"hexamod:AdvancingGuard","floor":4},{"not_picked":["hexamod:Toasty","hexamod:FourthSeal"],"picked":"hexamod:VolcanoVisage","floor":4},{"not_picked":["hexamod:SpectersWail","hexamod:NecessarySacrifice"],"picked":"hexamod:SwordOfDarkness","floor":4},{"not_picked":["hexamod:InspiringFlames","hexamod:Incineration"],"picked":"hexamod:BurningTouch","floor":4},{"not_picked":["hexamod:Rewind","hexamod:HeatMetal","hexamod:SwordOfDarkness"],"picked":"SKIP","floor":5},{"not_picked":["hexamod:GhostflameBarrier","hexamod:Rewind"],"picked":"hexamod:ShieldOfDarkness","floor":8},{"not_picked":["hexamod:SuperheatedStrike","hexamod:GhostShield"],"picked":"hexamod:FlamesFromBeyond","floor":10},{"not_picked":["hexamod:FlamesFromBeyond","hexamod:ShieldOfDarkness"],"picked":"hexamod:Firestarter","floor":10},{"not_picked":["hexamod:EtherealExpedition","hexamod:NightmareStrike"],"picked":"hexamod:RadiantFlame","floor":12},{"not_picked":["hexamod:SuperheatedStrike","hexamod:TurnItUp"],"picked":"hexamod:FifthSeal","floor":12},{"not_picked":["hexamod:FourthSeal","hexamod:FirstSeal"],"picked":"hexamod:SixthSeal","floor":14},{"not_picked":["hexamod:BurningTouch","hexamod:SearingWound"],"picked":"hexamod:FastForward","floor":14},{"not_picked":["hexamod:AdvancingGuard","hexamod:HauntingEcho","hexamod:GhostShield"],"picked":"SKIP","floor":14},{"not_picked":["hexamod:RadiantFlame","hexamod:SpectersWail"],"picked":"hexamod:Hexaguard","floor":15},{"not_picked":["hexamod:InspiringFlames","hexamod:NightmareStrike","hexamod:AdvancingGuard"],"picked":"SKIP","floor":15},{"not_picked":["hexamod:HexaLevel","hexamod:SearingWound"],"picked":"hexamod:WildfireWeapon","floor":16},{"not_picked":["hexamod:Firestarter","hexamod:BurningTouch"],"picked":"hexamod:SuperheatedStrike","floor":20},{"not_picked":["hexamod:HauntingEcho+1","hexamod:Rewind"],"picked":"hexamod:SpectersWail","floor":20},{"not_picked":["hexamod:ParanormalForm","hexamod:HeatCrush+1","hexamod:ThermalTransfer"],"picked":"SKIP","floor":21},{"not_picked":["hexamod:SwordOfDarkness+1","hexamod:RetreatToShadows","hexamod:Hexaguard"],"picked":"SKIP","floor":26},{"not_picked":["hexamod:HexaLevel","hexamod:HauntingEcho","hexamod:ThermalTransfer+1"],"picked":"SKIP","floor":29},{"not_picked":["hexamod:Rewind","hexamod:FastForward","hexamod:GhostShield+1"],"picked":"SKIP","floor":30},{"not_picked":["hexamod:AdvancingGuard","hexamod:GhostLash","hexamod:SwordOfDarkness+1"],"picked":"SKIP","floor":31},{"not_picked":["hexamod:ShieldOfDarkness","hexamod:BacktrackSmack+1","hexamod:GhostShield"],"picked":"SKIP","floor":32},{"not_picked":["hexamod:BacktrackSmack+1","hexamod:GhostShield"],"picked":"hexamod:ShieldOfDarkness","floor":32},{"not_picked":["hexamod:CatchUp+1","hexamod:BacktrackSmack","hexamod:GhostLash+1"],"picked":"SKIP","floor":36},{"not_picked":["hexamod:RainOfEmbers+1","hexamod:NightmareGuise","hexamod:DynamicBlow+1"],"picked":"SKIP","floor":37},{"not_picked":["hexamod:AdvancingGuard+1","hexamod:FirstSeal"],"picked":"hexamod:SoulSteal","floor":38},{"not_picked":["hexamod:HauntingEcho","hexamod:AdvancingGuard","hexamod:HeatShield+1"],"picked":"SKIP","floor":39},{"not_picked":["hexamod:ThirdSeal","hexamod:SpectersWail+1"],"picked":"hexamod:RadiantFlame+1","floor":40},{"not_picked":["hexamod:TurnItUp","hexamod:NightmareGuise","hexamod:Hexaguard+1"],"picked":"SKIP","floor":42}],"player_experience":493528,"relics_obtained":[{"floor":7,"key":"War Paint"},{"floor":12,"key":"CeramicFish"},{"floor":14,"key":"Lantern"},{"floor":22,"key":"StoneCalendar"},{"floor":22,"key":"Slimebound:PreparedRelic"},{"floor":24,"key":"Mummified Hand"},{"floor":26,"key":"Ice Cream"},{"floor":40,"key":"hexamod:MatchstickCase"},{"floor":41,"key":"Anchor"},{"floor":42,"key":"Ornamental Fan"}],"event_choices":[{"cards_removed":["downfall:Icky"],"damage_healed":0,"gold_gain":0,"player_choice":"Card Removal","damage_taken":0,"max_hp_gain":0,"max_hp_loss":0,"event_name":"The Cleric","floor":3,"gold_loss":0}],"is_beta":false,"boss_relics":[{"not_picked":["expansioncontent:StudyCardRelic","Runic Pyramid"],"picked":"hexamod:IceCube"},{"not_picked":["Snecko Eye","Tiny House"],"picked":"Fusion Hammer"}],"items_purged_floors":[4,29,37],"is_endless":false,"potions_floor_spawned":[10,12,16,20,26,31,32,33,38,39,42],"killed_by":"Maw","ascension_level":0}}