{"host":"8vqkh0x3c7vpgzzm","time":1613838065,"event":{"mods":["AchievementEnabler","BaseMod","Colored Map","Colored Powertips","Curses Come First","DeckTracker","Highlight Path","Minty Spire (QoL Compilation)","Permanent Neow","Quick Restart","Random Character Mod","Rare Cards Sparkle","Relic Sorter","Relic Stats","StSLib","SuperFastMode","Unceasing Turn Reminder","egg","everything is the same but u backflip on backflip"],"gold_per_floor":[14,14,14,14,27,27,42,42,66,66,84,94,107,123,123,202,202,216,216,131,147,72,72,88,88,88,88,1,1,35,58,58,131,131,147,147,147,58,71,71,91,91,170,170,170,183,183,203,203,203],"floor_reached":51,"language":"ENG","playtime":2011,"items_purged":[],"score":1139,"play_id":"af69acdc-4681-4403-9553-98d4b633ee21","local_time":"20210220172105","is_ascension_mode":true,"campfire_choices":[{"data":"Masterful Stab","floor":6,"key":"SMITH"},{"data":"Deadly Poison","floor":8,"key":"SMITH"},{"data":"Survivor","floor":10,"key":"SMITH"},{"data":"Unload","floor":15,"key":"SMITH"},{"data":"Catalyst","floor":23,"key":"SMITH"},{"data":"Leg Sweep","floor":25,"key":"SMITH"},{"floor":32,"key":"REST"},{"data":"Wraith Form v2","floor":40,"key":"SMITH"},{"data":"Footwork","floor":42,"key":"SMITH"},{"data":"A Thousand Cuts","floor":44,"key":"SMITH"},{"data":"Leg Sweep","floor":47,"key":"SMITH"},{"data":"Noxious Fumes","floor":49,"key":"SMITH"}],"circlet_count":0,"master_deck":["AscendersBane","Strike_G","Strike_G","Defend_G","Defend_G","Defend_G","Survivor+1","Neutralize+1","Terror","Masterful Stab+1","Deadly Poison+1","Backstab","Unload+1","Cloak And Dagger","PiercingWail","Corpse Explosion","Leg Sweep+1","Leg Sweep+1","Backflip","Catalyst+1","Prepared","A Thousand Cuts+1","Adrenaline","Wraith Form v2+1","PiercingWail+1","Tools of the Trade","Well Laid Plans","Dark Shackles","Footwork+1","Backflip","Noxious Fumes+1"],"relics":["Ring of the Serpent","Regal Pillow","Blood Vial","Sozu","Gremlin Horn","Letter Opener","Mummified Hand","Bag of Preparation","Blue Candle"],"acts_visited":["Exordium","TheCity","TheBeyond"],"potions_floor_usage":[16],"damage_taken":[{"damage":5,"enemies":"Jaw Worm","floor":1,"turns":7},{"damage":0,"enemies":"Cultist","floor":5,"turns":3},{"damage":0,"enemies":"Small Slimes","floor":7,"turns":2},{"damage":9,"enemies":"Exordium Wildlife","floor":11,"turns":5},{"damage":0,"enemies":"Exordium Thugs","floor":12,"turns":3},{"damage":4,"enemies":"Lots of Slimes","floor":13,"turns":3},{"damage":1,"enemies":"Looter","floor":14,"turns":2},{"damage":19,"enemies":"Hexaghost","floor":16,"turns":9},{"damage":1,"enemies":"Spheric Guardian","floor":18,"turns":4},{"damage":7,"enemies":"Chosen","floor":21,"turns":3},{"damage":3,"enemies":"Snake Plant","floor":24,"turns":3},{"damage":12,"enemies":"Book of Stabbing","floor":30,"turns":6},{"damage":14,"enemies":"Collector","floor":33,"turns":9},{"damage":0,"enemies":"3 Darklings","floor":35,"turns":2},{"damage":1,"enemies":"3 Shapes","floor":39,"turns":4},{"damage":0,"enemies":"Sphere and 2 Shapes","floor":41,"turns":3},{"damage":0,"enemies":"Jaw Worm Horde","floor":46,"turns":3},{"damage":3,"enemies":"Writhing Mass","floor":48,"turns":6},{"damage":30,"enemies":"Time Eater","floor":50,"turns":15}],"seed_played":"-6024282395499054463","potions_obtained":[{"floor":5,"key":"Ancient Potion"},{"floor":11,"key":"Weak Potion"},{"floor":14,"key":"PowerPotion"}],"is_trial":false,"path_per_floor":["M","?","$","?","M","R","M","R","T","R","M","M","M","M","R","B",null,"M","?","?","M","$","R","M","R","T","?","$","?","E","T","R","B",null,"M","?","?","$","M","R","M","R","T","R","?","M","R","M","R","B",null],"character_chosen":"THE_SILENT","items_purchased":["Catalyst","Wraith Form v2","Footwork"],"campfire_rested":1,"item_purchase_floors":[22,28,38],"current_hp_per_floor":[54,54,54,54,54,54,54,54,54,54,47,49,47,48,48,31,57,58,58,58,53,53,53,52,52,52,52,52,31,21,21,55,43,60,62,57,57,57,58,58,60,60,60,60,60,62,62,60,60,32],"gold":203,"neow_bonus":"REMOVE_TWO","is_daily":false,"chose_seed":false,"campfire_upgraded":11,"win_rate":0.0,"timestamp":1613838065,"path_taken":["M","?","?","?","M","R","M","R","T","R","?","M","M","M","R","BOSS","M","?","?","?","?","R","M","R","T","?","$","?","E","?","R","BOSS","M","?","?","$","M","R","M","R","T","R","?","M","R","M","R","BOSS"],"items_purchased_type":["Card","Card","Card"],"build_version":"2020-12-22","purchased_purges":0,"victory":true,"max_hp_per_floor":[66,66,66,66,66,66,66,66,66,66,66,66,66,66,66,66,66,66,66,66,66,66,66,66,66,66,66,66,66,66,66,66,66,66,66,66,66,66,66,66,66,66,66,66,63,63,63,63,63,63],"relic_stats":{"Blood Vial":31,"Sozu":6,"Regal Pillow":15,"Gremlin Horn":[6,6],"counters":[19,92],"Mummified Hand":[25],"Blue Candle":[0],"Bag of Preparation":[14],"Letter Opener":[145],"obtain_stats":[{"Blood Vial":9,"Sozu":17,"Regal Pillow":2,"Gremlin Horn":20,"Mummified Hand":30,"Blue Candle":43,"Bag of Preparation":31,"Letter Opener":26,"Ring of the Serpent":34,"Ring of the Snake":0},{"Blood Vial":3,"Sozu":8,"Regal Pillow":1,"Gremlin Horn":9,"Mummified Hand":12,"Blue Candle":16,"Bag of Preparation":12,"Letter Opener":11,"Ring of the Serpent":13,"Ring of the Snake":0},{"Blood Vial":12,"Sozu":34,"Regal Pillow":7,"Gremlin Horn":38,"Mummified Hand":50,"Blue Candle":68,"Bag of Preparation":50,"Letter Opener":44,"Ring of the Serpent":59,"Ring of the Snake":0}]},"card_choices":[{"not_picked":["Sucker Punch","Dodge and Roll"],"picked":"Terror","floor":1},{"not_picked":["Flying Knee","Poisoned Stab"],"picked":"Masterful Stab","floor":5},{"not_picked":["Sucker Punch","Underhanded Strike"],"picked":"Deadly Poison","floor":7},{"not_picked":["Underhanded Strike","Distraction"],"picked":"Backstab","floor":11},{"not_picked":["Dagger Spray","Quick Slash"],"picked":"Unload","floor":12},{"not_picked":["Distraction","Dodge and Roll"],"picked":"Cloak And Dagger","floor":13},{"not_picked":["Flying Knee","Endless Agony"],"picked":"PiercingWail","floor":14},{"not_picked":["Doppelganger","A Thousand Cuts"],"picked":"Corpse Explosion","floor":16},{"not_picked":["Riddle With Holes","Underhanded Strike"],"picked":"Leg Sweep","floor":18},{"not_picked":["Bane","Blade Dance"],"picked":"Backflip","floor":21},{"not_picked":["Prepared","Dagger Throw","Outmaneuver+1"],"picked":"SKIP","floor":24},{"not_picked":["Dagger Throw","Outmaneuver+1"],"picked":"Prepared","floor":24},{"not_picked":["Acrobatics","Heel Hook"],"picked":"PiercingWail+1","floor":30},{"not_picked":["Unload","Grand Finale"],"picked":"Tools of the Trade","floor":33},{"not_picked":["Crippling Poison","Prepared"],"picked":"Well Laid Plans","floor":35},{"not_picked":["Panacea","Mind Blast"],"picked":"Dark Shackles","floor":36},{"not_picked":["Quick Slash","Caltrops","Poisoned Stab"],"picked":"SKIP","floor":39},{"not_picked":["Quick Slash","Dagger Throw"],"picked":"Backflip","floor":41},{"not_picked":["Dagger Throw","Bane"],"picked":"Noxious Fumes","floor":46},{"not_picked":["Poisoned Stab","Dodge and Roll","Prepared"],"picked":"SKIP","floor":48}],"player_experience":581900,"relics_obtained":[{"floor":2,"key":"Regal Pillow"},{"floor":9,"key":"Blood Vial"},{"floor":26,"key":"Letter Opener"},{"floor":30,"key":"Mummified Hand"},{"floor":31,"key":"Bag of Preparation"},{"floor":43,"key":"Blue Candle"}],"event_choices":[{"damage_healed":0,"gold_gain":0,"player_choice":"Relic","damage_taken":0,"max_hp_gain":0,"max_hp_loss":0,"event_name":"Wheel of Change","floor":2,"gold_loss":0},{"damage_healed":0,"gold_gain":0,"player_choice":"Forge","damage_taken":0,"max_hp_gain":0,"max_hp_loss":0,"event_name":"Accursed Blacksmith","floor":4,"gold_loss":0,"cards_upgraded":["Neutralize"]},{"damage_healed":0,"gold_gain":0,"player_choice":"Read","damage_taken":0,"max_hp_gain":0,"max_hp_loss":0,"event_name":"The Library","floor":19,"gold_loss":0,"cards_obtained":["Leg Sweep"]},{"damage_healed":0,"gold_gain":0,"player_choice":"Obtained Relic","damage_taken":0,"relics_obtained":["Gremlin Horn"],"max_hp_gain":0,"max_hp_loss":0,"event_name":"Addict","floor":20,"gold_loss":85},{"damage_healed":0,"gold_gain":0,"cards_transformed":["Defend_G","Strike_G"],"player_choice":"Became Test Subject","damage_taken":0,"max_hp_gain":0,"max_hp_loss":0,"event_name":"Drug Dealer","floor":27,"gold_loss":0,"cards_obtained":["A Thousand Cuts","Adrenaline"]},{"damage_healed":0,"gold_gain":0,"player_choice":"Obtained Book","damage_taken":21,"max_hp_gain":0,"max_hp_loss":0,"event_name":"Cursed Tome","floor":29,"gold_loss":0},{"damage_healed":0,"gold_gain":0,"player_choice":"Memory 2","damage_taken":5,"max_hp_gain":0,"max_hp_loss":0,"event_name":"SensoryStone","floor":36,"gold_loss":0},{"cards_removed":["Strike_G"],"damage_healed":0,"gold_gain":0,"player_choice":"Removed Attack","damage_taken":0,"max_hp_gain":0,"max_hp_loss":0,"event_name":"Falling","floor":37,"gold_loss":0},{"damage_healed":0,"gold_gain":0,"player_choice":"Max HP","damage_taken":0,"max_hp_gain":0,"max_hp_loss":3,"event_name":"Winding Halls","floor":45,"gold_loss":0}],"is_beta":false,"boss_relics":[{"not_picked":["Coffee Dripper","Busted Crown"],"picked":"Sozu"},{"not_picked":["Philosopher\u0027s Stone","Tiny House"],"picked":"Ring of the Serpent"}],"items_purged_floors":[],"is_endless":false,"potions_floor_spawned":[5,11,13,14,21,30,33,35,39,46],"ascension_level":16}}