{"host":"nug5xkek4sujf8as","time":1613850822,"event":{"mods":["Act Like it!","Aspiration","BaseMod","Booster Modes","CapriCore","Colored Powertips","Conspire","Energized Spire","Gensokyo","Minty Spire (QoL Compilation)","Permanent Neow","Quick Restart","Replay The Spire","Shop Mod","Spicy Shops","StSLib","¡¾¹¦ÄÜMod¡¿»ìãçÖ®»·ÐÞ¸´²¹¶¡","¡¾ÒÅÎï¿¨ÅÆ¡¿REMEMod","óô»ðÖ¸ÄÏ"],"gold_per_floor":[150,23,23,83,33,139,139,64,64,417,478,478,275,335,335,637,637,685,685,152,22,22,103,445,634,634,941,398,500,500,500,502,793,793,835,835,835,835,715,398,170,531,531,413,493,493,493,72,72,98],"floor_reached":51,"language":"ZHS","playtime":2315,"items_purged":["Strike_R","Turbo","Strike_R","Defend_R"],"score":1038,"play_id":"240a181e-0efd-457f-ba3d-623d768ec2e3","local_time":"20210221035342","daily_mods":["Vintage","Diverse","Heirloom","Flight","Elite Swarm","Lethality","Midas"],"is_ascension_mode":true,"campfire_choices":[{"floor":49,"key":"REST"}],"circlet_count":0,"master_deck":["Apotheosis+1","Venomology","Calculated Gamble","conspire:SpireCoStock","Reboot+1","Burst","Eclipse","conspire:Purge","DeusExMachina","Dagger Spray+1","Blasphemy+1","Echo Form","Barricade","Recycle","Night Terror","Battle Trance","Gensokyo:MorningStar","Gensokyo:GreaterSplit","Apotheosis+1","Turbo+1","conspire:DoublingDagger+1","Malaise+1","Phantasmal Killer+1","Gensokyo:RustyChest","Gensokyo:Shovel","Gensokyo:ScrapIron","Gensokyo:DepletedGenerator","Halt+1"],"relics":["Burning Blood","Ring of Chaos","replay:Trail_Library","REME_ComplimentaryCards","Gambling Chip","conspire:InfiniteJournal","Eternal Feather","aspiration:HummingbirdHeart","PreservedInsect","The Courier","aspiration:DSix","ClockworkSouvenir","ReplayFunnel","Gensokyo:LunaticRedEyes","Dead Branch","conspire:DeflatedDodgeball","Lantern","REME_LimitBreaker","Charon\u0027s Ashes","Torii","Gensokyo:SongOfSouls","Darkstone Periapt","Ancient Tea Set","Toolbox","conspire:Dentures","Ice Cream","ReplayTheSpireMod:CursedCoin","Medical Kit","Busted Crown","Replay:PocketPolymizer","OrangePellets","Toxic Egg 2","MerchantsRug","Bottled Lightning","Replay:Bottled Eggs","ReplayTheSpireMod:Shallot","Bottled Flame","Replay:Rubber Ducky","aspiration:Lifesprig","Iron Hammer"],"acts_visited":["Gensokyo:Gensokyo","Gensokyo:Gensokyoer","Gensokyo:Gensokyoest"],"potions_floor_usage":[],"damage_taken":[{"damage":0.0,"enemies":"Gensokyo:2_Kodama","floor":1.0,"turns":4.0},{"damage":18.0,"enemies":"Gensokyo:Gryphon","floor":4.0,"turns":3.0},{"damage":21.0,"enemies":"Gensokyo:Mamizou","floor":6.0,"turns":8.0},{"damage":20.0,"enemies":"Gensokyo:Cirno","floor":10.0,"turns":5.0},{"damage":3.0,"enemies":"Gensokyo:Python","floor":11.0,"turns":4.0},{"damage":5.0,"enemies":"Gensokyo:LivingMonolith","floor":14.0,"turns":3.0},{"damage":51.0,"enemies":"Gensokyo:Yukari","floor":16.0,"turns":9.0},{"damage":27.0,"enemies":"Gensokyo:CosmicMonolith","floor":18.0,"turns":5.0},{"damage":6.0,"enemies":"Gensokyo:Koishi","floor":23.0,"turns":4.0},{"damage":0.0,"enemies":"Gensokyo:2_Gloops","floor":24.0,"turns":3.0},{"damage":18.0,"enemies":"Gensokyo:Reisen","floor":27.0,"turns":5.0},{"damage":5.0,"enemies":"Gensokyo:Tenshi","floor":29.0,"turns":2.0},{"damage":61.0,"enemies":"Gensokyo:Eternal_Rivals","floor":33.0,"turns":5.0},{"damage":0.0,"enemies":"Gensokyo:3_Boulders","floor":35.0,"turns":1.0},{"damage":0,"enemies":"Gensokyo:3_Bats","floor":42,"turns":2},{"damage":16,"enemies":"Gensokyo:Sharpion","floor":45,"turns":3},{"damage":6,"enemies":"Gensokyo:Scarlet_Devils","floor":50,"turns":4}],"seed_played":"1625790962831819698","potions_obtained":[{"floor":1.0,"key":"Reflective Coating"},{"floor":4.0,"key":"Reflective Coating"},{"floor":16.0,"key":"SkillPotion"},{"floor":18.0,"key":"SneckoOil"},{"floor":25.0,"key":"EntropicBrew"},{"floor":35.0,"key":"Explosive Potion"}],"is_trial":true,"path_per_floor":["M","COS","?","M","?","E","?","$","T","E","M","T","$","M","R","B",null,"M","?","$","COS","?","E","M","?","T","E","$","E","?","?","R","B",null,"M","?","?","?","$","R","$","M","T","R","M","?","?","COS","R","B",null],"character_chosen":"IRONCLAD","items_purchased":["ClockworkSouvenir","Charon\u0027s Ashes","Torii","Dagger Spray","Toolbox","Omamori","conspire:Dentures","ReplayTheSpireMod:CursedCoin","Medical Kit","Battle Trance","OrangePellets","Toxic Egg 2","MerchantsRug","Apotheosis+1","Turbo+1","Bottled Lightning","Replay:Bottled Eggs","Replay:Rubber Ducky"],"campfire_rested":1,"item_purchase_floors":[13,20,20,20,28,28,28,32,32,32,40,40,41,41,41,41,41,44],"current_hp_per_floor":[80,80,80,68,68,53,61,61,61,47,50,50,50,51,60,15,88,67,67,67,67,67,67,73,73,73,78,78,79,79,71,83,28,88,88,53,53,53,53,65,71,77,77,89,81,81,91,91,96,96],"gold":98,"neow_bonus":"","is_daily":false,"chose_seed":false,"campfire_upgraded":0,"win_rate":0.0,"timestamp":1613850822,"path_taken":["M","COS","?","?","?","E","?","?","T","E","?","?","$","M","R","BOSS","M","?","?","COS","?","E","?","?","T","E","$","E","?","?","R","BOSS","M","?","?","?","$","R","?","?","T","R","?","?","?","COS","R","BOSS"],"items_purchased_type":["Relic","Relic","Relic","Card","Relic","Relic","Relic","Relic","Relic","Card","Relic","Relic","Relic","Card","Card","Relic","Relic","Relic"],"build_version":"2020-12-22","purchased_purges":4,"victory":true,"max_hp_per_floor":[80,80,80,80,80,80,88,88,88,88,88,88,88,88,88,88,88,88,88,88,88,88,88,88,88,88,88,88,88,88,88,88,88,88,88,88,88,88,88,88,94,94,94,94,96,96,96,96,96,96],"card_choices":[{"not_picked":["ReplayTheSpireMod:Omega Cannon+1","Replay:LoomingThreat+1"],"picked":"Reboot+1","floor":6.0},{"not_picked":["Die Die Die","Amplify"],"picked":"Burst","floor":6.0},{"not_picked":["Meteor Strike","REME_GrazeFinale"],"picked":"Eclipse","floor":10.0},{"not_picked":["REME_WorshipGod","Echo Form"],"picked":"conspire:Purge","floor":11.0},{"not_picked":["Bludgeon","Night Terror"],"picked":"DeusExMachina","floor":16.0},{"not_picked":["Multi-Cast+1","Alpha+1"],"picked":"Blasphemy+1","floor":23.0},{"not_picked":["Alpha","REME_GrazeFinale","Meteor Strike"],"picked":"SKIP","floor":23.0},{"not_picked":["A Thousand Cuts","Brilliance","Grand Finale"],"picked":"Echo Form","floor":27.0},{"not_picked":["Replay:LoomingThreat","Fission"],"picked":"Barricade","floor":29.0},{"not_picked":["Gensokyo:RisingWorld","Gensokyo:DreamlikeParadise"],"picked":"Gensokyo:MorningStar","floor":37.0},{"not_picked":[],"picked":"Malaise","floor":45}],"player_experience":835256,"relics_obtained":[{"floor":1.0,"key":"conspire:InfiniteJournal"},{"floor":4.0,"key":"aspiration:HiddenCompartment"},{"floor":6.0,"key":"Eternal Feather"},{"floor":9.0,"key":"aspiration:HummingbirdHeart"},{"floor":10.0,"key":"PreservedInsect"},{"floor":11.0,"key":"The Courier"},{"floor":12.0,"key":"aspiration:DSix"},{"floor":14.0,"key":"ReplayFunnel"},{"floor":17.0,"key":"Dead Branch"},{"floor":17.0,"key":"conspire:DeflatedDodgeball"},{"floor":17.0,"key":"Lantern"},{"floor":18.0,"key":"REME_LimitBreaker"},{"floor":23.0,"key":"conspire:Boomerang"},{"floor":24.0,"key":"Darkstone Periapt"},{"floor":25.0,"key":"Whetstone"},{"floor":26.0,"key":"Ancient Tea Set"},{"floor":27.0,"key":"Letter Opener"},{"floor":29.0,"key":"Ice Cream"},{"floor":35.0,"key":"Replay:Accelerometer"},{"floor":42,"key":"ReplayTheSpireMod:Shallot"},{"floor":43,"key":"Bottled Flame"},{"floor":45,"key":"aspiration:Lifesprig"}],"event_choices":[{"damage_healed":0.0,"max_hp_gain":0.0,"max_hp_loss":0.0,"gold_gain":0.0,"event_name":"conspire:Investor","player_choice":"Invest 1","floor":5.0,"gold_loss":0.0,"damage_taken":0.0}],"is_beta":false,"boss_relics":[{"not_picked":["energizedSpire:NeverEndingSparkler","Honey Jar"],"picked":"Calling Bell"},{"not_picked":["energizedSpire:DeadBattery","Tiny House"],"picked":"Busted Crown"}],"items_purged_floors":[8,13,28,39],"is_endless":false,"potions_floor_spawned":[1,4,16,18,29,35],"ascension_level":1}}