{"host":"gkh5j5k5w4qf7k7n","time":1613828228,"event":{"mods":["100% Spire Juice","2.2 Compatiblity","AchievementEnabler","BaseMod","Colored Map","Colored Powertips","GifTheSpireLib","Hermit","Keyboard Shortcuts","Minty Spire (QoL Compilation)","Quick Restart","Replay The Spire","StSLib","SuperFastMode","The Clintock","The Problem Sleuth","TheBandit","¡¼?Úª?ø«¡½REMEMod"],"gold_per_floor":[114,127,127,127,137,137,162,162,189,189,217,246,276,276,276,349,349,363,543,443,461,140,140,140,169,192,82,107,107,124,134,134,211,211,227,227,281,293,310,344,344,377,377,404,419,452,452,470,470,470,470,470,10,42,42],"floor_reached":56,"language":"KOR","playtime":2672,"items_purged":["ReplayTheSpireMod:Doomed","theSleuth:Strike","theSleuth:Defend","CommonCold"],"score":2546,"play_id":"0be91cfa-2ebc-401f-96c9-54aa2f1b433f","local_time":"20210220223708","is_ascension_mode":true,"campfire_choices":[{"data":"Bludgeon","floor":6.0,"key":"SMITH"},{"data":"theSleuth:TakeInventory","floor":8.0,"key":"SMITH"},{"data":"theSleuth:Embarrass","floor":15.0,"key":"SMITH"},{"data":"REME_Flogging","floor":23.0,"key":"SMITH"},{"data":"theSleuth:KingpinBust","floor":32.0,"key":"SMITH"},{"data":"Madness","floor":41.0,"key":"SMITH"},{"floor":47.0,"key":"RECALL"},{"data":"theSleuth:GummyWormZombie","floor":49.0,"key":"SMITH"},{"data":"theSleuth:BenStillerBust","floor":52.0,"key":"SMITH"}],"circlet_count":0,"master_deck":["AscendersBane","theSleuth:KeyHandgun","theSleuth:TakeInventory+1","theSleuth:Diplomacy","theSleuth:LeverageHeight+1","theSleuth:BenStillerBust+1","theSleuth:KingpinBust+1","Good Instincts+1","REME_Flogging+1","theSleuth:TakeInventory+1","theSleuth:GummyWormZombie+1","Decay","Madness+1","Madness+1","theSleuth:WilsonBust+1","REME_TheoryOfElimination+1","Apotheosis+1"],"relics":["Replay:Rubber Ducky","ReplayTheSpireMod:TigerMarble","theSleuth:BowenStilsonDogg","Dream Catcher","ReplayTheSpireMod:CursedCoin","Pocketwatch","theSleuth:MegatonKey","Strawberry","Smiling Mask","ReplayTheSpireMod:Lightbulb","theSleuth:Tectrixcalibur","Kintsugi","Golden Egg","War Paint","Blue Candle","Akabeko","Art of War","Oddly Smooth Stone","FossilizedHelix"],"acts_visited":["Exordium","TheCity","TheBeyond","TheEnding"],"potions_floor_usage":[55,55],"damage_taken":[{"damage":0.0,"enemies":"Cultist","floor":1.0,"turns":3.0},{"damage":8.0,"enemies":"Jaw Worm","floor":2.0,"turns":3.0},{"damage":5.0,"enemies":"Small Slimes","floor":5.0,"turns":4.0},{"damage":15.0,"enemies":"3 Sentries","floor":7.0,"turns":5.0},{"damage":0.0,"enemies":"Lagavulin","floor":11.0,"turns":3.0},{"damage":6.0,"enemies":"3 Sentries","floor":13.0,"turns":5.0},{"damage":0.0,"enemies":"Hexaghost","floor":16.0,"turns":8.0},{"damage":0.0,"enemies":"Spheric Guardian","floor":18.0,"turns":1.0},{"damage":0.0,"enemies":"Chosen","floor":21.0,"turns":3.0},{"damage":0.0,"enemies":"Gremlin Leader","floor":25.0,"turns":4.0},{"damage":18.0,"enemies":"Slavers","floor":28.0,"turns":3.0},{"damage":0.0,"enemies":"Centurion and Healer","floor":30.0,"turns":3.0},{"damage":0.0,"enemies":"3 Cultists","floor":31.0,"turns":3.0},{"damage":0.0,"enemies":"Pondfish","floor":33.0,"turns":2.0},{"damage":0.0,"enemies":"Orb Walker","floor":35.0,"turns":3.0},{"damage":5.0,"enemies":"3 Shapes","floor":38.0,"turns":2.0},{"damage":2.0,"enemies":"Sphere and 2 Shapes","floor":39.0,"turns":2.0},{"damage":0.0,"enemies":"R_Hoarder","floor":40.0,"turns":8.0},{"damage":0.0,"enemies":"Giant Head","floor":42.0,"turns":3.0},{"damage":1.0,"enemies":"R_Hoarder","floor":44.0,"turns":5.0},{"damage":1.0,"enemies":"Maw","floor":45.0,"turns":2.0},{"damage":6.0,"enemies":"Nemesis","floor":46.0,"turns":3.0},{"damage":1.0,"enemies":"Transient","floor":48.0,"turns":5.0},{"damage":3.0,"enemies":"Awakened One","floor":50.0,"turns":4.0},{"damage":1.0,"enemies":"Shield and Spear","floor":54.0,"turns":3.0},{"damage":49,"enemies":"The Heart","floor":55,"turns":6}],"seed_played":"-7182031076193857840","potions_obtained":[{"floor":7.0,"key":"SpeedPotion"},{"floor":11.0,"key":"Death Potion"},{"floor":28.0,"key":"Venom Potion"},{"floor":30.0,"key":"SpeedPotion"},{"floor":33.0,"key":"LiquidBronze"},{"floor":54.0,"key":"Cursed Concoction"}],"is_trial":false,"path_per_floor":["M","M","?","?","M","R","E","R","T","?","E","$","E","?","R","B",null,"M","?","$","M","$","R","?","E","T","?","E","?","M","M","R","B",null,"M","?","T","M","M","E","R","E","T","E","M","E","R","M","R","B",null,"R","$","E","B",null],"character_chosen":"THE_sleuth","items_purchased":["ReplayTheSpireMod:CursedCoin","theSleuth:BenStillerBust","REME_Flogging","REME_TheoryOfElimination","Oddly Smooth Stone","Apotheosis"],"campfire_rested":0,"item_purchase_floors":[12,12,22,53,53,53],"current_hp_per_floor":[66,58,58,58,53,53,38,38,38,38,38,38,32,32,32,32,58,58,33,33,33,33,33,33,40,40,40,22,22,22,22,22,22,60,60,47,47,42,40,40,40,40,40,39,38,32,32,31,31,28,62,62,62,61,12],"gold":42,"neow_bonus":"TRANSFORM_TWO_CARDS","is_daily":false,"chose_seed":false,"campfire_upgraded":8,"win_rate":0.0,"timestamp":1613828228,"path_taken":["M","M","?","?","M","R","E","R","T","?","E","$","E","?","R","BOSS","M","?","$","M","$","R","?","E","T","?","E","?","M","M","R","BOSS","M","?","?","?","M","E","R","E","T","E","M","E","R","M","R","BOSS","R","$","E","BOSS"],"items_purchased_type":["Relic","Card","Card","Card","Relic","Card"],"build_version":"2020-12-22","purchased_purges":4,"victory":true,"max_hp_per_floor":[66,66,66,66,66,66,66,66,66,66,66,66,66,66,66,66,66,66,66,66,66,66,66,66,73,73,73,73,73,73,73,73,73,73,73,73,73,73,73,73,73,73,73,73,73,73,73,73,73,73,73,73,73,73,73],"card_choices":[{"not_picked":["theSleuth:TruffleTrouble","theSleuth:HandCannon","theSleuth:Joust"],"picked":"SKIP","floor":1.0},{"not_picked":["theSleuth:FlaskOfWhiskey","theSleuth:Fortify"],"picked":"theSleuth:CharismaBlast","floor":2.0},{"not_picked":["theSleuth:Fortify","theSleuth:CharismaBlast"],"picked":"theSleuth:Parry","floor":5.0},{"not_picked":["theSleuth:BenStillerBust","theSleuth:Diabeatdown","theSleuth:Pepperminthryl"],"picked":"SKIP","floor":7.0},{"not_picked":["theSleuth:ClubClubClub","theSleuth:HeartStab","theSleuth:Tootshotgun"],"picked":"SKIP","floor":11.0},{"not_picked":["theSleuth:Unscale","theSleuth:Treaty","theSleuth:UnDeEscalate"],"picked":"SKIP","floor":13.0},{"not_picked":["theSleuth:FlaskOfWhiskey","theSleuth:Fortify"],"picked":"theSleuth:KingpinBust","floor":18.0},{"not_picked":["theSleuth:Fortify","theSleuth:Ignore","theSleuth:Parry"],"picked":"SKIP","floor":21.0},{"not_picked":["theSleuth:VictoryPose","theSleuth:ThinkAhead","theSleuth:WizardSudoku"],"picked":"SKIP","floor":25.0},{"not_picked":["theSleuth:FairShake","theSleuth:ThrowHat","theSleuth:PezUzi"],"picked":"SKIP","floor":28.0},{"not_picked":["theSleuth:KeyringTommygun","theSleuth:Fortify","theSleuth:Ignore"],"picked":"SKIP","floor":30.0},{"not_picked":["theSleuth:CandyLeather","theSleuth:RetrieveArms","theSleuth:ThinkAhead"],"picked":"SKIP","floor":31.0},{"not_picked":["theSleuth:MobRule","theSleuth:CandidBullets"],"picked":"theSleuth:GummyWormZombie","floor":33.0},{"not_picked":["theSleuth:BenStillerBust+1","theSleuth:SpadeDig","theSleuth:Fortify"],"picked":"SKIP","floor":35.0},{"not_picked":["theSleuth:Tootshotgun","theSleuth:TruffleShuffle+1","theSleuth:Embarrass+1"],"picked":"SKIP","floor":38.0},{"not_picked":["theSleuth:PezUzi","theSleuth:Parry","theSleuth:Treaty+1"],"picked":"SKIP","floor":39.0},{"not_picked":["theSleuth:WizardSudoku+1","theSleuth:UnDeEscalate","theSleuth:Ignore"],"picked":"SKIP","floor":40.0},{"not_picked":["theSleuth:Treaty","theSleuth:MobRule"],"picked":"theSleuth:WilsonBust","floor":42.0},{"not_picked":["theSleuth:SpadeDig+1","theSleuth:FairShake","theSleuth:Fortify"],"picked":"SKIP","floor":44.0},{"not_picked":["theSleuth:UnDeEscalate","theSleuth:Ignore","theSleuth:ForceDeck+1"],"picked":"SKIP","floor":45.0},{"not_picked":["theSleuth:KingpinBust","theSleuth:FlaskOfWhiskey+1","theSleuth:Ogle"],"picked":"SKIP","floor":46.0},{"not_picked":["theSleuth:HandCannon+1","theSleuth:Ogle+1","theSleuth:ForceDeck"],"picked":"SKIP","floor":48.0},{"not_picked":["theSleuth:CharismaBlast","theSleuth:WilsonBust","theSleuth:HeartStab"],"picked":"SKIP","floor":54.0}],"player_experience":825624,"relics_obtained":[{"floor":7.0,"key":"ReplayTheSpireMod:TigerMarble"},{"floor":9.0,"key":"theSleuth:BowenStilsonDogg"},{"floor":11.0,"key":"Dream Catcher"},{"floor":13.0,"key":"Pocketwatch"},{"floor":25.0,"key":"Strawberry"},{"floor":26.0,"key":"Smiling Mask"},{"floor":28.0,"key":"ReplayTheSpireMod:Lightbulb"},{"floor":40.0,"key":"Golden Egg"},{"floor":42.0,"key":"War Paint"},{"floor":43.0,"key":"Blue Candle"},{"floor":44.0,"key":"Akabeko"},{"floor":46.0,"key":"Art of War"},{"floor":54.0,"key":"FossilizedHelix"}],"event_choices":[{"cards_removed":["theSleuth:CharismaBlast"],"damage_healed":0.0,"max_hp_gain":0.0,"max_hp_loss":0.0,"gold_gain":0.0,"event_name":"WeMeetAgain","player_choice":"Gave Card","floor":3.0,"gold_loss":0.0,"damage_taken":0.0,"relics_obtained":["Replay:Rubber Ducky"]},{"cards_removed":["theSleuth:Strike"],"damage_healed":0.0,"max_hp_gain":0.0,"max_hp_loss":0.0,"gold_gain":0.0,"event_name":"Purifier","player_choice":"Purged","floor":4.0,"gold_loss":0.0,"damage_taken":0.0},{"damage_healed":0.0,"max_hp_gain":0.0,"max_hp_loss":0.0,"gold_gain":0.0,"event_name":"Match and Keep!","player_choice":"1 cards matched","floor":10.0,"gold_loss":0.0,"damage_taken":0.0,"cards_obtained":["theSleuth:LeverageHeight"]},{"damage_healed":0.0,"max_hp_gain":0.0,"max_hp_loss":0.0,"gold_gain":0.0,"event_name":"Accursed Blacksmith","player_choice":"Forge","floor":14.0,"gold_loss":0.0,"damage_taken":0.0,"cards_upgraded":["theSleuth:LeverageHeight"]},{"damage_healed":0.0,"max_hp_gain":0.0,"max_hp_loss":0.0,"gold_gain":180.0,"event_name":"Knowing Skull","player_choice":"GOLD GOLD CARD ","floor":19.0,"potions_obtained":[],"gold_loss":0.0,"damage_taken":25.0,"cards_obtained":["Good Instincts"]},{"damage_healed":0.0,"max_hp_gain":0.0,"max_hp_loss":0.0,"gold_gain":0.0,"event_name":"Duplicator","player_choice":"Copied","floor":24.0,"gold_loss":0.0,"damage_taken":0.0,"cards_obtained":["theSleuth:TakeInventory"]},{"cards_removed":["theSleuth:Ogle"],"damage_healed":0.0,"max_hp_gain":0.0,"max_hp_loss":0.0,"gold_gain":0.0,"event_name":"Designer","player_choice":"Upgrade and Remove","floor":27.0,"gold_loss":110.0,"damage_taken":0.0,"cards_upgraded":["theSleuth:Defend"]},{"damage_healed":0.0,"max_hp_gain":0.0,"max_hp_loss":0.0,"gold_gain":0.0,"event_name":"Winding Halls","player_choice":"Embrace Madness","floor":36.0,"gold_loss":0.0,"damage_taken":13.0,"cards_obtained":["Madness","Madness"]}],"is_beta":false,"boss_relics":[{"not_picked":["REME_DuelDisc","Black Star"],"picked":"theSleuth:MegatonKey"},{"not_picked":["Fusion Hammer","Snecko Eye"],"picked":"Kintsugi"}],"items_purged_floors":[12,20,22,53],"is_endless":false,"potions_floor_spawned":[7,11,16,18,28,30,33,39,40,42,54],"ascension_level":15}}