{"host":"5mo0809oo9tcrmpl","time":1613795184,"event":{"mods":["BaseMod","Highlight Path","Minty Spire (QoL Compilation)","Relic Stats","Slay the Relics Exporter"],"gold_per_floor":[119,138,149,161,176,207,225,9,9,9,9,34,34,67,67,146,146,157,157,174,186,199,199,199],"floor_reached":23,"language":"ENG","playtime":1186,"items_purged":["Strike_B"],"score":430,"play_id":"a357761d-d41d-4722-b35e-5c704649c690","local_time":"20210219222624","is_ascension_mode":true,"campfire_choices":[{"data":"Go for the Eyes","floor":10.0,"key":"SMITH"},{"data":"Defragment","floor":13.0,"key":"SMITH"},{"floor":15.0,"key":"REST"}],"circlet_count":0,"master_deck":["AscendersBane","Defend_B","Defend_B","Defend_B","Defend_B","Zap+1","Dualcast","Self Repair","Leap","Go for the Eyes+1","Coolheaded","Streamline","Gash","Cold Snap","Defragment+1","Hologram","Gash","Static Discharge","Seek","Skim+1","Recycle+1","Chaos+1","Defragment","Defragment+1","Conserve Battery","Coolheaded","Turbo"],"relics":["Cracked Core","Bag of Preparation","Bottled Flame","Prayer Wheel","The Courier","Astrolabe"],"acts_visited":["Exordium","TheCity"],"potions_floor_usage":[23],"damage_taken":[{"damage":0.0,"enemies":"Cultist","floor":1.0,"turns":3.0},{"damage":7.0,"enemies":"Jaw Worm","floor":2.0,"turns":3.0},{"damage":4.0,"enemies":"Small Slimes","floor":3.0,"turns":3.0},{"damage":27.0,"enemies":"Exordium Wildlife","floor":4.0,"turns":6.0},{"damage":6.0,"enemies":"Red Slaver","floor":5.0,"turns":3.0},{"damage":15.0,"enemies":"Lagavulin","floor":6.0,"turns":7.0},{"damage":18.0,"enemies":"Large Slime","floor":7.0,"turns":5.0},{"damage":51.0,"enemies":"Gremlin Nob","floor":12.0,"turns":5.0},{"damage":13.0,"enemies":"3 Sentries","floor":14.0,"turns":6.0},{"damage":8.0,"enemies":"The Guardian","floor":16.0,"turns":9.0},{"damage":17.0,"enemies":"Spheric Guardian","floor":18.0,"turns":6.0},{"damage":6.0,"enemies":"Shell Parasite","floor":20.0,"turns":6.0},{"damage":9.0,"enemies":"Sentry and Sphere","floor":21.0,"turns":8.0},{"damage":7.0,"enemies":"Snake Plant","floor":22.0,"turns":7.0},{"damage":45,"enemies":"Book of Stabbing","floor":23,"turns":6}],"seed_played":"-4243169182544722304","potions_obtained":[{"floor":1.0,"key":"SkillPotion"},{"floor":3.0,"key":"LiquidBronze"},{"floor":7.0,"key":"FairyPotion"},{"floor":12.0,"key":"FearPotion"},{"floor":14.0,"key":"DistilledChaos"},{"floor":20.0,"key":"Strength Potion"}],"is_trial":false,"path_per_floor":["M","M","M","M","M","E","M","$","T","R","?","E","R","E","R","B",null,"M","?","M","M","M","E"],"character_chosen":"DEFECT","items_purchased":["Defragment","Hologram"],"campfire_rested":1,"item_purchase_floors":[8,8],"current_hp_per_floor":[64,64,67,47,48,40,29,29,29,29,29,28,28,15,36,35,62,52,46,47,45,45,0,0],"gold":199,"neow_bonus":"UPGRADE_CARD","is_daily":false,"chose_seed":false,"campfire_upgraded":2,"win_rate":0.0,"timestamp":1613795184,"path_taken":["M","M","M","M","?","E","M","$","T","R","?","E","R","E","R","BOSS","M","?","M","M","M","E"],"items_purchased_type":["Card","Card"],"build_version":"2020-12-22","purchased_purges":1,"victory":false,"max_hp_per_floor":[71,71,71,71,71,71,71,71,71,71,71,71,71,71,71,71,71,71,71,71,71,71,71,71],"relic_stats":{"counters":[15,83],"Astrolabe":["Skim","Recycle","Chaos"],"Prayer Wheel":4,"Bag of Preparation":[18],"obtain_stats":[{"Bottled Flame":9,"Astrolabe":17,"Prayer Wheel":12,"The Courier":14,"Bag of Preparation":6,"Cracked Core":0},{"Bottled Flame":7,"Astrolabe":10,"Prayer Wheel":8,"The Courier":9,"Bag of Preparation":6,"Cracked Core":0},{"Bottled Flame":30,"Astrolabe":50,"Prayer Wheel":35,"The Courier":41,"Bag of Preparation":25,"Cracked Core":0}]},"card_choices":[{"not_picked":["Skim","Consume"],"picked":"Self Repair","floor":1.0},{"not_picked":["Redo","Steam"],"picked":"Leap","floor":2.0},{"not_picked":["Undo","Rebound"],"picked":"Go for the Eyes","floor":3.0},{"not_picked":["Steam Power","Glacier"],"picked":"Coolheaded","floor":4.0},{"not_picked":["Go for the Eyes","Undo"],"picked":"Streamline","floor":5.0},{"not_picked":["Hologram","FTL"],"picked":"Gash","floor":6.0},{"not_picked":["Hyperbeam","Rip and Tear"],"picked":"Cold Snap","floor":7.0},{"not_picked":["Scrape","Auto Shields"],"picked":"Gash","floor":12.0},{"not_picked":["Lockon","Compile Driver"],"picked":"Static Discharge","floor":14.0},{"not_picked":["Biased Cognition","Amplify"],"picked":"Seek","floor":16.0},{"not_picked":["Consume","Hologram"],"picked":"Defragment","floor":18.0},{"not_picked":["Rip and Tear","Gash"],"picked":"Defragment+1","floor":18.0},{"not_picked":["Hello World","Ball Lightning"],"picked":"Conserve Battery","floor":20.0},{"not_picked":["Consume","Beam Cell","Redo"],"picked":"SKIP","floor":20.0},{"not_picked":["Rebound","Turbo"],"picked":"Coolheaded","floor":21.0},{"not_picked":["Barrage","Rainbow"],"picked":"Turbo","floor":21.0},{"not_picked":["Turbo","Cold Snap","Leap"],"picked":"SKIP","floor":22.0},{"not_picked":["Genetic Algorithm","Stack","Auto Shields+1"],"picked":"SKIP","floor":22.0}],"player_experience":1304295,"relics_obtained":[{"floor":6.0,"key":"Bag of Preparation"},{"floor":9.0,"key":"Bottled Flame"},{"floor":12.0,"key":"Prayer Wheel"},{"floor":14.0,"key":"The Courier"}],"event_choices":[{"damage_healed":0.0,"max_hp_gain":0.0,"max_hp_loss":0.0,"gold_gain":0.0,"event_name":"Liars Game","player_choice":"Ignored","floor":11.0,"gold_loss":0.0,"damage_taken":0.0},{"damage_healed":0.0,"max_hp_gain":0.0,"max_hp_loss":0.0,"gold_gain":0.0,"event_name":"Knowing Skull","player_choice":"","floor":19.0,"potions_obtained":[],"gold_loss":0.0,"damage_taken":6.0,"cards_obtained":[]}],"is_beta":false,"boss_relics":[{"not_picked":["Snecko Eye","Velvet Choker"],"picked":"Astrolabe"}],"items_purged_floors":[8],"is_endless":false,"potions_floor_spawned":[1,3,7,12,14,20],"killed_by":"Book of Stabbing","ascension_level":20}}