{"host":"8e3sp1tozjyrh64l","time":1613857129,"event":{"mods":["Act Like it!","BaseMod","Better Altar","Better Match","Better Note","Better Sensory Stone","Better Silent Start","Better Skull","Better Third Choice","BetterRewards","Conspire","Curses Come First","Defuse TimeMaze Blight","Infinite Spire","Minty Spire (QoL Compilation)","Permanent Neow","Rare Cards Sparkle","Relic Sorter","Reliquary","Replay The Spire","Shop Mod","Spicy Shops","StSLib","SuperFastMode","The Jungle","The Mystic","The Necromancer","Wandering Minibosses"],"gold_per_floor":[368,386,386,386,383,411,425,453,453,1,20,30,56,14,14,107,107,54,54],"floor_reached":18,"language":"ENG","playtime":615,"items_purged":[],"score":218,"play_id":"fe4420c7-29f5-4b00-b8d6-27ad3bd3572d","local_time":"20210220143849","is_ascension_mode":true,"campfire_choices":[{"data":"Envenom","floor":15,"key":"SMITH"}],"circlet_count":0,"master_deck":["Strike_G","Strike_G","Strike_G","Strike_G","Defend_G","Defend_G","Defend_G","Defend_G","Survivor","Neutralize","ReplayTheSpireMod:Scrap Shanks","Toxin Wave","Poisoned Stab","Poison Darts","Envenom+1"],"relics":["Sizzling Blood","Replay:Bottled Steam","reliquary:HotPoker","Singing Bowl","Lee\u0027s Waffle","Bird Faced Urn","conspire:DeflatedDodgeball","Replay:Wax Seal","conspire:SpecialSausage"],"acts_visited":["Exordium","TheCity"],"potions_floor_usage":[6,8,16,18],"damage_taken":[{"damage":0,"enemies":"2 Louse","floor":1,"turns":3},{"damage":0,"enemies":"Jaw Worm","floor":2,"turns":5},{"damage":1,"enemies":"Cultist","floor":5,"turns":5},{"damage":23,"enemies":"3 Sentries","floor":6,"turns":10},{"damage":18,"enemies":"Exordium Thugs","floor":7,"turns":3},{"damage":13,"enemies":"Lagavulin","floor":8,"turns":7},{"damage":3,"enemies":"Blue Slaver","floor":11,"turns":3},{"damage":0,"enemies":"Large Slime","floor":12,"turns":4},{"damage":32,"enemies":"Gremlin Nob","floor":13,"turns":5},{"damage":56,"enemies":"The Guardian","floor":16,"turns":9},{"damage":10,"enemies":"3 Byrds","floor":18,"turns":5}],"seed_played":"8501739262536284843","potions_obtained":[{"floor":1,"key":"LiquidMemories"},{"floor":6,"key":"Milkshake"},{"floor":8,"key":"Cursed Concoction"},{"floor":11,"key":"FearPotion"},{"floor":16,"key":"SkillPotion"}],"is_trial":false,"path_per_floor":["M","M","?","?","M","E","M","E","T","$","M","M","E","$","R","B",null,"M"],"character_chosen":"THE_SILENT","items_purchased":["Lee\u0027s Waffle","Bird Faced Urn","Replay:Wax Seal"],"campfire_rested":0,"item_purchase_floors":[10,10,14],"current_hp_per_floor":[49,49,53,53,56,37,23,14,14,81,83,85,59,59,59,13,87,85,85],"gold":54,"neow_bonus":"TWO_FIFTY_GOLD","is_daily":false,"chose_seed":false,"campfire_upgraded":1,"win_rate":0.0,"timestamp":1613857129,"path_taken":["M","M","?","?","M","E","?","E","T","$","M","M","E","?","R","BOSS","M"],"items_purchased_type":["Relic","Relic","Relic"],"build_version":"2020-12-22","purchased_purges":0,"victory":false,"max_hp_per_floor":[70,70,74,74,74,74,74,74,74,81,83,85,85,85,85,87,87,89,89],"card_choices":[{"not_picked":["Deadly Poison","Flying Knee"],"picked":"ReplayTheSpireMod:Scrap Shanks","floor":1},{"not_picked":["Hidden Blade","Flying Knee"],"picked":"Toxin Wave","floor":2},{"not_picked":["Sucker Punch","Bane"],"picked":"Poisoned Stab","floor":5},{"not_picked":["Acrobatics","Quick Slash"],"picked":"Poison Darts","floor":6},{"not_picked":["Heel Hook","Poisoned Stab","Slice"],"picked":"SKIP","floor":7},{"not_picked":["Deadly Poison","Slice","Dagger Throw"],"picked":"SKIP","floor":8},{"not_picked":["Expertise","Dash","conspire:PoisonWeapons"],"picked":"Singing Bowl","floor":11},{"not_picked":["conspire:PoisonWeapons","Reflex","Dagger Throw"],"picked":"Singing Bowl","floor":12},{"not_picked":["ReplayTheSpireMod:From All Sides","Dagger Spray"],"picked":"Envenom","floor":13},{"not_picked":["Atom Bomb","Tools of the Trade","Doppelganger"],"picked":"Singing Bowl","floor":16},{"not_picked":["Cloak And Dagger","Slice+1","Hidden Blade+1"],"picked":"Singing Bowl","floor":18}],"player_experience":962982,"relics_obtained":[{"floor":6,"key":"Replay:Bottled Steam"},{"floor":8,"key":"reliquary:HotPoker"},{"floor":9,"key":"Singing Bowl"},{"floor":13,"key":"conspire:DeflatedDodgeball"}],"event_choices":[{"damage_healed":0,"gold_gain":0,"player_choice":"Ignored","damage_taken":0,"max_hp_gain":0,"max_hp_loss":0,"event_name":"betterNote:BetterNote","floor":4,"gold_loss":0,"cards_obtained":["Trip"]}],"is_beta":false,"boss_relics":[{"not_picked":["conspire:RunicOctahedron","Calling Bell"],"picked":"conspire:SpecialSausage"}],"items_purged_floors":[],"is_endless":false,"potions_floor_spawned":[1,6,8,11,16],"killed_by":"3 Byrds","ascension_level":1}}