{"host":"i45hfqkcke4zequp","time":1613808279,"event":{"mods":["AchievementEnabler","BaseMod","BetterRewards","Minty Spire (QoL Compilation)","Permanent Neow","Shop Mod","SuperFastMode"],"gold_per_floor":[115,115,130,150,161,189,189,199,224,224,72,72,72,92,92,167,167,185,185,201,201,201,229,184,228,275,295,97,197,226,267,267,267,267],"floor_reached":33,"language":"KOR","playtime":1307,"items_purged":[],"score":528,"play_id":"14419fb4-b0e5-4709-bdc8-44582b01e8fd","local_time":"20210220170439","is_ascension_mode":true,"campfire_choices":[{"floor":7.0,"key":"REST"},{"floor":10.0,"key":"REST"},{"floor":12.0,"key":"REST"},{"data":"Bullet Time","floor":15.0,"key":"SMITH"},{"floor":32,"key":"REST"}],"circlet_count":0,"master_deck":["AscendersBane","Strike_G+1","Strike_G+1","Strike_G+1","Strike_G+1","Strike_G+1","Defend_G+1","Defend_G+1","Defend_G+1","Defend_G+1","Defend_G+1","Survivor","Neutralize","Bane","Deadly Poison","Bane","Sucker Punch","Riddle With Holes","Bullet Time+1","Flying Knee","Catalyst","Bane","Deadly Poison","Poisoned Stab","Crippling Poison","Sucker Punch","Die Die Die","Prepared","Backstab","Dagger Throw","Deadly Poison","Poisoned Stab","Glass Knife","Poisoned Stab","Outmaneuver+1","All Out Attack"],"relics":["Ring of the Snake","The Specimen","Incense Burner","CultistMask","Oddly Smooth Stone","Anchor","Pocketwatch","Fusion Hammer","Pen Nib","CeramicFish","Happy Flower","Lee\u0027s Waffle","Calipers","Bottled Flame","Lantern"],"acts_visited":["Exordium","TheCity"],"potions_floor_usage":[29,29,31,33],"damage_taken":[{"damage":0.0,"enemies":"2 Louse","floor":1.0,"turns":2.0},{"damage":4.0,"enemies":"Cultist","floor":3.0,"turns":3.0},{"damage":0.0,"enemies":"Small Slimes","floor":4.0,"turns":2.0},{"damage":6.0,"enemies":"3 Louse","floor":5.0,"turns":3.0},{"damage":31.0,"enemies":"Lagavulin","floor":6.0,"turns":7.0},{"damage":5.0,"enemies":"Large Slime","floor":8.0,"turns":6.0},{"damage":0.0,"enemies":"Blue Slaver","floor":14.0,"turns":3.0},{"damage":26.0,"enemies":"Hexaghost","floor":16.0,"turns":6.0},{"damage":2.0,"enemies":"Chosen","floor":18.0,"turns":3.0},{"damage":3.0,"enemies":"Shell Parasite","floor":20.0,"turns":4.0},{"damage":4.0,"enemies":"Book of Stabbing","floor":23.0,"turns":4.0},{"damage":15.0,"enemies":"Gremlin Leader","floor":25.0,"turns":5.0},{"damage":26.0,"enemies":"Snake Plant","floor":27.0,"turns":3.0},{"damage":0,"enemies":"Colosseum Slavers","floor":29,"turns":3},{"damage":0,"enemies":"Colosseum Nobs","floor":29,"turns":3},{"damage":5,"enemies":"Centurion and Healer","floor":30,"turns":4},{"damage":5,"enemies":"Book of Stabbing","floor":31,"turns":4},{"damage":104,"enemies":"Champ","floor":33,"turns":12}],"seed_played":"-7341475418035854763","potions_obtained":[{"floor":6.0,"key":"Dexterity Potion"},{"floor":14.0,"key":"ColorlessPotion"},{"floor":16.0,"key":"BlessingOfTheForge"},{"floor":20.0,"key":"ColorlessPotion"},{"floor":27.0,"key":"ColorlessPotion"},{"floor":29,"key":"SpeedPotion"},{"floor":30,"key":"Energy Potion"},{"floor":31,"key":"Dexterity Potion"}],"is_trial":false,"path_per_floor":["M","?","M","M","M","E","R","M","T","R","$","R","T","M","R","B",null,"M","?","M","?","?","E","$","E","T","M","$","?","M","E","R","B"],"character_chosen":"THE_SILENT","items_purchased":["Bane","Deadly Poison","Bane","Deadly Poison","Poisoned Stab","Crippling Poison","Deadly Poison","Lee\u0027s Waffle","Poisoned Stab"],"campfire_rested":4,"item_purchase_floors":[0,0,0,11,11,11,24,28,28],"current_hp_per_floor":[42,42,38,38,32,1,22,17,17,38,38,59,59,59,59,33,61,59,59,56,56,56,52,52,37,37,11,77,77,72,67,77,0,0],"gold":267,"neow_bonus":"","is_daily":false,"chose_seed":false,"campfire_upgraded":1,"win_rate":0.0,"timestamp":1613808279,"path_taken":["M","?","M","?","M","E","R","M","T","R","$","R","?","M","R","BOSS","M","?","M","?","?","E","?","E","T","?","$","?","M","E","R","BOSS"],"items_purchased_type":["Card","Card","Card","Card","Card","Card","Card","Relic","Card"],"build_version":"2020-12-22","purchased_purges":0,"victory":false,"max_hp_per_floor":[70,70,70,70,70,70,70,70,70,70,70,70,70,70,70,70,70,70,70,70,70,70,70,70,70,70,70,77,77,77,77,77,77,77],"card_choices":[{"not_picked":["Prepared","Expertise"],"picked":"Sucker Punch","floor":1.0},{"not_picked":["Dagger Throw","Quick Slash"],"picked":"Riddle With Holes","floor":3.0},{"not_picked":["Blur","Predator"],"picked":"Bullet Time","floor":4.0},{"not_picked":["Outmaneuver","Dodge and Roll"],"picked":"Flying Knee","floor":5.0},{"not_picked":["Concentrate","Flying Knee"],"picked":"Catalyst","floor":6.0},{"not_picked":["Unload","Backflip"],"picked":"Bane","floor":8.0},{"not_picked":["Catalyst","Footwork"],"picked":"Sucker Punch","floor":14.0},{"not_picked":["Phantasmal Killer","Night Terror"],"picked":"Die Die Die","floor":16.0},{"not_picked":["Backflip","Blade Dance"],"picked":"Prepared","floor":18.0},{"not_picked":["Caltrops","Cloak And Dagger","Underhanded Strike"],"picked":"SKIP","floor":20.0},{"not_picked":["Backflip","Deflect"],"picked":"Dagger Throw","floor":23.0},{"not_picked":["Sucker Punch","Dagger Throw"],"picked":"Poisoned Stab","floor":25.0},{"not_picked":["Dodge and Roll","Cloak And Dagger"],"picked":"Glass Knife","floor":27.0},{"not_picked":["Cloak And Dagger","Prepared+1"],"picked":"Outmaneuver+1","floor":30},{"not_picked":["Prepared","Accuracy"],"picked":"All Out Attack","floor":31}],"player_experience":569588,"relics_obtained":[{"floor":6.0,"key":"Oddly Smooth Stone"},{"floor":9.0,"key":"Anchor"},{"floor":13.0,"key":"Pocketwatch"},{"floor":23.0,"key":"Pen Nib"},{"floor":25.0,"key":"CeramicFish"},{"floor":26.0,"key":"Happy Flower"},{"floor":29,"key":"Calipers"},{"floor":29,"key":"Bottled Flame"},{"floor":31,"key":"Lantern"}],"event_choices":[{"damage_healed":0.0,"max_hp_gain":0.0,"max_hp_loss":0.0,"gold_gain":0.0,"event_name":"FaceTrader","player_choice":"Trade","floor":2.0,"gold_loss":0.0,"damage_taken":0.0,"relics_obtained":["CultistMask"]},{"damage_healed":0.0,"max_hp_gain":0.0,"max_hp_loss":0.0,"gold_gain":0.0,"event_name":"Ghosts","player_choice":"Ignored","floor":19.0,"gold_loss":0.0,"damage_taken":0.0},{"damage_healed":0.0,"max_hp_gain":0.0,"max_hp_loss":0.0,"gold_gain":0.0,"event_name":"The Library","player_choice":"Read","floor":21.0,"gold_loss":0.0,"damage_taken":0.0,"cards_obtained":["Backstab"]},{"damage_healed":0.0,"max_hp_gain":0.0,"max_hp_loss":0.0,"gold_gain":0.0,"event_name":"Back to Basics","player_choice":"Simplicity","floor":22.0,"gold_loss":0.0,"damage_taken":0.0,"cards_upgraded":["Strike_G","Strike_G","Strike_G","Strike_G","Strike_G","Defend_G","Defend_G","Defend_G","Defend_G","Defend_G"]},{"damage_healed":0,"gold_gain":0,"player_choice":"Fight","damage_taken":0,"max_hp_gain":0,"max_hp_loss":0,"event_name":"Colosseum","floor":29,"gold_loss":0},{"damage_healed":0,"gold_gain":0,"player_choice":"Fought Nobs","damage_taken":0,"max_hp_gain":0,"max_hp_loss":0,"event_name":"Colosseum","floor":29,"gold_loss":0}],"is_beta":false,"boss_relics":[{"not_picked":["Pandora\u0027s Box","Philosopher\u0027s Stone"],"picked":"Fusion Hammer"}],"items_purged_floors":[],"is_endless":false,"potions_floor_spawned":[6,14,16,20,27,29,29,30,31],"killed_by":"Champ","ascension_level":13}}