{"host":"8z11jf471qjhqctb","time":1613826616,"event":{"mods":["BaseMod","Downfall","Minty Spire (QoL Compilation)","StSLib","UnlockEverythingMod"],"gold_per_floor":[2000,2065,2130,2130,2200,2100,2230,2230,2305,2440,2440,2440],"floor_reached":10,"language":"ZHS","playtime":382,"items_purged":[],"score":68,"play_id":"bf459d5c-b49b-46f4-aef2-0a4b8d5f73a3","local_time":"20210220211016","is_ascension_mode":false,"campfire_choices":[{"data":"hexamod:Sear","floor":1,"key":"SMITH"},{"data":"hexamod:Float","floor":1,"key":"SMITH"},{"data":"hexamod:Defend","floor":1,"key":"SMITH"},{"floor":1,"key":"RECALL"},{"data":"hexamod:Strike","floor":6,"key":"PURGE"},{"floor":6,"key":"REST"}],"circlet_count":0,"master_deck":["hexamod:Strike","hexamod:Strike","hexamod:Defend","hexamod:Defend","hexamod:Defend+1","hexamod:Sear+1","hexamod:Float+1","hexamod:FlamesFromBeyond","hexamod:Again","hexamod:PhantomFireball","hexamod:FourthSeal"],"relics":["hexamod:SpiritBrand","Peace Pipe","Ginger","Turnip","Omamori","Ice Cream","The Courier","downfall:BrokenWingStatue","downfall:HeartBlessingRed","Singing Bowl"],"acts_visited":["Exordium"],"potions_floor_usage":[10],"damage_taken":[{"damage":1,"enemies":"Jaw Worm","floor":2,"turns":2},{"damage":2,"enemies":"Small Slimes","floor":3,"turns":3},{"damage":0,"enemies":"2 Louse","floor":5,"turns":2},{"damage":0,"enemies":"Red Slaver","floor":9,"turns":2},{"damage":26,"enemies":"3 Sentries","floor":10,"turns":10}],"seed_played":"-4965198633496524665","potions_obtained":[{"floor":9,"key":"SkillPotion"},{"floor":10,"key":"Fire Potion"},{"floor":10,"key":"DuplicationPotion"}],"is_trial":false,"path_per_floor":["R","M","M","?","M","R","T","?","M","E"],"character_chosen":"THE_SPIRIT","items_purchased":[],"campfire_rested":1,"item_purchase_floors":[],"current_hp_per_floor":[70,69,67,67,67,70,70,70,70,46,46,46],"gold":2440,"neow_bonus":"REMOVE_CARD","is_daily":false,"chose_seed":false,"campfire_upgraded":3,"win_rate":0.0,"timestamp":1613826616,"path_taken":["R","M","M","?","M","R","T","?","M","E"],"items_purchased_type":[],"build_version":"2020-12-22","purchased_purges":0,"victory":false,"max_hp_per_floor":[70,70,70,70,70,70,70,70,70,72,72,72],"card_choices":[{"not_picked":["hexamod:InspiringFlames","hexamod:BacktrackSmack"],"picked":"hexamod:FlamesFromBeyond","floor":2},{"not_picked":["hexamod:ThermalTransfer","hexamod:BurningTouch"],"picked":"hexamod:Again","floor":3},{"not_picked":["hexamod:BurningTouch","hexamod:FlamesFromBeyond"],"picked":"hexamod:PhantomFireball","floor":5},{"not_picked":["hexamod:ThermalTransfer","hexamod:ParanormalForm"],"picked":"hexamod:FourthSeal","floor":9},{"not_picked":["hexamod:GhostShield","hexamod:Firestarter","hexamod:RecurringNightmare"],"picked":"Singing Bowl","floor":10}],"player_experience":3581,"relics_obtained":[{"floor":10,"key":"Singing Bowl"}],"event_choices":[],"is_beta":false,"boss_relics":[],"items_purged_floors":[],"is_endless":false,"potions_floor_spawned":[9,10],"killed_by":"3 Sentries","ascension_level":0}}