{"host":"684z1xpuwaoqmmh1","time":1613828140,"event":{"mods":["BaseMod","CatGirl Mod","Downfall","Hermit","Jorbs\u0027s Wanderer Trilogy","Marisa????????","Minty Spire (QoL Compilation)","Robot Space Explorer","Shade Mod","Shapeshifter Mod","StSLib","The Bug Knight","The Clintock","The Dragon Tamer","The Elementalist","The Hayseed","The Hierophant","The Judge","The Marked","The Mystic","The Poker Player","The Runesmith","The Sage","The Saiyan","The Showman","The Spell Scribe","The Valiant","The Vixen","TheBandit","TheFirefly","TheVacant"],"gold_per_floor":[113,113,133,153,172,201,201,232,302,78,97,97,110,125,125,220,220,230,242,68,87,105,105,119,152,152,183,183,193,193,193,193,298,298,317,327,346,346,364,364,396,396,396,396,396,69,88,120,120,120],"floor_reached":51,"language":"ENG","playtime":2645,"items_purged":["theVacant:VacantStarterStrike","theVacant:VacantStarterStrike"],"score":836,"play_id":"1a978d4f-09d8-48ab-96a0-cfac752ba3d3","local_time":"20210220153540","is_ascension_mode":false,"campfire_choices":[{"data":"theVacant:Release","floor":7,"key":"SMITH"},{"data":"theVacant:Yeet","floor":12,"key":"SMITH"},{"data":"theVacant:Acceptance","floor":15,"key":"SMITH"},{"data":"theVacant:WaitInWrath","floor":23,"key":"SMITH"},{"floor":28,"key":"REST"},{"data":"theVacant:Recover","floor":30,"key":"SMITH"},{"data":"theVacant:Whip","floor":32,"key":"SMITH"},{"floor":40,"key":"REST"},{"data":"theVacant:Whip","floor":42,"key":"SMITH"},{"data":"theVacant:Husk","floor":49,"key":"SMITH"}],"circlet_count":0,"master_deck":["theVacant:VacantStarterStrike","theVacant:VacantStarterStrike","theVacant:VacantStarterDefend","theVacant:VacantStarterDefend","theVacant:VacantStarterDefend","theVacant:VacantStarterDefend","theVacant:Release+1","theVacant:Crunch","theVacant:Yeet+1","theVacant:SurpriseAttack","theVacant:ReaperStrike","theVacant:SurpriseAttack","theVacant:GraveWave","theVacant:TheAnvil","theVacant:Acceptance+1","theVacant:ForgeSoul","theVacant:TheAnvil","theVacant:WaitInWrath+1","theVacant:Acceptance+1","theVacant:Whip+1","theVacant:Expand+1","theVacant:Whip+1","theVacant:Spinshield+1","theVacant:ShutAway+1","theVacant:Recover+1","theVacant:Prevent","theVacant:Dig+1","theVacant:GraveWave","theVacant:VoidForm","Discovery","theVacant:Gloom","theVacant:SpiritOrb+1","theVacant:Husk+1"],"relics":["theVacant:BrassGoblet","Bronze Scales","Gambling Chip","Question Card","ClockworkSouvenir","Black Star","OrangePellets","Winged Necklace","Regal Pillow","Runesmith:AutoHammer","TungstenRod","bronze:MakeshiftBattery","Juzu Bracelet","Blue Candle","Molten Egg 2","Bag of Marbles","PreservedInsect","Darkstone Periapt"],"acts_visited":["Exordium","TheCity","TheBeyond"],"potions_floor_usage":[8,16,25,27,27,33,47,48],"damage_taken":[{"damage":0,"enemies":"2 Louse","floor":1,"turns":3},{"damage":0,"enemies":"Jaw Worm","floor":3,"turns":2},{"damage":0,"enemies":"Small Slimes","floor":4,"turns":3},{"damage":0,"enemies":"Exordium Thugs","floor":5,"turns":3},{"damage":8,"enemies":"Gremlin Nob","floor":6,"turns":3},{"damage":0,"enemies":"3 Sentries","floor":8,"turns":2},{"damage":0,"enemies":"Large Slime","floor":11,"turns":2},{"damage":0,"enemies":"Blue Slaver","floor":13,"turns":2},{"damage":0,"enemies":"Red Slaver","floor":14,"turns":2},{"damage":6,"enemies":"The Guardian","floor":16,"turns":8},{"damage":0,"enemies":"Chosen","floor":18,"turns":3},{"damage":0,"enemies":"3 Byrds","floor":19,"turns":2},{"damage":10,"enemies":"Centurion and Healer","floor":21,"turns":6},{"damage":6,"enemies":"3 Cultists","floor":22,"turns":3},{"damage":31,"enemies":"Shelled Parasite and Fungi","floor":24,"turns":4},{"damage":28,"enemies":"Gremlin Leader","floor":25,"turns":6},{"damage":7,"enemies":"Slavers","floor":27,"turns":3},{"damage":2,"enemies":"Snake Plant","floor":29,"turns":2},{"damage":41,"enemies":"Collector","floor":33,"turns":11},{"damage":0,"enemies":"Orb Walker","floor":35,"turns":3},{"damage":7,"enemies":"3 Shapes","floor":36,"turns":4},{"damage":58,"enemies":"Maw","floor":37,"turns":9},{"damage":1,"enemies":"Jaw Worm Horde","floor":39,"turns":3},{"damage":37,"enemies":"Reptomancer","floor":41,"turns":6},{"damage":0,"enemies":"3 Darklings","floor":47,"turns":3},{"damage":15,"enemies":"Giant Head","floor":48,"turns":10},{"damage":26,"enemies":"Donu and Deca","floor":50,"turns":7}],"seed_played":"2170517739571043930","potions_obtained":[{"floor":4,"key":"Energy Potion"},{"floor":6,"key":"Fire Potion"},{"floor":8,"key":"champ:CounterPotion"},{"floor":11,"key":"GamblersBrew"},{"floor":18,"key":"Dexterity Potion"},{"floor":25,"key":"Block Potion"},{"floor":29,"key":"ColorlessPotion"},{"floor":41,"key":"bronze:BurnAndBuffPotion"},{"floor":45,"key":"Fire Potion"},{"floor":45,"key":"Guardian:BlockOnCardUsePotion"},{"floor":47,"key":"ColorlessPotion"}],"is_trial":false,"path_per_floor":["M","?","M","M","M","E","R","E","T","$","M","R","M","M","R","B",null,"M","M","$","M","M","R","M","E","T","E","R","M","R","?","R","B",null,"M","M","M","?","M","R","E","R","T","?","?","$","M","E","R","B",null],"character_chosen":"THE_VACANT","items_purchased":["ClockworkSouvenir","theVacant:Whip","OrangePellets","theVacant:Gloom","Bag of Marbles"],"campfire_rested":2,"item_purchase_floors":[10,20,20,46,46],"current_hp_per_floor":[88,88,88,88,88,80,80,80,80,80,80,80,80,80,80,74,88,88,88,88,78,75,75,44,19,19,12,55,53,53,35,35,7,102,102,102,47,47,46,93,69,69,69,69,69,69,69,67,67,41],"gold":120,"neow_bonus":"TEN_PERCENT_HP_BONUS","is_daily":false,"chose_seed":false,"campfire_upgraded":8,"win_rate":0.0,"timestamp":1613828140,"path_taken":["M","?","M","M","M","E","R","E","T","$","M","R","M","M","R","BOSS","M","M","$","M","M","R","M","E","T","E","R","M","R","?","R","BOSS","M","M","M","?","M","R","E","R","T","?","?","$","M","E","R","BOSS"],"items_purchased_type":["Relic","Card","Relic","Card","Relic"],"build_version":"2020-12-22","purchased_purges":2,"victory":true,"max_hp_per_floor":[88,88,88,88,88,88,88,88,88,88,88,88,88,88,88,88,88,88,88,88,88,91,91,91,94,94,94,94,94,94,99,99,102,102,102,105,108,108,108,108,111,111,111,111,111,111,111,114,114,114],"card_choices":[{"not_picked":["theVacant:Barrage","theVacant:CleanseSoul"],"picked":"theVacant:Yeet","floor":1},{"not_picked":["theVacant:Immaterialize","theVacant:Recover"],"picked":"theVacant:SurpriseAttack","floor":3},{"not_picked":["theVacant:OnSecondThought","theVacant:Snowball"],"picked":"theVacant:ReaperStrike","floor":4},{"not_picked":["theVacant:Thoughtseize","theVacant:DarkStrike"],"picked":"theVacant:SurpriseAttack","floor":5},{"not_picked":["theVacant:FranticBlow","theVacant:Soothe"],"picked":"theVacant:GraveWave","floor":6},{"not_picked":["theVacant:CleanseSoul","theVacant:Thoughtseize"],"picked":"theVacant:TheAnvil","floor":8},{"not_picked":["theVacant:Jab","theVacant:GraveDigger","theVacant:Enrage","theVacant:ShriekingBlast"],"picked":"SKIP","floor":11},{"not_picked":["theVacant:Jab","theVacant:Snowball","theVacant:Immaterialize"],"picked":"theVacant:Acceptance","floor":13},{"not_picked":["theVacant:Dig","theVacant:Whip","theVacant:GraveDigger"],"picked":"theVacant:ForgeSoul","floor":14},{"not_picked":["theVacant:DimensionTear","theVacant:ForgeSoul","theVacant:Prevent"],"picked":"theVacant:TheAnvil","floor":16},{"not_picked":["theVacant:Enrage","theVacant:VoidEmbrace","theVacant:ShutAway"],"picked":"theVacant:WaitInWrath","floor":18},{"not_picked":["theVacant:EmbraceDarkness","theVacant:ShriekingBlast","theVacant:LashOut"],"picked":"theVacant:Acceptance+1","floor":19},{"not_picked":["theVacant:BellToll","theVacant:Spinshield","theVacant:Jab"],"picked":"theVacant:Expand+1","floor":21},{"not_picked":["theVacant:Fling","theVacant:Enrage","theVacant:Barrage"],"picked":"theVacant:Whip","floor":22},{"not_picked":["theVacant:BellToll","theVacant:GraveWave+1","theVacant:TheAnvil"],"picked":"theVacant:Spinshield+1","floor":24},{"not_picked":["theVacant:Fling+1","theVacant:LashOut","theVacant:Return"],"picked":"theVacant:ShutAway+1","floor":25},{"not_picked":["theVacant:GraveDigger","theVacant:Acceptance","theVacant:Cower","theVacant:BrassMagnet+1"],"picked":"SKIP","floor":27},{"not_picked":["theVacant:Cower","theVacant:Whip","theVacant:Thoughtseize+1"],"picked":"theVacant:Recover","floor":29},{"not_picked":["theVacant:FromNothing","theVacant:Exorcise","theVacant:FiendFrost"],"picked":"theVacant:Prevent","floor":33},{"not_picked":["theVacant:Enrage+1","theVacant:LichStrike+1","theVacant:Spinshield+1"],"picked":"theVacant:Dig+1","floor":35},{"not_picked":["theVacant:Thoughtseize+1","theVacant:LashOut+1","theVacant:ShutAway","theVacant:OnSecondThought+1"],"picked":"SKIP","floor":36},{"not_picked":["theVacant:BattleScars","theVacant:ShriekingBlast+1","theVacant:CursedBlast+1"],"picked":"theVacant:GraveWave","floor":37},{"not_picked":["theVacant:EyePoke","theVacant:Exorcise","theVacant:Dig","theVacant:Enrage"],"picked":"SKIP","floor":39},{"not_picked":["theVacant:Cower+1","theVacant:FromNothing","theVacant:Yeet+1"],"picked":"theVacant:VoidForm","floor":41},{"not_picked":["Trip","Master of Strategy","HandOfGreed+1"],"picked":"Discovery","floor":44},{"not_picked":["theVacant:BattleScars+1","theVacant:GraveWave+1","theVacant:Barrage+1"],"picked":"theVacant:SpiritOrb+1","floor":47},{"not_picked":["theVacant:Carve+1","theVacant:VoidForm","theVacant:GraveDigger+1"],"picked":"theVacant:Husk","floor":48}],"player_experience":3101851,"relics_obtained":[{"floor":6,"key":"Bronze Scales"},{"floor":8,"key":"Gambling Chip"},{"floor":9,"key":"Question Card"},{"floor":25,"key":"Winged Necklace"},{"floor":25,"key":"Regal Pillow"},{"floor":27,"key":"Runesmith:AutoHammer"},{"floor":27,"key":"TungstenRod"},{"floor":41,"key":"Juzu Bracelet"},{"floor":41,"key":"Blue Candle"},{"floor":43,"key":"Molten Egg 2"},{"floor":48,"key":"PreservedInsect"},{"floor":48,"key":"Darkstone Periapt"}],"event_choices":[{"damage_healed":0,"gold_gain":0,"player_choice":"Shed Blood","damage_taken":24,"max_hp_gain":5,"max_hp_loss":0,"event_name":"Forgotten Altar","floor":31,"gold_loss":0},{"damage_healed":0,"gold_gain":0,"player_choice":"Ignored","damage_taken":0,"max_hp_gain":0,"max_hp_loss":0,"event_name":"NoteForYourself","floor":38,"gold_loss":0},{"damage_healed":0,"gold_gain":0,"player_choice":"Memory 1","damage_taken":0,"max_hp_gain":0,"max_hp_loss":0,"event_name":"SensoryStone","floor":44,"gold_loss":0},{"damage_healed":0,"gold_gain":0,"player_choice":"Got Potions","damage_taken":0,"max_hp_gain":0,"max_hp_loss":0,"event_name":"Lab","floor":45,"gold_loss":0}],"is_beta":false,"boss_relics":[{"not_picked":["Velvet Choker","Tiny House"],"picked":"Black Star"},{"not_picked":["Runic Dome","Coffee Dripper"],"picked":"bronze:MakeshiftBattery"}],"items_purged_floors":[10,46],"is_endless":false,"potions_floor_spawned":[4,6,8,11,18,24,25,29,41,47],"ascension_level":0}}