{"host":"8injpn8qs0kr8sd6","time":1613816941,"event":{"mods":["Act Like it!","BaseMod","Downfall","KinomotoSakuraMod(ƒæ÷Æ±æ”£)","Marisa£®ÏF”Í°°ƒß¿Ì…≥£©","Minty Spire (QoL Compilation)","Quick Restart","Reimu£®≤©¿ˆ¡È√Œ£©","StSLib","°æ“≈ŒÔø®≈∆°øREMEMod"],"gold_per_floor":[109,126,142,142,157,157,192,245,245,245,262,287,287,297,297,374,374,392,408,420,437,447,447,474,474,474,474,474,474,749,749,749],"floor_reached":31,"language":"ZHS","playtime":840,"items_purged":[],"score":588,"play_id":"5dcf852a-946f-4a65-9f4d-d47a361d9845","local_time":"20210220182900","is_ascension_mode":true,"campfire_choices":[{"data":"Eruption","floor":6.0,"key":"SMITH"},{"floor":10.0,"key":"REST"},{"data":"CrushJoints","floor":13.0,"key":"SMITH"},{"data":"Conclude","floor":15.0,"key":"SMITH"},{"data":"Meditate","floor":23.0,"key":"SMITH"},{"data":"Worship","floor":25.0,"key":"SMITH"},{"data":"Vigilance","floor":27.0,"key":"SMITH"}],"circlet_count":0,"master_deck":["AscendersBane","Strike_P","Strike_P","Strike_P","Strike_P","Defend_P","Defend_P","Defend_P+1","Defend_P","Eruption+1","Vigilance+1","CrushJoints+1","BattleHymn+1","Conclude+1","Sanctity+1","WheelKick+1","Worship+1","LessonLearned","Meditate+1","FearNoEvil","Regret"],"relics":["PureWater","NeowsBlessing","Du-Vu Doll","Meat on the Bone","Blue Candle","Coffee Dripper","Tiny Chest","Letter Opener"],"acts_visited":[],"potions_floor_usage":[],"damage_taken":[{"damage":0.0,"enemies":"Small Slimes","floor":1.0,"turns":1.0},{"damage":0.0,"enemies":"2 Louse","floor":2.0,"turns":1.0},{"damage":0.0,"enemies":"Cultist","floor":3.0,"turns":1.0},{"damage":9.0,"enemies":"3 Louse","floor":5.0,"turns":3.0},{"damage":20.0,"enemies":"3 Sentries","floor":7.0,"turns":4.0},{"damage":3.0,"enemies":"Blue Slaver","floor":11.0,"turns":3.0},{"damage":0.0,"enemies":"Gremlin Nob","floor":12.0,"turns":2.0},{"damage":0.0,"enemies":"Large Slime","floor":14.0,"turns":3.0},{"damage":42.0,"enemies":"Hexaghost","floor":16.0,"turns":8.0},{"damage":14.0,"enemies":"3 Byrds","floor":18.0,"turns":5.0},{"damage":17.0,"enemies":"2 Thieves","floor":19.0,"turns":2.0},{"damage":18.0,"enemies":"Snake Plant","floor":20.0,"turns":3.0},{"damage":15.0,"enemies":"Centurion and Healer","floor":21.0,"turns":2.0},{"damage":9.0,"enemies":"Snecko","floor":22.0,"turns":4.0},{"damage":40.0,"enemies":"Book of Stabbing","floor":24.0,"turns":4.0},{"damage":0.0,"enemies":"Snake Plant","floor":28.0,"turns":2.0},{"damage":0,"enemies":"Slavers","floor":31,"turns":1}],"seed_played":"-6797667423412678577","potions_obtained":[{"floor":7.0,"key":"Fruit Juice"},{"floor":11.0,"key":"SmokeBomb"},{"floor":16.0,"key":"Weak Potion"},{"floor":19.0,"key":"Weak Potion"},{"floor":21.0,"key":"Regen Potion"}],"is_trial":false,"path_per_floor":["M","M","M","?","M","R","E","?","T","R","M","E","R","M","R","B",null,"M","M","M","M","M","R","E","R","T","R","M","?","?","E"],"character_chosen":"WATCHER","items_purchased":[],"campfire_rested":1,"item_purchase_floors":[],"current_hp_per_floor":[61,61,61,41,32,32,17,17,17,38,47,47,47,47,47,17,59,45,40,34,31,46,46,18,18,18,18,30,30,30,30,30],"gold":749,"neow_bonus":"THREE_ENEMY_KILL","is_daily":false,"chose_seed":false,"campfire_upgraded":6,"win_rate":0.0,"timestamp":1613816940,"path_taken":["M","M","M","?","M","R","E","?","T","R","M","E","R","M","R","BOSS","M","M","M","M","M","R","E","R","T","R","M","?","?","E"],"items_purchased_type":[],"build_version":"2020-12-22","purchased_purges":0,"victory":false,"max_hp_per_floor":[68,68,68,68,68,68,73,73,73,73,73,73,73,73,73,73,73,73,73,73,73,73,73,73,73,73,73,73,73,73,73,73],"card_choices":[{"not_picked":["FollowUp","Crescendo","Protect"],"picked":"SKIP","floor":1.0},{"not_picked":["Study","Perseverance"],"picked":"CrushJoints","floor":2.0},{"not_picked":["Protect","Establishment"],"picked":"BattleHymn","floor":3.0},{"not_picked":["SashWhip","Worship"],"picked":"Conclude","floor":5.0},{"not_picked":["SashWhip","Protect"],"picked":"Sanctity","floor":7.0},{"not_picked":["JustLucky","SashWhip","Evaluate"],"picked":"SKIP","floor":11.0},{"not_picked":["PathToVictory","FlyingSleeves"],"picked":"WheelKick","floor":12.0},{"not_picked":["Evaluate","Perseverance"],"picked":"Worship","floor":14.0},{"not_picked":["MasterReality","Wish"],"picked":"LessonLearned","floor":16.0},{"not_picked":["SashWhip","PathToVictory","BattleHymn"],"picked":"SKIP","floor":18.0},{"not_picked":["Swivel","EmptyBody","SashWhip"],"picked":"SKIP","floor":19.0},{"not_picked":["Prostrate","CarveReality","Consecrate"],"picked":"SKIP","floor":20.0},{"not_picked":["JustLucky","Prostrate"],"picked":"Meditate","floor":21.0},{"not_picked":["DeceiveReality","Prostrate","JustLucky"],"picked":"SKIP","floor":22.0},{"not_picked":["FlyingSleeves","DeceiveReality"],"picked":"FearNoEvil","floor":24.0}],"player_experience":535179,"relics_obtained":[{"floor":7.0,"key":"Du-Vu Doll"},{"floor":9.0,"key":"Meat on the Bone"},{"floor":12.0,"key":"Blue Candle"},{"floor":24.0,"key":"Tiny Chest"},{"floor":26.0,"key":"Letter Opener"}],"event_choices":[{"damage_healed":0.0,"max_hp_gain":0.0,"max_hp_loss":0.0,"gold_gain":0.0,"event_name":"Shining Light","player_choice":"Entered Light","floor":4.0,"gold_loss":0.0,"damage_taken":20.0,"cards_upgraded":["BattleHymn","Defend_P"]},{"damage_healed":0.0,"max_hp_gain":0.0,"max_hp_loss":0.0,"gold_gain":53.0,"event_name":"Golden Wing","player_choice":"Gained Gold","floor":8.0,"gold_loss":0.0,"damage_taken":0.0},{"damage_healed":0.0,"max_hp_gain":0.0,"max_hp_loss":0.0,"gold_gain":0.0,"event_name":"The Mausoleum","player_choice":"Ignored","floor":29.0,"gold_loss":0.0,"damage_taken":0.0},{"damage_healed":0.0,"max_hp_gain":0.0,"max_hp_loss":0.0,"gold_gain":275.0,"event_name":"Golden Shrine","player_choice":"Desecrate","floor":30.0,"gold_loss":0.0,"damage_taken":0.0,"cards_obtained":["Regret"]}],"is_beta":false,"boss_relics":[{"not_picked":["Calling Bell","Busted Crown"],"picked":"Coffee Dripper"}],"items_purged_floors":[],"is_endless":false,"potions_floor_spawned":[7,11,16,19,21],"killed_by":"Slavers","ascension_level":20}}