{"host":"w14xfy17z3c5mpoi","time":1613847510,"event":{"mods":["AchievementEnabler","BaseMod","Minty Spire (QoL Compilation)","Relic Stats"],"gold_per_floor":[369,36,54,54,67,67,101,132,144,156,200,212,258,286,298,409,421,447,459,487,509,482,482,495,526,553,141,155,65,14,27,27,127,127,138,88,105,105,121,149,149,475,475,492,35,35,61,161,161,161],"floor_reached":51,"language":"ENG","playtime":4220,"items_purged":["Strike_G","Strike_G","Strike_G"],"score":1188,"play_id":"c1f02a76-daff-465d-b3b5-9c54a547bfe9","local_time":"20210220135830","is_ascension_mode":true,"campfire_choices":[{"data":"Dagger Spray","floor":6,"key":"SMITH"},{"floor":10,"key":"REST"},{"floor":12,"key":"REST"},{"data":"Footwork","floor":15,"key":"SMITH"},{"floor":23,"key":"REST"},{"floor":32,"key":"REST"},{"data":"Wraith Form v2","floor":41,"key":"SMITH"},{"floor":46,"key":"REST"},{"floor":49,"key":"REST"}],"circlet_count":0,"master_deck":["AscendersBane","Strike_G","Defend_G+1","Defend_G","Defend_G","Defend_G","Survivor","Neutralize+1","Crippling Poison+1","Dagger Spray+1","Poisoned Stab","Dagger Throw","Backstab","Terror+1","Footwork+1","Venomology","Dagger Spray","Endless Agony","Backflip+1","Blade Dance","Cloak And Dagger","Wraith Form v2+1","Slice","Escape Plan+1","Apotheosis","Swift Strike","Finesse","Blade Dance"],"relics":["Ring of the Snake","Pen Nib","MawBank","War Paint","StrikeDummy","Happy Flower","WristBlade","Orichalcum","Potion Belt","Ninja Scroll","SacredBark","Calipers","Old Coin","Pocketwatch","Bag of Marbles","Regal Pillow","Darkstone Periapt"],"acts_visited":["Exordium","TheCity","TheBeyond"],"potions_floor_usage":[11,16,18,20,21,21,24,25,31,33,33,35,37,40,40,40,42,47,50,50,50,50,50,50],"damage_taken":[{"damage":5,"enemies":"Cultist","floor":1,"turns":5},{"damage":0,"enemies":"Small Slimes","floor":3,"turns":3},{"damage":4,"enemies":"2 Louse","floor":5,"turns":3},{"damage":21,"enemies":"Gremlin Nob","floor":7,"turns":5},{"damage":15,"enemies":"Red Slaver","floor":8,"turns":4},{"damage":13,"enemies":"3 Sentries","floor":11,"turns":6},{"damage":0,"enemies":"Gremlin Nob","floor":13,"turns":3},{"damage":0,"enemies":"Looter","floor":14,"turns":2},{"damage":4,"enemies":"The Guardian","floor":16,"turns":11},{"damage":16,"enemies":"2 Thieves","floor":18,"turns":3},{"damage":3,"enemies":"Chosen","floor":20,"turns":3},{"damage":16,"enemies":"Snake Plant","floor":21,"turns":2},{"damage":7,"enemies":"Centurion and Healer","floor":24,"turns":7},{"damage":15,"enemies":"Gremlin Leader","floor":25,"turns":4},{"damage":1,"enemies":"3 Cultists","floor":28,"turns":4},{"damage":6,"enemies":"Chosen and Byrds","floor":31,"turns":3},{"damage":15,"enemies":"Champ","floor":33,"turns":11},{"damage":0,"enemies":"3 Shapes","floor":35,"turns":1},{"damage":0,"enemies":"3 Darklings","floor":37,"turns":2},{"damage":0,"enemies":"Sphere and 2 Shapes","floor":39,"turns":2},{"damage":0,"enemies":"Nemesis","floor":40,"turns":5},{"damage":23,"enemies":"Reptomancer","floor":42,"turns":5},{"damage":0,"enemies":"Transient","floor":44,"turns":5},{"damage":24,"enemies":"Nemesis","floor":47,"turns":5},{"damage":8,"enemies":"Donu and Deca","floor":50,"turns":6}],"seed_played":"3029720480808661293","potions_obtained":[{"floor":7,"key":"PowerPotion"},{"floor":11,"key":"ColorlessPotion"},{"floor":13,"key":"Fire Potion"},{"floor":16,"key":"Block Potion"},{"floor":18,"key":"Fire Potion"},{"floor":21,"key":"Weak Potion"},{"floor":33,"key":"Dexterity Potion"},{"floor":37,"key":"Strength Potion"},{"floor":44,"key":"SkillPotion"}],"is_trial":false,"path_per_floor":["M","$","M","?","M","R","E","M","T","R","E","R","E","M","R","B",null,"M","?","M","M","$","R","M","E","T","$","M","?","$","M","R","B",null,"M","$","M","?","M","E","R","E","T","M","$","R","E","?","R","B",null],"character_chosen":"THE_SILENT","items_purchased":["Pen Nib","Dagger Spray","Block Potion","Endless Agony","Ninja Scroll","FearPotion","Cloak And Dagger","Poison Potion","Bag of Marbles","Blade Dance","Regal Pillow"],"campfire_rested":6,"item_purchase_floors":[2,2,2,22,27,27,30,36,45,45,45],"current_hp_per_floor":[58,58,58,58,54,54,33,18,18,36,23,41,41,41,41,37,57,41,41,38,22,22,40,33,18,18,18,17,17,17,11,29,14,51,51,51,51,41,41,41,41,18,18,18,18,51,27,27,60,52],"gold":161,"neow_bonus":"TWO_FIFTY_GOLD","is_daily":false,"chose_seed":false,"campfire_upgraded":3,"win_rate":0.0,"timestamp":1613847510,"path_taken":["M","$","M","?","M","R","E","M","T","R","E","R","E","M","R","BOSS","M","?","M","?","$","R","M","E","T","$","M","?","$","M","R","BOSS","M","?","M","?","M","E","R","E","T","M","$","R","E","?","R","BOSS"],"items_purchased_type":["Relic","Card","Potion","Card","Relic","Potion","Card","Potion","Relic","Card","Relic"],"build_version":"2020-12-22","purchased_purges":3,"victory":true,"max_hp_per_floor":[63,63,63,63,63,63,63,63,63,63,63,63,63,63,63,63,63,63,63,63,63,63,63,63,63,63,63,63,63,63,63,63,63,63,63,63,63,63,63,63,63,63,63,63,63,63,63,63,63,63],"relic_stats":{"Darkstone Periapt":0,"Regal Pillow":30,"Happy Flower":[27],"counters":[25,110],"Pen Nib":[27],"War Paint":["Crippling Poison","Defend_G"],"Orichalcum":[90],"MawBank":180,"obtain_stats":[{"Potion Belt":26,"Darkstone Periapt":47,"Regal Pillow":45,"Calipers":40,"Happy Flower":13,"SacredBark":34,"Pen Nib":2,"War Paint":9,"Orichalcum":25,"MawBank":7,"Old Coin":42,"WristBlade":17,"Ninja Scroll":27,"Bag of Marbles":45,"StrikeDummy":11,"Ring of the Snake":0,"Pocketwatch":43},{"Potion Belt":14,"Darkstone Periapt":24,"Regal Pillow":23,"Calipers":21,"Happy Flower":7,"SacredBark":17,"Pen Nib":1,"War Paint":5,"Orichalcum":14,"MawBank":4,"Old Coin":22,"WristBlade":9,"Ninja Scroll":14,"Bag of Marbles":23,"StrikeDummy":6,"Ring of the Snake":0,"Pocketwatch":22},{"Potion Belt":61,"Darkstone Periapt":104,"Regal Pillow":99,"Calipers":89,"Happy Flower":29,"SacredBark":79,"Pen Nib":5,"War Paint":20,"Orichalcum":61,"MawBank":16,"Old Coin":94,"WristBlade":42,"Ninja Scroll":61,"Bag of Marbles":99,"StrikeDummy":26,"Ring of the Snake":0,"Pocketwatch":94}],"Ring of the Snake":[50],"Pocketwatch":[16]},"card_choices":[{"not_picked":["Prepared","Poisoned Stab"],"picked":"Crippling Poison","floor":1},{"not_picked":["PiercingWail","Leg Sweep","Deflect"],"picked":"SKIP","floor":3},{"not_picked":["Caltrops","Dodge and Roll","Acrobatics"],"picked":"SKIP","floor":5},{"not_picked":["Concentrate","Infinite Blades"],"picked":"Poisoned Stab","floor":7},{"not_picked":["Reflex","Dagger Spray"],"picked":"Dagger Throw","floor":8},{"not_picked":["Deflect","Endless Agony"],"picked":"Backstab","floor":11},{"not_picked":["Riddle With Holes","Sucker Punch"],"picked":"Terror","floor":13},{"not_picked":["Choke","Underhanded Strike"],"picked":"Footwork","floor":14},{"not_picked":["Unload","Doppelganger"],"picked":"Venomology","floor":16},{"not_picked":["Reflex","Prepared","Accuracy"],"picked":"SKIP","floor":18},{"not_picked":["Quick Slash","Reflex+1","Leg Sweep"],"picked":"SKIP","floor":20},{"not_picked":["Quick Slash","Infinite Blades","Dodge and Roll"],"picked":"SKIP","floor":21},{"not_picked":["Underhanded Strike","Bane"],"picked":"Backflip+1","floor":24},{"not_picked":["Deadly Poison","Sucker Punch"],"picked":"Blade Dance","floor":25},{"not_picked":["Skewer","Expertise","Sucker Punch"],"picked":"SKIP","floor":28},{"not_picked":["Dagger Throw","Bane+1","Backflip"],"picked":"SKIP","floor":31},{"not_picked":["Bullet Time","Envenom"],"picked":"Wraith Form v2","floor":33},{"not_picked":["Deflect","Dagger Spray"],"picked":"Slice","floor":35},{"not_picked":["Sucker Punch","Underhanded Strike+1"],"picked":"Escape Plan+1","floor":37},{"not_picked":["Bandage Up","Swift Strike"],"picked":"Apotheosis","floor":38},{"not_picked":["Mayhem","Mind Blast"],"picked":"Swift Strike","floor":38},{"not_picked":["Impatience","Master of Strategy"],"picked":"Finesse","floor":38},{"not_picked":["Dagger Throw","Infinite Blades","Flechettes+1"],"picked":"SKIP","floor":39},{"not_picked":["Tactician","Sucker Punch","Bullet Time"],"picked":"SKIP","floor":40},{"not_picked":["Sucker Punch","Bullet Time","Masterful Stab"],"picked":"SKIP","floor":42},{"not_picked":["Infinite Blades","Dagger Spray","All Out Attack+1"],"picked":"SKIP","floor":44},{"not_picked":["Blur","Underhanded Strike+1","Expertise+1"],"picked":"SKIP","floor":47}],"player_experience":729042,"relics_obtained":[{"floor":7,"key":"MawBank"},{"floor":9,"key":"War Paint"},{"floor":11,"key":"StrikeDummy"},{"floor":13,"key":"Happy Flower"},{"floor":25,"key":"Orichalcum"},{"floor":26,"key":"Potion Belt"},{"floor":40,"key":"Calipers"},{"floor":42,"key":"Old Coin"},{"floor":43,"key":"Pocketwatch"},{"floor":47,"key":"Darkstone Periapt"}],"event_choices":[{"damage_healed":0,"gold_gain":0,"player_choice":"Grow","damage_taken":0,"max_hp_gain":0,"max_hp_loss":0,"event_name":"Living Wall","floor":4,"gold_loss":0,"cards_upgraded":["Neutralize"]},{"damage_healed":0,"gold_gain":0,"cards_transformed":["Strike_G"],"player_choice":"Transformed","damage_taken":0,"max_hp_gain":0,"max_hp_loss":0,"event_name":"Transmorgrifier","floor":19,"gold_loss":0,"cards_obtained":["Dagger Spray"]},{"cards_removed":["Defend_G"],"damage_healed":0,"gold_gain":0,"player_choice":"Upgrade and Remove","damage_taken":0,"max_hp_gain":0,"max_hp_loss":0,"event_name":"Designer","floor":29,"gold_loss":90,"cards_upgraded":["Terror"]},{"damage_healed":0,"gold_gain":0,"player_choice":"Memory 3","damage_taken":10,"max_hp_gain":0,"max_hp_loss":0,"event_name":"SensoryStone","floor":38,"gold_loss":0},{"damage_healed":0,"gold_gain":100,"player_choice":"Pray","damage_taken":0,"max_hp_gain":0,"max_hp_loss":0,"event_name":"Golden Shrine","floor":48,"gold_loss":0}],"is_beta":false,"boss_relics":[{"not_picked":["Cursed Key","HoveringKite"],"picked":"WristBlade"},{"not_picked":["Astrolabe","Sozu"],"picked":"SacredBark"}],"items_purged_floors":[2,27,45],"is_endless":false,"potions_floor_spawned":[7,11,13,16,18,21,33,37,44],"ascension_level":10}}