{"host":"5dhwd44u3dydylwe","time":1613807344,"event":{"mods":["AchievementEnabler","BaseMod","BetterRewards","Dota2Spire","Duelist Mod","GifTheSpireLib","Hubris","Minty Spire (QoL Compilation)","Shop Mod","StSLib","Wandering Minibosses"],"gold_per_floor":[144,157,169,169,182,182,217,217,121,139,164,164,164,199,216,247,122,122,122,221,221,221,321,321,339,339,355,355,365,395,395,423,423,448,525,542,542,542,554,566,566,671,671,671,774,774,787,799,853,145,179,179,209,209,222,253,335,380,380,394,427,427,114,127,127,127],"floor_reached":67,"language":"ENG","playtime":2955,"items_purged":["theDuelist:Sparks","theDuelist:Sparks","theDuelist:PerfectMachineKing+1","theDuelist:CastleWalls+1"],"score":3234,"play_id":"11bf1882-266e-4f65-be30-2da3c4b42d79","local_time":"20210220154904","is_ascension_mode":true,"campfire_choices":[{"data":"theDuelist:AncientGearGolem","floor":6,"key":"SMITH"},{"data":"theDuelist:HeavyMechSupportPlatform","floor":8,"key":"SMITH"},{"data":"theDuelist:PerfectMachineKing","floor":12,"key":"SMITH"},{"floor":19,"key":"RECALL"},{"data":"theDuelist:IronhammerGiant","floor":22,"key":"SMITH"},{"floor":31,"key":"REST"},{"floor":33,"key":"REST"},{"floor":41,"key":"REST"},{"floor":44,"key":"REST"},{"floor":54,"key":"REST"},{"floor":59,"key":"REST"},{"floor":65,"key":"REST"}],"circlet_count":0,"master_deck":["theDuelist:AncientGearBox+1","theDuelist:Shekhinaga+1","theDuelist:Deskbot005+1","theDuelist:GreenGadget+1","theDuelist:Deskbot005+1","theDuelist:SatelliteCannon+1","theDuelist:Deskbot004+1","theDuelist:SlotMachine+1","AscendersBane","theDuelist:Biofalcon+1","theDuelist:IronhammerGiant+1","theDuelist:PowerGiant+1","theDuelist:HeavyMechSupportPlatform+1","theDuelist:AncientGearGolem+1"],"relics":["theDuelist:MillenniumPuzzle","theDuelist:CardPoolRelic","theDuelist:CardPoolBasicRelic","theDuelist:BoosterPackPoolRelic","theDuelist:CardPoolAddRelic","theDuelist:CardPoolMinusRelic","theDuelist:CardPoolSaveRelic","theDuelist:CardPoolOptionsRelic","Vajra","hubris:BallOfYels","theDuelist:TributeEggRelic","theDuelist:ZoneToken","Dota2Spire:BattleFury","OrangePellets","Blood Vial","Bag of Marbles","Lantern","Dota2Spire:LotusOrb","theDuelist:ShopToken","Potion Belt","theDuelist:MonsterEggRelic","Nunchaku","theDuelist:GamblerChip","hubris:VirtuousBlindfold","wanderingMiniBosses:ThiefScarf","StrikeDummy","Anchor","hubris:SlimyHat","Fusion Hammer","hubris:ScarierMask","theDuelist:ElectricToken","Dota2Spire:Satanic","Pear","theDuelist:BoosterPackTrapEgg","theDuelist:KaibaToken","hubris:SoftwareUpdate","Boot","Bag of Preparation","Dota2Spire:HeartOfTarrasque"],"acts_visited":["Exordium","TheCity","TheBeyond"],"potions_floor_usage":[66],"damage_taken":[{"damage":0,"enemies":"Jaw Worm","floor":1,"turns":3},{"damage":0,"enemies":"Small Slimes","floor":2,"turns":6},{"damage":0,"enemies":"Cultist","floor":3,"turns":5},{"damage":0,"enemies":"3 Louse","floor":5,"turns":5},{"damage":0,"enemies":"Gremlin Nob","floor":7,"turns":5},{"damage":0,"enemies":"Looter","floor":10,"turns":1},{"damage":0,"enemies":"Lagavulin","floor":14,"turns":4},{"damage":0,"enemies":"Exordium Wildlife","floor":15,"turns":2},{"damage":0,"enemies":"3 Sentries","floor":16,"turns":3},{"damage":0,"enemies":"The Guardian","floor":20,"turns":4},{"damage":0,"enemies":"The Guardian","floor":23,"turns":3},{"damage":0,"enemies":"Shell Parasite","floor":25,"turns":1},{"damage":19,"enemies":"Spheric Guardian","floor":27,"turns":4},{"damage":0,"enemies":"Shelled Parasite and Fungi","floor":29,"turns":1},{"damage":0,"enemies":"Gremlin Leader","floor":30,"turns":1},{"damage":0,"enemies":"Slavers","floor":32,"turns":3},{"damage":1,"enemies":"Snecko","floor":36,"turns":3},{"damage":0,"enemies":"Centurion and Healer","floor":39,"turns":1},{"damage":0,"enemies":"Snake Plant","floor":40,"turns":2},{"damage":5,"enemies":"hubris:MusketHawk","floor":42,"turns":3},{"damage":18,"enemies":"hubris:MusketHawk","floor":45,"turns":6},{"damage":0,"enemies":"3 Darklings","floor":47,"turns":2},{"damage":0,"enemies":"3 Shapes","floor":48,"turns":1},{"damage":0,"enemies":"2 Orb Walkers","floor":49,"turns":2},{"damage":0,"enemies":"Maw","floor":51,"turns":2},{"damage":0,"enemies":"Nemesis","floor":53,"turns":3},{"damage":0,"enemies":"Writhing Mass","floor":55,"turns":2},{"damage":0,"enemies":"Reptomancer","floor":56,"turns":1},{"damage":0,"enemies":"Transient","floor":60,"turns":4},{"damage":0,"enemies":"Nemesis","floor":61,"turns":3},{"damage":0,"enemies":"3 Darklings","floor":64,"turns":1},{"damage":0,"enemies":"Time Eater","floor":66,"turns":2}],"seed_played":"2775939714347356316","potions_obtained":[{"floor":1,"key":"SteroidPotion"},{"floor":5,"key":"Dexterity Potion"},{"floor":10,"key":"theDuelist:StunPotion"},{"floor":15,"key":"Dexterity Potion"},{"floor":16,"key":"SteroidPotion"},{"floor":23,"key":"theDuelist:VampireVial"},{"floor":47,"key":"theDuelist:BigTributeBottle"}],"is_trial":false,"path_per_floor":["M","M","M","?","M","R","E","R","$","M","T","R","?","E","M","E","$","?","R","B",null,"R","B",null,"M","$","M","?","M","E","R","E","R","T","T","M","?","?","M","M","R","B",null,"R","B",null,"M","M","?","$","M","?","E","R","M","E","T","T","R","M","E","?","$","M","R","B",null],"character_chosen":"THE_DUELIST","items_purchased":["Vajra","hubris:BallOfYels","theDuelist:TributeEggRelic","theDuelist:ZoneToken","Dota2Spire:BattleFury","OrangePellets","Blood Vial","Bag of Marbles","theDuelist:PerfectMachineKing","Lantern","theDuelist:AncientGearGolem","theDuelist:ShopToken","theDuelist:AncientGearBox","Dota2Spire:Satanic","Pear","Dota2Spire:HeartOfTarrasque"],"campfire_rested":7,"item_purchase_floors":[0,0,0,0,0,0,0,0,0,0,0,9,9,50,50,63],"current_hp_per_floor":[26,28,30,35,37,37,39,39,39,41,41,41,41,43,45,47,47,47,47,49,49,49,51,77,79,79,62,62,64,66,85,85,85,85,85,84,84,84,85,85,85,80,80,85,67,81,83,85,85,95,95,95,95,95,95,95,95,95,95,95,95,90,98,98,98,98],"gold":127,"neow_bonus":"","is_daily":false,"chose_seed":false,"campfire_upgraded":4,"win_rate":0.0,"timestamp":1613807344,"path_taken":["M","M","M","?","M","R","E","R","$","M","T","R","?","E","?","E","$","?","R","BOSS","R","BOSS","M","$","M","?","M","E","R","E","R","T","T","M","?","?","M","M","R","BOSS","R","BOSS","M","M","?","$","M","?","E","R","M","E","T","T","R","M","E","?","$","M","R","BOSS"],"items_purchased_type":["Relic","Relic","Relic","Relic","Relic","Relic","Relic","Relic","Card","Relic","Card","Relic","Card","Relic","Relic","Relic"],"build_version":"2020-12-22","purchased_purges":4,"victory":true,"max_hp_per_floor":[80,80,80,85,85,85,85,85,85,85,85,85,85,85,85,85,85,85,85,85,85,85,85,85,85,85,85,85,85,85,85,85,85,85,85,85,85,85,85,85,85,85,85,85,85,85,85,85,85,95,95,95,95,95,95,95,95,95,95,95,95,90,98,98,98,98],"card_choices":[{"not_picked":["theDuelist:Hinotama","theDuelist:LightningDarts","theDuelist:Sangan","theDuelist:WormWarlord"],"picked":"theDuelist:PowerGiant","floor":1},{"not_picked":["theDuelist:RedGadget","theDuelist:HeavyMechSupportArmor","theDuelist:BlastingFuse","theDuelist:BlackSalvo"],"picked":"theDuelist:HeavyMechSupportPlatform","floor":2},{"not_picked":["theDuelist:JinzoLord","theDuelist:Overworked","theDuelist:PlatinumGadget","theDuelist:SolemnWarning"],"picked":"theDuelist:SlotMachine","floor":3},{"not_picked":["theDuelist:LightningDarts","theDuelist:Sangan","theDuelist:PowerGiant","theDuelist:WormWarlord","theDuelist:SeismicShockwave"],"picked":"SKIP","floor":5},{"not_picked":["theDuelist:BlastJuggler","theDuelist:CyberArchfiend","theDuelist:Factory100Machines","theDuelist:GreenGadget","theDuelist:PotDuality"],"picked":"SKIP","floor":7},{"not_picked":["theDuelist:AncientGearChimera","theDuelist:Deskbot002","theDuelist:MetalDragon","theDuelist:GenexNeutron","theDuelist:MachineDuplication"],"picked":"SKIP","floor":10},{"not_picked":["theDuelist:AncientGearReactorDragon","theDuelist:Deskbot007","theDuelist:Oilman"],"picked":"SKIP","floor":14},{"not_picked":["theDuelist:GravityBlaster","theDuelist:MachineDuplication","theDuelist:Geartown","theDuelist:GravityAxe","theDuelist:AncientGearFist"],"picked":"SKIP","floor":15},{"not_picked":["theDuelist:GenexAllyBirdman","theDuelist:GreenGadget","theDuelist:Deskbot001","theDuelist:GearGigant","theDuelist:BlastingFuse"],"picked":"SKIP","floor":16},{"not_picked":["theDuelist:JinzoLord","theDuelist:OrcustCrescendo","theDuelist:SolemnWarning","theDuelist:Shekhinaga"],"picked":"theDuelist:IronhammerGiant","floor":20},{"not_picked":["Blind","Discovery+1","Jack Of All Trades+1","Sadistic Nature"],"picked":"SKIP","floor":25},{"not_picked":["theDuelist:CoreBlaster","theDuelist:DoubleTool","theDuelist:CardsFromTheSky","theDuelist:StimPack","theDuelist:ZONE"],"picked":"SKIP","floor":27},{"not_picked":["theDuelist:Biofalcon","theDuelist:CannonSoldier","theDuelist:AncientGearBox","theDuelist:Deskbot005","theDuelist:Tuningware"],"picked":"SKIP","floor":29},{"not_picked":["theDuelist:AncientGearGadjiltron","theDuelist:AncientGearReactorDragon","theDuelist:BarrelDragon","theDuelist:MetalDragon+1","theDuelist:MegafleetDragon"],"picked":"SKIP","floor":30},{"not_picked":["theDuelist:Biofalcon+1","theDuelist:Deskbot004","theDuelist:AllySalvo","theDuelist:Deskbot006","theDuelist:PsychicShockwave"],"picked":"SKIP","floor":32},{"not_picked":["theDuelist:Deskbot007","theDuelist:IronhammerGiant+1","theDuelist:SlotMachine","theDuelist:TurretWarrior"],"picked":"theDuelist:SatelliteCannon","floor":36},{"not_picked":["theDuelist:BlastJuggler","theDuelist:JunkKuriboh","theDuelist:CyberRaider","theDuelist:CardsFromTheSky","theDuelist:BlastAsmodian"],"picked":"SKIP","floor":39},{"not_picked":["theDuelist:FrontlineObserver","theDuelist:GenexAllyBirdman","theDuelist:Deskbot005","theDuelist:GreenGadget","theDuelist:JadeKnight"],"picked":"SKIP","floor":40},{"not_picked":["theDuelist:GravityLash","theDuelist:NightmareWheel","theDuelist:PineappleBlast","theDuelist:Apoqliphort"],"picked":"theDuelist:SwordsConcealing","floor":42},{"not_picked":["theDuelist:BlastWithChain+1","theDuelist:PsychicShockwave","theDuelist:CemetaryBomb+1","theDuelist:DigitalBug+1","theDuelist:AncientGearWorkshop+1"],"picked":"SKIP","floor":47},{"not_picked":["theDuelist:BlastWithChain+1","theDuelist:ElectromagneticTurtle+1","theDuelist:Deskbot006","theDuelist:PortableBatteryPack+1","theDuelist:SparkBlaster"],"picked":"SKIP","floor":48},{"not_picked":["theDuelist:AncientGearFist+1","theDuelist:CoreBlaster+1","theDuelist:DoubleTool+1","theDuelist:ParallelPortArmor","theDuelist:SparkBlaster+1"],"picked":"SKIP","floor":51},{"not_picked":["theDuelist:BlastJuggler","theDuelist:CyberArchfiend+1","theDuelist:Deskbot004+1","theDuelist:ScrapBeast+1","theDuelist:RedGadget+1"],"picked":"SKIP","floor":53},{"not_picked":["theDuelist:CoreBlaster","theDuelist:DoubleTool","theDuelist:ArtifactIgnition","theDuelist:RainbowBridge+1","theDuelist:CyberneticFusion+1"],"picked":"SKIP","floor":55},{"not_picked":["theDuelist:GoldGadget","theDuelist:MachineKing+1","theDuelist:Overworked+1","theDuelist:PlatinumGadget+1","theDuelist:Shekhinaga+1"],"picked":"SKIP","floor":56},{"not_picked":["theDuelist:BlockGolem+1","theDuelist:GemElephant","theDuelist:LabyrinthWall","theDuelist:LostGuardian","theDuelist:PowerGiant+1"],"picked":"SKIP","floor":60},{"not_picked":["theDuelist:ImperialOrder+1","theDuelist:MachineFactory","theDuelist:UnionHangar","theDuelist:ZONE+1","theDuelist:CatapultTurtle"],"picked":"SKIP","floor":61},{"not_picked":["theDuelist:ScrapBeast+1","theDuelist:JunkKuriboh","theDuelist:CyberRaider+1","theDuelist:AncientGearChimera+1","theDuelist:CyberneticFusion+1"],"picked":"SKIP","floor":64}],"player_experience":239631,"relics_obtained":[{"floor":7,"key":"Dota2Spire:LotusOrb"},{"floor":11,"key":"Potion Belt"},{"floor":14,"key":"theDuelist:MonsterEggRelic"},{"floor":16,"key":"Nunchaku"},{"floor":27,"key":"wanderingMiniBosses:ThiefScarf"},{"floor":30,"key":"StrikeDummy"},{"floor":32,"key":"Anchor"},{"floor":34,"key":"hubris:SlimyHat"},{"floor":49,"key":"theDuelist:ElectricToken"},{"floor":53,"key":"theDuelist:BoosterPackTrapEgg"},{"floor":56,"key":"theDuelist:KaibaToken"},{"floor":57,"key":"hubris:SoftwareUpdate"},{"floor":58,"key":"Boot"},{"floor":61,"key":"Bag of Preparation"}],"event_choices":[{"damage_healed":0,"gold_gain":0,"player_choice":"Donut","damage_taken":0,"max_hp_gain":5,"max_hp_loss":0,"event_name":"Big Fish","floor":4,"gold_loss":0},{"cards_removed":["theDuelist:CastleWalls"],"damage_healed":0,"gold_gain":0,"player_choice":"Offered Basic","damage_taken":0,"max_hp_gain":0,"max_hp_loss":0,"event_name":"Bonfire Elementals","floor":13,"gold_loss":0},{"cards_removed":["theDuelist:Deskbot004"],"damage_healed":0,"gold_gain":0,"player_choice":"Forget","damage_taken":0,"max_hp_gain":0,"max_hp_loss":0,"event_name":"Living Wall","floor":18,"gold_loss":0},{"damage_healed":0,"gold_gain":0,"player_choice":"Ignored","damage_taken":0,"max_hp_gain":0,"max_hp_loss":0,"event_name":"Ghosts","floor":28,"gold_loss":0},{"damage_healed":0,"gold_gain":0,"player_choice":"Simplicity","damage_taken":0,"max_hp_gain":0,"max_hp_loss":0,"event_name":"Back to Basics","floor":37,"gold_loss":0,"cards_upgraded":[]},{"damage_healed":0,"gold_gain":0,"player_choice":"Read","damage_taken":0,"max_hp_gain":0,"max_hp_loss":0,"event_name":"The Library","floor":38,"gold_loss":0,"cards_obtained":["theDuelist:Shekhinaga"]},{"damage_healed":0,"gold_gain":0,"player_choice":"Fight","damage_taken":0,"max_hp_gain":0,"max_hp_loss":0,"event_name":"Mysterious Sphere","floor":49,"gold_loss":0},{"damage_healed":0,"gold_gain":0,"player_choice":"Leave","duelist":true,"damage_taken":0,"max_hp_gain":0,"max_hp_loss":0,"event_name":"Relic Duplicator","floor":52,"gold_loss":0},{"damage_healed":0,"gold_gain":0,"player_choice":"Max HP","damage_taken":0,"max_hp_gain":0,"max_hp_loss":5,"event_name":"Winding Halls","floor":62,"gold_loss":0}],"is_beta":false,"boss_relics":[{"not_picked":["hubris:Backtick","Velvet Choker"],"picked":"theDuelist:GamblerChip"},{"not_picked":["theDuelist:HauntedRelic","hubris:BlackHole"],"picked":"hubris:VirtuousBlindfold"},{"not_picked":["hubris:GrandSneckoEye","Calling Bell"],"picked":"Fusion Hammer"},{"not_picked":["Cursed Key","Mark of Pain"],"picked":"hubris:ScarierMask"}],"items_purged_floors":[0,0,17,50],"is_endless":false,"potions_floor_spawned":[1,5,10,15,16,23,27,29,42,45,47,48,56,64],"ascension_level":11}}