{"host":"37dk0reb6x0du8wx","time":1613799785,"event":{"mods":["BaseMod","Colored Map","DeckTracker","Minty Spire (QoL Compilation)","Quick Restart","StSLib"],"gold_per_floor":[14,30,45,56,68,68,143,143,143,143,93,93,268,279,279,380,380,395,305,44,44,44],"floor_reached":21,"language":"KOR","playtime":1054,"items_purged":["Doubt"],"score":169,"play_id":"6d355bde-bff6-4446-84c5-f3705209b510","local_time":"20210220144305","is_ascension_mode":false,"campfire_choices":[{"data":"Dagger Spray","floor":6,"key":"SMITH"},{"floor":8,"key":"REST"},{"data":"Footwork","floor":12,"key":"SMITH"},{"data":"Catalyst","floor":15,"key":"SMITH"}],"circlet_count":0,"master_deck":["Strike_G","Strike_G","Strike_G","Strike_G","Defend_G","Defend_G","Defend_G","Defend_G","Defend_G","Survivor","Neutralize","Footwork+1","Dagger Spray+1","Catalyst+1","Crippling Poison"],"relics":["Ring of the Serpent","Torii","Bottled Tornado","Chemical X"],"acts_visited":["Exordium","TheCity"],"potions_floor_usage":[16,16,18],"damage_taken":[{"damage":10,"enemies":"Jaw Worm","floor":1,"turns":8},{"damage":0,"enemies":"Small Slimes","floor":2,"turns":3},{"damage":2,"enemies":"2 Louse","floor":3,"turns":4},{"damage":1,"enemies":"Blue Slaver","floor":4,"turns":5},{"damage":3,"enemies":"Lots of Slimes","floor":5,"turns":6},{"damage":2,"enemies":"Gremlin Gang","floor":14,"turns":8},{"damage":63,"enemies":"The Guardian","floor":16,"turns":31},{"damage":39,"enemies":"Chosen","floor":18,"turns":9},{"damage":23,"enemies":"2 Thieves","floor":19,"turns":5},{"damage":16,"enemies":"Snecko","floor":21,"turns":3}],"seed_played":"5409365916654063958","potions_obtained":[{"floor":3,"key":"Dexterity Potion"},{"floor":5,"key":"BlessingOfTheForge"},{"floor":16,"key":"Fire Potion"}],"is_trial":false,"path_per_floor":["M","M","M","M","M","R","?","R","T","?","?","R","?","M","R","B",null,"M","M","$","M"],"character_chosen":"THE_SILENT","items_purchased":["Crippling Poison","Chemical X"],"campfire_rested":1,"item_purchase_floors":[20,20],"current_hp_per_floor":[60,60,58,57,54,54,43,64,64,69,69,69,69,67,67,4,75,36,13,13,0,0],"gold":44,"neow_bonus":"ONE_RARE_RELIC","is_daily":false,"chose_seed":false,"campfire_upgraded":3,"win_rate":0.0,"timestamp":1613799785,"path_taken":["M","M","M","M","M","R","?","R","T","?","?","R","?","M","R","BOSS","M","M","$","M"],"items_purchased_type":["Card","Relic"],"build_version":"2020-12-22","purchased_purges":1,"victory":false,"max_hp_per_floor":[70,70,70,70,70,70,70,70,70,75,75,75,75,75,75,75,75,75,75,75,75,75],"card_choices":[{"not_picked":["Backflip","Backstab","Expertise"],"picked":"SKIP","floor":1},{"not_picked":["Deflect","Dagger Throw"],"picked":"Footwork","floor":2},{"not_picked":["Sucker Punch","Setup","Flying Knee"],"picked":"SKIP","floor":3},{"not_picked":["Backflip","Riddle With Holes"],"picked":"Dagger Spray","floor":4},{"not_picked":["Grand Finale","Masterful Stab"],"picked":"Catalyst","floor":5},{"not_picked":["Concentrate","Dagger Throw","Backflip"],"picked":"SKIP","floor":14},{"not_picked":["Bane","Cloak And Dagger+1","Backflip"],"picked":"SKIP","floor":18},{"not_picked":["Deflect","Backstab+1","Dagger Spray+1"],"picked":"SKIP","floor":19}],"player_experience":221744,"relics_obtained":[{"floor":9,"key":"Bottled Tornado"}],"event_choices":[{"damage_healed":0,"gold_gain":75,"player_choice":"Gather Gold","damage_taken":11,"max_hp_gain":0,"max_hp_loss":0,"event_name":"World of Goop","floor":7,"gold_loss":0},{"damage_healed":0,"gold_gain":0,"player_choice":"Donut","damage_taken":0,"max_hp_gain":5,"max_hp_loss":0,"event_name":"Big Fish","floor":10,"gold_loss":0},{"cards_removed":["Strike_G"],"damage_healed":0,"gold_gain":0,"player_choice":"Card Removal","damage_taken":0,"max_hp_gain":0,"max_hp_loss":0,"event_name":"The Cleric","floor":11,"gold_loss":50},{"damage_healed":0,"gold_gain":175,"player_choice":"AGREE","damage_taken":0,"max_hp_gain":0,"max_hp_loss":0,"event_name":"Liars Game","floor":13,"gold_loss":0,"cards_obtained":["Doubt"]}],"is_beta":false,"boss_relics":[{"not_picked":["Pandora\u0027s Box","Runic Dome"],"picked":"Ring of the Serpent"}],"items_purged_floors":[20],"is_endless":false,"potions_floor_spawned":[3,5,16],"killed_by":"Snecko","ascension_level":0}}