{"host":"dmtlrev5pkc1867p","time":1613830399,"event":{"mods":["AchievementEnabler","BaseMod","Colored Map","Colored Powertips","Downfall","Hermit","Highlight Path","Hubris","Infinite Spire","Marisa¡]Ãú«B¡@Å]²z¨F¡^","Minty Spire (QoL Compilation)","Permanent Neow","Quick Restart","Rare Cards Sparkle","Relic Sorter","Relic Stats","Replay The Spire","Shop Mod","StSLib","SuperFastMode","The Construct","The Cursed","The Mystic","The Necromancer","The Poker Player","The Runesmith","The Servant 0.9.4"],"gold_per_floor":[365,379,103,103,103,135,150,150,150,163,163,193,193,17,17,114,114,114,114],"floor_reached":18,"language":"ZHS","playtime":520,"items_purged":[],"score":227,"play_id":"64d24dd4-58d0-407b-9422-3b73564cc879","local_time":"20210220221319","is_ascension_mode":true,"campfire_choices":[{"floor":8.0,"key":"REST"},{"floor":11.0,"key":"REST"},{"floor":13.0,"key":"REST"},{"floor":15.0,"key":"REST"}],"circlet_count":0,"master_deck":["Strike_G","Strike_G","Strike_G","Strike_G","Strike_G","Defend_G","Defend_G","Defend_G","Defend_G","Defend_G","Survivor","Neutralize","hexamod:Strike","PiercingWail","Terror","Caltrops","Poisoned Stab","Flying Knee","Blade Dance","Caltrops","Blade Dance","Catalyst","Catalyst","Glass Knife"],"relics":["Ring of the Snake","Nunchaku","Orichalcum","Bird Faced Urn","Membership Card","Ring of Chaos"],"acts_visited":["Exordium","TheCity"],"potions_floor_usage":[16],"damage_taken":[{"damage":0.0,"enemies":"Cultist","floor":1.0,"turns":4.0},{"damage":5.0,"enemies":"Small Slimes","floor":2.0,"turns":5.0},{"damage":19.0,"enemies":"Gremlin Nob","floor":6.0,"turns":4.0},{"damage":0.0,"enemies":"2 Louse","floor":7.0,"turns":2.0},{"damage":7.0,"enemies":"2 Fungi Beasts","floor":10.0,"turns":4.0},{"damage":44.0,"enemies":"3 Sentries","floor":12.0,"turns":10.0},{"damage":45,"enemies":"The Guardian","floor":16,"turns":11},{"damage":2,"enemies":"Shell Parasite","floor":18,"turns":3}],"seed_played":"-8766064676567118436","potions_obtained":[{"floor":1.0,"key":"Dexterity Potion"},{"floor":2.0,"key":"Dexterity Potion"},{"floor":7.0,"key":"Ancient Potion"},{"floor":12.0,"key":"champ:CounterPotion"}],"is_trial":false,"path_per_floor":["M","M","$","?","?","E","M","R","T","M","R","E","R","$","R","B",null,"M"],"character_chosen":"THE_SILENT","items_purchased":["Caltrops","Poisoned Stab","Nunchaku","Membership Card","Catalyst"],"campfire_rested":4,"item_purchase_floors":[3,3,3,14,14],"current_hp_per_floor":[63,58,58,58,58,39,39,60,60,53,70,26,47,47,68,25,59,57,57],"gold":114,"neow_bonus":"TWO_FIFTY_GOLD","is_daily":false,"chose_seed":false,"campfire_upgraded":0,"win_rate":0.0,"timestamp":1613830399,"path_taken":["M","?","$","?","?","E","?","R","T","?","R","E","R","?","R","BOSS","M"],"items_purchased_type":["Card","Card","Relic","Relic","Card"],"build_version":"2020-12-22","purchased_purges":0,"victory":false,"max_hp_per_floor":[70,70,70,70,70,70,70,70,70,70,70,70,70,70,70,70,70,70,70],"relic_stats":{"Nunchaku":[6],"counters":[8,43],"Bird Faced Urn":[2],"Orichalcum":[54],"obtain_stats":[{"Nunchaku":3,"Bird Faced Urn":12,"Ring of Chaos":17,"Membership Card":14,"Orichalcum":6,"Ring of the Snake":0},{"Nunchaku":2,"Bird Faced Urn":6,"Ring of Chaos":7,"Membership Card":6,"Orichalcum":3,"Ring of the Snake":0},{"Nunchaku":9,"Bird Faced Urn":29,"Ring of Chaos":40,"Membership Card":29,"Orichalcum":13,"Ring of the Snake":0}],"Ring of the Snake":[16]},"card_choices":[{"not_picked":["Toxin Wave","Underhanded Strike"],"picked":"PiercingWail","floor":1.0},{"not_picked":["Finisher","Dagger Throw"],"picked":"Terror","floor":2.0},{"not_picked":["Dagger Spray","Distraction"],"picked":"Flying Knee","floor":6.0},{"not_picked":["Expertise","Flying Knee"],"picked":"Blade Dance","floor":7.0},{"not_picked":["Doppelganger","Acrobatics"],"picked":"Caltrops","floor":10.0},{"not_picked":["Cloak And Dagger","Distraction"],"picked":"Blade Dance","floor":12.0},{"not_picked":["Poison Darts","Doppelganger"],"picked":"Glass Knife","floor":16}],"player_experience":753973,"relics_obtained":[{"floor":6.0,"key":"Orichalcum"},{"floor":12.0,"key":"Bird Faced Urn"}],"event_choices":[{"cards_removed":["hexamod:Defend"],"damage_healed":0.0,"max_hp_gain":0.0,"max_hp_loss":0.0,"gold_gain":0.0,"event_name":"Purifier","player_choice":"Purged","floor":5.0,"gold_loss":0.0,"damage_taken":0.0}],"is_beta":false,"boss_relics":[{"not_picked":["Empty Cage","bronze:MakeshiftBattery"],"picked":"Ring of Chaos"}],"items_purged_floors":[],"is_endless":false,"potions_floor_spawned":[1,2,7,12],"killed_by":"Shell Parasite","ascension_level":7}}