{"host":"n2sr453jcjz6vvl4","time":1613849780,"event":{"mods":["BaseMod","Colored Map","Minty Spire (QoL Compilation)","Permanent Neow","Relic Stats","StSLib"],"gold_per_floor":[110,126,99,109,36,64,64,94,94,94,74,88,88,88,88,187,187,172,199,217,236,326,326,359,359,359],"floor_reached":25,"language":"ENG","playtime":1426,"items_purged":[],"score":288,"play_id":"02d7fdce-d155-41de-89c0-37b80842bd35","local_time":"20210220153620","is_ascension_mode":true,"campfire_choices":[{"data":"Loop","floor":7,"key":"SMITH"},{"data":"Zap","floor":10,"key":"SMITH"},{"data":"Coolheaded","floor":13,"key":"SMITH"},{"floor":15,"key":"REST"},{"floor":23,"key":"REST"}],"circlet_count":0,"master_deck":["Strike_B","Strike_B+1","Strike_B","Strike_B","Defend_B","Defend_B","Defend_B","Defend_B","Zap+1","Dualcast","Ball Lightning","Gash+1","Rebound","Loop+1","Coolheaded+1","Cold Snap","Buffer+1","Lockon","Gash+1","Ball Lightning","Fusion+1"],"relics":["Cracked Core","Anchor","Frozen Egg 2","Tiny Chest","Pear","Runic Pyramid","Strawberry","StoneCalendar"],"acts_visited":["TheCity"],"potions_floor_usage":[16],"damage_taken":[{"damage":0,"enemies":"Small Slimes","floor":1,"turns":3},{"damage":1,"enemies":"Cultist","floor":2,"turns":3},{"damage":0,"enemies":"2 Louse","floor":4,"turns":2},{"damage":35,"enemies":"Lagavulin","floor":6,"turns":5},{"damage":12,"enemies":"Gremlin Nob","floor":8,"turns":3},{"damage":6,"enemies":"Blue Slaver","floor":12,"turns":3},{"damage":28,"enemies":"Slime Boss","floor":16,"turns":9},{"damage":11,"enemies":"2 Thieves","floor":18,"turns":4},{"damage":19,"enemies":"Shell Parasite","floor":20,"turns":4},{"damage":8,"enemies":"Snecko","floor":21,"turns":5},{"damage":63,"enemies":"Slavers","floor":24,"turns":6},{"damage":8,"enemies":"Shelled Parasite and Fungi","floor":25,"turns":3}],"seed_played":"2906211819917230816","potions_obtained":[{"floor":4,"key":"SteroidPotion"},{"floor":6,"key":"DistilledChaos"},{"floor":11,"key":"PotionOfCapacity"},{"floor":20,"key":"Weak Potion"}],"is_trial":false,"path_per_floor":["M","M","?","M","$","E","R","E","T","R","?","M","R","?","R","B",null,"M","T","M","M","?","R","E","M"],"character_chosen":"DEFECT","items_purchased":["Loop"],"campfire_rested":2,"item_purchase_floors":[5],"current_hp_per_floor":[75,74,74,74,74,39,39,27,37,37,37,31,31,14,39,11,85,74,81,62,54,42,69,6,0,0],"gold":359,"neow_bonus":"RANDOM_COMMON_RELIC","is_daily":false,"chose_seed":false,"campfire_upgraded":3,"win_rate":0.0,"timestamp":1613849780,"path_taken":["M","M","?","M","$","E","R","E","T","R","?","?","R","?","R","BOSS","M","?","M","M","?","R","E","M"],"items_purchased_type":["Card"],"build_version":"2020-12-22","purchased_purges":0,"victory":false,"max_hp_per_floor":[75,75,75,75,75,75,75,75,85,85,85,85,85,85,85,85,85,85,92,92,92,92,92,92,92,92],"relic_stats":{"counters":[12,49],"Tiny Chest":1,"StoneCalendar":[0],"obtain_stats":[{"Anchor":0,"Pear":9,"Strawberry":19,"Tiny Chest":8,"StoneCalendar":24,"Frozen Egg 2":6,"Cracked Core":0,"Runic Pyramid":17},{"Anchor":0,"Pear":5,"Strawberry":8,"Tiny Chest":5,"StoneCalendar":11,"Frozen Egg 2":4,"Cracked Core":0,"Runic Pyramid":7},{"Anchor":0,"Pear":16,"Strawberry":32,"Tiny Chest":16,"StoneCalendar":46,"Frozen Egg 2":13,"Cracked Core":0,"Runic Pyramid":28}]},"card_choices":[{"not_picked":["Doom and Gloom","Skim"],"picked":"Ball Lightning","floor":1},{"not_picked":["Rip and Tear","Turbo"],"picked":"Gash","floor":2},{"not_picked":["Steam","Skim"],"picked":"Rebound","floor":4},{"not_picked":["All For One","Steam","Fusion"],"picked":"SKIP","floor":6},{"not_picked":["Darkness","Leap"],"picked":"Coolheaded","floor":8},{"not_picked":["Lockon","Go for the Eyes"],"picked":"Cold Snap","floor":12},{"not_picked":["Machine Learning+1","Multi-Cast"],"picked":"Buffer+1","floor":16},{"not_picked":["Barrage+1","Reinforced Body"],"picked":"Lockon","floor":18},{"not_picked":["Ball Lightning","Conserve Battery"],"picked":"Gash+1","floor":20},{"not_picked":["Steam","Scrape"],"picked":"Ball Lightning","floor":21},{"not_picked":["Sunder+1","Stack"],"picked":"Fusion+1","floor":24}],"player_experience":212311,"relics_obtained":[{"floor":6,"key":"Frozen Egg 2"},{"floor":8,"key":"Tiny Chest"},{"floor":9,"key":"Pear"},{"floor":19,"key":"Strawberry"},{"floor":24,"key":"StoneCalendar"}],"event_choices":[{"damage_healed":0,"gold_gain":0,"player_choice":"Left Gold","damage_taken":0,"max_hp_gain":0,"max_hp_loss":0,"event_name":"World of Goop","floor":3,"gold_loss":27},{"damage_healed":0,"gold_gain":0,"player_choice":"Bought 1 Potion","damage_taken":0,"max_hp_gain":0,"max_hp_loss":0,"event_name":"The Woman in Blue","floor":11,"gold_loss":0},{"damage_healed":0,"gold_gain":0,"player_choice":"Entered Light","damage_taken":17,"max_hp_gain":0,"max_hp_loss":0,"event_name":"Shining Light","floor":14,"gold_loss":0,"cards_upgraded":["Strike_B","Gash"]},{"damage_healed":0,"gold_gain":90,"player_choice":"GOLD ","damage_taken":12,"max_hp_gain":0,"max_hp_loss":0,"event_name":"Knowing Skull","floor":22,"potions_obtained":[],"gold_loss":0,"cards_obtained":[]}],"is_beta":false,"boss_relics":[{"not_picked":["Empty Cage","Inserter"],"picked":"Runic Pyramid"}],"items_purged_floors":[],"is_endless":false,"potions_floor_spawned":[4,6,20,24],"killed_by":"Shelled Parasite and Fungi","ascension_level":3}}