{"host":"ishme5wb80o83upk","time":1613809646,"event":{"mods":["Act Like it!","BaseMod","Minty Spire (QoL Compilation)","StSLib","The Hierophant"],"gold_per_floor":[110,121,140,155,182,208,220,261,273,285,308,320,332,319,331,376,388,406,352,289,265,265],"floor_reached":21,"language":"KOR","playtime":1222,"items_purged":["hierophant:Defend_Hierophant"],"score":247,"play_id":"183f10d8-a865-484f-9720-539d40b09bc5","local_time":"20210220172726","is_ascension_mode":true,"campfire_choices":[{"data":"hierophant:ChurchCoffers","floor":7.0,"key":"SMITH"},{"data":"hierophant:Encroach","floor":10.0,"key":"SMITH"},{"data":"hierophant:Punish","floor":15.0,"key":"SMITH"}],"circlet_count":0,"master_deck":["hierophant:Strike_Hierophant","hierophant:Strike_Hierophant","hierophant:Strike_Hierophant","hierophant:Punish+1","hierophant:Defend_Hierophant","hierophant:Defend_Hierophant","hierophant:ChurchCoffers+1","hierophant:Encroach+1","hierophant:HammerAndAnvil","hierophant:Shelter","hierophant:Doubloon","hierophant:ConvertCurrency"],"relics":["hierophant:PropheticMaskRelic","MawBank","Juzu Bracelet","Gremlin Horn","Coffee Dripper"],"acts_visited":["Exordium","TheCity"],"potions_floor_usage":[21],"damage_taken":[{"damage":1.0,"enemies":"Cultist","floor":1.0,"turns":3.0},{"damage":7.0,"enemies":"2 Louse","floor":2.0,"turns":2.0},{"damage":10.0,"enemies":"Small Slimes","floor":3.0,"turns":6.0},{"damage":13.0,"enemies":"Blue Slaver","floor":4.0,"turns":6.0},{"damage":3.0,"enemies":"3 Louse","floor":6.0,"turns":3.0},{"damage":19.0,"enemies":"3 Sentries","floor":8.0,"turns":15.0},{"damage":0.0,"enemies":"Gremlin Gang","floor":11.0,"turns":3.0},{"damage":6.0,"enemies":"Looter","floor":14.0,"turns":5.0},{"damage":12.0,"enemies":"Hexaghost","floor":16.0,"turns":10.0},{"damage":5,"enemies":"Spheric Guardian","floor":18,"turns":4},{"damage":26,"enemies":"2 Thieves","floor":19,"turns":5},{"damage":24,"enemies":"Snake Plant","floor":21,"turns":4}],"seed_played":"4849769789231441103","potions_obtained":[{"floor":2.0,"key":"EssenceOfSteel"},{"floor":8.0,"key":"Fire Potion"},{"floor":14.0,"key":"Fire Potion"},{"floor":16.0,"key":"Energy Potion"},{"floor":19,"key":"Regen Potion"}],"is_trial":false,"path_per_floor":["M","M","M","M","T","M","R","E","T","R","M","?","?","M","R","B",null,"M","M","$","M"],"character_chosen":"HIEROPHANT","items_purchased":[],"campfire_rested":0,"item_purchase_floors":[],"current_hp_per_floor":[67,60,50,37,37,34,34,15,15,15,15,8,33,27,27,15,60,55,29,29,17,17],"gold":265,"neow_bonus":"REMOVE_CARD","is_daily":false,"chose_seed":false,"campfire_upgraded":3,"win_rate":0.0,"timestamp":1613809646,"path_taken":["M","?","M","?","?","M","R","E","T","R","M","?","?","M","R","BOSS","M","M","$","M"],"items_purchased_type":[],"build_version":"2020-12-22","purchased_purges":1,"victory":false,"max_hp_per_floor":[75,75,75,75,75,75,75,75,75,75,75,75,75,75,75,75,75,75,75,75,75,75],"card_choices":[{"not_picked":["hierophant:Smite","hierophant:ArchangelShield"],"picked":"hierophant:Encroach","floor":1.0},{"not_picked":["hierophant:RustyCrate","hierophant:Encroach"],"picked":"hierophant:HammerAndAnvil","floor":2.0},{"not_picked":["hierophant:Alms","hierophant:Racketeering","hierophant:OrnateJavelin"],"picked":"SKIP","floor":3.0},{"not_picked":["hierophant:Smite","hierophant:SolarFlare"],"picked":"hierophant:Shelter","floor":4.0},{"not_picked":["hierophant:Encroach","hierophant:Charity","hierophant:RustyCrate"],"picked":"SKIP","floor":6.0},{"not_picked":["hierophant:Doubloon","hierophant:Exaltation","hierophant:PassingBell"],"picked":"SKIP","floor":8.0},{"not_picked":["hierophant:RepressedViolence","hierophant:EyeForCoin"],"picked":"hierophant:ConvertCurrency","floor":11.0},{"not_picked":["hierophant:ThreeLashes","hierophant:TollTheBells","hierophant:SecretStash"],"picked":"SKIP","floor":14.0},{"not_picked":["hierophant:Shelter","hierophant:Encroach","hierophant:Remorse+1"],"picked":"SKIP","floor":18},{"not_picked":["hierophant:SecretStash","hierophant:SealAway","hierophant:OrnateBuckler+1"],"picked":"SKIP","floor":19}],"player_experience":1094919,"relics_obtained":[{"floor":5.0,"key":"MawBank"},{"floor":8.0,"key":"Juzu Bracelet"},{"floor":9.0,"key":"Gremlin Horn"}],"event_choices":[{"cards_removed":["hierophant:Defend_Hierophant"],"damage_healed":0.0,"max_hp_gain":0.0,"max_hp_loss":0.0,"gold_gain":0.0,"event_name":"Golden Wing","player_choice":"Card Removal","floor":12.0,"gold_loss":0.0,"damage_taken":7.0},{"damage_healed":25.0,"max_hp_gain":0.0,"max_hp_loss":0.0,"gold_gain":0.0,"event_name":"Big Fish","player_choice":"Banana","floor":13.0,"gold_loss":0.0,"damage_taken":0.0}],"is_beta":false,"boss_relics":[{"not_picked":["Snecko Eye","Tiny House"],"picked":"Coffee Dripper"}],"items_purged_floors":[20],"is_endless":false,"potions_floor_spawned":[2,8,14,16,19],"killed_by":"Snake Plant","ascension_level":7}}