{"host":"17xjy7b7ubl548g2","time":1613803439,"event":{"mods":["2.2 Compatiblity","Act Like it!","Aspiration","Astrologer","Bard","BaseMod","Challenge The Spire","ChefMod","Colored Map","Colored Powertips","Conspire","Elementarium","Energized Spire","Gensokyo","GifTheSpireLib","Halation","Hallownest","Hermit","Hubris","Infinite Spire","Jedi Mod","Jorbs\u0027s Wanderer Trilogy","Marisa（霧雨　魔理沙）","Marked Mod","Menagerie","Minty Spire (QoL Compilation)","Permanent Neow","Reliquary","Replay The Spire","Robot Space Explorer","Ruina","Shapeshifter Mod","Spicy Shops","Spire Arcade","StSLib","Stuff the Spire","The Blue Laboratory","The Bug Knight","The Construct","The Disciple","The Hayseed","The Hierophant","The Marked","The Runesmith","The Sage","TheFirefly"],"gold_per_floor":[112,112,132,142,142,172,172,200,225,259,276,289,306,322,322,394,394,407,423,436,436,451,485,485,485,485,485,505,534,534,552,552,647,647,664,762,762,131,131,165,191,191,216,245,245,263,263,307,307,307,307,307,40,75,75,75],"floor_reached":55,"language":"ENG","playtime":4704,"items_purged":["RobotSpaceExplorer:Strike","Elementarium:StickyTar","RobotSpaceExplorer:Strike","Pride"],"score":1585,"play_id":"7c8265a1-1e19-4c43-966d-1e8e572b63e2","local_time":"20210220014359","is_ascension_mode":true,"campfire_choices":[{"data":"RobotSpaceExplorer:GlueSpray","floor":7,"key":"SMITH"},{"data":"RobotSpaceExplorer:Blaster","floor":15,"key":"SMITH"},{"data":"infinitespire:Starlight","floor":24,"key":"SMITH"},{"data":"RobotSpaceExplorer:ToxicBomb","floor":27,"key":"SMITH"},{"data":"RobotSpaceExplorer:Blitz","floor":32,"key":"SMITH"},{"data":"RobotSpaceExplorer:Asteroid","floor":42,"key":"SMITH"},{"data":"RobotSpaceExplorer:ChargingLaser","floor":45,"key":"SMITH"},{"floor":47,"key":"RECALL"},{"data":"RobotSpaceExplorer:DoubleBlock","floor":49,"key":"SMITH"},{"data":"RobotSpaceExplorer:MiniLasers","floor":52,"key":"SMITH"}],"circlet_count":0,"master_deck":["AscendersBane","StSShapeShifter:Uproot_Redwood+1","RobotSpaceExplorer:Strike","RobotSpaceExplorer:Strike","RobotSpaceExplorer:Defend","RobotSpaceExplorer:Defend","RobotSpaceExplorer:Defend","RobotSpaceExplorer:Defend","RobotSpaceExplorer:Scan","RobotSpaceExplorer:MiniLasers+1","RobotSpaceExplorer:StunGrenade","RobotSpaceExplorer:ShovelStrike","RobotSpaceExplorer:MiniDrones","RobotSpaceExplorer:GlueSpray+1","RobotSpaceExplorer:GearShield","RobotSpaceExplorer:Pulsar","RobotSpaceExplorer:GearShield","RobotSpaceExplorer:ToxicBomb+1","RobotSpaceExplorer:Blaster+1","RobotSpaceExplorer:SurgingShield","RobotSpaceExplorer:ChargingLaser+1","RobotSpaceExplorer:LuckyStrike+1","RobotSpaceExplorer:Pulsar","infinitespire:Collect","infinitespire:Starlight+1","RobotSpaceExplorer:Jetpack+1","RobotSpaceExplorer:SurgingStrike","RobotSpaceExplorer:Blitz+1","RobotSpaceExplorer:TrailblazerForm","RobotSpaceExplorer:Asteroid+1","RobotSpaceExplorer:ScrapMissile","RobotSpaceExplorer:IronShell+1","RobotSpaceExplorer:MiniDrones","RobotSpaceExplorer:JunkDive","RobotSpaceExplorer:Asteroid+1","RobotSpaceExplorer:DoubleBlock+1","RobotSpaceExplorer:ImprovisedAttack","RobotSpaceExplorer:SurgingShield+1"],"relics":["RobotSpaceExplorer:TurboCore","aspiration:Nostalgia","HollowMod:VesselMask","Gambling Chip","reliquary:RosewoodLute","Pear","hubris:RunicObelisk","Bag of Marbles","jedi:heavyjacket","halation:PromiseList","Replay:PocketPolymizer","CeramicFish","Elementarium:ElementariumTrophy","infinitespire:Cupcake","Runesmith:AutoHammer","aspiration:Lifesprig","aspiration:HiddenCompartment","PreservedInsect","Blood Vial","ClockworkSouvenir","Strawberry"],"acts_visited":["Exordium","Menagerie:Menagerie","TheBeyond","TheEnding"],"potions_floor_usage":[6,19,20,23,38,46,48,55,55],"damage_taken":[{"damage":0.0,"enemies":"Menagerie:WhisperingWraith","floor":1.0,"turns":1.0},{"damage":0,"enemies":"Menagerie:StygianBoar","floor":3,"turns":1},{"damage":1,"enemies":"Menagerie:MonstrousExperiment","floor":4,"turns":1},{"damage":5,"enemies":"Menagerie:Hydra","floor":6,"turns":3},{"damage":1,"enemies":"Menagerie:MaskedSummoner","floor":8,"turns":4},{"damage":11,"enemies":"Menagerie:Hydra","floor":10,"turns":4},{"damage":4,"enemies":"Menagerie:MENAGERIE_WILDLIFE","floor":11,"turns":4},{"damage":0,"enemies":"Menagerie:MeltingSalamander","floor":12,"turns":4},{"damage":7,"enemies":"Menagerie:EntropyWarlock","floor":13,"turns":4},{"damage":0,"enemies":"Menagerie:RedMage","floor":14,"turns":3},{"damage":28,"enemies":"Menagerie:Suneater","floor":16,"turns":13},{"damage":0,"enemies":"Elementarium:2_ELEMENTALS","floor":18,"turns":5},{"damage":0,"enemies":"Elementarium:VoidCorruption","floor":19,"turns":2},{"damage":0,"enemies":"Elementarium:Hydrostalker","floor":20,"turns":4},{"damage":27,"enemies":"Elementarium:VOID_CORRUPTION_AND_TAR_GOLEM","floor":22,"turns":8},{"damage":0,"enemies":"Elementarium:WarGolem","floor":23,"turns":2},{"damage":6,"enemies":"Elementarium:CYCLONE_AND_LIVING_STORMCLOUD","floor":28,"turns":5},{"damage":0,"enemies":"Elementarium:FIRE_NOBILITY","floor":29,"turns":6},{"damage":14,"enemies":"Elementarium:GolemEmperor","floor":33,"turns":17},{"damage":11,"enemies":"3 Shapes","floor":35,"turns":3},{"damage":4,"enemies":"Nemesis","floor":40,"turns":7},{"damage":0,"enemies":"Orb Walker","floor":41,"turns":1},{"damage":0,"enemies":"Spire Growth","floor":44,"turns":4},{"damage":0,"enemies":"Writhing Mass","floor":46,"turns":2},{"damage":0,"enemies":"HollowMod:StalkingDevout","floor":48,"turns":2},{"damage":0,"enemies":"Donu and Deca","floor":50,"turns":9},{"damage":7,"enemies":"Shield and Spear","floor":54,"turns":5},{"damage":99,"enemies":"The Heart","floor":55,"turns":11}],"seed_played":"-1642652252428522849","potions_obtained":[{"floor":1.0,"key":"Fire Potion"},{"floor":6,"key":"blueLaboratory:BottledHope"},{"floor":8,"key":"blueLaboratory:LouseDecoction"},{"floor":12,"key":"blueLaboratory:ArtificerPotion"},{"floor":13,"key":"blueLaboratory:PhilterOfMotion"},{"floor":19,"key":"Block Potion"},{"floor":20,"key":"blueLaboratory:SavagePotion"},{"floor":23,"key":"Ancient Potion"},{"floor":33,"key":"CultistPotion"},{"floor":41,"key":"jedi:StrikingPotion"},{"floor":46,"key":"blueLaboratory:FruitPunch"}],"is_trial":false,"path_per_floor":["M","?","M","M","?","E","R","E","T","E","M","M","M","M","R","B",null,"M","M","M","AVR","M","E","R","?","T","R","M","E","?","?","R","B",null,"M","?","?","$","?","E","M","R","T","M","R","M","R","E","R","B",null,"R","$","E","B"],"character_chosen":"RobotSpaceExplorer","items_purchased":["Fruit Juice","RobotSpaceExplorer:IronShell+1","RobotSpaceExplorer:MiniDrones","aspiration:Lifesprig","ClockworkSouvenir","Block Potion"],"campfire_rested":0,"item_purchase_floors":[38,38,38,38,53,53],"current_hp_per_floor":[64,64,64,63,67,62,62,61,61,60,56,56,49,49,49,21,66,66,66,66,66,49,59,59,44,44,44,53,68,48,48,48,49,73,70,44,44,52,52,63,78,78,78,89,89,89,89,91,91,91,91,91,91,98,0,0],"gold":75,"neow_bonus":"NOSTALGIA","is_daily":false,"chose_seed":false,"campfire_upgraded":9,"win_rate":0.0,"timestamp":1613803439,"path_taken":["M","?","M","M","?","E","R","E","T","E","M","M","?","M","R","BOSS","M","?","M","AVR","M","E","R","?","T","R","M","E","?","?","R","BOSS","M","?","?","$","?","E","?","R","T","M","R","M","R","E","R","BOSS","R","$","E","BOSS"],"items_purchased_type":["Potion","Card","Card","Relic","Relic","Potion"],"build_version":"2020-12-22","purchased_purges":4,"victory":false,"max_hp_per_floor":[71,71,71,71,71,71,71,71,71,81,81,81,81,81,81,81,81,81,81,81,81,81,81,81,81,81,81,81,81,81,81,81,81,81,81,81,81,89,89,89,89,89,89,89,89,89,89,91,91,91,91,91,91,98,98,98],"card_choices":[{"not_picked":["RobotSpaceExplorer:Probe","RobotSpaceExplorer:PowerGlove"],"picked":"RobotSpaceExplorer:StunGrenade","floor":1.0},{"not_picked":["RobotSpaceExplorer:StarDust","RobotSpaceExplorer:MiniBoosters"],"picked":"RobotSpaceExplorer:ShovelStrike","floor":3},{"not_picked":["RobotSpaceExplorer:LaserBurst","RobotSpaceExplorer:ShovelStrike"],"picked":"RobotSpaceExplorer:MiniDrones","floor":4},{"not_picked":["RobotSpaceExplorer:StunGrenade","RobotSpaceExplorer:MetalStrike"],"picked":"RobotSpaceExplorer:GlueSpray","floor":6},{"not_picked":["RobotSpaceExplorer:Ammunition","RobotSpaceExplorer:Jetpack"],"picked":"RobotSpaceExplorer:GearShield","floor":8},{"not_picked":["RobotSpaceExplorer:FrostMissile","RobotSpaceExplorer:ImprovisedAttack"],"picked":"RobotSpaceExplorer:Pulsar","floor":10},{"not_picked":["RobotSpaceExplorer:Discharger","RobotSpaceExplorer:ImprovisedAttack"],"picked":"RobotSpaceExplorer:GearShield","floor":11},{"not_picked":["RobotSpaceExplorer:Probe","RobotSpaceExplorer:FrostMissile"],"picked":"RobotSpaceExplorer:ToxicBomb","floor":12},{"not_picked":["RobotSpaceExplorer:MetalStrike","RobotSpaceExplorer:Counterblock"],"picked":"RobotSpaceExplorer:Blaster","floor":13},{"not_picked":["RobotSpaceExplorer:JunkDive","RobotSpaceExplorer:MiniDrones"],"picked":"RobotSpaceExplorer:SurgingShield","floor":14},{"not_picked":["RobotSpaceExplorer:Multitool","RobotSpaceExplorer:Exploration"],"picked":"RobotSpaceExplorer:ChargingLaser","floor":16},{"not_picked":["RobotSpaceExplorer:Ammunition","RobotSpaceExplorer:RigExplosive","RobotSpaceExplorer:Discharger+1"],"picked":"SKIP","floor":18},{"not_picked":["RobotSpaceExplorer:ToxicBomb","RobotSpaceExplorer:Electroshield"],"picked":"RobotSpaceExplorer:LuckyStrike+1","floor":19},{"not_picked":["RobotSpaceExplorer:ImprovisedAttack+1","RobotSpaceExplorer:ScrapToss"],"picked":"RobotSpaceExplorer:Pulsar","floor":20},{"not_picked":["RobotSpaceExplorer:GlueSpray","RobotSpaceExplorer:SwiftStep"],"picked":"RobotSpaceExplorer:Jetpack","floor":22},{"not_picked":["RobotSpaceExplorer:SurgingShield","RobotSpaceExplorer:Electropulse"],"picked":"RobotSpaceExplorer:SurgingStrike","floor":23},{"not_picked":["RobotSpaceExplorer:GlueShot","RobotSpaceExplorer:MetalStrike+1"],"picked":"RobotSpaceExplorer:Blitz","floor":28},{"not_picked":["RobotSpaceExplorer:Electropulse","RobotSpaceExplorer:Ammunition+1"],"picked":"RobotSpaceExplorer:TrailblazerForm","floor":29},{"not_picked":["RobotSpaceExplorer:Explosion","RobotSpaceExplorer:Comet"],"picked":"RobotSpaceExplorer:Asteroid","floor":33},{"not_picked":["RobotSpaceExplorer:Electropulse+1","RobotSpaceExplorer:StunGrenade","RobotSpaceExplorer:SurgingStrike"],"picked":"SKIP","floor":35},{"not_picked":["RobotSpaceExplorer:FrostMissile","RobotSpaceExplorer:Electropulse"],"picked":"RobotSpaceExplorer:ScrapMissile","floor":36},{"not_picked":["RobotSpaceExplorer:Reload","RobotSpaceExplorer:MetalStrike"],"picked":"RobotSpaceExplorer:JunkDive","floor":40},{"not_picked":["RobotSpaceExplorer:SlimeMissile","RobotSpaceExplorer:ToxicBomb"],"picked":"RobotSpaceExplorer:Asteroid","floor":41},{"not_picked":["RobotSpaceExplorer:JunkDive","RobotSpaceExplorer:Ammunition"],"picked":"RobotSpaceExplorer:DoubleBlock","floor":44},{"not_picked":["RobotSpaceExplorer:GlueShot","RobotSpaceExplorer:SurgingStrike","RobotSpaceExplorer:SwiftStep"],"picked":"SKIP","floor":46},{"not_picked":["RobotSpaceExplorer:ExhaustFan+1","RobotSpaceExplorer:BigMissile"],"picked":"RobotSpaceExplorer:ImprovisedAttack","floor":48},{"not_picked":["RobotSpaceExplorer:Reload","RobotSpaceExplorer:ExhaustFan"],"picked":"RobotSpaceExplorer:SurgingShield+1","floor":54}],"player_experience":2223407,"relics_obtained":[{"floor":6,"key":"Gambling Chip"},{"floor":8,"key":"reliquary:RosewoodLute"},{"floor":10,"key":"Pear"},{"floor":23,"key":"Bag of Marbles"},{"floor":26,"key":"jedi:heavyjacket"},{"floor":29,"key":"halation:PromiseList"},{"floor":36,"key":"Runesmith:AutoHammer"},{"floor":40,"key":"aspiration:HiddenCompartment"},{"floor":43,"key":"PreservedInsect"},{"floor":48,"key":"Blood Vial"},{"floor":54,"key":"Strawberry"}],"event_choices":[{"damage_healed":0,"gold_gain":0,"player_choice":"Ignored","damage_taken":0,"max_hp_gain":0,"max_hp_loss":0,"event_name":"Menagerie:MagesHand","floor":2,"gold_loss":0},{"damage_healed":0,"gold_gain":0,"player_choice":"Offer","damage_taken":12,"relics_obtained":["RobotSpaceExplorer:TurboCore"],"max_hp_gain":0,"max_hp_loss":0,"event_name":"Elementarium:GreatTreasure","floor":25,"relics_lost":["RobotSpaceExplorer:SearchSpecs"],"gold_loss":0},{"damage_healed":0,"gold_gain":0,"player_choice":"Blood","damage_taken":20,"relics_obtained":["Replay:PocketPolymizer"],"max_hp_gain":0,"max_hp_loss":0,"event_name":"Elementarium:ShatteredPortal","floor":30,"gold_loss":0},{"damage_healed":0,"gold_gain":0,"player_choice":"Open","damage_taken":0,"relics_obtained":["CeramicFish"],"max_hp_gain":0,"max_hp_loss":0,"event_name":"Elementarium:TarCoveredCasket","floor":31,"gold_loss":0,"cards_obtained":["Elementarium:StickyTar","Elementarium:StickyTar"]},{"damage_healed":0,"gold_gain":0,"player_choice":"Upgraded","damage_taken":0,"max_hp_gain":0,"max_hp_loss":0,"event_name":"Upgrade Shrine","floor":39,"gold_loss":0,"cards_upgraded":["RobotSpaceExplorer:Jetpack"]}],"is_beta":false,"boss_relics":[{"not_picked":["halation:Yufonium","halation:SmartPhone"],"picked":"hubris:RunicObelisk"},{"not_picked":["reliquary:RedPaperclip","aspiration:RitualDagger"],"picked":"infinitespire:Cupcake"}],"items_purged_floors":[21,38,38,53],"is_endless":false,"potions_floor_spawned":[1,6,8,12,13,16,19,20,23,33,35,41,46],"killed_by":"The Heart","ascension_level":17}}