{"host":"cc6r8m2qe4jvlwua","time":1613859044,"event":{"mods":["BaseMod","Hubris","Marisa????????","Minty Spire (QoL Compilation)","Morshu Shopkeeper","Replay The Spire","Spicy Shops","StSLib","The Cursed","The Marked","The Necromancer"],"gold_per_floor":[114,114,114,135,159,159,1,15,15,15,31,54,54,68,68,68,68],"floor_reached":16,"language":"ENG","playtime":550,"items_purged":["Strike_P"],"score":103,"play_id":"8edc6415-1d15-489b-92c4-b0e9f1a34768","local_time":"20210220161044","is_ascension_mode":true,"campfire_choices":[{"data":"Eruption","floor":6,"key":"SMITH"},{"data":"EmptyFist","floor":13,"key":"SMITH"},{"data":"Replay:Battleflow","floor":15,"key":"SMITH"}],"circlet_count":0,"master_deck":["Strike_P","Strike_P","Defend_P","Defend_P","Defend_P","Defend_P","Eruption+1","Vigilance","FlurryOfBlows","MentalFortress","EmptyFist+1","Alpha","Protect","Replay:Battleflow+1"],"relics":["PureWater","NeowsBlessing","Golden Idol","Replay:Accelerometer"],"acts_visited":["Exordium"],"potions_floor_usage":[11,12],"damage_taken":[{"damage":0,"enemies":"Small Slimes","floor":1,"turns":2},{"damage":0,"enemies":"2 Louse","floor":4,"turns":1},{"damage":0,"enemies":"Cultist","floor":5,"turns":1},{"damage":0,"enemies":"2 Fungi Beasts","floor":8,"turns":3},{"damage":7,"enemies":"Lots of Slimes","floor":11,"turns":4},{"damage":13,"enemies":"Exordium Thugs","floor":12,"turns":5},{"damage":9,"enemies":"Exordium Wildlife","floor":14,"turns":4},{"damage":25,"enemies":"The Guardian","floor":16,"turns":11}],"seed_played":"5696624271337966046","potions_obtained":[{"floor":4,"key":"GamblersBrew"},{"floor":8,"key":"SteroidPotion"}],"is_trial":false,"path_per_floor":["M","?","?","M","M","R","$","M","T","?","M","M","R","M","R","B"],"character_chosen":"WATCHER","items_purchased":["EmptyFist"],"campfire_rested":0,"item_purchase_floors":[7],"current_hp_per_floor":[72,54,54,54,54,54,54,54,54,54,47,34,34,25,25,0,0],"gold":68,"neow_bonus":"THREE_ENEMY_KILL","is_daily":false,"chose_seed":false,"campfire_upgraded":3,"win_rate":0.0,"timestamp":1613859044,"path_taken":["M","?","?","M","?","R","$","M","T","?","M","M","R","M","R","BOSS"],"items_purchased_type":["Card"],"build_version":"2020-12-22","purchased_purges":1,"victory":false,"max_hp_per_floor":[72,72,72,72,72,72,72,72,72,72,72,72,72,72,72,72,72],"card_choices":[{"not_picked":["ClearTheMind","JustLucky"],"picked":"FlurryOfBlows","floor":1},{"not_picked":["Sanctity","Wireheading","BowlingBash"],"picked":"SKIP","floor":4},{"not_picked":["Fasting2","Prostrate"],"picked":"MentalFortress","floor":5},{"not_picked":["InnerPeace","PathToVictory"],"picked":"Alpha","floor":8},{"not_picked":["Sanctity","Replay:Vibes","EmptyFist"],"picked":"SKIP","floor":11},{"not_picked":["FearNoEvil","Vengeance"],"picked":"Protect","floor":12},{"not_picked":["SashWhip","FlyingSleeves"],"picked":"Replay:Battleflow","floor":14}],"player_experience":268917,"relics_obtained":[{"floor":9,"key":"Replay:Accelerometer"}],"event_choices":[{"damage_healed":0,"gold_gain":0,"player_choice":"Take Damage","damage_taken":18,"relics_obtained":["Golden Idol"],"max_hp_gain":0,"max_hp_loss":0,"event_name":"Golden Idol","floor":2,"gold_loss":0},{"damage_healed":0,"gold_gain":0,"player_choice":"Bought 0 Potions","damage_taken":0,"max_hp_gain":0,"max_hp_loss":0,"event_name":"The Woman in Blue","floor":3,"gold_loss":0},{"cards_removed":["Strike_P"],"damage_healed":0,"gold_gain":0,"player_choice":"Card Removal","damage_taken":0,"max_hp_gain":0,"max_hp_loss":0,"event_name":"Wheel of Change","floor":10,"gold_loss":0}],"is_beta":false,"boss_relics":[],"items_purged_floors":[7],"is_endless":false,"potions_floor_spawned":[4,8],"killed_by":"The Guardian","ascension_level":2}}