{"host":"kewnzcvkjkc63ziu","time":1613856830,"event":{"mods":["AchievementEnabler","BaseMod","Bestiary","Minty Spire (QoL Compilation)","Permanent Neow","Relic Filter","StSLib","The Hierophant"],"gold_per_floor":[139,194,205,21,196,196,280,280,307,307,365,365,365,438,438,615,615,636,636,716,782,656,656,656,656,656,733,800,793,793,750,750,887,887,978,629,751,837,900,968,795,795,821,972,972,1272,1413,1592,1592,1592],"floor_reached":51,"language":"ENG","playtime":4457,"items_purged":["hierophant:OrnateBuckler+1","Panache+1","hierophant:AuricForm+1"],"score":1072,"play_id":"5123118e-f953-4111-9791-b7a9b0fb5b54","local_time":"20210220223350","is_ascension_mode":false,"campfire_choices":[{"data":"hierophant:Doubloon","floor":6,"key":"SMITH"},{"data":"hierophant:Doubloon","floor":8,"key":"SMITH"},{"data":"hierophant:Doubloon","floor":10,"key":"SMITH"},{"data":"hierophant:Doubloon","floor":12,"key":"SMITH"},{"floor":15,"key":"REST"},{"data":"hierophant:EyeForCoin","floor":23,"key":"SMITH"},{"data":"hierophant:Doubloon","floor":30,"key":"SMITH"},{"data":"Panache","floor":32,"key":"SMITH"},{"data":"hierophant:Doubloon","floor":42,"key":"SMITH"},{"floor":46,"key":"DIG"},{"floor":49,"key":"DIG"}],"circlet_count":0,"master_deck":["hierophant:Charity+1","hierophant:Refuge+1","hierophant:Repentance+1","hierophant:Determination+1","hierophant:Generosity+1","hierophant:FaithHealing+1","hierophant:SecretStash+1","hierophant:Community+1","hierophant:Rebuild+1","hierophant:EyeForCoin+1","hierophant:Refuge+1","hierophant:Alms+1","hierophant:MirrorShield+1","hierophant:CursedGold+1","hierophant:CursedGold+1","hierophant:Doubloon+1","hierophant:Doubloon+1","hierophant:Doubloon+1","hierophant:Doubloon+1","hierophant:Doubloon+1","hierophant:Doubloon+1","hierophant:Doubloon+1","hierophant:Doubloon+1","hierophant:Doubloon+1","hierophant:Doubloon+1","hierophant:Doubloon+1","hierophant:Doubloon+1","hierophant:Doubloon+1","hierophant:Doubloon+1","hierophant:Doubloon+1","hierophant:Doubloon+1","hierophant:Doubloon+1","hierophant:Doubloon+1","hierophant:Doubloon+1","hierophant:Doubloon+1","hierophant:Doubloon+1","hierophant:Doubloon+1","hierophant:Doubloon+1","hierophant:Doubloon+1","hierophant:Doubloon+1","hierophant:Doubloon+1","hierophant:Doubloon+1","hierophant:Doubloon+1","hierophant:Doubloon+1","hierophant:Doubloon+1"],"relics":["Strange Spoon","Membership Card","Omamori","Empty Cage","Enchiridion","TungstenRod","Ice Cream","Calling Bell","Potion Belt","Incense Burner","Blue Candle","Shovel","Orichalcum","Frozen Eye","MealTicket","Toolbox","Pen Nib","Sundial","Old Coin","Peace Pipe","Torii","Ornamental Fan"],"acts_visited":["Exordium","TheCity","TheBeyond"],"potions_floor_usage":[20,48,50,50,50,50,50,50,50,50,50,50,50,50,50],"damage_taken":[{"damage":0,"enemies":"Small Slimes","floor":1,"turns":8},{"damage":0,"enemies":"2 Louse","floor":2,"turns":5},{"damage":9,"enemies":"Cultist","floor":3,"turns":6},{"damage":18,"enemies":"2 Fungi Beasts","floor":7,"turns":3},{"damage":0,"enemies":"Exordium Wildlife","floor":11,"turns":3},{"damage":4,"enemies":"3 Louse","floor":14,"turns":4},{"damage":21,"enemies":"The Guardian","floor":16,"turns":4},{"damage":10,"enemies":"Shell Parasite","floor":18,"turns":3},{"damage":41,"enemies":"Chosen","floor":20,"turns":9},{"damage":20,"enemies":"Sentry and Sphere","floor":21,"turns":4},{"damage":8,"enemies":"Chosen and Byrds","floor":27,"turns":5},{"damage":0,"enemies":"Gremlin Leader","floor":28,"turns":4},{"damage":9,"enemies":"Centurion and Healer","floor":29,"turns":4},{"damage":28,"enemies":"Snecko","floor":31,"turns":4},{"damage":12,"enemies":"Automaton","floor":33,"turns":5},{"damage":14,"enemies":"Orb Walker","floor":35,"turns":5},{"damage":30,"enemies":"3 Darklings","floor":37,"turns":6},{"damage":0,"enemies":"Maw","floor":38,"turns":5},{"damage":0,"enemies":"Writhing Mass","floor":39,"turns":3},{"damage":1,"enemies":"Giant Head","floor":40,"turns":5},{"damage":0,"enemies":"Nemesis","floor":44,"turns":5},{"damage":10,"enemies":"Giant Head","floor":47,"turns":7},{"damage":8,"enemies":"2 Orb Walkers","floor":48,"turns":6},{"damage":0,"enemies":"Donu and Deca","floor":50,"turns":2}],"seed_played":"-8582351142980620345","potions_obtained":[{"floor":1,"key":"AttackPotion"},{"floor":14,"key":"SpeedPotion"},{"floor":21,"key":"AttackPotion"},{"floor":25,"key":"SpeedPotion"},{"floor":33,"key":"ColorlessPotion"},{"floor":37,"key":"DistilledChaos"},{"floor":39,"key":"Ancient Potion"},{"floor":48,"key":"EntropicBrew"}],"is_trial":false,"path_per_floor":["M","M","M","$","?","R","M","R","T","R","M","R","?","M","R","B",null,"M","?","M","M","$","R","?","?","T","M","E","M","R","M","R","B",null,"M","$","M","M","M","E","$","R","T","E","?","R","E","?","R","B",null],"character_chosen":"HIEROPHANT","items_purchased":["Membership Card","hierophant:SecretStash","Panache","Shovel","Orichalcum","Frozen Eye","hierophant:CursedGold","Toolbox"],"campfire_rested":1,"item_purchase_floors":[4,4,22,36,36,36,41,41],"current_hp_per_floor":[75,75,75,75,75,75,74,74,74,74,75,75,60,69,75,75,75,75,75,62,61,61,61,45,45,45,75,75,75,75,75,75,75,75,75,75,75,75,75,75,75,75,75,75,71,71,71,71,71,71],"gold":1592,"neow_bonus":"BOSS_RELIC","is_daily":false,"chose_seed":false,"campfire_upgraded":8,"win_rate":0.0,"timestamp":1613856830,"path_taken":["M","M","M","$","?","R","M","R","T","R","M","R","?","M","R","BOSS","M","?","M","M","$","R","?","?","T","M","E","M","R","?","R","BOSS","M","$","M","M","M","E","$","R","T","E","?","R","E","?","R","BOSS"],"items_purchased_type":["Relic","Card","Card","Relic","Relic","Relic","Card","Relic"],"build_version":"2020-12-22","purchased_purges":3,"victory":true,"max_hp_per_floor":[75,75,75,75,75,75,75,75,75,75,75,75,75,75,75,75,75,75,75,75,75,75,75,75,75,75,75,75,75,75,75,75,75,75,75,75,75,75,75,75,75,75,75,75,71,71,71,71,71,71],"card_choices":[{"not_picked":["hierophant:FlamingChariot","hierophant:FaithHealing","hierophant:Purify"],"picked":"SKIP","floor":1},{"not_picked":["hierophant:OrnateJavelin","hierophant:RepressedViolence"],"picked":"hierophant:MorningPrayer","floor":2},{"not_picked":["hierophant:DisplayOfPower","hierophant:TollTheBells","hierophant:HammerAndAnvil"],"picked":"SKIP","floor":3},{"not_picked":["hierophant:DisplayOfPower","hierophant:TollTheBells","hierophant:HammerAndAnvil"],"picked":"SKIP","floor":3},{"not_picked":["hierophant:HolyVerse","hierophant:Empathy","hierophant:PassingBell"],"picked":"SKIP","floor":7},{"not_picked":["hierophant:AuricBeam","hierophant:PassingBell","hierophant:Zeal"],"picked":"SKIP","floor":11},{"not_picked":["hierophant:Remorse","hierophant:MintersHammer","hierophant:FlamingChariot"],"picked":"SKIP","floor":14},{"not_picked":["hierophant:FieryStrike","hierophant:OrnateBuckler+1"],"picked":"hierophant:Rebuild+1","floor":18},{"not_picked":["hierophant:Racketeering","hierophant:DisplayOfPower","hierophant:Dazzle+1"],"picked":"SKIP","floor":20},{"not_picked":["hierophant:PassingBell","hierophant:ArchangelShield","hierophant:Remorse+1"],"picked":"SKIP","floor":21},{"not_picked":["hierophant:PassingBell","hierophant:ArchangelShield","hierophant:Shelter"],"picked":"SKIP","floor":27},{"not_picked":["hierophant:Remorse","hierophant:HolyVerse+1"],"picked":"hierophant:Refuge+1","floor":28},{"not_picked":["hierophant:OrnateBuckler","hierophant:Chorus","hierophant:RustyCrate"],"picked":"SKIP","floor":29},{"not_picked":["hierophant:RepressedViolence","hierophant:Racketeering","hierophant:PassingBell+1"],"picked":"SKIP","floor":31},{"not_picked":["hierophant:Purify","hierophant:SealAway"],"picked":"hierophant:Alms+1","floor":35},{"not_picked":["hierophant:SealAway","hierophant:Remorse","hierophant:FieryStrike+1"],"picked":"SKIP","floor":37},{"not_picked":["hierophant:CursedGold","hierophant:DisplayOfPower","hierophant:Empathy+1"],"picked":"SKIP","floor":38},{"not_picked":["hierophant:Sermon","hierophant:DisplayOfPower"],"picked":"hierophant:MirrorShield+1","floor":39},{"not_picked":["hierophant:OrnateJavelin","hierophant:Chorus+1","hierophant:Zeal+1"],"picked":"SKIP","floor":40},{"not_picked":["hierophant:Smite+1","hierophant:LocustPlague","hierophant:Doubloon"],"picked":"SKIP","floor":44},{"not_picked":["hierophant:HolyVerse","hierophant:EyeForCoin","hierophant:Purify"],"picked":"SKIP","floor":47}],"player_experience":136352,"relics_obtained":[{"floor":9,"key":"Omamori"},{"floor":24,"key":"Enchiridion"},{"floor":26,"key":"TungstenRod"},{"floor":28,"key":"Ice Cream"},{"floor":34,"key":"Potion Belt"},{"floor":34,"key":"Incense Burner"},{"floor":34,"key":"Blue Candle"},{"floor":40,"key":"MealTicket"},{"floor":43,"key":"Pen Nib"},{"floor":44,"key":"Sundial"},{"floor":46,"key":"Old Coin"},{"floor":47,"key":"Peace Pipe"},{"floor":48,"key":"Torii"},{"floor":49,"key":"Ornamental Fan"}],"event_choices":[{"damage_healed":0,"gold_gain":175,"player_choice":"AGREE","damage_taken":0,"max_hp_gain":0,"max_hp_loss":0,"event_name":"Liars Game","floor":5,"gold_loss":0,"cards_obtained":["Doubt"]},{"damage_healed":0,"gold_gain":0,"player_choice":"Entered Light","damage_taken":15,"max_hp_gain":0,"max_hp_loss":0,"event_name":"Shining Light","floor":13,"gold_loss":0,"cards_upgraded":["hierophant:SecretStash","hierophant:Doubloon"]},{"damage_healed":0,"gold_gain":0,"player_choice":"Read","damage_taken":0,"max_hp_gain":0,"max_hp_loss":0,"event_name":"The Library","floor":19,"gold_loss":0,"cards_obtained":["hierophant:EyeForCoin"]},{"damage_healed":0,"gold_gain":0,"player_choice":"Obtained Book","damage_taken":16,"max_hp_gain":0,"max_hp_loss":0,"event_name":"Cursed Tome","floor":24,"gold_loss":0},{"damage_healed":0,"gold_gain":0,"player_choice":"Got Potions","damage_taken":0,"max_hp_gain":0,"max_hp_loss":0,"event_name":"Lab","floor":25,"gold_loss":0},{"damage_healed":0,"gold_gain":0,"player_choice":"Max HP","damage_taken":0,"max_hp_gain":0,"max_hp_loss":4,"event_name":"Winding Halls","floor":45,"gold_loss":0},{"damage_healed":0,"gold_gain":0,"player_choice":"Fight","damage_taken":0,"max_hp_gain":0,"max_hp_loss":0,"event_name":"Mysterious Sphere","floor":48,"gold_loss":0}],"is_beta":false,"boss_relics":[{"not_picked":["Ectoplasm","Velvet Choker"],"picked":"Empty Cage"},{"not_picked":["Tiny House","Busted Crown"],"picked":"Calling Bell"}],"items_purged_floors":[22,36,41],"is_endless":false,"potions_floor_spawned":[1,14,21,31,33,37,39,48],"ascension_level":0}}