{"host":"98tf0o44tbkozlsr","time":1613846808,"event":{"mods":["BaseMod","Bestiary","Minty Spire (QoL Compilation)","Relic Stats","ojb\u0027s Info Mod"],"gold_per_floor":[116,116,136,11,11,37,37,64,87,106,106,125,125,40,40,114,114,127,127,127,146,146,146,146],"floor_reached":23,"language":"ENG","playtime":1283,"items_purged":["Strike_B"],"score":394,"play_id":"8a90f92e-f119-4b86-a831-80ffba836463","local_time":"20210220104648","is_ascension_mode":true,"campfire_choices":[{"data":"Cold Snap","floor":7.0,"key":"SMITH"},{"data":"Defragment","floor":11.0,"key":"SMITH"},{"data":"Coolheaded","floor":13.0,"key":"SMITH"},{"data":"Defragment","floor":15.0,"key":"SMITH"}],"circlet_count":0,"master_deck":["AscendersBane","Strike_B","Strike_B","Defend_B","Defend_B","Defend_B","Defend_B","Zap","Dualcast","Ball Lightning","Cold Snap+1","Ball Lightning","Defragment+1","Coolheaded+1","Defragment+1","Echo Form"],"relics":["Velvet Choker","Anchor","Peace Pipe","Oddly Smooth Stone","Inserter"],"acts_visited":["Exordium","TheCity"],"potions_floor_usage":[23],"damage_taken":[{"damage":12.0,"enemies":"Small Slimes","floor":1.0,"turns":3.0},{"damage":1.0,"enemies":"Cultist","floor":3.0,"turns":3.0},{"damage":4.0,"enemies":"Gremlin Nob","floor":6.0,"turns":3.0},{"damage":13.0,"enemies":"3 Sentries","floor":8.0,"turns":6.0},{"damage":0.0,"enemies":"2 Louse","floor":10.0,"turns":2.0},{"damage":0.0,"enemies":"Red Slaver","floor":12.0,"turns":2.0},{"damage":14.0,"enemies":"Slime Boss","floor":16.0,"turns":7.0},{"damage":8.0,"enemies":"Shell Parasite","floor":18.0,"turns":5.0},{"damage":21.0,"enemies":"3 Byrds","floor":21.0,"turns":5.0},{"damage":3,"enemies":"Slavers","floor":23,"turns":1}],"seed_played":"-3967313304523267731","potions_obtained":[{"floor":1.0,"key":"AttackPotion"},{"floor":3.0,"key":"Swift Potion"},{"floor":10.0,"key":"SteroidPotion"},{"floor":18.0,"key":"Swift Potion"}],"is_trial":false,"path_per_floor":["M","?","M","$","?","E","R","E","T","M","R","M","R","$","R","B",null,"M","?","?","M","?","E"],"character_chosen":"DEFECT","items_purchased":["Ball Lightning","Defragment"],"campfire_rested":0,"item_purchase_floors":[4,14],"current_hp_per_floor":[52,52,51,51,51,47,47,34,34,34,34,34,34,34,34,20,58,50,30,24,3,3,0,0],"gold":146,"neow_bonus":"BOSS_RELIC","is_daily":false,"chose_seed":false,"campfire_upgraded":4,"win_rate":0.0,"timestamp":1613846808,"path_taken":["M","?","?","?","?","E","R","E","T","M","R","M","R","$","R","BOSS","M","?","?","?","?","E"],"items_purchased_type":["Card","Card"],"build_version":"2020-12-22","purchased_purges":1,"victory":false,"max_hp_per_floor":[71,71,71,71,71,71,71,71,71,71,71,71,71,71,71,71,71,71,76,76,76,76,76,76],"relic_stats":{"Peace Pipe":0,"Inserter":[5],"counters":[10,37],"obtain_stats":[{"Peace Pipe":8,"Anchor":6,"Inserter":17,"Velvet Choker":0,"Oddly Smooth Stone":9,"Cracked Core":0},{"Peace Pipe":4,"Anchor":3,"Inserter":7,"Velvet Choker":0,"Oddly Smooth Stone":4,"Cracked Core":0},{"Peace Pipe":15,"Anchor":9,"Inserter":26,"Velvet Choker":0,"Oddly Smooth Stone":15,"Cracked Core":0}]},"card_choices":[{"not_picked":["Skim","Force Field"],"picked":"Ball Lightning","floor":1.0},{"not_picked":["Compile Driver","Steam Power"],"picked":"Cold Snap","floor":3.0},{"not_picked":["Compile Driver","Steam","Beam Cell"],"picked":"SKIP","floor":6.0},{"not_picked":["Turbo","Recycle","Go for the Eyes"],"picked":"SKIP","floor":8.0},{"not_picked":["Ball Lightning","Chaos"],"picked":"Defragment","floor":10.0},{"not_picked":["Gash","Rebound"],"picked":"Coolheaded","floor":12.0},{"not_picked":["Creative AI","All For One"],"picked":"Echo Form","floor":16.0},{"not_picked":["Turbo","Cold Snap","Ball Lightning"],"picked":"SKIP","floor":18.0},{"not_picked":["Gash","Turbo","Redo"],"picked":"SKIP","floor":21.0}],"player_experience":956270,"relics_obtained":[{"floor":6.0,"key":"Anchor"},{"floor":8.0,"key":"Peace Pipe"},{"floor":9.0,"key":"Oddly Smooth Stone"}],"event_choices":[{"cards_removed":["Strike_B"],"damage_healed":0.0,"max_hp_gain":0.0,"max_hp_loss":0.0,"gold_gain":0.0,"event_name":"Purifier","player_choice":"Purged","floor":2.0,"gold_loss":0.0,"damage_taken":0.0},{"damage_healed":0.0,"max_hp_gain":0.0,"max_hp_loss":0.0,"gold_gain":0.0,"event_name":"Lab","player_choice":"Got Potions","floor":5.0,"gold_loss":0.0,"damage_taken":0.0},{"damage_healed":0.0,"max_hp_gain":5.0,"max_hp_loss":0.0,"gold_gain":0.0,"event_name":"Forgotten Altar","player_choice":"Shed Blood","floor":19.0,"gold_loss":0.0,"damage_taken":25.0},{"damage_healed":0.0,"max_hp_gain":0.0,"max_hp_loss":0.0,"gold_gain":0.0,"event_name":"Knowing Skull","player_choice":"","floor":20.0,"potions_obtained":[],"gold_loss":0.0,"damage_taken":6.0,"cards_obtained":[]},{"damage_healed":0.0,"max_hp_gain":0.0,"max_hp_loss":0.0,"gold_gain":0.0,"event_name":"Cursed Tome","player_choice":"Ignored","floor":22.0,"gold_loss":0.0,"damage_taken":0.0}],"is_beta":false,"boss_relics":[{"not_picked":["SacredBark","Busted Crown"],"picked":"Inserter"}],"items_purged_floors":[4],"is_endless":false,"potions_floor_spawned":[1,3,10,18],"killed_by":"Slavers","ascension_level":20}}