{"host":"baujym3o9opv3mbj","time":1613842071,"event":{"mods":["AchievementEnabler","BaseMod","Colored Map","Minty Spire (QoL Compilation)","Rare Cards Sparkle","StSLib","SuperFastMode"],"gold_per_floor":[114,131,149,149,324,324,352,352,429,439,439,467,533,546,546,641,641,656,581,25,35,46,46,246,263,263,5,5,5],"floor_reached":28,"language":"KOR","playtime":1759,"items_purged":[],"score":228,"play_id":"f6053135-fb1d-4448-9e93-e830278282a6","local_time":"20210221022751","is_ascension_mode":false,"campfire_choices":[{"floor":6,"key":"REST"},{"floor":8,"key":"REST"},{"data":"Defend_G","floor":11,"key":"SMITH"},{"floor":15,"key":"REST"},{"floor":23,"key":"REST"}],"circlet_count":0,"master_deck":["Strike_G","Strike_G","Strike_G","Strike_G","Strike_G","Defend_G+1","Defend_G","Defend_G+1","Defend_G","Defend_G","Survivor+1","Neutralize","Infinite Blades","Blade Dance","Heel Hook+1","Predator","Underhanded Strike","Dash","Unload+1","Unload","All Out Attack+1","All Out Attack","Terror","Poisoned Stab","The Bomb","Catalyst","Quick Slash","Underhanded Strike+1"],"relics":["Ring of the Snake","Bag of Marbles","Matryoshka","PreservedInsect","WristBlade","Whetstone","Anchor","Darkstone Periapt","Meat on the Bone"],"acts_visited":["Exordium","TheCity"],"potions_floor_usage":[7,16,22],"damage_taken":[{"damage":0,"enemies":"Small Slimes","floor":1,"turns":4},{"damage":0,"enemies":"Jaw Worm","floor":2,"turns":6},{"damage":0,"enemies":"Cultist","floor":3,"turns":3},{"damage":20,"enemies":"3 Sentries","floor":7,"turns":10},{"damage":0,"enemies":"Large Slime","floor":10,"turns":6},{"damage":8,"enemies":"Gremlin Nob","floor":12,"turns":5},{"damage":0,"enemies":"Blue Slaver","floor":14,"turns":4},{"damage":70,"enemies":"Slime Boss","floor":16,"turns":14},{"damage":12,"enemies":"Shell Parasite","floor":18,"turns":6},{"damage":21,"enemies":"3 Byrds","floor":21,"turns":5},{"damage":37,"enemies":"Shelled Parasite and Fungi","floor":22,"turns":5},{"damage":16,"enemies":"Chosen and Byrds","floor":25,"turns":5},{"damage":17,"enemies":"Snecko","floor":28,"turns":3}],"seed_played":"-6659145445577875802","potions_obtained":[{"floor":1,"key":"Strength Potion"},{"floor":2,"key":"Regen Potion"},{"floor":3,"key":"PowerPotion"}],"is_trial":false,"path_per_floor":["M","M","M","?","?","R","E","R","T","M","R","E","?","M","R","B",null,"M","?","$","M","M","R","?","M","T","$","M"],"character_chosen":"THE_SILENT","items_purchased":["All Out Attack","Terror","Whetstone","Poisoned Stab","The Bomb","Dexterity Potion","Meat on the Bone"],"campfire_rested":4,"item_purchase_floors":[20,20,20,20,20,20,27],"current_hp_per_floor":[77,77,77,62,62,77,67,77,77,77,77,69,69,69,77,7,77,65,65,65,44,7,30,30,14,14,14,0,0],"gold":5,"neow_bonus":"TEN_PERCENT_HP_BONUS","is_daily":false,"chose_seed":false,"campfire_upgraded":1,"win_rate":0.0,"timestamp":1613842071,"path_taken":["M","M","M","?","?","R","E","R","T","M","R","E","?","M","R","BOSS","M","?","$","M","M","R","?","M","T","$","?"],"items_purchased_type":["Card","Card","Relic","Card","Card","Potion","Relic"],"build_version":"2020-12-22","purchased_purges":0,"victory":false,"max_hp_per_floor":[77,77,77,77,77,77,77,77,77,77,77,77,77,77,77,77,77,77,77,77,77,77,77,77,77,77,77,77,77],"card_choices":[{"not_picked":["Prepared","Acrobatics"],"picked":"Infinite Blades","floor":1},{"not_picked":["Dagger Spray","Deflect"],"picked":"Blade Dance","floor":2},{"not_picked":["Backflip","Leg Sweep"],"picked":"Heel Hook","floor":3},{"not_picked":["Bane","Distraction"],"picked":"Predator","floor":7},{"not_picked":["Calculated Gamble","Deflect"],"picked":"Underhanded Strike","floor":10},{"not_picked":["Flechettes","PiercingWail"],"picked":"Dash","floor":12},{"not_picked":["Finisher","Dodge and Roll"],"picked":"Unload","floor":14},{"not_picked":["Wraith Form v2","Malaise"],"picked":"Unload","floor":16},{"not_picked":["Dash","Expertise+1"],"picked":"All Out Attack+1","floor":18},{"not_picked":["Backflip","Prepared"],"picked":"Catalyst","floor":21},{"not_picked":["Skewer","Sucker Punch"],"picked":"Quick Slash","floor":22},{"not_picked":["Poisoned Stab","Riddle With Holes"],"picked":"Underhanded Strike+1","floor":25}],"player_experience":13836,"relics_obtained":[{"floor":7,"key":"Bag of Marbles"},{"floor":9,"key":"Matryoshka"},{"floor":12,"key":"PreservedInsect"},{"floor":26,"key":"Anchor"},{"floor":26,"key":"Darkstone Periapt"}],"event_choices":[{"damage_healed":0,"gold_gain":0,"player_choice":"Entered Light","damage_taken":15,"max_hp_gain":0,"max_hp_loss":0,"event_name":"Shining Light","floor":4,"gold_loss":0,"cards_upgraded":["Defend_G","Survivor"]},{"damage_healed":0,"gold_gain":175,"player_choice":"AGREE","damage_taken":0,"max_hp_gain":0,"max_hp_loss":0,"event_name":"Liars Game","floor":5,"gold_loss":0,"cards_obtained":["Doubt"]},{"damage_healed":0,"gold_gain":66,"player_choice":"Gained Gold","damage_taken":0,"max_hp_gain":0,"max_hp_loss":0,"event_name":"Golden Wing","floor":13,"gold_loss":0},{"cards_removed":["Doubt"],"damage_healed":0,"gold_gain":0,"player_choice":"Gave Gold","damage_taken":0,"max_hp_gain":0,"max_hp_loss":0,"event_name":"Beggar","floor":19,"gold_loss":75},{"damage_healed":0,"gold_gain":200,"player_choice":"Gold","damage_taken":0,"max_hp_gain":0,"max_hp_loss":0,"event_name":"Wheel of Change","floor":24,"gold_loss":0}],"is_beta":false,"boss_relics":[{"not_picked":["Ectoplasm","Snecko Eye"],"picked":"WristBlade"}],"items_purged_floors":[],"is_endless":false,"potions_floor_spawned":[1,2,3],"killed_by":"Snecko","ascension_level":0}}