{"host":"vx9g5eyuglzorf3u","time":1613849240,"event":{"mods":["2.2 Compatiblity","BaseMod","DeckTracker","Keyboard Shortcuts","Minty Spire (QoL Compilation)","Relic Stats","StSLib","SuperFastMode","everything is the same but u backflip on backflip"],"gold_per_floor":[113,113,113,130,130,130,149,149,149,149,167,196,196,79,79,151,151,164,164,182,199,216,216,234,234,234,251,251,262,273,40,40,40,40],"floor_reached":33,"language":"KOR","playtime":786,"items_purged":["Strike_R","Bash"],"score":498,"play_id":"bd9ac40b-3a6a-4ce3-b851-383d3ca9e424","local_time":"20210221042720","is_ascension_mode":true,"campfire_choices":[{"floor":6.0,"key":"REST"},{"data":"Body Slam","floor":8.0,"key":"SMITH"},{"data":"Fire Breathing","floor":10.0,"key":"SMITH"},{"data":"Uppercut","floor":15.0,"key":"SMITH"},{"floor":23.0,"key":"REST"},{"data":"Burning Pact","floor":25.0,"key":"SMITH"},{"data":"Ghostly","floor":32.0,"key":"SMITH"}],"circlet_count":0,"master_deck":["AscendersBane","Strike_R+1","Defend_R+1","Defend_R","Defend_R","Defend_R","Berserk+1","Shrug It Off","Fire Breathing+1","Body Slam+1","Uppercut+1","Shockwave","Immolate","Carnage+1","Disarm+1","Uppercut+1","Burning Pact+1","Feel No Pain","Shockwave+1","Ghostly+1","Ghostly","Ghostly","Seeing Red","Entrench","Dark Embrace"],"relics":["Burning Blood","Potion Belt","Pear","Regal Pillow","Du-Vu Doll","Astrolabe","Vajra"],"acts_visited":["Exordium","TheCity"],"potions_floor_usage":[33],"damage_taken":[{"damage":8.0,"enemies":"Jaw Worm","floor":1.0,"turns":3.0},{"damage":0.0,"enemies":"2 Louse","floor":4.0,"turns":3.0},{"damage":6.0,"enemies":"Small Slimes","floor":7.0,"turns":5.0},{"damage":6.0,"enemies":"Looter","floor":11.0,"turns":3.0},{"damage":25.0,"enemies":"3 Sentries","floor":12.0,"turns":4.0},{"damage":14.0,"enemies":"The Guardian","floor":16.0,"turns":12.0},{"damage":25.0,"enemies":"2 Thieves","floor":18.0,"turns":4.0},{"damage":3.0,"enemies":"Chosen","floor":20.0,"turns":4.0},{"damage":25.0,"enemies":"Snecko","floor":21.0,"turns":6.0},{"damage":27.0,"enemies":"Shelled Parasite and Fungi","floor":22.0,"turns":8.0},{"damage":24.0,"enemies":"Snake Plant","floor":24.0,"turns":6.0},{"damage":7.0,"enemies":"Snecko","floor":27.0,"turns":7.0},{"damage":20.0,"enemies":"Shelled Parasite and Fungi","floor":29.0,"turns":7.0},{"damage":15.0,"enemies":"Centurion and Healer","floor":30.0,"turns":6.0},{"damage":35,"enemies":"Collector","floor":33,"turns":3}],"seed_played":"4792107457068320570","potions_obtained":[{"floor":1.0,"key":"Ancient Potion"},{"floor":7.0,"key":"FearPotion"},{"floor":16.0,"key":"DuplicationPotion"},{"floor":18.0,"key":"Ancient Potion"},{"floor":24.0,"key":"GamblersBrew"},{"floor":27.0,"key":"GamblersBrew"},{"floor":29.0,"key":"DistilledChaos"}],"is_trial":false,"path_per_floor":["M","?","?","M","?","R","M","R","T","R","M","E","T","$","R","B",null,"M","?","M","M","M","R","M","R","T","M","?","M","M","$","R","B"],"character_chosen":"IRONCLAD","items_purchased":["Shockwave","BlessingOfTheForge","Dark Embrace"],"campfire_rested":2,"item_purchase_floors":[14,31,31],"current_hp_per_floor":[66,48,25,31,31,53,53,53,63,63,63,44,44,44,44,36,73,54,54,57,38,17,57,39,39,39,38,38,24,15,15,15,0,0],"gold":40,"neow_bonus":"ONE_RANDOM_RARE_CARD","is_daily":false,"chose_seed":false,"campfire_upgraded":5,"win_rate":0.0,"timestamp":1613849240,"path_taken":["M","?","?","M","?","R","M","R","T","R","M","E","?","?","R","BOSS","M","?","M","?","M","R","M","R","T","M","?","M","M","$","R","BOSS"],"items_purchased_type":["Card","Potion","Card"],"build_version":"2020-12-22","purchased_purges":2,"victory":false,"max_hp_per_floor":[75,75,75,75,75,75,75,75,85,85,85,85,85,85,85,85,85,85,85,85,85,85,85,85,85,85,85,42,42,42,42,42,42,42],"relic_stats":{"Regal Pillow":15,"counters":[15,81],"Astrolabe":["Carnage","Disarm","Uppercut"],"obtain_stats":[{"Potion Belt":2,"Du-Vu Doll":13,"Regal Pillow":12,"Pear":9,"Astrolabe":17,"Vajra":26,"Burning Blood":0},{"Potion Belt":1,"Du-Vu Doll":5,"Regal Pillow":5,"Pear":3,"Astrolabe":6,"Vajra":11,"Burning Blood":0},{"Potion Belt":3,"Du-Vu Doll":18,"Regal Pillow":18,"Pear":11,"Astrolabe":30,"Vajra":58,"Burning Blood":0}],"Burning Blood":84},"card_choices":[{"not_picked":["Seeing Red","Twin Strike"],"picked":"Shrug It Off","floor":1.0},{"not_picked":["Flex","Feel No Pain"],"picked":"Fire Breathing","floor":4.0},{"not_picked":["Pommel Strike","Flame Barrier"],"picked":"Body Slam","floor":7.0},{"not_picked":["Twin Strike","Clash"],"picked":"Uppercut","floor":11.0},{"not_picked":["Sword Boomerang","Havoc","Cleave"],"picked":"SKIP","floor":12.0},{"not_picked":["Juggernaut","Brutality"],"picked":"Immolate","floor":16.0},{"not_picked":["Clash","Clothesline","Body Slam"],"picked":"SKIP","floor":18.0},{"not_picked":["Sentinel","Blood for Blood"],"picked":"Burning Pact","floor":20.0},{"not_picked":["Intimidate","Body Slam"],"picked":"Feel No Pain","floor":21.0},{"not_picked":["Pommel Strike","Carnage","Clothesline"],"picked":"SKIP","floor":22.0},{"not_picked":["Carnage","Headbutt","Sever Soul"],"picked":"SKIP","floor":24.0},{"not_picked":["Disarm","Havoc"],"picked":"Shockwave+1","floor":27.0},{"not_picked":["Heavy Blade","Body Slam"],"picked":"Seeing Red","floor":29.0},{"not_picked":["Body Slam","Heavy Blade"],"picked":"Entrench","floor":30.0}],"player_experience":1541694,"relics_obtained":[{"floor":9.0,"key":"Pear"},{"floor":12.0,"key":"Regal Pillow"},{"floor":13.0,"key":"Du-Vu Doll"},{"floor":26.0,"key":"Vajra"}],"event_choices":[{"damage_healed":0.0,"max_hp_gain":0.0,"max_hp_loss":0.0,"gold_gain":0.0,"event_name":"Scrap Ooze","player_choice":"Success","floor":2.0,"gold_loss":0.0,"damage_taken":18.0,"relics_obtained":["Potion Belt"]},{"damage_healed":0.0,"max_hp_gain":0.0,"max_hp_loss":0.0,"gold_gain":0.0,"event_name":"Shining Light","player_choice":"Entered Light","floor":3.0,"gold_loss":0.0,"damage_taken":23.0,"cards_upgraded":["Defend_R","Strike_R"]},{"damage_healed":0.0,"max_hp_gain":0.0,"max_hp_loss":0.0,"gold_gain":0.0,"event_name":"Liars Game","player_choice":"Ignored","floor":5.0,"gold_loss":0.0,"damage_taken":0.0},{"damage_healed":0.0,"max_hp_gain":0.0,"max_hp_loss":0.0,"gold_gain":0.0,"event_name":"Upgrade Shrine","player_choice":"Upgraded","floor":19.0,"gold_loss":0.0,"damage_taken":0.0,"cards_upgraded":["Berserk"]},{"damage_healed":0.0,"max_hp_gain":0.0,"max_hp_loss":43.0,"gold_gain":0.0,"event_name":"Ghosts","player_choice":"Became a Ghost","floor":28.0,"gold_loss":0.0,"damage_taken":0.0,"cards_obtained":["Ghostly","Ghostly","Ghostly"]}],"is_beta":false,"boss_relics":[{"not_picked":["Black Blood","Philosopher\u0027s Stone"],"picked":"Astrolabe"}],"items_purged_floors":[14,31],"is_endless":false,"potions_floor_spawned":[1,7,16,18,24,27,29],"killed_by":"Collector","ascension_level":20}}