{"host":"v54ek091sdz7ha6h","time":1613833833,"event":{"mods":["BaseMod","Colored Map","Colored Powertips","DeckTracker","Highlight Path","KOR Keyword Fix","Minty Spire (QoL Compilation)","Random Character Button","Rare Cards Sparkle","Relic Stats","StSLib","SuperFastMode","everything is the same but u backflip on backflip"],"gold_per_floor":[111,131,56,56,66,66,81,99,99,134,134,162,172,172,172,244,244,260,89,105,129,129,129,129,129,155,155,21,55,90,104,104,104,104],"floor_reached":33,"language":"KOR","playtime":772,"items_purged":["Strike_G","Strike_G"],"score":546,"play_id":"c498a8bb-f4a3-4834-8ed7-976bc198effa","local_time":"20210221001033","is_ascension_mode":true,"campfire_choices":[{"data":"Envenom","floor":6,"key":"SMITH"},{"floor":11,"key":"REST"},{"data":"Neutralize","floor":15,"key":"SMITH"},{"data":"A Thousand Cuts","floor":23,"key":"SMITH"},{"data":"Tactician","floor":25,"key":"SMITH"},{"data":"Backflip","floor":27,"key":"SMITH"},{"data":"Prepared","floor":32,"key":"SMITH"}],"circlet_count":0,"master_deck":["AscendersBane","Strike_G","Strike_G","Defend_G","Defend_G","Defend_G","Defend_G","Survivor","Neutralize+1","Envenom+1","Backflip+1","Underhanded Strike","Blade Dance+1","Underhanded Strike","Dash","Dagger Throw","PiercingWail","A Thousand Cuts+1","Tactician+1","Heel Hook","Reflex","Blur","Prepared+1"],"relics":["Ring of the Snake","Boot","Singing Bowl","Coffee Dripper","Pen Nib","Smiling Mask","Akabeko","Red Mask"],"acts_visited":["Exordium","TheCity"],"potions_floor_usage":[7,10,12,16,20,29,29,29,31],"damage_taken":[{"damage":19,"enemies":"Jaw Worm","floor":1,"turns":6},{"damage":0,"enemies":"Small Slimes","floor":2,"turns":4},{"damage":0,"enemies":"2 Louse","floor":5,"turns":3},{"damage":6,"enemies":"Red Slaver","floor":7,"turns":5},{"damage":16,"enemies":"Large Slime","floor":8,"turns":8},{"damage":19,"enemies":"Lagavulin","floor":10,"turns":8},{"damage":6,"enemies":"Gremlin Nob","floor":12,"turns":3},{"damage":0,"enemies":"2 Fungi Beasts","floor":13,"turns":3},{"damage":16,"enemies":"The Guardian","floor":16,"turns":12},{"damage":14,"enemies":"2 Thieves","floor":18,"turns":5},{"damage":7,"enemies":"Chosen","floor":20,"turns":5},{"damage":6,"enemies":"Book of Stabbing","floor":29,"turns":5},{"damage":3,"enemies":"Masked Bandits","floor":30,"turns":5},{"damage":0,"enemies":"Centurion and Healer","floor":31,"turns":6},{"damage":56,"enemies":"Collector","floor":33,"turns":5}],"seed_played":"-7647787471064551158","potions_obtained":[{"floor":1,"key":"Fruit Juice"},{"floor":2,"key":"Energy Potion"},{"floor":7,"key":"CunningPotion"},{"floor":13,"key":"Weak Potion"},{"floor":16,"key":"EntropicBrew"},{"floor":30,"key":"Poison Potion"},{"floor":31,"key":"Poison Potion"}],"is_trial":false,"path_per_floor":["M","M","?","?","M","R","M","M","T","E","R","E","M","?","R","B",null,"M","$","M","T","?","R","?","R","T","R","$","E","?","M","R","B"],"character_chosen":"THE_SILENT","items_purchased":["Tactician","SkillPotion","Heel Hook"],"campfire_rested":1,"item_purchase_floors":[19,19,28],"current_hp_per_floor":[40,40,40,40,40,40,39,23,23,4,25,21,21,21,21,5,56,44,44,39,39,39,39,39,39,39,39,39,33,30,30,30,0,0],"gold":104,"neow_bonus":"ONE_RANDOM_RARE_CARD","is_daily":false,"chose_seed":false,"campfire_upgraded":6,"win_rate":0.0,"timestamp":1613833833,"path_taken":["M","M","?","?","M","R","M","M","T","E","R","E","M","?","R","BOSS","M","$","M","?","?","R","?","R","T","R","$","E","?","M","R","BOSS"],"items_purchased_type":["Card","Potion","Card"],"build_version":"2020-12-22","purchased_purges":2,"victory":false,"max_hp_per_floor":[66,66,66,66,66,66,71,71,71,71,71,73,73,73,73,73,73,75,75,77,77,77,77,77,77,77,77,77,77,77,77,77,77,77],"relic_stats":{"Singing Bowl":6,"counters":[15,83],"Pen Nib":[5],"Boot":[58],"Smiling Mask":50,"obtain_stats":[{"Singing Bowl":12,"Pen Nib":21,"Coffee Dripper":17,"Red Mask":30,"Boot":10,"Smiling Mask":26,"Akabeko":29,"Ring of the Snake":0},{"Singing Bowl":7,"Pen Nib":11,"Coffee Dripper":9,"Red Mask":13,"Boot":6,"Smiling Mask":11,"Akabeko":12,"Ring of the Snake":0},{"Singing Bowl":37,"Pen Nib":62,"Coffee Dripper":52,"Red Mask":72,"Boot":34,"Smiling Mask":62,"Akabeko":67,"Ring of the Snake":0}],"Ring of the Snake":[30]},"card_choices":[{"not_picked":["Deadly Poison","PiercingWail"],"picked":"Backflip","floor":1},{"not_picked":["Well Laid Plans","Choke"],"picked":"Underhanded Strike","floor":2},{"not_picked":["Dodge and Roll","Acrobatics"],"picked":"Blade Dance","floor":5},{"not_picked":["PiercingWail","Bouncing Flask"],"picked":"Underhanded Strike","floor":7},{"not_picked":["Flying Knee","Bouncing Flask"],"picked":"Dash","floor":8},{"not_picked":["Expertise","Outmaneuver"],"picked":"Dagger Throw","floor":10},{"not_picked":["Caltrops","Slice","Setup"],"picked":"Singing Bowl","floor":12},{"not_picked":["Dagger Spray","Well Laid Plans"],"picked":"PiercingWail","floor":13},{"not_picked":["Bullet Time","Storm of Steel"],"picked":"A Thousand Cuts","floor":16},{"not_picked":["Flechettes","Backflip","Endless Agony"],"picked":"Singing Bowl","floor":18},{"not_picked":["Bane","Dagger Throw","Flying Knee"],"picked":"Singing Bowl","floor":20},{"not_picked":["Poisoned Stab","Endless Agony"],"picked":"Reflex","floor":29},{"not_picked":["Quick Slash+1","Heel Hook+1"],"picked":"Blur","floor":30},{"not_picked":["Dodge and Roll+1","Backflip"],"picked":"Prepared","floor":31}],"player_experience":1481128,"relics_obtained":[{"floor":10,"key":"Boot"},{"floor":12,"key":"Singing Bowl"},{"floor":21,"key":"Pen Nib"},{"floor":26,"key":"Smiling Mask"},{"floor":29,"key":"Akabeko"},{"floor":30,"key":"Red Mask"}],"event_choices":[{"cards_removed":["Defend_G"],"damage_healed":0,"gold_gain":0,"player_choice":"Card Removal","damage_taken":0,"max_hp_gain":0,"max_hp_loss":0,"event_name":"The Cleric","floor":3,"gold_loss":75},{"damage_healed":0,"gold_gain":0,"player_choice":"Ignored","damage_taken":0,"max_hp_gain":0,"max_hp_loss":0,"event_name":"Liars Game","floor":4,"gold_loss":0},{"damage_healed":0,"gold_gain":0,"player_choice":"Upgraded","damage_taken":0,"max_hp_gain":0,"max_hp_loss":0,"event_name":"Upgrade Shrine","floor":14,"gold_loss":0,"cards_upgraded":["Blade Dance"]},{"cards_removed":["Strike_G"],"damage_healed":0,"gold_gain":0,"player_choice":"Elegance","damage_taken":0,"max_hp_gain":0,"max_hp_loss":0,"event_name":"Back to Basics","floor":22,"gold_loss":0},{"damage_healed":0,"gold_gain":0,"player_choice":"Ignored","damage_taken":0,"max_hp_gain":0,"max_hp_loss":0,"event_name":"Vampires","floor":24,"gold_loss":0},{"damage_healed":0,"gold_gain":0,"player_choice":"Fought Bandits","damage_taken":0,"max_hp_gain":0,"max_hp_loss":0,"event_name":"Masked Bandits","floor":30,"gold_loss":0}],"is_beta":false,"boss_relics":[{"not_picked":["Ectoplasm","Runic Dome"],"picked":"Coffee Dripper"}],"items_purged_floors":[19,28],"is_endless":false,"potions_floor_spawned":[1,2,7,8,13,16,30,31],"killed_by":"Collector","ascension_level":20}}