{"host":"l2lylj0omvglf5x0","time":1613834468,"event":{"mods":["2.2 Compatiblity","BaseMod","Bestiary","Block Reminder","Colored Map","Colored Powertips","Curses Come First","Highlight Path","Keyboard Shortcuts","Minty Spire (QoL Compilation)","Relic Sorter","Relic Stats","Slay the Relics Exporter","StSLib","SuperFastMode"],"gold_per_floor":[119,67,67,242,262,262,40,71,95,138,138,176,196,269,269,400,400,418,418,418],"floor_reached":19,"language":"ENG","playtime":460,"items_purged":["Doubt"],"score":373,"play_id":"5dea7cab-24ae-45bb-8aae-4c42d0a918d5","local_time":"20210220162108","is_ascension_mode":true,"campfire_choices":[{"data":"Whirlwind","floor":6,"key":"SMITH"},{"data":"Demon Form","floor":15,"key":"SMITH"}],"circlet_count":0,"master_deck":["AscendersBane","Strike_R+1","Strike_R","Strike_R","Strike_R","Strike_R","Defend_R","Defend_R","Defend_R","Defend_R+1","Bash","Whirlwind+1","Shrug It Off","Spot Weakness","Dropkick","Battle Trance","Demon Form+1","Burning Pact","Iron Wave","Double Tap","Seeing Red"],"relics":["Burning Blood","NeowsBlessing","Golden Idol","Bag of Marbles","Regal Pillow","Akabeko","StoneCalendar","Art of War","CaptainsWheel","Philosopher\u0027s Stone"],"acts_visited":["Exordium","TheCity"],"potions_floor_usage":[14,16],"damage_taken":[{"damage":0,"enemies":"Cultist","floor":1,"turns":1},{"damage":0,"enemies":"Small Slimes","floor":5,"turns":1},{"damage":0,"enemies":"Gremlin Nob","floor":8,"turns":1},{"damage":0,"enemies":"3 Sentries","floor":10,"turns":1},{"damage":10,"enemies":"Gremlin Nob","floor":12,"turns":3},{"damage":0,"enemies":"2 Louse","floor":13,"turns":1},{"damage":10,"enemies":"3 Sentries","floor":14,"turns":2},{"damage":48,"enemies":"Hexaghost","floor":16,"turns":10},{"damage":19,"enemies":"Shell Parasite","floor":18,"turns":4},{"damage":53,"enemies":"Masked Bandits","floor":19,"turns":4}],"seed_played":"-6907428259770955735","potions_obtained":[{"floor":8,"key":"Energy Potion"},{"floor":13,"key":"AttackPotion"}],"is_trial":false,"path_per_floor":["M","$","?","?","M","R","$","E","T","E","?","E","M","?","R","B",null,"M","?"],"character_chosen":"IRONCLAD","items_purchased":["Shrug It Off","Bag of Marbles"],"campfire_rested":0,"item_purchase_floors":[2,7],"current_hp_per_floor":[78,78,58,58,64,64,64,70,70,76,60,56,62,58,58,16,64,51,0,0],"gold":418,"neow_bonus":"THREE_ENEMY_KILL","is_daily":false,"chose_seed":false,"campfire_upgraded":2,"win_rate":0.0,"timestamp":1613834468,"path_taken":["M","$","?","?","M","R","$","E","T","E","?","E","M","?","R","BOSS","M","?"],"items_purchased_type":["Card","Relic"],"build_version":"2020-12-22","purchased_purges":1,"victory":false,"max_hp_per_floor":[80,80,80,80,80,80,80,80,80,80,80,80,80,80,80,80,80,80,80,80],"relic_stats":{"Regal Pillow":0,"counters":[10,28],"Golden Idol":91,"StoneCalendar":[40],"Art of War":[2],"obtain_stats":[{"Regal Pillow":8,"CaptainsWheel":14,"NeowsBlessing":0,"Golden Idol":3,"StoneCalendar":10,"Philosopher\u0027s Stone":17,"Bag of Marbles":7,"Art of War":12,"Burning Blood":0,"Akabeko":9},{"Regal Pillow":3,"CaptainsWheel":6,"NeowsBlessing":0,"Golden Idol":1,"StoneCalendar":4,"Philosopher\u0027s Stone":8,"Bag of Marbles":2,"Art of War":5,"Burning Blood":0,"Akabeko":3},{"Regal Pillow":3,"CaptainsWheel":8,"NeowsBlessing":0,"Golden Idol":1,"StoneCalendar":4,"Philosopher\u0027s Stone":20,"Bag of Marbles":2,"Art of War":7,"Burning Blood":0,"Akabeko":3}],"Burning Blood":54},"card_choices":[{"not_picked":["Perfected Strike","Rage"],"picked":"Whirlwind","floor":1},{"not_picked":["Pommel Strike","Disarm"],"picked":"Spot Weakness","floor":5},{"not_picked":["Warcry","Shrug It Off"],"picked":"Dropkick","floor":8},{"not_picked":["True Grit","Flex"],"picked":"Battle Trance","floor":10},{"not_picked":["Warcry","Sever Soul"],"picked":"Demon Form","floor":12},{"not_picked":["Clothesline","Hemokinesis"],"picked":"Burning Pact","floor":13},{"not_picked":["Inflame","Dark Embrace"],"picked":"Iron Wave","floor":14},{"not_picked":["Corruption","Berserk"],"picked":"Double Tap","floor":16},{"not_picked":["Thunderclap","Shockwave"],"picked":"Seeing Red","floor":18}],"player_experience":1007796,"relics_obtained":[{"floor":8,"key":"Regal Pillow"},{"floor":9,"key":"Akabeko"},{"floor":10,"key":"StoneCalendar"},{"floor":12,"key":"Art of War"}],"event_choices":[{"damage_healed":0,"gold_gain":0,"player_choice":"Take Damage","damage_taken":20,"relics_obtained":["Golden Idol"],"max_hp_gain":0,"max_hp_loss":0,"event_name":"Golden Idol","floor":3,"gold_loss":0},{"damage_healed":0,"gold_gain":175,"player_choice":"AGREE","damage_taken":0,"max_hp_gain":0,"max_hp_loss":0,"event_name":"Liars Game","floor":4,"gold_loss":0,"cards_obtained":["Doubt"]},{"damage_healed":0,"gold_gain":0,"player_choice":"Entered Light","damage_taken":16,"max_hp_gain":0,"max_hp_loss":0,"event_name":"Shining Light","floor":11,"gold_loss":0,"cards_upgraded":["Defend_R","Strike_R"]},{"damage_healed":0,"gold_gain":0,"player_choice":"Searched \u00272\u0027 times","damage_taken":0,"relics_obtained":["CaptainsWheel"],"max_hp_gain":0,"max_hp_loss":0,"event_name":"Dead Adventurer","floor":14,"gold_loss":0},{"damage_healed":0,"gold_gain":0,"player_choice":"Fought Bandits","damage_taken":0,"max_hp_gain":0,"max_hp_loss":0,"event_name":"Masked Bandits","floor":19,"gold_loss":0}],"is_beta":false,"boss_relics":[{"not_picked":["Runic Cube","Astrolabe"],"picked":"Philosopher\u0027s Stone"}],"items_purged_floors":[7],"is_endless":false,"potions_floor_spawned":[8,13],"killed_by":"Masked Bandits","ascension_level":12}}