{"host":"dm5k5rdu7cxz3rox","time":1613808823,"event":{"mods":["AchievementEnabler","BaseMod","Colored Powertips","Highlight Path","Minty Spire (QoL Compilation)","Relic Stats"],"gold_per_floor":[367,12,12,32,50,50,75,23,23,23,43,43,77,93,93,191,191,206,219,1,1,12,12,12,12],"floor_reached":24,"language":"ENG","playtime":1194,"items_purged":["Strike_B"],"score":309,"play_id":"ae693e3a-1266-4f0e-b611-10986f819564","local_time":"20210220031343","is_ascension_mode":true,"campfire_choices":[{"data":"Zap","floor":6,"key":"SMITH"},{"floor":12,"key":"REST"},{"floor":15,"key":"REST"}],"circlet_count":0,"master_deck":["AscendersBane","Strike_B+1","Strike_B+1","Strike_B","Defend_B","Defend_B","Defend_B","Defend_B","Zap+1","Dualcast","Go for the Eyes","Doom and Gloom","Ball Lightning","Sweeping Beam","Undo","Turbo","BootSequence","Core Surge","CurseOfTheBell","Aggregate+1","Beam Cell","Defragment","Hologram+1","Steam+1","Recycle+1","Writhe"],"relics":["Cracked Core","Mercury Hourglass","Ginger","Pantograph","Unceasing Top","Calling Bell","Anchor","Toxic Egg 2","Peace Pipe","Ornamental Fan"],"acts_visited":["Exordium","TheCity"],"potions_floor_usage":[13],"damage_taken":[{"damage":1,"enemies":"Cultist","floor":1,"turns":4},{"damage":4,"enemies":"Jaw Worm","floor":4,"turns":2},{"damage":0,"enemies":"2 Louse","floor":5,"turns":1},{"damage":28,"enemies":"Gremlin Nob","floor":7,"turns":4},{"damage":8,"enemies":"Exordium Wildlife","floor":11,"turns":3},{"damage":22,"enemies":"Lagavulin","floor":13,"turns":5},{"damage":8,"enemies":"Looter","floor":14,"turns":2},{"damage":8,"enemies":"The Guardian","floor":16,"turns":9},{"damage":15,"enemies":"Spheric Guardian","floor":18,"turns":4},{"damage":1,"enemies":"2 Thieves","floor":19,"turns":3},{"damage":17,"enemies":"Shelled Parasite and Fungi","floor":22,"turns":5},{"damage":41,"enemies":"Gremlin Leader","floor":24,"turns":8}],"seed_played":"-3744654091637389117","potions_obtained":[{"floor":5,"key":"PowerPotion"},{"floor":7,"key":"LiquidMemories"},{"floor":16,"key":"Energy Potion"}],"is_trial":false,"path_per_floor":["M","$","?","M","M","R","E","$","T","?","M","R","E","M","R","B",null,"M","M","$","?","M","?","E"],"character_chosen":"DEFECT","items_purchased":["Doom and Gloom","Ball Lightning","Mercury Hourglass","Turbo","Defragment","Hologram+1","Steam+1"],"campfire_rested":2,"item_purchase_floors":[2,2,2,8,20,20,20],"current_hp_per_floor":[67,67,67,63,63,63,35,35,35,21,13,33,11,3,23,40,61,46,45,45,45,28,28,0,0],"gold":12,"neow_bonus":"TWO_FIFTY_GOLD","is_daily":false,"chose_seed":false,"campfire_upgraded":1,"win_rate":0.0,"timestamp":1613808823,"path_taken":["M","$","?","M","M","R","E","?","T","?","M","R","E","?","R","BOSS","M","M","$","?","M","?","E"],"items_purchased_type":["Card","Card","Relic","Card","Card","Card","Card"],"build_version":"2020-12-22","purchased_purges":1,"victory":false,"max_hp_per_floor":[68,68,68,68,68,68,68,68,68,68,68,68,68,68,68,68,68,68,68,68,68,68,68,68,68],"relic_stats":{"Peace Pipe":0,"counters":[12,49],"Ornamental Fan":[8],"Pantograph":25,"Ginger":[1],"obtain_stats":[{"Calling Bell":17,"Peace Pipe":17,"Anchor":17,"Ornamental Fan":23,"Pantograph":9,"Ginger":7,"Toxic Egg 2":17,"Cracked Core":0,"Unceasing Top":13,"Mercury Hourglass":2},{"Calling Bell":8,"Peace Pipe":8,"Anchor":8,"Ornamental Fan":11,"Pantograph":4,"Ginger":4,"Toxic Egg 2":8,"Cracked Core":0,"Unceasing Top":6,"Mercury Hourglass":1},{"Calling Bell":29,"Peace Pipe":29,"Anchor":29,"Ornamental Fan":41,"Pantograph":11,"Ginger":11,"Toxic Egg 2":29,"Cracked Core":0,"Unceasing Top":18,"Mercury Hourglass":4}],"Unceasing Top":[0],"Mercury Hourglass":[146]},"card_choices":[{"not_picked":["Sunder","Conserve Battery"],"picked":"Go for the Eyes","floor":1},{"not_picked":["Ball Lightning","Reprogram"],"picked":"Sweeping Beam","floor":4},{"not_picked":["FTL","Ball Lightning","Stack"],"picked":"SKIP","floor":5},{"not_picked":["Gash","Go for the Eyes"],"picked":"Undo","floor":7},{"not_picked":["Buffer","Streamline","Hologram"],"picked":"SKIP","floor":11},{"not_picked":["Redo","Hologram","Gash"],"picked":"SKIP","floor":13},{"not_picked":["Sweeping Beam","Barrage"],"picked":"BootSequence","floor":14},{"not_picked":["Machine Learning","Electrodynamics"],"picked":"Core Surge","floor":16},{"not_picked":["Tempest+1","Gash"],"picked":"Aggregate+1","floor":18},{"not_picked":["Tempest+1","Streamline"],"picked":"Beam Cell","floor":19},{"not_picked":["Steam+1","Conserve Battery+1"],"picked":"Recycle+1","floor":22}],"player_experience":350703,"relics_obtained":[{"floor":7,"key":"Ginger"},{"floor":9,"key":"Pantograph"},{"floor":13,"key":"Unceasing Top"},{"floor":17,"key":"Anchor"},{"floor":17,"key":"Toxic Egg 2"},{"floor":17,"key":"Peace Pipe"}],"event_choices":[{"damage_healed":0,"gold_gain":0,"player_choice":"Ignored","damage_taken":0,"max_hp_gain":0,"max_hp_loss":0,"event_name":"Liars Game","floor":3,"gold_loss":0},{"damage_healed":0,"gold_gain":0,"player_choice":"Entered Light","damage_taken":14,"max_hp_gain":0,"max_hp_loss":0,"event_name":"Shining Light","floor":10,"gold_loss":0,"cards_upgraded":["Strike_B","Strike_B"]},{"damage_healed":0,"gold_gain":0,"player_choice":"Ignored","damage_taken":0,"max_hp_gain":0,"max_hp_loss":0,"event_name":"Vampires","floor":21,"gold_loss":0},{"damage_healed":0,"gold_gain":0,"player_choice":"Opened","damage_taken":0,"relics_obtained":["Ornamental Fan"],"max_hp_gain":0,"max_hp_loss":0,"event_name":"The Mausoleum","floor":23,"gold_loss":0,"cards_obtained":["Writhe"]}],"is_beta":false,"boss_relics":[{"not_picked":["SacredBark","Tiny House"],"picked":"Calling Bell"}],"items_purged_floors":[20],"is_endless":false,"potions_floor_spawned":[5,7,16],"killed_by":"Gremlin Leader","ascension_level":10}}