{"host":"gbbz8f5svnnpwo8d","time":1613820440,"event":{"mods":["AchievementEnabler","AlwaysNeverKeys","BaseMod","Bestiary","Better Altar","Better Match","Better Note","Better Sensory Stone","Better Silent Start","Better Skull","Better Third Choice","Better Vampires","Better-Laid Plans","BetterRewards","Block Reminder","Bossed Relics","Colored Map","Colored Powertips","Curses Come First","Dark Map","Displayed Cursed Tome","GifTheSpireLib","Minty Spire (QoL Compilation)","MonsterHotkey","Permanent Neow","Potion Indicator Mod","Quick Restart","Random Character Button","Rare Cards Sparkle","Relic Stats","Shop Mod","Spicy Shops","Spire Birthday Party","StSLib","Transform Curses"],"gold_per_floor":[119,119,139,139,164,164,205,205,205,159,159,159,129,154,154,280,280,299,259,284,359,23,23,54,74,74,74,74,89,89,89,89],"floor_reached":31,"language":"ENG","playtime":3576,"items_purged":[],"score":376,"play_id":"01234760-551e-4a93-a8fb-8d42116d8ac1","local_time":"20210220042720","is_ascension_mode":false,"campfire_choices":[{"floor":6.0,"key":"REST"},{"floor":8.0,"key":"REST"},{"floor":11.0,"key":"REST"},{"data":"Cloak And Dagger","floor":15.0,"key":"SMITH"},{"floor":23,"key":"REST"}],"circlet_count":0,"master_deck":["Strike_G","Strike_G","Defend_G","Defend_G","Defend_G","Defend_G","Survivor","Neutralize","Cloak And Dagger+1","Enlightenment","Thinking Ahead","PiercingWail","Acrobatics","Cloak And Dagger","Blur","Backflip","Escape Plan","Phantasmal Killer+1","Escape Plan","Accuracy+1","Deflect","Dodge and Roll+1","Necronomicurse","Leg Sweep"],"relics":["Ring of the Snake","Pantograph","PreservedInsect","Letter Opener","Sling","Torii","Golden Idol","Matryoshka","Ancient Tea Set","Regal Pillow","betterThird:SlimedRelic","Juzu Bracelet","Question Card","Empty Cage","FossilizedHelix","Smiling Mask","Shovel","Necronomicon","Singing Bowl"],"acts_visited":["Exordium","TheCity"],"potions_floor_usage":[24,31],"damage_taken":[{"damage":0.0,"enemies":"Jaw Worm","floor":1.0,"turns":4.0},{"damage":0.0,"enemies":"Small Slimes","floor":3.0,"turns":3.0},{"damage":0.0,"enemies":"2 Louse","floor":5.0,"turns":2.0},{"damage":21.0,"enemies":"Lagavulin","floor":7.0,"turns":7.0},{"damage":0.0,"enemies":"Looter","floor":13.0,"turns":4.0},{"damage":0.0,"enemies":"Blue Slaver","floor":14.0,"turns":5.0},{"damage":14.0,"enemies":"Hexaghost","floor":16.0,"turns":20.0},{"damage":12.0,"enemies":"Shell Parasite","floor":18.0,"turns":11.0},{"damage":14.0,"enemies":"Spheric Guardian","floor":20.0,"turns":6.0},{"damage":0,"enemies":"Slavers","floor":24,"turns":5},{"damage":35,"enemies":"Snecko","floor":25,"turns":10},{"damage":0,"enemies":"Shelled Parasite and Fungi","floor":29,"turns":10},{"damage":36,"enemies":"Cultist and Chosen","floor":31,"turns":6}],"seed_played":"3400545671270216072","potions_obtained":[{"floor":1.0,"key":"LiquidBronze"},{"floor":14.0,"key":"DistilledChaos"},{"floor":16.0,"key":"Dexterity Potion"},{"floor":24,"key":"PowerPotion"},{"floor":25,"key":"Strength Potion"}],"is_trial":false,"path_per_floor":["M","?","M","?","M","R","E","R","T","?","R","T","M","M","R","B",null,"M","?","M","?","$","R","E","M","T","?","?","M","T","M"],"character_chosen":"THE_SILENT","items_purchased":["Pantograph","PreservedInsect","Letter Opener","Cloak And Dagger","Enlightenment","Sling","Thinking Ahead","PiercingWail","FossilizedHelix","Deflect"],"campfire_rested":4,"item_purchase_floors":[0,0,0,0,0,0,0,0,22,22],"current_hp_per_floor":[20,25,25,7,7,29,8,30,30,19,56,56,56,56,56,61,75,63,63,49,42,42,75,75,40,40,40,24,24,24,0,0],"gold":89,"neow_bonus":"","is_daily":false,"chose_seed":false,"campfire_upgraded":1,"win_rate":0.0,"timestamp":1613820440,"path_taken":["M","?","M","?","M","R","E","R","T","?","R","?","M","M","R","BOSS","M","?","M","?","$","R","E","M","T","?","?","M","?","M"],"items_purchased_type":["Relic","Relic","Relic","Card","Card","Relic","Card","Card","Relic","Card"],"build_version":"2020-12-22","purchased_purges":0,"victory":false,"max_hp_per_floor":[70,75,75,75,75,75,75,75,75,75,75,75,75,75,75,75,75,75,75,75,75,75,75,75,75,75,75,75,75,75,75,75],"relic_stats":{"Regal Pillow":36,"Torii":77,"Singing Bowl":0,"counters":[352,1725],"Golden Idol":65,"PreservedInsect":68,"Juzu Bracelet":0,"Letter Opener":[768],"Question Card":30,"Smiling Mask":0,"Shovel":0,"Pantograph":127,"Necronomicon":[0],"obtain_stats":[{"TwistedFunnel":27,"Ginger":39,"Whetstone":6,"Bottled Tornado":45,"Boot":54,"Sling":0,"Blood Vial":23,"MealTicket":0,"Fusion Hammer":17,"Necronomicon":29,"Kunai":0,"MerchantsRug":0,"Blue Candle":47,"Eternal Feather":9,"Tingsha":0,"Pen Nib":7,"reliquary:WeakTea":0,"Paper Crane":43,"Akabeko":36,"SlaversCollar":17,"Bird Faced Urn":0,"Pandora\u0027s Box":34,"StrikeDummy":43,"Unceasing Top":0,"Ring of the Serpent":34,"Regal Pillow":14,"Lantern":44,"Torii":0,"Singing Bowl":43,"Cursed Key":17,"Ancient Tea Set":9,"Smiling Mask":24,"Shovel":14,"Matryoshka":0,"WristBlade":34,"Ninja Scroll":28,"InkBottle":43,"Ring of the Snake":0,"Potion Belt":28,"Lee\u0027s Waffle":0,"The Specimen":0,"Golden Idol":11,"Thread and Needle":13,"PreservedInsect":0,"The Courier":9,"Omamori":9,"Frozen Egg 2":9,"reliquary:RosewoodLute":10,"Nuclear Battery":17,"Busted Crown":17,"Ornamental Fan":0,"Bloody Idol":28,"betterThird:SlimedRelic":12,"Turnip":53,"Ectoplasm":17,"Art of War":26,"Bottled Lightning":26,"Toy Ornithopter":54,"Ice Cream":48,"Calipers":9,"Tiny House":34,"Gremlin Horn":52,"Vajra":23,"HoveringKite":34,"Sozu":17,"Lizard Tail":48,"Centennial Puzzle":54,"HornCleat":53,"Strawberry":10,"Toxic Egg 2":47,"reliquary:SharkskinSheath":23,"Girya":37,"Happy Flower":7,"Astrolabe":17,"Dead Branch":53,"Oddly Smooth Stone":4,"Letter Opener":8,"War Paint":14,"Question Card":0,"Du-Vu Doll":42,"Shuriken":36,"Bronze Scales":54,"Molten Egg 2":26,"Black Star":17,"Meat on the Bone":10,"Darkstone Periapt":38,"Snake Skull":43,"Incense Burner":47,"Juzu Bracelet":0,"Empty Cage":34,"ClockworkSouvenir":53,"Emotion Chip":0,"Nunchaku":49,"Dream Catcher":41,"Mummified Hand":0,"Gambling Chip":54,"Pantograph":53,"Tiny Chest":27,"Red Mask":20,"Cracked Core":0,"Odd Mushroom":12,"Orichalcum":0,"White Beast Statue":7,"Mercury Hourglass":9,"Cauldron":0,"Anchor":42,"CaptainsWheel":0,"Bag of Marbles":53,"Membership Card":27,"FossilizedHelix":53,"TungstenRod":54},{"TwistedFunnel":102,"Ginger":60,"Whetstone":173,"Bottled Tornado":28,"Boot":90,"Sling":315,"Blood Vial":204,"MealTicket":66,"Fusion Hammer":46,"Necronomicon":127,"Kunai":37,"MerchantsRug":33,"Blue Candle":137,"Eternal Feather":4,"Tingsha":91,"Pen Nib":69,"reliquary:WeakTea":146,"Paper Crane":189,"Akabeko":82,"SlaversCollar":7,"Bird Faced Urn":115,"Pandora\u0027s Box":55,"StrikeDummy":308,"Unceasing Top":33,"Ring of the Serpent":232,"Regal Pillow":45,"Lantern":85,"Torii":37,"Singing Bowl":60,"Cursed Key":72,"Ancient Tea Set":318,"Smiling Mask":349,"Shovel":45,"Matryoshka":140,"WristBlade":104,"Ninja Scroll":102,"InkBottle":27,"Ring of the Snake":0,"Potion Belt":80,"Lee\u0027s Waffle":66,"The Specimen":140,"Golden Idol":5,"Thread and Needle":121,"PreservedInsect":0,"The Courier":43,"Omamori":247,"Frozen Egg 2":15,"reliquary:RosewoodLute":143,"Nuclear Battery":19,"Busted Crown":153,"Ornamental Fan":0,"Bloody Idol":23,"betterThird:SlimedRelic":294,"Turnip":113,"Ectoplasm":273,"Art of War":22,"Bottled Lightning":102,"Toy Ornithopter":114,"Ice Cream":30,"Calipers":142,"Tiny House":256,"Gremlin Horn":64,"Vajra":50,"HoveringKite":184,"Sozu":177,"Lizard Tail":88,"Centennial Puzzle":314,"HornCleat":313,"Strawberry":120,"Toxic Egg 2":62,"reliquary:SharkskinSheath":157,"Girya":27,"Happy Flower":4,"Astrolabe":99,"Dead Branch":168,"Oddly Smooth Stone":316,"Letter Opener":43,"War Paint":222,"Question Card":66,"Du-Vu Doll":109,"Shuriken":130,"Bronze Scales":32,"Molten Egg 2":51,"Black Star":296,"Meat on the Bone":5,"Darkstone Periapt":235,"Snake Skull":85,"Incense Burner":111,"Juzu Bracelet":194,"Empty Cage":25,"ClockworkSouvenir":192,"Emotion Chip":0,"Nunchaku":63,"Dream Catcher":165,"Mummified Hand":170,"Gambling Chip":65,"Pantograph":214,"Tiny Chest":51,"Red Mask":48,"Cracked Core":0,"Odd Mushroom":249,"Orichalcum":266,"White Beast Statue":42,"Mercury Hourglass":197,"Cauldron":170,"Anchor":60,"CaptainsWheel":170,"Bag of Marbles":64,"Membership Card":102,"FossilizedHelix":113,"TungstenRod":169},{"TwistedFunnel":496,"Ginger":297,"Whetstone":771,"Bottled Tornado":134,"Boot":434,"Sling":1547,"Blood Vial":907,"MealTicket":324,"Fusion Hammer":235,"Necronomicon":595,"Kunai":197,"MerchantsRug":176,"Blue Candle":628,"Eternal Feather":12,"Tingsha":445,"Pen Nib":334,"reliquary:WeakTea":672,"Paper Crane":858,"Akabeko":393,"SlaversCollar":26,"Bird Faced Urn":554,"Pandora\u0027s Box":275,"StrikeDummy":1500,"Unceasing Top":176,"Ring of the Serpent":1047,"Regal Pillow":227,"Lantern":407,"Torii":197,"Singing Bowl":297,"Cursed Key":351,"Ancient Tea Set":1555,"Smiling Mask":1699,"Shovel":227,"Matryoshka":638,"WristBlade":510,"Ninja Scroll":496,"InkBottle":121,"Ring of the Snake":0,"Potion Belt":378,"Lee\u0027s Waffle":324,"The Specimen":638,"Golden Idol":15,"Thread and Needle":577,"PreservedInsect":0,"The Courier":221,"Omamori":1139,"Frozen Egg 2":51,"reliquary:RosewoodLute":657,"Nuclear Battery":66,"Busted Crown":692,"Ornamental Fan":0,"Bloody Idol":91,"betterThird:SlimedRelic":1407,"Turnip":543,"Ectoplasm":1324,"Art of War":85,"Bottled Lightning":496,"Toy Ornithopter":546,"Ice Cream":146,"Calipers":647,"Tiny House":1213,"Gremlin Horn":310,"Vajra":253,"HoveringKite":839,"Sozu":800,"Lizard Tail":422,"Centennial Puzzle":1536,"HornCleat":1530,"Strawberry":571,"Toxic Egg 2":302,"reliquary:SharkskinSheath":707,"Girya":121,"Happy Flower":12,"Astrolabe":480,"Dead Branch":750,"Oddly Smooth Stone":1550,"Letter Opener":221,"War Paint":975,"Question Card":324,"Du-Vu Doll":526,"Shuriken":605,"Bronze Scales":170,"Molten Egg 2":258,"Black Star":1430,"Meat on the Bone":15,"Darkstone Periapt":1060,"Snake Skull":407,"Incense Burner":535,"Juzu Bracelet":879,"Empty Cage":106,"ClockworkSouvenir":872,"Emotion Chip":0,"Nunchaku":305,"Dream Catcher":734,"Mummified Hand":758,"Gambling Chip":316,"Pantograph":947,"Tiny Chest":258,"Red Mask":244,"Cracked Core":0,"Odd Mushroom":1155,"Orichalcum":1306,"White Beast Statue":214,"Mercury Hourglass":884,"Cauldron":758,"Anchor":297,"CaptainsWheel":758,"Bag of Marbles":310,"Membership Card":496,"FossilizedHelix":543,"TungstenRod":753}],"Ring of the Snake":[0]},"card_choices":[{"not_picked":["Expertise","Deadly Poison"],"picked":"Acrobatics","floor":1.0},{"not_picked":["Poisoned Stab","Outmaneuver"],"picked":"Cloak And Dagger","floor":3.0},{"not_picked":["Poisoned Stab","Masterful Stab","Skewer"],"picked":"SKIP","floor":5.0},{"not_picked":["Dagger Spray","Bane"],"picked":"Blur","floor":7.0},{"not_picked":["Tactician","Dagger Throw","Quick Slash"],"picked":"Backflip","floor":13.0},{"not_picked":["Deadly Poison","Dodge and Roll","Prepared"],"picked":"Escape Plan","floor":14.0},{"not_picked":["Doppelganger","Glass Knife","Tools of the Trade"],"picked":"Phantasmal Killer","floor":16.0},{"not_picked":["Underhanded Strike+1","Well Laid Plans","Eviscerate"],"picked":"Escape Plan","floor":18.0},{"not_picked":["Catalyst","Flying Knee+1","Quick Slash+1"],"picked":"Accuracy+1","floor":20.0},{"not_picked":["Choke","Sucker Punch","Expertise","PiercingWail"],"picked":"SKIP","floor":24},{"not_picked":["Cloak And Dagger","Bouncing Flask","Underhanded Strike"],"picked":"Dodge and Roll+1","floor":25},{"not_picked":["Heel Hook","Flying Knee+1","Phantasmal Killer"],"picked":"Leg Sweep","floor":29}],"player_experience":3789038,"relics_obtained":[{"floor":7.0,"key":"Matryoshka"},{"floor":9.0,"key":"Ancient Tea Set"},{"floor":9.0,"key":"Regal Pillow"},{"floor":12.0,"key":"Juzu Bracelet"},{"floor":12.0,"key":"Question Card"},{"floor":24,"key":"Smiling Mask"},{"floor":26,"key":"Shovel"},{"floor":30,"key":"Singing Bowl"}],"event_choices":[{"damage_healed":0.0,"max_hp_gain":5.0,"max_hp_loss":0.0,"gold_gain":0.0,"event_name":"Big Fish","player_choice":"Donut","floor":2.0,"gold_loss":0.0,"damage_taken":0.0},{"damage_healed":0.0,"max_hp_gain":0.0,"max_hp_loss":0.0,"gold_gain":0.0,"event_name":"Golden Idol","player_choice":"Take Damage","floor":4.0,"gold_loss":0.0,"damage_taken":18.0,"relics_obtained":["Golden Idol"]},{"damage_healed":0.0,"max_hp_gain":0.0,"max_hp_loss":0.0,"gold_gain":0.0,"event_name":"betterThird:BetterGoop","player_choice":"Slimed","floor":10.0,"gold_loss":46.0,"damage_taken":11.0},{"damage_healed":0.0,"max_hp_gain":0.0,"max_hp_loss":0.0,"gold_gain":0.0,"event_name":"Designer","player_choice":"Upgrade","floor":19.0,"gold_loss":40.0,"damage_taken":0.0,"cards_upgraded":["Phantasmal Killer"]},{"damage_healed":0,"gold_gain":75,"player_choice":"Touch","damage_taken":7,"max_hp_gain":0,"max_hp_loss":0,"event_name":"FaceTrader","floor":21,"gold_loss":0},{"cards_removed":["Strike_G"],"damage_healed":0,"gold_gain":0,"player_choice":"Give","damage_taken":0,"max_hp_gain":0,"max_hp_loss":0,"event_name":"betterNote:BetterNote","floor":27,"gold_loss":0,"cards_obtained":["Strike_B"]},{"damage_healed":0,"gold_gain":0,"player_choice":"Obtained Book","damage_taken":16,"max_hp_gain":0,"max_hp_loss":0,"event_name":"Cursed Tome","floor":28,"gold_loss":0}],"is_beta":false,"boss_relics":[{"not_picked":["Velvet Choker","Ring of the Serpent"],"picked":"Empty Cage"}],"items_purged_floors":[],"is_endless":false,"potions_floor_spawned":[1,14,16,24,25],"killed_by":"Cultist and Chosen","ascension_level":0}}