{"host":"lo6zq6w66mfx9j0u","time":1613806235,"event":{"mods":["AchievementEnabler","BaseMod","Challenge The Spire","Colored Powertips","Custom Start","Highlight Path","Infinite Spire","Minty Spire (QoL Compilation)","Rare Cards Sparkle","Replay The Spire","StSLib"],"gold_per_floor":[210,226,241,241,256,285,285,285,285,295,312,312,332,351,351,351,351],"floor_reached":16,"language":"ENG","playtime":718,"items_purged":[],"score":106,"play_id":"98e0bad1-8c20-40d1-8ac0-33d1bc1c8742","local_time":"20210220003035","is_ascension_mode":false,"campfire_choices":[{"floor":7,"key":"REST"},{"floor":15,"key":"REST"}],"circlet_count":0,"master_deck":["Strike_R","Strike_R","Strike_R","Strike_R","Strike_R","Defend_R","Defend_R","Defend_R","Defend_R","Bash","Inflame","Cleave","Replay:Undeath\u0027s Touch","Pommel Strike","Parasite","infinitespire:DeathsTouch","Clash"],"relics":["Burning Blood"],"acts_visited":["Exordium"],"potions_floor_usage":[16],"damage_taken":[{"damage":5,"enemies":"Cultist","floor":1,"turns":4},{"damage":13,"enemies":"2 Louse","floor":2,"turns":2},{"damage":1,"enemies":"Jaw Worm","floor":3,"turns":3},{"damage":20,"enemies":"Looter","floor":5,"turns":3},{"damage":26,"enemies":"3 Sentries","floor":6,"turns":6},{"damage":18,"enemies":"Exordium Thugs","floor":10,"turns":4},{"damage":19,"enemies":"Exordium Wildlife","floor":11,"turns":4},{"damage":13,"enemies":"2 Fungi Beasts","floor":13,"turns":3},{"damage":11,"enemies":"Red Slaver","floor":14,"turns":4},{"damage":70,"enemies":"Fading Forest","floor":16,"turns":11}],"seed_played":"-8961179631980918955","potions_obtained":[{"floor":1,"key":"Toxic Potion"},{"floor":10,"key":"FearPotion"},{"floor":11,"key":"Adrenaline Potion"},{"floor":14,"key":"SteroidPotion"}],"is_trial":false,"path_per_floor":["M","M","M","?","M","E","R","?","T","M","M","?","M","M","R","B"],"character_chosen":"IRONCLAD","items_purchased":[],"campfire_rested":2,"item_purchase_floors":[],"current_hp_per_floor":[80,73,78,83,69,49,74,85,85,73,60,39,32,27,52,0,0],"gold":351,"neow_bonus":"HUNDRED_GOLD","is_daily":false,"chose_seed":false,"campfire_upgraded":0,"win_rate":0.0,"timestamp":1613806235,"path_taken":["M","?","M","?","M","E","R","?","T","M","M","?","M","M","R","BOSS"],"items_purchased_type":[],"build_version":"2020-12-22","purchased_purges":0,"victory":false,"max_hp_per_floor":[80,80,80,85,85,85,85,85,85,85,85,85,85,85,85,85,85],"card_choices":[{"not_picked":["Sever Soul","Replay:Undeath\u0027s Touch"],"picked":"Inflame","floor":1},{"not_picked":["ReplayTheSpireMod:Strike From Hell","Headbutt"],"picked":"Cleave","floor":2},{"not_picked":["Sever Soul","Armaments"],"picked":"Replay:Undeath\u0027s Touch","floor":3},{"not_picked":["Twin Strike","Shrug It Off"],"picked":"Pommel Strike","floor":5},{"not_picked":["Shockwave","Dual Wield","Heavy Blade"],"picked":"SKIP","floor":6},{"not_picked":["Power Through","Brutality","Headbutt"],"picked":"SKIP","floor":10},{"not_picked":["Warcry","Headbutt","Anger"],"picked":"SKIP","floor":11},{"not_picked":["infinitespire:SealOfDarkness+","ReplayTheSpireMod:Black Plague"],"picked":"infinitespire:DeathsTouch","floor":12},{"not_picked":["Havoc","Carnage","Sentinel"],"picked":"SKIP","floor":13},{"not_picked":["ReplayTheSpireMod:Limb From Limb","Evolve"],"picked":"Clash","floor":14}],"player_experience":238384,"relics_obtained":[],"event_choices":[{"damage_healed":0,"gold_gain":0,"player_choice":"Donut","damage_taken":0,"max_hp_gain":5,"max_hp_loss":0,"event_name":"Big Fish","floor":4,"gold_loss":0},{"damage_healed":21,"gold_gain":0,"player_choice":"Healed and dodged fight","damage_taken":0,"max_hp_gain":0,"max_hp_loss":0,"event_name":"Mushrooms","floor":8,"gold_loss":0,"cards_obtained":["Parasite"]}],"is_beta":false,"boss_relics":[],"items_purged_floors":[],"is_endless":false,"potions_floor_spawned":[1,10,11,14],"killed_by":"Fading Forest","ascension_level":0}}