{"host":"72n3jwtrlpjobydj","time":1613839870,"event":{"mods":["AchievementEnabler","BaseMod","CapriCore","DeckTracker","Hermit","Koishi","KomeijiMod","Lobotomy","Marisa£¨Ùöéë¡¡Øª×âÞÞ£©","Minty Spire (QoL Compilation)","Permanent Neow","StSLib","SuperFastMode","The Cursed","The Hierophant","The Immortal"],"gold_per_floor":[116,128,138,62,62,62,87,98,146,159,175,191,208,173,173,274,274,288,288,308,76,76,76],"floor_reached":22,"language":"KOR","playtime":1209,"items_purged":["Strike_P"],"score":200,"play_id":"ede8bf88-28ed-4e68-bed6-49cb6a6beacb","local_time":"20210221015110","is_ascension_mode":true,"campfire_choices":[{"floor":6,"key":"RECALL"},{"floor":15,"key":"REST"}],"circlet_count":0,"master_deck":["Strike_P","Strike_P","Strike_P","Defend_P","Defend_P","Defend_P","Defend_P","Eruption","Vigilance","MentalFortress","Adaptation","FearNoEvil","TalkToTheHand","TalkToTheHand"],"relics":["PureWater","Art of War","HornCleat","Happy Flower","SlaversCollar","Tiny Chest"],"acts_visited":["Exordium","TheCity"],"potions_floor_usage":[7,7,10,20,22],"damage_taken":[{"damage":0,"enemies":"Cultist","floor":1,"turns":2},{"damage":0,"enemies":"2 Louse","floor":2,"turns":3},{"damage":2,"enemies":"Jaw Worm","floor":3,"turns":4},{"damage":44,"enemies":"3 Sentries","floor":7,"turns":8},{"damage":9,"enemies":"Lots of Slimes","floor":8,"turns":5},{"damage":1,"enemies":"Exordium Wildlife","floor":10,"turns":3},{"damage":0,"enemies":"Looter","floor":11,"turns":2},{"damage":0,"enemies":"2 Fungi Beasts","floor":12,"turns":3},{"damage":0,"enemies":"3 Louse","floor":13,"turns":3},{"damage":57,"enemies":"The Guardian","floor":16,"turns":13},{"damage":51,"enemies":"Chosen","floor":18,"turns":9},{"damage":7,"enemies":"Shell Parasite","floor":20,"turns":8},{"damage":48,"enemies":"Snecko","floor":22,"turns":6}],"seed_played":"7025966115418461481","potions_obtained":[{"floor":2,"key":"Regen Potion"},{"floor":3,"key":"Fire Potion"},{"floor":5,"key":"FairyPotion"},{"floor":8,"key":"RedTea"},{"floor":16,"key":"SkillPotion"},{"floor":20,"key":"Block Potion"}],"is_trial":false,"path_per_floor":["M","M","M","$","?","R","E","M","T","M","M","M","M","?","R","B",null,"M","?","M","$","M"],"character_chosen":"WATCHER","items_purchased":["Adaptation","Tiny Chest"],"campfire_rested":1,"item_purchase_floors":[4,21],"current_hp_per_floor":[72,72,70,70,70,70,38,29,29,28,28,28,28,46,67,10,72,21,15,8,8,3,3],"gold":76,"neow_bonus":"RANDOM_COMMON_RELIC","is_daily":false,"chose_seed":false,"campfire_upgraded":0,"win_rate":0.0,"timestamp":1613839870,"path_taken":["M","?","M","$","?","R","E","M","T","M","M","?","?","?","R","BOSS","M","?","M","$","?"],"items_purchased_type":["Card","Relic"],"build_version":"2020-12-22","purchased_purges":1,"victory":false,"max_hp_per_floor":[72,72,72,72,72,72,72,72,72,72,72,72,72,72,72,72,72,72,72,72,72,72,72],"card_choices":[{"not_picked":["JustLucky","FlyingSleeves"],"picked":"MentalFortress","floor":1},{"not_picked":["Sanctity","Swivel","Vengeance"],"picked":"SKIP","floor":2},{"not_picked":["ThirdEye","Crescendo","PathToVictory"],"picked":"SKIP","floor":3},{"not_picked":["Prostrate","EmptyFist"],"picked":"FearNoEvil","floor":7},{"not_picked":["CrushJoints","CutThroughFate","EmptyFist"],"picked":"SKIP","floor":8},{"not_picked":["EmptyFist","Collect"],"picked":"TalkToTheHand","floor":10},{"not_picked":["Crescendo","Study","Protect"],"picked":"SKIP","floor":11},{"not_picked":["PathToVictory","Brilliance","Fasting2"],"picked":"SKIP","floor":12},{"not_picked":["Evaluate","EmptyBody","PathToVictory"],"picked":"SKIP","floor":13},{"not_picked":["FollowUp+1","CutThroughFate","PathToVictory"],"picked":"SKIP","floor":18},{"not_picked":["Halt","FlurryOfBlows"],"picked":"TalkToTheHand","floor":20}],"player_experience":103196,"relics_obtained":[{"floor":7,"key":"HornCleat"},{"floor":9,"key":"Happy Flower"}],"event_choices":[{"damage_healed":0,"gold_gain":0,"player_choice":"Got Potions","damage_taken":0,"max_hp_gain":0,"max_hp_loss":0,"event_name":"Lab","floor":5,"gold_loss":0},{"damage_healed":18,"gold_gain":0,"player_choice":"Healed","damage_taken":0,"max_hp_gain":0,"max_hp_loss":0,"event_name":"The Cleric","floor":14,"gold_loss":35},{"damage_healed":0,"gold_gain":0,"player_choice":"","damage_taken":6,"max_hp_gain":0,"max_hp_loss":0,"event_name":"Knowing Skull","floor":19,"potions_obtained":[],"gold_loss":0,"cards_obtained":[]}],"is_beta":false,"boss_relics":[{"not_picked":["Ectoplasm","Snecko Eye"],"picked":"SlaversCollar"}],"items_purged_floors":[21],"is_endless":false,"potions_floor_spawned":[2,3,8,16,20],"killed_by":"Snecko","ascension_level":1}}