{"host":"49pjgf1q9ev52n8z","time":1613802652,"event":{"mods":["BaseMod","Bestiary","Colored Map","Keyboard Shortcuts","Minty Spire (QoL Compilation)","Practice Mode","Relic Stats","StSLib"],"gold_per_floor":[12,287,305,316,330,330,356,30,54,65,85,103,128,103,103,232,232,247,166,183,183,201,201,257,269,269,303,3,3,3,3],"floor_reached":30,"language":"ENG","playtime":2178,"items_purged":["Regret"],"score":399,"play_id":"58f6a5bd-940e-478e-b531-d0cea78b0e31","local_time":"20210219223052","is_ascension_mode":true,"campfire_choices":[{"floor":6,"key":"REST"},{"data":"Devotion","floor":15,"key":"SMITH"},{"floor":23,"key":"REST"},{"floor":29,"key":"REST"}],"circlet_count":0,"master_deck":["Strike_P","Strike_P","Defend_P","Defend_P+1","Defend_P","Eruption","Vigilance+1","Brilliance","DeusExMachina","Consecrate","BattleHymn","EmptyFist","ClearTheMind","Devotion+1","Prostrate","Wish","FollowUp","Scrawl","ForeignInfluence","MentalFortress","Worship","Halt","BowlingBash+1","Establishment","Bandage Up+1","FearNoEvil"],"relics":["PureWater","War Paint","Shuriken","Damaru","Lantern","SlaversCollar","Bag of Marbles","Toxic Egg 2","MawBank"],"acts_visited":["Exordium","TheCity"],"potions_floor_usage":[7,7,16,18,25,25,27,28,30],"damage_taken":[{"damage":0,"enemies":"2 Louse","floor":1,"turns":2},{"damage":3,"enemies":"Cultist","floor":3,"turns":2},{"damage":10,"enemies":"Jaw Worm","floor":4,"turns":3},{"damage":5,"enemies":"Exordium Thugs","floor":5,"turns":3},{"damage":6,"enemies":"Lagavulin","floor":7,"turns":4},{"damage":1,"enemies":"2 Fungi Beasts","floor":10,"turns":3},{"damage":0,"enemies":"Exordium Wildlife","floor":11,"turns":4},{"damage":0,"enemies":"Looter","floor":12,"turns":1},{"damage":15,"enemies":"3 Sentries","floor":13,"turns":6},{"damage":18,"enemies":"Hexaghost","floor":16,"turns":6},{"damage":6,"enemies":"Spheric Guardian","floor":18,"turns":3},{"damage":7,"enemies":"3 Byrds","floor":20,"turns":4},{"damage":9,"enemies":"Snake Plant","floor":22,"turns":4},{"damage":2,"enemies":"Gremlin Leader","floor":24,"turns":2},{"damage":0,"enemies":"Centurion and Healer","floor":25,"turns":5},{"damage":28,"enemies":"Slavers","floor":27,"turns":3},{"damage":69,"enemies":"Chosen and Byrds","floor":30,"turns":6}],"seed_played":"-8486260125010511010","potions_obtained":[{"floor":3,"key":"StancePotion"},{"floor":5,"key":"AttackPotion"},{"floor":7,"key":"DuplicationPotion"},{"floor":10,"key":"Strength Potion"},{"floor":13,"key":"FearPotion"},{"floor":16,"key":"Swift Potion"},{"floor":22,"key":"Swift Potion"}],"is_trial":false,"path_per_floor":["M","?","M","M","M","R","E","$","T","M","M","M","E","$","R","B",null,"M","$","M","?","M","R","E","M","T","E","$","R","M"],"character_chosen":"WATCHER","items_purchased":["Shuriken","FollowUp","MentalFortress","Bandage Up+1","FearNoEvil","Fruit Juice","FearPotion"],"campfire_rested":3,"item_purchase_floors":[8,14,19,28,28,28,28],"current_hp_per_floor":[65,65,62,52,47,68,62,62,62,61,61,61,46,46,46,28,61,55,55,48,48,39,60,58,58,58,30,35,58,0,0],"gold":3,"neow_bonus":"TRANSFORM_TWO_CARDS","is_daily":false,"chose_seed":false,"campfire_upgraded":1,"win_rate":0.0,"timestamp":1613802652,"path_taken":["M","?","M","M","M","R","E","$","T","M","M","?","E","$","R","BOSS","M","?","M","?","M","R","E","M","T","E","$","R","M"],"items_purchased_type":["Relic","Card","Card","Card","Card","Potion","Potion"],"build_version":"2020-12-22","purchased_purges":1,"victory":false,"max_hp_per_floor":[72,72,72,72,72,72,72,72,72,72,72,72,72,72,72,72,72,72,72,72,72,72,72,72,72,72,72,77,77,77,77],"relic_stats":{"counters":[17,61],"Shuriken":[15],"War Paint":["Vigilance","Defend_P"],"MawBank":12,"obtain_stats":[{"SlaversCollar":17,"Lantern":13,"Shuriken":8,"Damaru":9,"Bag of Marbles":24,"PureWater":0,"War Paint":7,"Toxic Egg 2":26,"MawBank":27},{"SlaversCollar":10,"Lantern":9,"Shuriken":5,"Damaru":5,"Bag of Marbles":14,"PureWater":0,"War Paint":5,"Toxic Egg 2":15,"MawBank":16},{"SlaversCollar":34,"Lantern":28,"Shuriken":14,"Damaru":14,"Bag of Marbles":47,"PureWater":0,"War Paint":14,"Toxic Egg 2":52,"MawBank":55}]},"card_choices":[{"not_picked":["PathToVictory","Sanctity"],"picked":"Consecrate","floor":1},{"not_picked":["Vengeance","SignatureMove"],"picked":"BattleHymn","floor":3},{"not_picked":["EmptyBody","JustLucky"],"picked":"EmptyFist","floor":4},{"not_picked":["CarveReality","Protect"],"picked":"ClearTheMind","floor":5},{"not_picked":["Wireheading","CrushJoints"],"picked":"Devotion","floor":7},{"not_picked":["ThirdEye","Consecrate"],"picked":"Prostrate","floor":10},{"not_picked":["Wallop","SashWhip","LikeWater"],"picked":"SKIP","floor":11},{"not_picked":["SashWhip","WaveOfTheHand","Halt"],"picked":"SKIP","floor":12},{"not_picked":["WheelKick","Halt"],"picked":"Wish","floor":13},{"not_picked":["Alpha","ConjureBlade"],"picked":"Scrawl","floor":16},{"not_picked":["SignatureMove+1","FlurryOfBlows"],"picked":"ForeignInfluence","floor":18},{"not_picked":["Protect","Prostrate"],"picked":"Worship","floor":20},{"not_picked":["FlyingSleeves+1","CrushJoints"],"picked":"BowlingBash+1","floor":22},{"not_picked":["JustLucky","Consecrate+1","DeceiveReality"],"picked":"SKIP","floor":24},{"not_picked":["FollowUp","JustLucky","Meditate"],"picked":"SKIP","floor":25},{"not_picked":["ClearTheMind+1","Nirvana"],"picked":"Establishment","floor":27}],"player_experience":871061,"relics_obtained":[{"floor":7,"key":"War Paint"},{"floor":9,"key":"Damaru"},{"floor":13,"key":"Lantern"},{"floor":24,"key":"Bag of Marbles"},{"floor":26,"key":"Toxic Egg 2"},{"floor":27,"key":"MawBank"}],"event_choices":[{"damage_healed":0,"gold_gain":275,"player_choice":"Desecrate","damage_taken":0,"max_hp_gain":0,"max_hp_loss":0,"event_name":"Golden Shrine","floor":2,"gold_loss":0,"cards_obtained":["Regret"]},{"damage_healed":0,"gold_gain":0,"cards_transformed":["Strike_P"],"player_choice":"Transformed","damage_taken":0,"max_hp_gain":0,"max_hp_loss":0,"event_name":"Transmorgrifier","floor":21,"gold_loss":0,"cards_obtained":["Halt"]}],"is_beta":false,"boss_relics":[{"not_picked":["Cursed Key","SacredBark"],"picked":"SlaversCollar"}],"items_purged_floors":[8],"is_endless":false,"potions_floor_spawned":[3,5,7,10,13,16,22],"killed_by":"Chosen and Byrds","ascension_level":6}}