{"host":"nwd160me4iqdtr8u","time":1613863457,"event":{"mods":["AchievementEnabler","Act Like it!","BaseMod","Colored Map","DeckTracker","Hallownest","Keyboard Shortcuts","Minty Spire (QoL Compilation)","Quick Restart","Rare Cards Sparkle","Smile Girya","StSLib","SuperFastMode","The Bug Knight","everything is the same but u backflip on backflip"],"gold_per_floor":[119,129,129,143,143,176,176,209,235,235,263,275,308,4,4,99,99,115,125,125,125,140,171,171,199,271,271,288,308,308,336,336,438,438,438,438],"floor_reached":35,"language":"KOR","playtime":2414,"items_purged":["HollowMod:NailStrikeStart"],"score":668,"play_id":"66782052-90ad-4b16-83ef-919965d851da","local_time":"20210221082417","is_ascension_mode":true,"campfire_choices":[{"data":"HollowMod:MothsMistake","floor":7.0,"key":"SMITH"},{"data":"HollowMod:MonarchWings","floor":10.0,"key":"SMITH"},{"data":"HollowMod:LifebloodCore","floor":15.0,"key":"SMITH"},{"data":"HollowMod:PureNailStrike","floor":24.0,"key":"SMITH"},{"data":"HollowMod:SoulStrike","floor":27.0,"key":"SMITH"},{"data":"HollowMod:GrimmsGift","floor":30.0,"key":"SMITH"},{"data":"Hallownest:skillLeafShield","floor":32.0,"key":"SMITH"}],"circlet_count":0,"master_deck":["HollowMod:NailStrikeStart","HollowMod:NailStrikeStart+1","HollowMod:NailStrikeStart","HollowMod:FocusHealStart+1","HollowMod:PogoStrike","HollowMod:QuirrelsAssistance+1","HollowMod:BrokenVessel+1","HollowMod:HowlingWraiths","Hallownest:skillLeafShield+1","Hallownest:skillLeafShield","Hallownest:skillLeafShield","Hallownest:skillLeafShield","Hallownest:skillLeafShield+1","HollowMod:MothsMistake+1","HollowMod:MonarchWings+1","HollowMod:NewJinnsSoul","HollowMod:CycloneSlash","HollowMod:LifebloodCore+1","HollowMod:DreamGate","HollowMod:PureNailStrike+1","HollowMod:SoulStrike+1","HollowMod:GrimmsGift+1","HollowMod:RecoilStrike+1","HollowMod:TaintedHusks+1","HollowMod:VoidDash"],"relics":["HollowMod:VesselMask","Thread and Needle","PreservedInsect","Oddly Smooth Stone","War Paint","Bottled Lightning","Strawberry","Lantern","Black Star","Anchor","Blood Vial","Happy Flower","Eternal Feather","Sundial","Ancient Tea Set","Art of War","Cursed Key"],"acts_visited":["Hallownest:Greenpath","Hallownest:CityofTears","Hallownest:KingdomsEdge"],"potions_floor_usage":[],"damage_taken":[{"damage":0.0,"enemies":"2_ Uuma","floor":1.0,"turns":5.0},{"damage":16.0,"enemies":"Hallownest:2_Tiktiks_and_1_Crawlid","floor":2.0,"turns":7.0},{"damage":0.0,"enemies":"Hallownest:monsterHuskGuard","floor":4.0,"turns":4.0},{"damage":17.0,"enemies":"Hallownest:eliteCrystalGuardian","floor":6.0,"turns":6.0},{"damage":1.0,"enemies":"Hallownest:eliteVengeflyKing","floor":8.0,"turns":4.0},{"damage":0.0,"enemies":"Hallownest:eliteMossKnight","floor":11.0,"turns":7.0},{"damage":5.0,"enemies":"Hallownest:Wandering_and_Horned","floor":12.0,"turns":6.0},{"damage":0.0,"enemies":"Hallownest:eliteVengeflyKing","floor":13.0,"turns":6.0},{"damage":26.0,"enemies":"Hallownest:BossBrokenVessel","floor":16.0,"turns":8.0},{"damage":10.0,"enemies":"Hallownest:Guard_and_Sentry","floor":18.0,"turns":5.0},{"damage":7.0,"enemies":"Hallownest:3_Youths","floor":19.0,"turns":6.0},{"damage":0.0,"enemies":"Hallownest:Master_and_Novice","floor":22.0,"turns":5.0},{"damage":7.0,"enemies":"Hallownest:eliteWatcherKnight","floor":23.0,"turns":10.0},{"damage":0.0,"enemies":"Hallownest:eliteSoulWarrior","floor":25.0,"turns":6.0},{"damage":18.0,"enemies":"Hallownest:2_Husk_Sentries","floor":28.0,"turns":5.0},{"damage":9.0,"enemies":"Hallownest:2_Flukemon","floor":29.0,"turns":6.0},{"damage":56.0,"enemies":"Hallownest:eliteWatcherKnight","floor":31.0,"turns":11.0},{"damage":12.0,"enemies":"Hallownest:BossSoulMaster","floor":33.0,"turns":8.0},{"damage":108,"enemies":"Hallownest:3_Siblings","floor":35,"turns":7}],"seed_played":"2753670920848455066","potions_obtained":[{"floor":6.0,"key":"Block Potion"},{"floor":8.0,"key":"LiquidBronze"},{"floor":11.0,"key":"Regen Potion"},{"floor":22.0,"key":"Weak Potion"},{"floor":23.0,"key":"Fire Potion"},{"floor":29.0,"key":"ColorlessPotion"},{"floor":31.0,"key":"PowerPotion"},{"floor":33.0,"key":"Energy Potion"}],"is_trial":false,"path_per_floor":["M","M","?","M","?","E","R","E","T","R","E","M","E","$","R","B",null,"M","M","?","?","M","E","R","E","T","R","M","M","R","E","R","B",null,"M"],"character_chosen":"THE_BUGKNIGHT","items_purchased":["Lantern","HollowMod:DreamGate"],"campfire_rested":0,"item_purchase_floors":[14,14],"current_hp_per_floor":[68,58,58,64,64,47,47,52,52,52,58,63,75,75,75,55,70,65,64,64,64,74,67,67,75,75,75,63,62,74,44,56,56,70,0,0],"gold":438,"neow_bonus":"ONE_RARE_RELIC","is_daily":false,"chose_seed":false,"campfire_upgraded":7,"win_rate":0.0,"timestamp":1613863457,"path_taken":["M","M","?","M","?","E","R","E","T","R","E","M","E","$","R","BOSS","M","M","?","?","M","E","R","E","T","R","M","M","R","E","R","BOSS","M"],"items_purchased_type":["Relic","Card"],"build_version":"2020-12-22","purchased_purges":1,"victory":false,"max_hp_per_floor":[68,68,68,68,68,68,68,68,68,68,68,68,75,75,75,75,75,75,75,75,75,75,75,75,75,75,75,75,75,75,75,75,75,75,75,75],"card_choices":[{"not_picked":["HollowMod:DoubleDash","HollowMod:VengefulVoid"],"picked":"HollowMod:QuirrelsAssistance","floor":1.0},{"not_picked":["HollowMod:ShapeofUnn","HollowMod:DesolateDive"],"picked":"HollowMod:BrokenVessel","floor":2.0},{"not_picked":["HollowMod:SiblingsSouls","HollowMod:SiblingsShadow"],"picked":"HollowMod:HowlingWraiths","floor":4.0},{"not_picked":["HollowMod:VengefulVoid","HollowMod:HowlingWraiths"],"picked":"HollowMod:MothsMistake","floor":6.0},{"not_picked":["HollowMod:WraithStrike","HollowMod:InfectedAttack"],"picked":"HollowMod:MonarchWings","floor":8.0},{"not_picked":["HollowMod:WraithStrike","HollowMod:CycloneSlash"],"picked":"HollowMod:NewJinnsSoul","floor":11.0},{"not_picked":["HollowMod:SiblingsShadow","HollowMod:SoulStrike"],"picked":"HollowMod:CycloneSlash","floor":12.0},{"not_picked":["HollowMod:DashSlash","HollowMod:VengefulVoid"],"picked":"HollowMod:LifebloodCore","floor":13.0},{"not_picked":["HollowMod:VengefulVoid+1","HollowMod:DashSlash","HollowMod:SiblingsSouls"],"picked":"SKIP","floor":18.0},{"not_picked":["HollowMod:BaldurShell+1","HollowMod:MonomonsArchive"],"picked":"HollowMod:PureNailStrike","floor":19.0},{"not_picked":["HollowMod:ShadowDash+1","HollowMod:SharpenedShadows","HollowMod:DashSlash"],"picked":"SKIP","floor":22.0},{"not_picked":["HollowMod:AbyssShriek","HollowMod:theNailsmith"],"picked":"HollowMod:SoulStrike","floor":23.0},{"not_picked":["HollowMod:SoulStrike+1","HollowMod:InfectedCysts","HollowMod:ElderbugsWisdom"],"picked":"SKIP","floor":25.0},{"not_picked":["HollowMod:SoulStrike+1","HollowMod:InfectedCysts","HollowMod:ElderbugsWisdom"],"picked":"SKIP","floor":25.0},{"not_picked":["HollowMod:LuriensSpire","HollowMod:FallenFury"],"picked":"HollowMod:GrimmsGift","floor":28.0},{"not_picked":["HollowMod:CornifersMapStart","HollowMod:InfectedCysts"],"picked":"HollowMod:RecoilStrike+1","floor":29.0},{"not_picked":["HollowMod:DreamGate+1","HollowMod:AbyssShriek"],"picked":"HollowMod:TaintedHusks+1","floor":31.0},{"not_picked":["HollowMod:HornetsHelp","HollowMod:NewInfectedGuardian"],"picked":"HollowMod:VoidDash","floor":33.0}],"player_experience":490664,"relics_obtained":[{"floor":6.0,"key":"PreservedInsect"},{"floor":8.0,"key":"Oddly Smooth Stone"},{"floor":9.0,"key":"War Paint"},{"floor":11.0,"key":"Bottled Lightning"},{"floor":13.0,"key":"Strawberry"},{"floor":23.0,"key":"Anchor"},{"floor":23.0,"key":"Blood Vial"},{"floor":25.0,"key":"Happy Flower"},{"floor":25.0,"key":"Eternal Feather"},{"floor":26.0,"key":"Sundial"},{"floor":31.0,"key":"Ancient Tea Set"},{"floor":31.0,"key":"Art of War"}],"event_choices":[],"is_beta":false,"boss_relics":[{"not_picked":["Busted Crown","SlaversCollar"],"picked":"Black Star"},{"not_picked":["SacredBark","HollowMod:VoidIdolRelic"],"picked":"Cursed Key"}],"items_purged_floors":[14],"is_endless":false,"potions_floor_spawned":[6,8,11,22,23,29,31,33],"killed_by":"Hallownest:3_Siblings","ascension_level":6}}