{"host":"rg29p8m4aqjozpzt","time":1613856413,"event":{"mods":["100% Spire Juice","Aspiration","Bartender","BaseMod","Beaked The Cultist","Better Altar","Better Match","Better Sensory Stone","Better Skull","Better Third Choice","BetterRewards","Chen","Colored Powertips","Conspire","Downfall","Friendly Minions","Hermit","Hubris","JesterMod","Magitek Elite","Minty Spire (QoL Compilation)","Permanent Neow","Prisma Mod","QueenMod","Quick Restart","Relic Filter","Reorder Act Four","Shade Mod","StSLib","SuperFastMode","The Alterego","The Marked","The Runesmith","Unceasing Turn Reminder"],"gold_per_floor":[99,118,133,233,248,264,316,316,8,8,24,24,38,48,60,162,162,162,182,182,202,202,202,226,226,261,272,272,284,284,38,49,49,49,49],"floor_reached":33,"language":"ENG","playtime":2600,"items_purged":[],"score":286,"play_id":"033d989a-80a8-4bb2-884c-46231a27c45a","local_time":"20210220222653","is_ascension_mode":false,"campfire_choices":[{"data":"bronze:Replicate","floor":1,"key":"SMITH"},{"data":"bronze:ForLoop","floor":8,"key":"SMITH"},{"data":"bronze:CutThrough","floor":10,"key":"SMITH"},{"data":"bronze:Return","floor":12,"key":"SMITH"},{"data":"bronze:CloningBeam","floor":18,"key":"SMITH"},{"data":"bronze:HardenedForm","floor":23,"key":"SMITH"},{"data":"bronze:Separator","floor":25,"key":"SMITH"},{"data":"bronze:Terminator","floor":28,"key":"SMITH"},{"data":"bronze:Constructor","floor":30,"key":"SMITH"}],"circlet_count":0,"master_deck":["bronze:Defend","bronze:Defend","bronze:Defend+1","bronze:Defend","bronze:Replicate+1","bronze:Goto+1","bronze:Separator+1","bronze:Constructor+1","bronze:Turbo","bronze:ForLoop+1","bronze:CutThrough+1","bronze:Return+1","bronze:CloningBeam+1","bronze:SpaghettiCode","bronze:HardenedForm+1","bronze:ClassDefault+1","Bite","Bite","Bite","Bite","Bite","bronze:Terminator+1","bronze:FineTuning","bronze:Format","bronze:Assembly"],"relics":["bronze:BronzeCore","War Paint","aspiration:ChemicalBlood","hubris:FunFungus","hubris:RunicObelisk","MealTicket","Matryoshka","Medical Kit"],"acts_visited":["Exordium","TheCity"],"potions_floor_usage":[6,9,13,14,16,16,16,19,21,26,26,26,27,27,29,31,31,31,32,32,33,33,33,33,33,33,33],"damage_taken":[{"damage":0,"enemies":"Jaw Worm","floor":2,"turns":4},{"damage":0,"enemies":"Cultist","floor":3,"turns":3},{"damage":6,"enemies":"2 Louse","floor":5,"turns":3},{"damage":23,"enemies":"Exordium Wildlife","floor":6,"turns":6},{"damage":10,"enemies":"downfall:FleeingMerchant","floor":9,"turns":4},{"damage":8,"enemies":"Red Slaver","floor":11,"turns":2},{"damage":16,"enemies":"Large Slime","floor":13,"turns":6},{"damage":2,"enemies":"3 Louse","floor":14,"turns":25},{"damage":21,"enemies":"Lots of Slimes","floor":15,"turns":13},{"damage":33,"enemies":"DF_ARCHETYPE_STREAMLINE","floor":16,"turns":6},{"damage":26,"enemies":"downfall:LooterAlt2","floor":19,"turns":3},{"damage":13,"enemies":"conspire:FuzzyDice","floor":21,"turns":6},{"damage":50,"enemies":"Gremlin Leader","floor":26,"turns":9},{"damage":29,"enemies":"Sentry and Sphere","floor":27,"turns":6},{"damage":13,"enemies":"Snecko","floor":29,"turns":6},{"damage":15,"enemies":"downfall:FleeingMerchant","floor":31,"turns":4},{"damage":26,"enemies":"Shelled Parasite and Fungi","floor":32,"turns":6},{"damage":93,"enemies":"IC_MUSHROOM_ARCHETYPE","floor":33,"turns":11}],"seed_played":"6623401564288002453","potions_obtained":[{"floor":2,"key":"Energy Potion"},{"floor":3,"key":"Explosive Potion"},{"floor":6,"key":"bronze:CleanCodePotion"},{"floor":13,"key":"Fire Potion"},{"floor":16,"key":"Swift Potion"},{"floor":19,"key":"FairyPotion"},{"floor":21,"key":"bronze:BurnAndBuffPotion"},{"floor":26,"key":"Swift Potion"},{"floor":26,"key":"sneckomod:MuddlingPotion"},{"floor":26,"key":"LiquidMemories"},{"floor":27,"key":"DistilledChaos"},{"floor":27,"key":"Ancient Potion"},{"floor":27,"key":"FairyPotion"},{"floor":29,"key":"EntropicBrew"},{"floor":31,"key":"Ancient Potion"},{"floor":31,"key":"ColorlessPotion"},{"floor":32,"key":"Swift Potion"},{"floor":32,"key":"bronze:BurnAndBuffPotion"},{"floor":33,"key":"AttackPotion"},{"floor":33,"key":"ColorlessPotion"}],"is_trial":false,"path_per_floor":["R","M","M","?","M","M","T","R","$","R","M","R","M","M","M","B",null,"R","M","?","M","?","R","T","R","E","M","R","M","R","$","M","B"],"character_chosen":"THE_AUTOMATON","items_purchased":["hubris:FunFungus","Medical Kit","bronze:Format"],"campfire_rested":0,"item_purchase_floors":[9,31,31],"current_hp_per_floor":[70,70,70,70,64,41,41,41,31,31,23,23,15,70,69,36,70,70,44,44,47,47,47,47,47,19,9,9,11,11,26,13,0,0,0],"gold":49,"neow_bonus":"RANDOM_COMMON_RELIC","is_daily":false,"chose_seed":false,"campfire_upgraded":9,"win_rate":0.0,"timestamp":1613856413,"path_taken":["R","M","M","?","M","M","T","R","$","R","M","R","M","?","M","BOSS","R","M","?","M","?","R","T","R","E","M","R","M","R","$","M","BOSS"],"items_purchased_type":["Relic","Relic","Card"],"build_version":"2020-12-22","purchased_purges":0,"victory":false,"max_hp_per_floor":[70,70,70,70,70,70,70,70,70,70,70,70,70,70,70,70,70,70,70,49,49,49,49,49,49,49,49,49,49,49,49,49,49,49,49],"card_choices":[{"not_picked":["bronze:Optimize","bronze:WhirlingStrike"],"picked":"bronze:Separator","floor":2},{"not_picked":["bronze:Repair","bronze:DigitalCarnage"],"picked":"bronze:Constructor","floor":3},{"not_picked":["bronze:Constructor","bronze:BuggyMess"],"picked":"bronze:Turbo","floor":5},{"not_picked":["bronze:DelayedSlice","bronze:DarkDash"],"picked":"bronze:ForLoop","floor":6},{"not_picked":["bronze:DelayedSlice","bronze:Deprecate"],"picked":"bronze:CutThrough","floor":9},{"not_picked":["bronze:BugBarrage","bronze:ForLoop"],"picked":"bronze:Return","floor":11},{"not_picked":["bronze:Overheat","bronze:WhirlingStrike","bronze:Separator"],"picked":"SKIP","floor":13},{"not_picked":["bronze:Turbo","bronze:WhirlingStrike"],"picked":"bronze:CloningBeam","floor":14},{"not_picked":["bronze:FineTuning","bronze:CutThrough"],"picked":"bronze:SpaghettiCode","floor":15},{"not_picked":["bronze:HyperBeam","bronze:ShipIt"],"picked":"bronze:HardenedForm","floor":16},{"not_picked":["bronze:WildBeam","bronze:BitShift+1"],"picked":"bronze:ClassDefault+1","floor":19},{"not_picked":["bronze:FindAndReplace","bronze:Frontload","bronze:ChosenStrike"],"picked":"SKIP","floor":21},{"not_picked":["bronze:ForLoop","bronze:BugBarrage","bronze:Invalidate+1"],"picked":"SKIP","floor":26},{"not_picked":["bronze:Boost+1","bronze:Overload"],"picked":"bronze:Terminator","floor":27},{"not_picked":["bronze:DelayedGuard","bronze:OilSpill"],"picked":"bronze:FineTuning","floor":29},{"not_picked":["bronze:DelayedGuard+1","bronze:Branch+1","bronze:BugBarrage+1"],"picked":"SKIP","floor":31},{"not_picked":["bronze:Safeguard","bronze:CutThrough+1"],"picked":"bronze:Assembly","floor":32}],"player_experience":1584957,"relics_obtained":[{"floor":7,"key":"aspiration:ChemicalBlood"},{"floor":24,"key":"MealTicket"},{"floor":26,"key":"Matryoshka"}],"event_choices":[{"damage_healed":0,"gold_gain":0,"player_choice":"Became a vampire","damage_taken":0,"max_hp_gain":0,"max_hp_loss":21,"event_name":"Vampires","floor":20,"gold_loss":0,"cards_obtained":["Bite","Bite","Bite","Bite","Bite"]},{"damage_healed":0,"gold_gain":0,"player_choice":"Leave","damage_taken":0,"max_hp_gain":0,"max_hp_loss":0,"event_name":"conspire:Investor","floor":22,"gold_loss":0}],"is_beta":false,"boss_relics":[{"not_picked":["aspiration:FutureDiary","bronze:PlatinumCore"],"picked":"hubris:RunicObelisk"}],"items_purged_floors":[],"is_endless":false,"potions_floor_spawned":[2,3,6,13,19,21,27],"killed_by":"IC_MUSHROOM_ARCHETYPE","ascension_level":0}}