{"host":"tm3ghj8mno6gwywm","time":1613822186,"event":{"mods":["2.2 Compatiblity","AchievementEnabler","Bard","BaseMod","Beaked The Cultist","Better Third Choice","Colored Map","Colored Powertips","Conspire","Downfall","Glutton Mod","GungeonMod","Halation","Hermit","Hubris","Infinite Spire","Jorbs\u0027s Wanderer Trilogy","Mad Scientist","Marisa????????","Marked Mod","Mimic Mod","Minty Spire (QoL Compilation)","Potionbrewer","Quick Restart","Replay The Spire","Shade Mod","Shop Mod","Somnambulant","Spicy Shops","StSLib","SuperFastMode","The Bug Knight","The Construct","The Cursed","The Disciple","The Hierophant","The IronCluck","The Judge","The Jungle","The Necromancer","The Runesmith","The Servant 0.9.4","egg"],"gold_per_floor":[389,489,502,482,31,67,67,94,113,141,192,260,260,311,311,336,336,506,506,663,578,659,659,468,636,760,760,902,1022,970,599,599,844,844,1127,1127,1127,1306,958,958,802,802,855,855,855,855,1052,1290,1290,786,786,786,662,986,576],"floor_reached":56,"language":"ENG","playtime":1976,"items_purged":["hierophant:MintersHammer+1"],"score":1816,"play_id":"cec5748e-2005-4d26-a71c-56fe85b38a4b","local_time":"20210220065626","is_ascension_mode":false,"campfire_choices":[{"floor":7,"key":"REST"},{"floor":13,"key":"REST"},{"data":"hierophant:ChurchCoffers","floor":15,"key":"SMITH"},{"floor":23,"key":"RECALL"},{"data":"hierophant:Punish","floor":27,"key":"SMITH"},{"data":"hierophant:Defend_Hierophant","floor":32,"key":"SMITH"},{"data":"hierophant:Defend_Hierophant","floor":40,"key":"SMITH"},{"data":"hierophant:Defend_Hierophant","floor":49,"key":"SMITH"},{"data":"hierophant:Strike_Hierophant","floor":52,"key":"SMITH"}],"circlet_count":0,"master_deck":["hierophant:Strike_Hierophant+1","hierophant:Strike_Hierophant","hierophant:Strike_Hierophant","hierophant:Strike_Hierophant","hierophant:Punish+1","hierophant:Defend_Hierophant","hierophant:Defend_Hierophant+1","hierophant:Defend_Hierophant+1","hierophant:Defend_Hierophant+1","hierophant:ChurchCoffers+1","hierophant:OrnateBuckler+1","hierophant:Doubloon+1","hierophant:EyeForCoin+1","hierophant:Refuge+1","hierophant:Doubloon+1","hierophant:Doubloon+1","hierophant:Doubloon+1","hierophant:Doubloon+1","hierophant:Doubloon+1","hierophant:Remorse+1","hierophant:Doubloon+1","hierophant:Doubloon+1","hierophant:Charity+1","hierophant:Doubloon+1","hierophant:Doubloon+1","hierophant:Doubloon+1","hierophant:AuricBeam+1","hierophant:Doubloon+1","hierophant:BulkyChest+1","hierophant:Doubloon+1","hierophant:CursedGold+1","hierophant:Doubloon+1","hierophant:OrnateBuckler+1","hierophant:Doubloon+1","hierophant:Doubloon+1","hierophant:Doubloon+1","hierophant:Dazzle+1","hierophant:BulkyChest+1","hierophant:Doubloon+1","hierophant:Doubloon+1","hierophant:RecallFunds+1","hierophant:AuricShield+1","hierophant:Doubloon+1","hierophant:Generosity+1","hierophant:Doubloon+1","hierophant:Doubloon+1","hierophant:RustyCrate+1","hierophant:Doubloon+1","hierophant:Doubloon+1","hierophant:Doubloon+1","hierophant:Doubloon+1","hierophant:RustyCrate+1","hierophant:Doubloon+1","hierophant:Doubloon+1","hierophant:Doubloon+1","Pain","hierophant:Doubloon+1","hierophant:Doubloon+1"],"relics":["hierophant:PropheticMaskRelic","Membership Card","Quantum Egg","Frozen Egg 2","Toxic Egg 2","Molten Egg 2","Black Star","Mummified Hand","Lizard Tail","WingedGreaves","Old Coin","Art of War","PreservedInsect","sneckomod:BlankCard","Nunchaku","Matryoshka","ClockworkSouvenir","Vajra","DemoMod:VorpalBullet","infinitespire:CheckeredPen","DemoMod:GlassGuonStoneRelic","infinitespire:Beetle Shell","Juzu Bracelet","halation:Toothbrush","hubris:Towel","ReplayTheSpireMod:Lightbulb","Bag of Preparation","Sling","Gremlin Horn","InkBottle","potionbrewer:WarMedal","infinitespire:Broken Mirror","Pondfish Scales","halation:SwordOfLegend","halation:QuantumPhysicsTextbook","bronze:DonusWashers","Counterbalance","Oddly Smooth Stone","ReplayTheSpireMod:TigerMarble","beaked:SacredDeck","DemoMod:BigBoy","halation:Sosunser","Blood Vial","halation:TwoAmDonut","Medical Kit","DemoMod:MonsterBlood","hubris:TenFootPole","Runesmith:AutoHammer","Replay:Baseball","infinitespire:Magic Flask","HollowMod:PaleOreRelic","hubris:MysteriousPyramids","Boot","bronze:DecasWashers","infinitespire:Lucky Rock"],"acts_visited":["Exordium","TheCity","TheBeyond","TheEnding"],"potions_floor_usage":[16,16,55,55],"damage_taken":[{"damage":0,"enemies":"Cultist","floor":1,"turns":3},{"damage":0,"enemies":"conspire:RoseBush","floor":3,"turns":3},{"damage":38,"enemies":"3 Sentries","floor":6,"turns":15},{"damage":24,"enemies":"infinitespire:Voidling","floor":8,"turns":5},{"damage":1,"enemies":"Large Slime","floor":9,"turns":12},{"damage":1,"enemies":"Large Slime","floor":10,"turns":4},{"damage":0,"enemies":"Red Slaver","floor":11,"turns":1},{"damage":0,"enemies":"Exordium Wildlife","floor":12,"turns":3},{"damage":0,"enemies":"Exordium Wildlife","floor":14,"turns":2},{"damage":0,"enemies":"Slime Boss","floor":16,"turns":2},{"damage":0,"enemies":"3 Byrds","floor":18,"turns":1},{"damage":0,"enemies":"Spheric Guardian","floor":20,"turns":2},{"damage":0,"enemies":"Centurion and Healer","floor":22,"turns":4},{"damage":0,"enemies":"Shelled Parasite and Fungi","floor":25,"turns":1},{"damage":0,"enemies":"Snecko","floor":26,"turns":2},{"damage":0,"enemies":"Snecko","floor":28,"turns":2},{"damage":0,"enemies":"conspire:SneckoGhost","floor":29,"turns":3},{"damage":0,"enemies":"Collector","floor":33,"turns":1},{"damage":0,"enemies":"3 Shapes","floor":35,"turns":1},{"damage":0,"enemies":"infinitespire:Three Voidlings","floor":38,"turns":1},{"damage":0,"enemies":"Nightmare_Alpha","floor":38,"turns":4},{"damage":0,"enemies":"Orb Walker","floor":47,"turns":1},{"damage":0,"enemies":"Giant Head","floor":48,"turns":1},{"damage":48,"enemies":"conspire:OrnateMirror","floor":50,"turns":7},{"damage":0,"enemies":"Shield and Spear","floor":54,"turns":1},{"damage":7,"enemies":"The Heart","floor":55,"turns":8}],"seed_played":"9118259710191213857","potions_obtained":[{"floor":1,"key":"potionbrewer:AcidPotion"},{"floor":3,"key":"Doom Potion"},{"floor":4,"key":"Swift Potion"},{"floor":10,"key":"DuplicationPotion"},{"floor":14,"key":"DistilledChaos"},{"floor":20,"key":"potionbrewer:EndurancePotion"},{"floor":25,"key":"Dexterity Potion"},{"floor":48,"key":"FairyPotion"}],"is_trial":false,"path_per_floor":["M","?","M","?","$","E","R","M","MIM","M","M","MIM","R","M","R","B",null,"M","?","M","?","M","R","$","M","MIM","R","M","E","?","$","R","B",null,"M","T","?","?","$","R","$","?","T","$","?","?","M","E","R","B",null,"R","$","E","B",null],"character_chosen":"HIEROPHANT","items_purchased":["hierophant:Refuge+1","PreservedInsect","sneckomod:BlankCard","Nunchaku","Matryoshka","ClockworkSouvenir","Bag of Preparation","Sling","bronze:DonusWashers","Counterbalance","Oddly Smooth Stone","hierophant:AuricShield+1","ReplayTheSpireMod:TigerMarble","halation:Sosunser","Blood Vial","halation:TwoAmDonut","Medical Kit","DemoMod:MonsterBlood","hubris:TenFootPole","Replay:Baseball","hubris:MysteriousPyramids","Boot"],"campfire_rested":2,"item_purchase_floors":[5,5,5,5,5,5,24,24,31,31,31,31,31,39,39,39,39,41,41,44,53,53],"current_hp_per_floor":[82,82,82,82,82,44,68,58,57,56,56,56,80,80,80,80,82,82,82,82,82,82,82,85,85,85,85,85,85,85,85,84,84,85,85,85,88,88,88,88,95,95,95,85,85,85,87,89,95,47,95,95,95,95,88],"gold":576,"neow_bonus":"TEN_PERCENT_HP_BONUS","is_daily":false,"chose_seed":false,"campfire_upgraded":6,"win_rate":0.0,"timestamp":1613822186,"path_taken":["M","?","?","?","$","E","R","M","MIM","M","M","?","R","M","R","BOSS","M","?","M","?","M","R","$","M","MIM","R","M","E","?","$","R","BOSS","M","?","?","?","$","R","$","?","T","?","?","?","M","E","R","BOSS","R","$","E","BOSS"],"items_purchased_type":["Card","Relic","Relic","Relic","Relic","Relic","Relic","Relic","Relic","Relic","Relic","Card","Relic","Relic","Relic","Relic","Relic","Relic","Relic","Relic","Relic","Relic"],"build_version":"2020-12-22","purchased_purges":1,"victory":true,"max_hp_per_floor":[82,82,82,82,82,82,82,82,82,82,82,82,82,82,82,82,82,82,82,82,82,82,82,85,85,85,85,85,85,85,85,85,85,85,85,85,88,88,88,88,95,95,95,95,95,95,95,95,95,95,95,95,95,95,95],"card_choices":[{"not_picked":["hierophant:SealAway+1","hierophant:FlamingChariot+1"],"picked":"hierophant:OrnateBuckler+1","floor":1},{"not_picked":["hierophant:Purify+1","hierophant:RepressedViolence+1"],"picked":"hierophant:Doubloon+1","floor":2},{"not_picked":["hierophant:Racketeering+1","hierophant:PassingBell+1"],"picked":"hierophant:EyeForCoin+1","floor":3},{"not_picked":["hierophant:MorningPrayer+1","hierophant:Rebuild+1","hierophant:HammerAndAnvil+1"],"picked":"SKIP","floor":6},{"not_picked":["hierophant:OrnateBuckler+1","hierophant:RepressedViolence+1"],"picked":"hierophant:Remorse+1","floor":8},{"not_picked":["hierophant:OrnateBuckler+1","hierophant:SolarFlare+1"],"picked":"hierophant:Charity+1","floor":9},{"not_picked":["hierophant:Alms+1","hierophant:Prophecy+1","hierophant:SealAway+1"],"picked":"SKIP","floor":10},{"not_picked":["hierophant:RepressedViolence+1","hierophant:Purify+1"],"picked":"hierophant:MintersHammer+1","floor":11},{"not_picked":["hierophant:Patience+1","hierophant:DivineIntervention+1"],"picked":"hierophant:AuricBeam+1","floor":14},{"not_picked":["hierophant:LocustPlague+1","hierophant:DivineIntervention+1"],"picked":"hierophant:BulkyChest+1","floor":16},{"not_picked":["hierophant:Zeal+1","hierophant:Charity+1"],"picked":"hierophant:CursedGold+1","floor":18},{"not_picked":["hierophant:AuricBeam+1","hierophant:SealAway+1"],"picked":"hierophant:OrnateBuckler+1","floor":20},{"not_picked":["hierophant:ThreeLashes+1","hierophant:PassingBell+1"],"picked":"hierophant:Doubloon+1","floor":22},{"not_picked":["hierophant:Endure+1","hierophant:Refuge+1","hierophant:DisplayOfPower+1"],"picked":"SKIP","floor":25},{"not_picked":["hierophant:Sermon+1","hierophant:Remorse+1"],"picked":"hierophant:Dazzle+1","floor":26},{"not_picked":["hierophant:Doubloon+1","hierophant:SealAway+1"],"picked":"hierophant:BulkyChest+1","floor":28},{"not_picked":["hierophant:RustyCrate+1","hierophant:Prophecy+1"],"picked":"hierophant:RecallFunds+1","floor":29},{"not_picked":["hierophant:Rebuild+1","hierophant:Sermon+1"],"picked":"hierophant:RustyCrate+1","floor":35},{"not_picked":["hierophant:SealAway+1","hierophant:PassingBell+1"],"picked":"hierophant:RustyCrate+1","floor":38},{"not_picked":["hierophant:ThreeLashes+1","hierophant:AuricBeam+1","hierophant:Smite+1"],"picked":"SKIP","floor":47},{"not_picked":["hierophant:SolarFlare+1","hierophant:Smite+1","hierophant:Shelter+1"],"picked":"SKIP","floor":48},{"not_picked":["hierophant:Smite+1","hierophant:MorningPrayer+1"],"picked":"hierophant:Doubloon+1","floor":54}],"player_experience":890637,"relics_obtained":[{"floor":2,"key":"Art of War"},{"floor":6,"key":"Vajra"},{"floor":9,"key":"DemoMod:VorpalBullet"},{"floor":9,"key":"infinitespire:CheckeredPen"},{"floor":12,"key":"infinitespire:Beetle Shell"},{"floor":12,"key":"Juzu Bracelet"},{"floor":12,"key":"halation:Toothbrush"},{"floor":26,"key":"Gremlin Horn"},{"floor":26,"key":"InkBottle"},{"floor":26,"key":"potionbrewer:WarMedal"},{"floor":26,"key":"infinitespire:Broken Mirror"},{"floor":29,"key":"Pondfish Scales"},{"floor":29,"key":"halation:SwordOfLegend"},{"floor":38,"key":"DemoMod:BigBoy"},{"floor":43,"key":"Runesmith:AutoHammer"},{"floor":48,"key":"infinitespire:Magic Flask"},{"floor":48,"key":"HollowMod:PaleOreRelic"},{"floor":54,"key":"bronze:DecasWashers"},{"floor":54,"key":"infinitespire:Lucky Rock"}],"event_choices":[{"damage_healed":0,"gold_gain":0,"player_choice":"Bought 1 Potion","damage_taken":0,"max_hp_gain":0,"max_hp_loss":0,"event_name":"The Woman in Blue","floor":4,"gold_loss":0},{"damage_healed":0,"gold_gain":0,"player_choice":"Obtained Relic","damage_taken":0,"relics_obtained":["ReplayTheSpireMod:Lightbulb"],"max_hp_gain":0,"max_hp_loss":0,"event_name":"Addict","floor":21,"gold_loss":85},{"damage_healed":0,"gold_gain":0,"player_choice":"Paid Gold","damage_taken":0,"relics_obtained":["halation:QuantumPhysicsTextbook"],"max_hp_gain":0,"max_hp_loss":0,"event_name":"WeMeetAgain","floor":30,"gold_loss":52},{"cards_removed":["hierophant:Doubloon"],"damage_healed":0,"gold_gain":0,"player_choice":"Removed Skill","damage_taken":0,"max_hp_gain":0,"max_hp_loss":0,"event_name":"Falling","floor":37,"gold_loss":0},{"damage_healed":0,"gold_gain":0,"player_choice":"Leave","damage_taken":0,"max_hp_gain":0,"max_hp_loss":0,"event_name":"conspire:Investor","floor":42,"gold_loss":0},{"damage_healed":0,"gold_gain":0,"player_choice":"Ignored","damage_taken":0,"max_hp_gain":0,"max_hp_loss":0,"event_name":"Tomb of Lord Red Mask","floor":45,"gold_loss":0}],"is_beta":false,"boss_relics":[{"not_picked":["beaked:MawFillet","conspire:RunicOctahedron","Replay:Wanted Poster"]},{"not_picked":["conspire:RoyalGoblet","Ring of Chaos"],"picked":"beaked:SacredDeck"}],"items_purged_floors":[24],"is_endless":false,"potions_floor_spawned":[1,3,10,11,14,20,25,28,33,47,48],"ascension_level":0}}