{"host":"wqy4mrhfanukbt26","time":1613858722,"event":{"mods":["AchievementEnabler","Act Like it!","BaseMod","Bestiary","BetterRewards","Card Forge","Colored Powertips","Friendly Minions","Gensokyo","Minty Spire (QoL Compilation)","Rare Cards Sparkle","Relic Stats","Shop Mod","StSLib"],"gold_per_floor":[109,109,109,125,149,178,178,206,206,231,249,105,105,123,123,224,224,244,261,279,351,351,351,351,379,432,446,463,492,508,543,543,646,646,659,659,677,677,692,692,724,724,724,724,753,693,726,737,737,737,737,737,91,119,119],"floor_reached":56,"language":"ZHS","playtime":3276,"items_purged":[],"score":2348,"play_id":"cc2072c9-d99b-494c-8d0e-bfe87e5b95d7","local_time":"20210221060522","is_ascension_mode":true,"campfire_choices":[{"floor":7.0,"key":"DIG"},{"floor":15.0,"key":"DIG"},{"floor":23.0,"key":"DIG"},{"floor":32.0,"key":"DIG"},{"floor":40.0,"key":"DIG"},{"floor":44,"key":"DIG"},{"floor":49,"key":"RECALL"},{"floor":52,"key":"DIG"}],"circlet_count":0,"master_deck":["Defend_R","Defend_R","Defend_R","Defend_R","Bash","Whirlwind+1","Feed+1","Searing Blow+12","Armaments+1","Flame Barrier","Inflame+1","Battle Trance","Offering","Pommel Strike+1","Fire Breathing+1","Second Wind+1","Evolve+1","Burning Pact+1","Impervious+1","Berserk","Shrug It Off+1","Gensokyo:CustomPotion","Body Slam","Shockwave+1","Barricade","Dark Embrace"],"relics":["Burning Blood","Hammer of Thor","Seething Fire","Anvil of the Gods","Kunai","Calipers","Orichalcum","Potion Belt","Shuriken","Shovel","TungstenRod","Gensokyo:CelestialsFlawlessClothing","Happy Flower","Boot","Nunchaku","Pantograph","Sundial","Akabeko","TheAbacus","Letter Opener","Runic Cube","White Beast Statue","Singing Bowl","Pear","Incense Burner","Art of War","Oddly Smooth Stone","Toxic Egg 2","CaptainsWheel","Snecko Eye","Omamori","Vajra","Bag of Marbles","Juzu Bracelet","StoneCalendar","Ornamental Fan","Dream Catcher","StrikeDummy","Chemical X","Centennial Puzzle","Ginger","Red Skull"],"acts_visited":["Exordium","Gensokyo:Gensokyo","Gensokyo:Gensokyoer","TheEnding"],"potions_floor_usage":[48,50,55,55,55,55],"damage_taken":[{"damage":0.0,"enemies":"Gensokyo:3_Fairies","floor":1.0,"turns":4.0},{"damage":5.0,"enemies":"Gensokyo:Python","floor":4.0,"turns":3.0},{"damage":4.0,"enemies":"Gensokyo:Aya","floor":6.0,"turns":4.0},{"damage":1.0,"enemies":"Gensokyo:Mamizou","floor":8.0,"turns":17.0},{"damage":20.0,"enemies":"Gensokyo:Aya","floor":10.0,"turns":6.0},{"damage":1.0,"enemies":"Gensokyo:2_Kodama","floor":11.0,"turns":3.0},{"damage":0.0,"enemies":"Gensokyo:2_Rabbits","floor":14.0,"turns":3.0},{"damage":6.0,"enemies":"Gensokyo:Reimu","floor":16.0,"turns":9.0},{"damage":5.0,"enemies":"Gensokyo:Chomper","floor":18.0,"turns":4.0},{"damage":6.0,"enemies":"Gensokyo:AngelMirror","floor":19.0,"turns":4.0},{"damage":13.0,"enemies":"Gensokyo:Slime_Group","floor":20.0,"turns":4.0},{"damage":21.0,"enemies":"Gensokyo:Koishi","floor":25.0,"turns":4.0},{"damage":5.0,"enemies":"Gensokyo:Swordslinger","floor":27.0,"turns":3.0},{"damage":5.0,"enemies":"Gensokyo:Wraith","floor":28.0,"turns":2.0},{"damage":10.0,"enemies":"Gensokyo:Reisen","floor":29.0,"turns":3.0},{"damage":8.0,"enemies":"Gensokyo:Slime_Group","floor":30.0,"turns":3.0},{"damage":5.0,"enemies":"Gensokyo:Tenshi","floor":31.0,"turns":2.0},{"damage":17.0,"enemies":"Gensokyo:Kaguya","floor":33.0,"turns":8.0},{"damage":0.0,"enemies":"Gensokyo:3_Bats","floor":35.0,"turns":3.0},{"damage":5.0,"enemies":"Gensokyo:AncientGuardian","floor":37.0,"turns":4.0},{"damage":8.0,"enemies":"Gensokyo:SeedOfUnknown","floor":39.0,"turns":5.0},{"damage":9.0,"enemies":"Gensokyo:Marisa","floor":41.0,"turns":3.0},{"damage":5,"enemies":"Gensokyo:Kasen","floor":45,"turns":5},{"damage":0,"enemies":"Gensokyo:Marisa","floor":47,"turns":3},{"damage":5,"enemies":"Gensokyo:Dusk_and_Dawn","floor":48,"turns":2},{"damage":5,"enemies":"Gensokyo:Shinki","floor":50,"turns":6},{"damage":0,"enemies":"Shield and Spear","floor":54,"turns":5},{"damage":5,"enemies":"The Heart","floor":55,"turns":4}],"seed_played":"3755443456677894844","potions_obtained":[{"floor":1.0,"key":"DistilledChaos"},{"floor":4.0,"key":"Energy Potion"},{"floor":10.0,"key":"Explosive Potion"},{"floor":18.0,"key":"Energy Potion"},{"floor":20.0,"key":"FearPotion"},{"floor":25.0,"key":"AttackPotion"},{"floor":27.0,"key":"Strength Potion"},{"floor":28.0,"key":"Strength Potion"},{"floor":29.0,"key":"Energy Potion"},{"floor":30.0,"key":"Block Potion"},{"floor":31.0,"key":"LiquidMemories"},{"floor":33.0,"key":"PowerPotion"},{"floor":35.0,"key":"DistilledChaos"},{"floor":37.0,"key":"PowerPotion"},{"floor":41.0,"key":"CultistPotion"},{"floor":48,"key":"SkillPotion"}],"is_trial":false,"path_per_floor":["M","?","?","M","T","E","R","E","T","E","M","$","?","M","R","B",null,"M","M","M","T","?","R","?","E","T","M","M","E","M","E","R","B",null,"M","$","M","?","M","R","E","?","T","R","E","?","E","M","R","B",null,"R","$","E","B",null],"character_chosen":"IRONCLAD","items_purchased":["Kunai","Orichalcum","Potion Belt","Shuriken","TungstenRod","Eternal Feather","Feed","Dark Embrace","TheAbacus","Chemical X","Centennial Puzzle","Ginger","PowerPotion"],"campfire_rested":0,"item_purchase_floors":[0,0,0,0,0,0,0,0,12,53,53,53,53],"current_hp_per_floor":[78,59,59,64,64,70,76,81,81,67,76,76,76,86,95,100,100,104,108,105,105,104,114,114,103,103,110,113,111,115,120,120,127,135,144,144,148,148,146,146,143,143,143,143,146,146,154,158,158,162,162,162,162,168,168],"gold":119,"neow_bonus":"","is_daily":false,"chose_seed":false,"campfire_upgraded":0,"win_rate":0.0,"timestamp":1613858722,"path_taken":["M","?","?","?","?","E","R","E","T","E","M","?","?","M","R","BOSS","M","?","M","?","?","R","?","E","T","?","M","E","M","E","R","BOSS","M","$","M","?","?","R","E","?","T","R","E","?","E","M","R","BOSS","R","$","E","BOSS"],"items_purchased_type":["Relic","Relic","Relic","Relic","Relic","Relic","Card","Card","Relic","Relic","Relic","Relic","Potion"],"build_version":"2020-12-22","purchased_purges":0,"victory":true,"max_hp_per_floor":[80,80,80,84,84,88,88,88,88,88,92,92,92,96,96,100,100,104,108,112,112,104,114,114,118,118,124,126,128,134,138,138,138,138,144,144,148,148,148,148,148,148,148,148,150,150,154,158,158,162,162,162,162,168,168],"relic_stats":{"Singing Bowl":50,"StoneCalendar":[0],"Juzu Bracelet":0,"Ginger":[8],"Boot":[11],"Burning Blood":319,"Nunchaku":[14],"Dream Catcher":0,"Centennial Puzzle":[11],"Shovel":7,"TheAbacus":[624],"Sundial":[86],"Pantograph":19,"Kunai":[15],"Chemical X":[3],"Runic Cube":[26],"Happy Flower":[40],"counters":[113,401],"Letter Opener":[176],"Orichalcum":[174],"Shuriken":[39],"Ornamental Fan":[12],"Snecko Eye":[116,110,105,91],"Art of War":[15],"obtain_stats":[{"Ice Cream":0,"Calipers":0,"Gremlin Horn":9,"Vajra":43,"Hammer of Thor":0,"Whetstone":42,"Ginger":53,"Boot":54,"Sling":29,"Blood Vial":54,"Centennial Puzzle":41,"HornCleat":21,"Sundial":2,"Philosopher\u0027s Stone":34,"Fusion Hammer":34,"Kunai":0,"Toxic Egg 2":0,"Runic Cube":17,"MerchantsRug":53,"Pear":38,"Happy Flower":3,"Dead Branch":0,"Oddly Smooth Stone":6,"Eternal Feather":23,"Letter Opener":28,"War Paint":31,"Question Card":45,"Akabeko":28,"OrangePellets":36,"Anvil of the Gods":0,"Shuriken":0,"Bird Faced Urn":8,"Bronze Scales":53,"Snecko Eye":34,"Molten Egg 2":40,"Mark of Pain":17,"StrikeDummy":30,"Regal Pillow":48,"Lantern":0,"Torii":53,"Singing Bowl":23,"Magic Flower":29,"Black Blood":34,"Mango":45,"StoneCalendar":0,"Gensokyo:NagashiBinaDoll":3,"Bag of Preparation":4,"Incense Burner":25,"Juzu Bracelet":43,"Ancient Tea Set":26,"Burning Blood":0,"ClockworkSouvenir":19,"Frozen Eye":27,"Nunchaku":29,"Dream Catcher":31,"TheAbacus":31,"Shovel":0,"Mummified Hand":0,"Gambling Chip":36,"Pantograph":8,"Tiny Chest":24,"Chemical X":21,"Red Skull":54,"Paper Frog":0,"Potion Belt":44,"Self Forming Clay":29,"Gensokyo:MosesMiracle":27,"Thread and Needle":27,"PreservedInsect":30,"Omamori":40,"Seething Fire":0,"Orichalcum":9,"Odd Mushroom":12,"Frozen Egg 2":6,"Gensokyo:CelestialsFlawlessClothing":2,"GoldenEye":0,"MawBank":6,"Medical Kit":0,"White Beast Statue":21,"Mercury Hourglass":0,"Peace Pipe":8,"Gensokyo:EmptyGrave":36,"CaptainsWheel":0,"Anchor":21,"Ornamental Fan":10,"Gensokyo:DayTheSeaSplit":21,"HolyWater":17,"Bag of Marbles":0,"Art of War":7,"Membership Card":53,"PureWater":0,"Toy Ornithopter":13,"TungstenRod":36,"FossilizedHelix":0},{"Ice Cream":28,"Calipers":28,"Gremlin Horn":63,"Vajra":22,"Hammer of Thor":0,"Whetstone":51,"Ginger":56,"Boot":27,"Sling":44,"Blood Vial":57,"Centennial Puzzle":78,"HornCleat":39,"Sundial":59,"Philosopher\u0027s Stone":45,"Fusion Hammer":18,"Kunai":0,"Toxic Egg 2":28,"Runic Cube":93,"MerchantsRug":83,"Pear":19,"Happy Flower":86,"Dead Branch":58,"Oddly Smooth Stone":31,"Eternal Feather":71,"Letter Opener":14,"War Paint":44,"Question Card":81,"Akabeko":44,"OrangePellets":46,"Anvil of the Gods":0,"Shuriken":58,"Bird Faced Urn":4,"Bronze Scales":26,"Snecko Eye":103,"Molten Egg 2":21,"Mark of Pain":36,"StrikeDummy":74,"Regal Pillow":25,"Lantern":28,"Torii":26,"Singing Bowl":41,"Magic Flower":73,"Black Blood":75,"Mango":52,"StoneCalendar":58,"Gensokyo:NagashiBinaDoll":59,"Bag of Preparation":1,"Incense Burner":71,"Juzu Bracelet":107,"Ancient Tea Set":42,"Burning Blood":0,"ClockworkSouvenir":10,"Frozen Eye":71,"Nunchaku":44,"Dream Catcher":44,"TheAbacus":44,"Shovel":85,"Mummified Hand":0,"Gambling Chip":46,"Pantograph":89,"Tiny Chest":12,"Chemical X":39,"Red Skull":112,"Paper Frog":58,"Potion Belt":52,"Self Forming Clay":44,"Gensokyo:MosesMiracle":72,"Thread and Needle":72,"PreservedInsect":16,"Omamori":106,"Seething Fire":0,"Orichalcum":4,"Odd Mushroom":34,"Frozen Egg 2":62,"Gensokyo:CelestialsFlawlessClothing":86,"GoldenEye":0,"MawBank":3,"Medical Kit":58,"White Beast Statue":96,"Mercury Hourglass":0,"Peace Pipe":63,"Gensokyo:EmptyGrave":76,"CaptainsWheel":28,"Anchor":39,"Ornamental Fan":5,"Gensokyo:DayTheSeaSplit":69,"HolyWater":9,"Bag of Marbles":28,"Art of War":32,"Membership Card":26,"PureWater":0,"Toy Ornithopter":35,"TungstenRod":46,"FossilizedHelix":58},{"Ice Cream":84,"Calipers":84,"Gremlin Horn":200,"Vajra":65,"Hammer of Thor":0,"Whetstone":159,"Ginger":174,"Boot":80,"Sling":140,"Blood Vial":176,"Centennial Puzzle":260,"HornCleat":127,"Sundial":182,"Philosopher\u0027s Stone":145,"Fusion Hammer":57,"Kunai":0,"Toxic Egg 2":84,"Runic Cube":324,"MerchantsRug":271,"Pear":59,"Happy Flower":279,"Dead Branch":179,"Oddly Smooth Stone":95,"Eternal Feather":239,"Letter Opener":44,"War Paint":140,"Question Card":265,"Akabeko":140,"OrangePellets":146,"Anvil of the Gods":0,"Shuriken":179,"Bird Faced Urn":12,"Bronze Scales":79,"Snecko Eye":361,"Molten Egg 2":63,"Mark of Pain":117,"StrikeDummy":252,"Regal Pillow":75,"Lantern":84,"Torii":79,"Singing Bowl":132,"Magic Flower":249,"Black Blood":254,"Mango":160,"StoneCalendar":179,"Gensokyo:NagashiBinaDoll":182,"Bag of Preparation":2,"Incense Burner":239,"Juzu Bracelet":376,"Ancient Tea Set":137,"Burning Blood":0,"ClockworkSouvenir":32,"Frozen Eye":239,"Nunchaku":140,"Dream Catcher":140,"TheAbacus":140,"Shovel":275,"Mummified Hand":0,"Gambling Chip":146,"Pantograph":303,"Tiny Chest":37,"Chemical X":127,"Red Skull":397,"Paper Frog":179,"Potion Belt":160,"Self Forming Clay":140,"Gensokyo:MosesMiracle":243,"Thread and Needle":243,"PreservedInsect":49,"Omamori":373,"Seething Fire":0,"Orichalcum":12,"Odd Mushroom":103,"Frozen Egg 2":196,"Gensokyo:CelestialsFlawlessClothing":279,"GoldenEye":0,"MawBank":9,"Medical Kit":179,"White Beast Statue":336,"Mercury Hourglass":0,"Peace Pipe":200,"Gensokyo:EmptyGrave":256,"CaptainsWheel":84,"Anchor":127,"Ornamental Fan":15,"Gensokyo:DayTheSeaSplit":232,"HolyWater":30,"Bag of Marbles":84,"Art of War":98,"Membership Card":79,"PureWater":0,"Toy Ornithopter":107,"TungstenRod":146,"FossilizedHelix":179}],"TungstenRod":90},"card_choices":[{"not_picked":["Infernal Blade","Wild Strike"],"picked":"Whirlwind","floor":1.0},{"not_picked":["Armaments","Seeing Red"],"picked":"Searing Blow","floor":4.0},{"not_picked":["Hemokinesis","Iron Wave","Armaments"],"picked":"SKIP","floor":6.0},{"not_picked":["Thunderclap","Ghostly Armor"],"picked":"Flame Barrier","floor":8.0},{"not_picked":["Cleave","Sword Boomerang","Carnage"],"picked":"SKIP","floor":10.0},{"not_picked":["Warcry","Wild Strike"],"picked":"Inflame","floor":11.0},{"not_picked":["Shockwave","Twin Strike"],"picked":"Battle Trance","floor":14.0},{"not_picked":["Feed","Corruption"],"picked":"Offering","floor":16.0},{"not_picked":["Armaments","Rupture"],"picked":"Pommel Strike+1","floor":18.0},{"not_picked":["Thunderclap+1","Pommel Strike"],"picked":"Fire Breathing+1","floor":19.0},{"not_picked":["Pummel","Headbutt"],"picked":"Second Wind+1","floor":20.0},{"not_picked":["Whirlwind","Perfected Strike"],"picked":"Evolve","floor":25.0},{"not_picked":["Sever Soul","True Grit","Pummel"],"picked":"Singing Bowl","floor":27.0},{"not_picked":["Clash","Headbutt+1","Clothesline"],"picked":"Singing Bowl","floor":28.0},{"not_picked":["Clash","Sword Boomerang","Twin Strike+1"],"picked":"Singing Bowl","floor":29.0},{"not_picked":["Pummel","Wild Strike","Spot Weakness"],"picked":"Singing Bowl","floor":30.0},{"not_picked":["Cleave","Flex+1"],"picked":"Burning Pact+1","floor":31.0},{"not_picked":["Barricade","Feed"],"picked":"Impervious+1","floor":33.0},{"not_picked":["Flex+1","Heavy Blade","Armaments+1"],"picked":"Singing Bowl","floor":35.0},{"not_picked":["True Grit+1","Armaments+1"],"picked":"Body Slam+1","floor":37.0},{"not_picked":["Headbutt","Thunderclap"],"picked":"Berserk","floor":39.0},{"not_picked":["Searing Blow+1","Iron Wave"],"picked":"Shrug It Off+1","floor":41.0},{"not_picked":["Dual Wield+1","Cleave+1","Brutality"],"picked":"Singing Bowl","floor":45},{"not_picked":["Blood for Blood","Second Wind+1"],"picked":"Body Slam","floor":47},{"not_picked":["Shrug It Off+1","Flex+1"],"picked":"Shockwave+1","floor":48},{"not_picked":["Heavy Blade","Anger","Hemokinesis+1"],"picked":"Singing Bowl","floor":54}],"player_experience":274767,"relics_obtained":[{"floor":6.0,"key":"Boot"},{"floor":7.0,"key":"Nunchaku"},{"floor":8.0,"key":"Pantograph"},{"floor":9.0,"key":"Sundial"},{"floor":10.0,"key":"Akabeko"},{"floor":15.0,"key":"Letter Opener"},{"floor":21.0,"key":"White Beast Statue"},{"floor":23.0,"key":"Pear"},{"floor":25.0,"key":"Incense Burner"},{"floor":26.0,"key":"Art of War"},{"floor":29.0,"key":"Oddly Smooth Stone"},{"floor":31.0,"key":"Toxic Egg 2"},{"floor":32.0,"key":"CaptainsWheel"},{"floor":40.0,"key":"Omamori"},{"floor":41.0,"key":"Vajra"},{"floor":43,"key":"Juzu Bracelet"},{"floor":44,"key":"StoneCalendar"},{"floor":45,"key":"Ornamental Fan"},{"floor":47,"key":"Dream Catcher"},{"floor":52,"key":"StrikeDummy"},{"floor":54,"key":"Red Skull"}],"event_choices":[],"is_beta":false,"boss_relics":[{"not_picked":["Fusion Hammer","Ectoplasm"],"picked":"Runic Cube"},{"not_picked":["SlaversCollar","Velvet Choker"],"picked":"Snecko Eye"}],"items_purged_floors":[],"is_endless":false,"potions_floor_spawned":[1,4,10,18,20,25,27,28,29,30,31,33,35,37,39,41,45,47,48,54],"ascension_level":6}}