{"host":"mnpd8gh7cwxsn5kh","time":1613824548,"event":{"mods":["BaseMod","Bestiary","Block Reminder","Colored Map","Colored Powertips","Highlight Path","Minty Spire (QoL Compilation)","Relic Sorter","Relic Stats"],"gold_per_floor":[217,217,228,503,46,77,92,126,150,150,176,176,187,187,187,266,266,278,297,311,28,28,28,28,57,57,136,154,169,169,195,195,293,293,335,385,335,377,394,453,129,191,491,545,211,211,241,277,277,302,302],"floor_reached":52,"language":"ENG","playtime":3991,"items_purged":["Regret","Anger","Strike_R+1","Strike_R+1"],"score":2186,"play_id":"70a3b62a-f0d7-43f9-80ed-740e3bbb27cf","local_time":"20210220133548","is_ascension_mode":true,"campfire_choices":[{"data":"Armaments","floor":10,"key":"SMITH"},{"data":"Strike_R","floor":12,"key":"PURGE"},{"data":"Strike_R","floor":15,"key":"PURGE"},{"data":"HandOfGreed","floor":23,"key":"SMITH"},{"data":"Seeing Red","floor":30,"key":"PURGE"},{"floor":32,"key":"REST"},{"data":"Inflame","floor":46,"key":"SMITH"},{"data":"Clothesline","floor":49,"key":"SMITH"}],"circlet_count":0,"master_deck":["AscendersBane","Defend_R","Defend_R","Defend_R","Defend_R","Bash","Shrug It Off+1","Bludgeon","Ghostly Armor","Armaments+1","Inflame+1","Immolate","Barricade","Ghostly Armor","Headbutt+1","Clothesline+1","HandOfGreed+1","Reaper","Entrench","Bludgeon","Clothesline+1","Body Slam","Ghostly Armor","Shrug It Off","Flame Barrier+1"],"relics":["Burning Blood","Lantern","Whetstone","Regal Pillow","PreservedInsect","Peace Pipe","Snecko Eye","CultistMask","Boot","Shuriken","Bottled Lightning","Red Skull","Velvet Choker","Mango","Smiling Mask","Bottled Tornado","Old Coin","Blue Candle","Strawberry","Oddly Smooth Stone"],"acts_visited":["Exordium","TheCity","TheBeyond"],"potions_floor_usage":[8,16,27,31,33,42,51,51],"damage_taken":[{"damage":7,"enemies":"Jaw Worm","floor":1,"turns":4},{"damage":10,"enemies":"Small Slimes","floor":3,"turns":4},{"damage":20,"enemies":"3 Sentries","floor":6,"turns":10},{"damage":6,"enemies":"Cultist","floor":7,"turns":3},{"damage":12,"enemies":"Lagavulin","floor":8,"turns":7},{"damage":8,"enemies":"Gremlin Nob","floor":11,"turns":3},{"damage":0,"enemies":"Looter","floor":13,"turns":3},{"damage":44,"enemies":"Hexaghost","floor":16,"turns":10},{"damage":0,"enemies":"3 Byrds","floor":18,"turns":5},{"damage":0,"enemies":"Spheric Guardian","floor":19,"turns":1},{"damage":24,"enemies":"Cultist and Chosen","floor":20,"turns":4},{"damage":10,"enemies":"Book of Stabbing","floor":25,"turns":3},{"damage":11,"enemies":"Slavers","floor":27,"turns":4},{"damage":6,"enemies":"3 Cultists","floor":28,"turns":4},{"damage":13,"enemies":"Centurion and Healer","floor":29,"turns":2},{"damage":21,"enemies":"Book of Stabbing","floor":31,"turns":4},{"damage":0,"enemies":"Automaton","floor":33,"turns":13},{"damage":6,"enemies":"3 Shapes","floor":35,"turns":4},{"damage":0,"enemies":"Mind Bloom Boss Battle","floor":36,"turns":7},{"damage":7,"enemies":"3 Darklings","floor":38,"turns":2},{"damage":23,"enemies":"Writhing Mass","floor":39,"turns":5},{"damage":19,"enemies":"Reptomancer","floor":40,"turns":5},{"damage":14,"enemies":"Jaw Worm Horde","floor":42,"turns":8},{"damage":15,"enemies":"Nemesis","floor":44,"turns":11},{"damage":0,"enemies":"Giant Head","floor":47,"turns":7},{"damage":5,"enemies":"Sphere and 2 Shapes","floor":48,"turns":5},{"damage":14,"enemies":"Time Eater","floor":50,"turns":12},{"damage":25,"enemies":"Donu and Deca","floor":51,"turns":11}],"seed_played":"-4772282167623178597","potions_obtained":[{"floor":3,"key":"Ancient Potion"},{"floor":7,"key":"Weak Potion"},{"floor":11,"key":"AttackPotion"},{"floor":16,"key":"Energy Potion"},{"floor":18,"key":"PowerPotion"},{"floor":27,"key":"SpeedPotion"},{"floor":35,"key":"Fire Potion"},{"floor":40,"key":"SpeedPotion"},{"floor":42,"key":"Swift Potion"}],"is_trial":false,"path_per_floor":["M","?","M","?","$","E","M","E","T","R","E","R","M","?","R","B",null,"M","M","M","$","?","R","$","E","T","E","M","M","R","E","R","B",null,"M","?","?","M","M","E","$","M","T","E","$","R","E","M","R","B","B",null],"character_chosen":"IRONCLAD","items_purchased":["Lantern","Bludgeon","Ghostly Armor","Armaments","HandOfGreed","Bottled Tornado","Strawberry","Dexterity Potion","PowerPotion"],"campfire_rested":1,"item_purchase_floors":[5,5,5,5,21,41,45,45,45],"current_hp_per_floor":[67,72,68,68,68,54,54,48,48,48,46,46,52,52,52,14,64,70,76,58,58,58,58,58,54,54,49,49,42,42,27,66,80,80,80,94,94,93,76,84,84,85,85,76,83,83,92,98,98,99,98],"gold":302,"neow_bonus":"HUNDRED_GOLD","is_daily":false,"chose_seed":false,"campfire_upgraded":4,"win_rate":0.0,"timestamp":1613824548,"path_taken":["M","?","M","?","$","E","?","E","T","R","E","R","M","?","R","BOSS","M","?","M","$","?","R","?","E","T","E","?","M","R","E","R","BOSS","M","?","?","M","M","E","$","M","T","E","$","R","E","M","R","BOSS","BOSS"],"items_purchased_type":["Relic","Card","Card","Card","Card","Relic","Relic","Potion","Potion"],"build_version":"2020-12-22","purchased_purges":4,"victory":true,"max_hp_per_floor":[75,80,80,80,80,80,80,80,80,80,80,80,80,80,80,80,80,80,80,80,80,80,80,80,80,80,80,80,80,80,80,80,80,80,80,94,94,94,94,94,94,94,94,94,101,101,101,101,101,101,101],"relic_stats":{"Peace Pipe":4,"Regal Pillow":15,"counters":[28,161],"Shuriken":[18],"Blue Candle":[1],"Snecko Eye":[193,191,207,200],"PreservedInsect":390,"Whetstone":["Strike_R","Strike_R"],"Boot":[21],"Smiling Mask":175,"obtain_stats":[{"Lantern":5,"Regal Pillow":8,"Blue Candle":44,"Velvet Choker":34,"Oddly Smooth Stone":47,"Mango":36,"PreservedInsect":9,"Whetstone":6,"Bottled Tornado":41,"Boot":25,"Smiling Mask":40,"Burning Blood":0,"Old Coin":43,"Peace Pipe":11,"Shuriken":26,"Strawberry":45,"Snecko Eye":17,"CultistMask":22,"Bottled Lightning":27,"Red Skull":31},{"Lantern":2,"Regal Pillow":5,"Blue Candle":24,"Velvet Choker":17,"Oddly Smooth Stone":25,"Mango":19,"PreservedInsect":5,"Whetstone":3,"Bottled Tornado":22,"Boot":12,"Smiling Mask":22,"Burning Blood":0,"Old Coin":23,"Peace Pipe":6,"Shuriken":12,"Strawberry":24,"Snecko Eye":8,"CultistMask":11,"Bottled Lightning":13,"Red Skull":16},{"Lantern":8,"Regal Pillow":28,"Blue Candle":126,"Velvet Choker":84,"Oddly Smooth Stone":133,"Mango":95,"PreservedInsect":28,"Whetstone":18,"Bottled Tornado":107,"Boot":57,"Smiling Mask":107,"Burning Blood":0,"Old Coin":115,"Peace Pipe":31,"Shuriken":57,"Strawberry":126,"Snecko Eye":44,"CultistMask":54,"Bottled Lightning":61,"Red Skull":71}],"Burning Blood":156},"card_choices":[{"not_picked":["Sword Boomerang","Heavy Blade"],"picked":"Anger","floor":1},{"not_picked":["Wild Strike","Inflame"],"picked":"Shrug It Off","floor":3},{"not_picked":["Warcry","Thunderclap","Infernal Blade"],"picked":"SKIP","floor":6},{"not_picked":["Rampage","Warcry"],"picked":"Inflame","floor":7},{"not_picked":["Whirlwind","Clash"],"picked":"Immolate","floor":8},{"not_picked":["Clothesline","Anger"],"picked":"Seeing Red","floor":11},{"not_picked":["Flex","Burning Pact","Cleave"],"picked":"SKIP","floor":13},{"not_picked":["Berserk","Exhume"],"picked":"Barricade","floor":16},{"not_picked":["Warcry","Perfected Strike"],"picked":"Ghostly Armor","floor":18},{"not_picked":["Warcry","Burning Pact"],"picked":"Headbutt+1","floor":19},{"not_picked":["Iron Wave+1","True Grit"],"picked":"Clothesline","floor":20},{"not_picked":["Twin Strike","Berserk","Bloodletting"],"picked":"SKIP","floor":25},{"not_picked":["Warcry","Armaments","Perfected Strike"],"picked":"SKIP","floor":27},{"not_picked":["True Grit","Pummel","Twin Strike+1"],"picked":"SKIP","floor":28},{"not_picked":["Cleave","Clash"],"picked":"Reaper","floor":29},{"not_picked":["Evolve","Bloodletting"],"picked":"Entrench","floor":31},{"not_picked":["Barricade","Fiend Fire"],"picked":"Bludgeon","floor":33},{"not_picked":["Iron Wave","Bloodletting"],"picked":"Clothesline","floor":35},{"not_picked":["Sentinel","Anger"],"picked":"Body Slam","floor":36},{"not_picked":["Heavy Blade","Pommel Strike","Combust+1"],"picked":"SKIP","floor":38},{"not_picked":["Anger+1","Cleave","True Grit"],"picked":"SKIP","floor":39},{"not_picked":["Dark Embrace","Anger+1","Body Slam+1"],"picked":"SKIP","floor":40},{"not_picked":["Flex","Thunderclap"],"picked":"Ghostly Armor","floor":42},{"not_picked":["Battle Trance","Perfected Strike"],"picked":"Shrug It Off","floor":44},{"not_picked":["Clash","Bludgeon"],"picked":"Flame Barrier+1","floor":47},{"not_picked":["Twin Strike","Anger+1","Clash"],"picked":"SKIP","floor":48}],"player_experience":636807,"relics_obtained":[{"floor":6,"key":"Whetstone"},{"floor":8,"key":"Regal Pillow"},{"floor":9,"key":"PreservedInsect"},{"floor":11,"key":"Peace Pipe"},{"floor":25,"key":"Boot"},{"floor":26,"key":"Shuriken"},{"floor":27,"key":"Bottled Lightning"},{"floor":31,"key":"Red Skull"},{"floor":36,"key":"Mango"},{"floor":40,"key":"Smiling Mask"},{"floor":43,"key":"Old Coin"},{"floor":44,"key":"Blue Candle"},{"floor":47,"key":"Oddly Smooth Stone"}],"event_choices":[{"damage_healed":0,"gold_gain":0,"player_choice":"Donut","damage_taken":0,"max_hp_gain":5,"max_hp_loss":0,"event_name":"Big Fish","floor":2,"gold_loss":0},{"damage_healed":0,"gold_gain":275,"player_choice":"Desecrate","damage_taken":0,"max_hp_gain":0,"max_hp_loss":0,"event_name":"Golden Shrine","floor":4,"gold_loss":0,"cards_obtained":["Regret"]},{"cards_removed":["Strike_R"],"damage_healed":0,"gold_gain":0,"player_choice":"Purged","damage_taken":0,"max_hp_gain":0,"max_hp_loss":0,"event_name":"Purifier","floor":14,"gold_loss":0},{"damage_healed":0,"gold_gain":0,"player_choice":"Trade","damage_taken":0,"relics_obtained":["CultistMask"],"max_hp_gain":0,"max_hp_loss":0,"event_name":"FaceTrader","floor":22,"gold_loss":0},{"damage_healed":0,"gold_gain":0,"player_choice":"Fight","damage_taken":0,"max_hp_gain":0,"max_hp_loss":0,"event_name":"MindBloom","floor":36,"gold_loss":0},{"damage_healed":0,"gold_gain":0,"player_choice":"Upgraded Two","damage_taken":0,"max_hp_gain":0,"max_hp_loss":0,"event_name":"Designer","floor":37,"gold_loss":50,"cards_upgraded":["Shrug It Off","Clothesline"]}],"is_beta":false,"boss_relics":[{"not_picked":["Runic Cube","Sozu"],"picked":"Snecko Eye"},{"not_picked":["Black Blood","Busted Crown"],"picked":"Velvet Choker"}],"items_purged_floors":[5,21,41,45],"is_endless":false,"potions_floor_spawned":[3,7,11,16,18,20,25,27,29,35,40,42,47],"ascension_level":20}}