{"host":"ox77rn1xcurm2t5a","time":1613783363,"event":{"mods":["2.2 Compatiblity","AchievementEnabler","Act Like it!","Aspiration","BaseMod","Best Route Mod","Better Match","Better Note","Better Sensory Stone","Block Reminder","Colored Map","Colored Powertips","Conjunction","Conspire","Custom Start","Energized Spire","GifTheSpireLib","Gold Saver","Gremlin Skip","Halation","Highlight Path","Hubris","Infinite Spire","Minty Spire (QoL Compilation)","Pale of the Ancients","Quick Restart","Reliquary","Replay The Spire","Reworked Bosses","ShortenTheSpire","Spire Exporter","StSLib","Stuff the Spire","Wandering Minibosses"],"gold_per_floor":[136,136,136,136,153,153,2,31,107,107,123,15,26,2,2,2,2],"floor_reached":16,"language":"ENG","playtime":231,"items_purged":[],"score":137,"play_id":"7307cb73-106e-40b0-bc72-adf4bf096112","local_time":"20210220030923","is_ascension_mode":true,"campfire_choices":[{"data":"Bash","floor":6,"key":"SMITH"},{"floor":10,"key":"RECALL"},{"data":"Flex","floor":15,"key":"SMITH"}],"circlet_count":0,"master_deck":["Strike_R","Strike_R","Strike_R","Strike_R","Defend_R","Defend_R","Defend_R","Defend_R","Bash+1","Flex+1","Demon Form","Anger","Spot Weakness","Anger+1","Thunderclap","Perfected Strike"],"relics":["Burning Blood","Oddly Smooth Stone","halation:AfternoonTea"],"acts_visited":["Exordium"],"potions_floor_usage":[11,13],"damage_taken":[{"damage":1,"enemies":"Cultist","floor":1,"turns":4},{"damage":9,"enemies":"2 Louse","floor":5,"turns":3},{"damage":62,"enemies":"Lagavulin","floor":8,"turns":7},{"damage":0,"enemies":"Small Slimes","floor":11,"turns":3},{"damage":24,"enemies":"Gremlin Gang","floor":13,"turns":5},{"damage":36,"enemies":"The Guardian","floor":16,"turns":2}],"seed_played":"4717866782752735531","potions_obtained":[{"floor":8,"key":"PowerPotion"},{"floor":11,"key":"Fruit Juice"}],"is_trial":false,"path_per_floor":["M","?","?","?","M","R","$","E","T","R","M","$","M","$","R","B"],"character_chosen":"IRONCLAD","items_purchased":["Oddly Smooth Stone","Spot Weakness","Anger+1","Perfected Strike"],"campfire_rested":0,"item_purchase_floors":[7,12,12,14],"current_hp_per_floor":[85,85,88,88,85,85,85,29,29,29,40,40,22,22,22,0,0],"gold":2,"neow_bonus":"TEN_PERCENT_HP_BONUS","is_daily":false,"chose_seed":false,"campfire_upgraded":2,"win_rate":0.0,"timestamp":1613783363,"path_taken":["M","?","?","?","M","R","$","E","T","R","?","?","?","$","R","BOSS"],"items_purchased_type":["Relic","Card","Card","Card"],"build_version":"2020-12-22","purchased_purges":0,"victory":false,"max_hp_per_floor":[88,88,88,88,88,88,88,88,88,88,93,93,93,93,93,93,93],"card_choices":[{"not_picked":["True Grit","Shockwave"],"picked":"Flex","floor":1},{"not_picked":["Armaments","StuffTheSpire:Incineration","StuffTheSpire:RockThrow"],"picked":"SKIP","floor":5},{"not_picked":["ReplayTheSpireMod:Strike From Hell","Clash"],"picked":"Demon Form","floor":8},{"not_picked":["Entrench","Flex"],"picked":"Anger","floor":11},{"not_picked":["Evolve","Anger"],"picked":"Thunderclap","floor":13}],"player_experience":3202206,"relics_obtained":[{"floor":8,"key":"halation:AfternoonTea"}],"event_choices":[{"cards_removed":["Strike_R"],"damage_healed":0,"gold_gain":0,"player_choice":"Offered Basic","damage_taken":0,"max_hp_gain":0,"max_hp_loss":0,"event_name":"Bonfire Elementals","floor":4,"gold_loss":0}],"is_beta":false,"boss_relics":[],"items_purged_floors":[],"is_endless":false,"potions_floor_spawned":[8,11],"killed_by":"The Guardian","ascension_level":8}}