{"host":"fs9fti79x98y0ceq","time":1613836485,"event":{"mods":["AchievementEnabler","BaseMod","Colored Map","Custom Start","DeckTracker","Hermit","KOR Keyword Fix","Minty Spire (QoL Compilation)","Relic Stats","StSLib","SuperFastMode","everything is the same but u backflip on backflip"],"gold_per_floor":[116,129,54,54,70,70,70,70,95,113,125,138,157,171,171,247,247,258,258,258,258,268,268,278,278,278,3,3,78,91,109,109,186,186,198,198,211,228,247,247,276,226,272,272,272,285,311,327,327,327,327,327,47,76,76],"floor_reached":56,"language":"KOR","playtime":2594,"items_purged":["Strike_B","Strike_B","Defend_B"],"score":1878,"play_id":"d76bf48c-ab5d-4120-ad94-e6654906037f","local_time":"20210221005445","is_ascension_mode":true,"campfire_choices":[{"data":"Dualcast","floor":6.0,"key":"SMITH"},{"data":"Defragment","floor":15.0,"key":"SMITH"},{"data":"Zap","floor":23.0,"key":"SMITH"},{"data":"Recycle","floor":25.0,"key":"SMITH"},{"data":"Coolheaded","floor":28.0,"key":"SMITH"},{"data":"Coolheaded","floor":32,"key":"SMITH"},{"data":"Echo Form","floor":40,"key":"SMITH"},{"floor":49,"key":"RECALL"},{"data":"Skim","floor":52,"key":"SMITH"}],"circlet_count":0,"master_deck":["AscendersBane","Defend_B","Defend_B","Zap+1","Dualcast+1","Coolheaded+1","Ball Lightning","Genetic Algorithm","Sunder+1","Hologram","BootSequence","Coolheaded+1","Defragment+1","Go for the Eyes","Core Surge","Creative AI+1","Coolheaded+1","Recycle+1","Gash","Echo Form+1","Multi-Cast","Reboot","Skim+1","Turbo","Defragment"],"relics":["Cracked Core","Bronze Scales","Runic Pyramid","Enchiridion","Question Card","Membership Card","Sundial","Nuclear Battery","Centennial Puzzle","Mango","Thread and Needle","Boot"],"acts_visited":["Exordium","TheCity","TheBeyond","TheEnding"],"potions_floor_usage":[41,55,55],"damage_taken":[{"damage":1.0,"enemies":"Cultist","floor":1.0,"turns":3.0},{"damage":1.0,"enemies":"2 Louse","floor":2.0,"turns":3.0},{"damage":2.0,"enemies":"Jaw Worm","floor":5.0,"turns":3.0},{"damage":0.0,"enemies":"2 Fungi Beasts","floor":10.0,"turns":2.0},{"damage":0.0,"enemies":"Blue Slaver","floor":11.0,"turns":2.0},{"damage":0.0,"enemies":"Large Slime","floor":12.0,"turns":2.0},{"damage":14.0,"enemies":"Lots of Slimes","floor":13.0,"turns":3.0},{"damage":0.0,"enemies":"Blue Slaver","floor":14.0,"turns":4.0},{"damage":6.0,"enemies":"Slime Boss","floor":16.0,"turns":9.0},{"damage":7.0,"enemies":"3 Byrds","floor":18.0,"turns":3.0},{"damage":0.0,"enemies":"Chosen","floor":22.0,"turns":4.0},{"damage":0.0,"enemies":"Sentry and Sphere","floor":24.0,"turns":5.0},{"damage":4,"enemies":"Centurion and Healer","floor":30,"turns":4},{"damage":0,"enemies":"Snake Plant","floor":31,"turns":3},{"damage":12,"enemies":"Champ","floor":33,"turns":7},{"damage":0,"enemies":"3 Shapes","floor":35,"turns":5},{"damage":0,"enemies":"Orb Walker","floor":37,"turns":4},{"damage":2,"enemies":"4 Shapes","floor":38,"turns":4},{"damage":0,"enemies":"Maw","floor":39,"turns":7},{"damage":26,"enemies":"Reptomancer","floor":41,"turns":5},{"damage":0,"enemies":"3 Darklings","floor":46,"turns":5},{"damage":0,"enemies":"Giant Head","floor":47,"turns":8},{"damage":1,"enemies":"Writhing Mass","floor":48,"turns":5},{"damage":32,"enemies":"Donu and Deca","floor":50,"turns":10},{"damage":3,"enemies":"Shield and Spear","floor":54,"turns":8},{"damage":31,"enemies":"The Heart","floor":55,"turns":8}],"seed_played":"3032886449989570422","potions_obtained":[{"floor":1.0,"key":"Strength Potion"},{"floor":2.0,"key":"Block Potion"},{"floor":24.0,"key":"Block Potion"},{"floor":38,"key":"DuplicationPotion"},{"floor":47,"key":"Weak Potion"}],"is_trial":false,"path_per_floor":["M","M","$","?","M","R","$","?","T","M","M","M","M","M","R","B",null,"M","?","?","?","M","R","M","R","T","$","R","?","M","M","R","B",null,"M","?","M","M","M","R","E","$","T","?","?","M","E","M","R","B",null,"R","$","E","B",null],"character_chosen":"DEFECT","items_purchased":["Membership Card","Sundial","Thread and Needle","Defragment","FocusPotion"],"campfire_rested":0,"item_purchase_floors":[27,27,53,53,53],"current_hp_per_floor":[63,62,62,49,47,47,47,47,47,47,47,47,33,33,33,27,55,48,48,32,32,32,32,32,32,32,32,32,26,22,22,22,10,51,51,51,51,49,49,49,23,23,23,23,23,23,37,36,36,4,60,60,60,57,26],"gold":76,"neow_bonus":"TRANSFORM_TWO_CARDS","is_daily":false,"chose_seed":false,"campfire_upgraded":8,"win_rate":0.0,"timestamp":1613836485,"path_taken":["M","M","?","?","M","R","?","?","T","M","?","M","M","M","R","BOSS","M","?","?","?","?","R","M","R","T","$","R","?","M","M","R","BOSS","M","?","M","?","M","R","E","$","T","?","?","M","E","M","R","BOSS","R","$","E","BOSS"],"items_purchased_type":["Relic","Relic","Relic","Card","Potion"],"build_version":"2020-12-22","purchased_purges":3,"victory":true,"max_hp_per_floor":[64,64,64,64,64,64,64,64,64,64,64,64,64,64,64,64,64,64,64,64,64,64,64,64,64,64,64,64,64,64,64,64,64,64,64,64,64,64,64,64,64,64,64,64,64,64,78,78,78,78,78,78,78,78,78],"relic_stats":{"Centennial Puzzle":[12],"counters":[26,126],"Sundial":[62],"Bronze Scales":[433],"Question Card":12,"Boot":[11],"obtain_stats":[{"Centennial Puzzle":41,"Sundial":27,"Bronze Scales":9,"Enchiridion":20,"Mango":47,"Thread and Needle":53,"Membership Card":27,"Cracked Core":0,"Question Card":26,"Boot":54,"Runic Pyramid":17,"Nuclear Battery":34},{"Centennial Puzzle":20,"Sundial":12,"Bronze Scales":3,"Enchiridion":10,"Mango":22,"Thread and Needle":24,"Membership Card":12,"Cracked Core":0,"Question Card":12,"Boot":25,"Runic Pyramid":9,"Nuclear Battery":15},{"Centennial Puzzle":82,"Sundial":43,"Bronze Scales":9,"Enchiridion":34,"Mango":95,"Thread and Needle":110,"Membership Card":43,"Cracked Core":0,"Question Card":43,"Boot":118,"Runic Pyramid":31,"Nuclear Battery":57}]},"card_choices":[{"not_picked":["Doom and Gloom","Rip and Tear"],"picked":"Genetic Algorithm","floor":1.0},{"not_picked":["Redo","Blizzard"],"picked":"Sunder","floor":2.0},{"not_picked":["Double Energy","Aggregate"],"picked":"Hologram","floor":5.0},{"not_picked":["Sweeping Beam","Tempest"],"picked":"BootSequence","floor":10.0},{"not_picked":["Beam Cell","Rebound"],"picked":"Coolheaded","floor":11.0},{"not_picked":["Stack","Recycle"],"picked":"Defragment","floor":12.0},{"not_picked":["Leap","Steam"],"picked":"Go for the Eyes","floor":13.0},{"not_picked":["Rebound","Leap"],"picked":"Core Surge","floor":14.0},{"not_picked":["Echo Form","Multi-Cast"],"picked":"Creative AI","floor":16.0},{"not_picked":["Redo","Blizzard","Stack+1"],"picked":"SKIP","floor":18.0},{"not_picked":["Melter","Reprogram","Compile Driver"],"picked":"SKIP","floor":22.0},{"not_picked":["Melter","Reprogram","Compile Driver"],"picked":"SKIP","floor":22.0},{"not_picked":["Compile Driver","Hello World"],"picked":"Recycle","floor":24.0},{"not_picked":["Coolheaded","Scrape","Rebound"],"picked":"Gash","floor":30},{"not_picked":["Machine Learning","Sweeping Beam","Conserve Battery","Redo"],"picked":"SKIP","floor":31},{"not_picked":["Creative AI","Buffer","Rainbow"],"picked":"Echo Form","floor":33},{"not_picked":["Redo+1","Double Energy","Recycle","Sweeping Beam+1"],"picked":"SKIP","floor":35},{"not_picked":["Reprogram","Sweeping Beam","Gash","Cold Snap"],"picked":"SKIP","floor":37},{"not_picked":["Streamline","Hologram","Barrage+1","Melter"],"picked":"SKIP","floor":38},{"not_picked":["Ball Lightning+1","Rebound","Hello World+1","Leap"],"picked":"SKIP","floor":39},{"not_picked":["Rebound","Beam Cell","Redo"],"picked":"Multi-Cast","floor":41},{"not_picked":["Conserve Battery+1","Sweeping Beam","Steam"],"picked":"Reboot","floor":46},{"not_picked":["Hologram+1","Self Repair","Streamline"],"picked":"Skim","floor":47},{"not_picked":["Rip and Tear","Gash","Hello World"],"picked":"Turbo","floor":48},{"not_picked":["Lockon","BootSequence","Conserve Battery","Double Energy"],"picked":"SKIP","floor":54}],"player_experience":416669,"relics_obtained":[{"floor":9.0,"key":"Bronze Scales"},{"floor":20.0,"key":"Enchiridion"},{"floor":26.0,"key":"Question Card"},{"floor":41,"key":"Centennial Puzzle"},{"floor":47,"key":"Mango"},{"floor":54,"key":"Boot"}],"event_choices":[{"damage_healed":0.0,"max_hp_gain":0.0,"max_hp_loss":0.0,"gold_gain":0.0,"event_name":"Shining Light","player_choice":"Entered Light","floor":4.0,"gold_loss":0.0,"damage_taken":13.0,"cards_upgraded":["Sunder","Coolheaded"]},{"damage_healed":0.0,"max_hp_gain":0.0,"max_hp_loss":0.0,"gold_gain":0.0,"event_name":"Liars Game","player_choice":"Ignored","floor":8.0,"gold_loss":0.0,"damage_taken":0.0},{"damage_healed":0.0,"max_hp_gain":0.0,"max_hp_loss":0.0,"gold_gain":0.0,"event_name":"The Library","player_choice":"Read","floor":19.0,"gold_loss":0.0,"damage_taken":0.0,"cards_obtained":["Coolheaded"]},{"damage_healed":0.0,"max_hp_gain":0.0,"max_hp_loss":0.0,"gold_gain":0.0,"event_name":"Cursed Tome","player_choice":"Obtained Book","floor":20.0,"gold_loss":0.0,"damage_taken":16.0},{"damage_healed":0.0,"max_hp_gain":0.0,"max_hp_loss":0.0,"gold_gain":0.0,"event_name":"Upgrade Shrine","player_choice":"Upgraded","floor":21.0,"gold_loss":0.0,"damage_taken":0.0,"cards_upgraded":["Creative AI"]},{"damage_healed":0,"gold_gain":75,"player_choice":"Touch","damage_taken":6,"max_hp_gain":0,"max_hp_loss":0,"event_name":"FaceTrader","floor":29,"gold_loss":0},{"cards_removed":["Strike_B"],"damage_healed":0,"gold_gain":0,"player_choice":"Purged","damage_taken":0,"max_hp_gain":0,"max_hp_loss":0,"event_name":"Purifier","floor":36,"gold_loss":0},{"damage_healed":0,"gold_gain":0,"player_choice":"Ignored","damage_taken":0,"max_hp_gain":0,"max_hp_loss":0,"event_name":"Tomb of Lord Red Mask","floor":44,"gold_loss":0},{"damage_healed":0,"gold_gain":0,"player_choice":"Ignored","damage_taken":0,"max_hp_gain":0,"max_hp_loss":0,"event_name":"The Moai Head","floor":45,"gold_loss":0}],"is_beta":false,"boss_relics":[{"not_picked":["Black Star","Cursed Key"],"picked":"Runic Pyramid"},{"not_picked":["Philosopher\u0027s Stone","SacredBark"],"picked":"Nuclear Battery"}],"items_purged_floors":[3,42,53],"is_endless":false,"potions_floor_spawned":[1,2,11,12,24,31,33,38,47,48],"ascension_level":14}}