{"host":"36t3qd3wjvajtu1z","time":1613783954,"event":{"mods":["2.2 Compatiblity","AchievementEnabler","BaseMod","Bestiary","Block Reminder","Colored Powertips","Curses Come First","Filter the Spire","Highlight Path","Minty Spire (QoL Compilation)","Permanent Neow","Quick Restart","Random Character Button","Rare Cards Sparkle","Relic Stats","Slay-I","StSLib","Unknown Chances"],"gold_per_floor":[118,118,118,64,84,110,1,1,50,62,62,89,107,121,121,197,197,215,231,231,9,25,51,51,51,51],"floor_reached":25,"language":"ENG","playtime":1100,"items_purged":[],"score":427,"play_id":"a831c84a-a8bc-47fb-8916-f3a73bad9908","local_time":"20210219171914","is_ascension_mode":true,"campfire_choices":[{"floor":8.0,"key":"REST"},{"data":"Zap","floor":11.0,"key":"SMITH"},{"floor":15.0,"key":"REST"},{"floor":24,"key":"REST"}],"circlet_count":0,"master_deck":["AscendersBane","Strike_B","Strike_B","Strike_B","Strike_B","Defend_B","Defend_B","Defend_B","Defend_B","Zap+1","Dualcast","All For One","Gash","Go for the Eyes","Echo Form","Rebound","Ball Lightning","Conserve Battery","Steam","Reprogram","Buffer","Undo","BootSequence+1","Beam Cell","Beam Cell","Sunder"],"relics":["Cracked Core","PreservedInsect","Mummified Hand","Boot","Oddly Smooth Stone","Nuclear Battery","MealTicket","Smiling Mask"],"acts_visited":["Exordium","TheCity"],"potions_floor_usage":[23,23],"damage_taken":[{"damage":3.0,"enemies":"2 Louse","floor":1.0,"turns":2.0},{"damage":7.0,"enemies":"Small Slimes","floor":5.0,"turns":2.0},{"damage":10.0,"enemies":"Lagavulin","floor":6.0,"turns":5.0},{"damage":7.0,"enemies":"Jaw Worm","floor":10.0,"turns":4.0},{"damage":1.0,"enemies":"Gremlin Nob","floor":12.0,"turns":3.0},{"damage":8.0,"enemies":"3 Louse","floor":13.0,"turns":3.0},{"damage":18.0,"enemies":"Exordium Thugs","floor":14.0,"turns":4.0},{"damage":7.0,"enemies":"The Guardian","floor":16.0,"turns":12.0},{"damage":11.0,"enemies":"Spheric Guardian","floor":18.0,"turns":4.0},{"damage":24.0,"enemies":"Chosen","floor":19.0,"turns":6.0},{"damage":9.0,"enemies":"Centurion and Healer","floor":22.0,"turns":10.0},{"damage":16,"enemies":"Gremlin Leader","floor":23,"turns":5},{"damage":28,"enemies":"Book of Stabbing","floor":25,"turns":4}],"seed_played":"1806686495250733627","potions_obtained":[{"floor":5.0,"key":"PotionOfCapacity"},{"floor":6.0,"key":"Block Potion"},{"floor":12.0,"key":"DuplicationPotion"}],"is_trial":false,"path_per_floor":["M","?","?","$","M","E","$","R","T","M","R","E","M","M","R","B",null,"M","M","?","$","M","E","R","E"],"character_chosen":"DEFECT","items_purchased":["FearPotion","Rebound","PowerPotion","MealTicket","Beam Cell"],"campfire_rested":3,"item_purchase_floors":[4,7,7,21,21],"current_hp_per_floor":[61,35,40,40,33,23,23,45,45,38,38,37,29,11,33,26,64,53,29,29,29,20,4,26,0,0],"gold":51,"neow_bonus":"THREE_RARE_CARDS","is_daily":false,"chose_seed":false,"campfire_upgraded":1,"win_rate":0.0,"timestamp":1613783954,"path_taken":["M","?","?","$","M","E","?","R","T","M","R","E","M","M","R","BOSS","M","M","?","?","M","E","R","E"],"items_purchased_type":["Potion","Card","Potion","Relic","Card"],"build_version":"2020-12-22","purchased_purges":0,"victory":false,"max_hp_per_floor":[71,71,76,76,76,76,76,76,76,76,76,76,76,76,76,76,76,76,76,76,76,76,76,76,76,76],"relic_stats":{"counters":[13,64],"Mummified Hand":[8],"MealTicket":0,"PreservedInsect":143,"Boot":[46],"Smiling Mask":0,"obtain_stats":[{"Mummified Hand":6,"Oddly Smooth Stone":12,"MealTicket":21,"PreservedInsect":2,"Cracked Core":0,"Boot":9,"Smiling Mask":23,"Nuclear Battery":17},{"Mummified Hand":3,"Oddly Smooth Stone":5,"MealTicket":10,"PreservedInsect":1,"Cracked Core":0,"Boot":3,"Smiling Mask":12,"Nuclear Battery":8},{"Mummified Hand":9,"Oddly Smooth Stone":16,"MealTicket":45,"PreservedInsect":2,"Cracked Core":0,"Boot":9,"Smiling Mask":60,"Nuclear Battery":35}]},"card_choices":[{"not_picked":["Seek","Amplify"],"picked":"All For One","floor":0.0},{"not_picked":["Cold Snap","Coolheaded"],"picked":"Gash","floor":1.0},{"not_picked":["Coolheaded","Tempest"],"picked":"Go for the Eyes","floor":5.0},{"not_picked":["Conserve Battery","Storm"],"picked":"Echo Form","floor":6.0},{"not_picked":["Turbo","Blizzard"],"picked":"Ball Lightning","floor":10.0},{"not_picked":["Go for the Eyes","Coolheaded"],"picked":"Conserve Battery","floor":12.0},{"not_picked":["Hyperbeam","Stack"],"picked":"Steam","floor":13.0},{"not_picked":["Stack","Rebound"],"picked":"Reprogram","floor":14.0},{"not_picked":["Hyperbeam","Meteor Strike"],"picked":"Buffer","floor":16.0},{"not_picked":["Force Field","Leap"],"picked":"Undo","floor":18.0},{"not_picked":["Doom and Gloom","Auto Shields"],"picked":"BootSequence+1","floor":19.0},{"not_picked":["Defragment","Barrage"],"picked":"Beam Cell","floor":22.0},{"not_picked":["Undo","Rebound"],"picked":"Sunder","floor":23}],"player_experience":561176,"relics_obtained":[{"floor":6.0,"key":"Mummified Hand"},{"floor":9.0,"key":"Boot"},{"floor":12.0,"key":"Oddly Smooth Stone"},{"floor":23,"key":"Smiling Mask"}],"event_choices":[{"damage_healed":0.0,"max_hp_gain":0.0,"max_hp_loss":0.0,"gold_gain":0.0,"event_name":"Scrap Ooze","player_choice":"Success","floor":2.0,"gold_loss":0.0,"damage_taken":26.0,"relics_obtained":["PreservedInsect"]},{"damage_healed":0.0,"max_hp_gain":5.0,"max_hp_loss":0.0,"gold_gain":0.0,"event_name":"Big Fish","player_choice":"Donut","floor":3.0,"gold_loss":0.0,"damage_taken":0.0},{"cards_removed":["Injury"],"damage_healed":0.0,"max_hp_gain":0.0,"max_hp_loss":0.0,"gold_gain":0.0,"event_name":"Fountain of Cleansing","player_choice":"Removed Curses","floor":20.0,"gold_loss":0.0,"damage_taken":0.0}],"is_beta":false,"boss_relics":[{"not_picked":["Sozu","Tiny House"],"picked":"Nuclear Battery"}],"items_purged_floors":[],"is_endless":false,"potions_floor_spawned":[5,6,12,13,18,19],"killed_by":"Book of Stabbing","ascension_level":17}}