{"host":"sav7uxregyirlf69","time":1613835132,"event":{"mods":["AchievementEnabler","BaseMod","Colored Map","DeckTracker","Keyboard Shortcuts","Minty Spire (QoL Compilation)","READ ME - Guardian Mod","StSLib","SuperFastMode"],"gold_per_floor":[116,136,153,153,171,204,204,204,229,229,248,248,248],"floor_reached":12,"language":"KOR","playtime":173,"items_purged":[],"score":160,"play_id":"54af9be1-e86a-46c6-8d6f-2bfc178c3222","local_time":"20210221003212","is_ascension_mode":true,"campfire_choices":[{"data":"Anger","floor":7,"key":"SMITH"},{"data":"Deep Breath","floor":10,"key":"SMITH"}],"circlet_count":0,"master_deck":["AscendersBane","Strike_R","Strike_R","Strike_R","Strike_R","Strike_R","Defend_R","Defend_R","Defend_R","Defend_R","Bash","Deep Breath+1","Anger+1","Shrug It Off","Disarm"],"relics":["Burning Blood","Ginger","Pear","Champion Belt","Bronze Scales"],"acts_visited":["Exordium"],"potions_floor_usage":[6,12],"damage_taken":[{"damage":9,"enemies":"2 Louse","floor":1,"turns":4},{"damage":7,"enemies":"Jaw Worm","floor":2,"turns":3},{"damage":1,"enemies":"Cultist","floor":3,"turns":4},{"damage":0,"enemies":"Looter","floor":5,"turns":4},{"damage":39,"enemies":"3 Sentries","floor":6,"turns":10},{"damage":1,"enemies":"Exordium Wildlife","floor":11,"turns":3},{"damage":55,"enemies":"Gremlin Nob","floor":12,"turns":4}],"seed_played":"6121546810579404721","potions_obtained":[{"floor":2,"key":"DistilledChaos"},{"floor":5,"key":"Swift Potion"},{"floor":6,"key":"Ancient Potion"}],"is_trial":false,"path_per_floor":["M","M","M","?","M","E","R","T","T","R","M","E"],"character_chosen":"IRONCLAD","items_purchased":[],"campfire_rested":0,"item_purchase_floors":[],"current_hp_per_floor":[65,64,69,58,64,41,41,41,41,41,46,0,0],"gold":248,"neow_bonus":"RANDOM_COLORLESS","is_daily":false,"chose_seed":false,"campfire_upgraded":2,"win_rate":0.0,"timestamp":1613835132,"path_taken":["M","M","M","?","M","E","R","?","T","R","M","E"],"items_purchased_type":[],"build_version":"2020-12-22","purchased_purges":0,"victory":false,"max_hp_per_floor":[75,75,75,75,75,85,85,85,85,85,85,85,85],"card_choices":[{"not_picked":["Impatience","Enlightenment"],"picked":"Deep Breath","floor":0},{"not_picked":["Heavy Blade","Hemokinesis"],"picked":"Anger","floor":1},{"not_picked":["Anger","Entrench"],"picked":"Shrug It Off","floor":2},{"not_picked":["Clash","Iron Wave","Shrug It Off"],"picked":"SKIP","floor":3},{"not_picked":["Anger","Iron Wave"],"picked":"Disarm","floor":5},{"not_picked":["Pummel","Iron Wave","Warcry"],"picked":"SKIP","floor":6},{"not_picked":["Havoc","Iron Wave","True Grit"],"picked":"SKIP","floor":11}],"player_experience":1635233,"relics_obtained":[{"floor":6,"key":"Pear"},{"floor":8,"key":"Champion Belt"},{"floor":9,"key":"Bronze Scales"}],"event_choices":[{"damage_healed":0,"gold_gain":0,"player_choice":"Success","damage_taken":11,"relics_obtained":["Ginger"],"max_hp_gain":0,"max_hp_loss":0,"event_name":"Scrap Ooze","floor":4,"gold_loss":0}],"is_beta":false,"boss_relics":[],"items_purged_floors":[],"is_endless":false,"potions_floor_spawned":[2,5,6],"killed_by":"Gremlin Nob","ascension_level":20}}