{"host":"r7hmxrtwvofdnlkf","time":1613824804,"event":{"mods":["AchievementEnabler","BaseMod","Colored Powertips","Minty Spire (QoL Compilation)","Relic Stats","StSLib"],"gold_per_floor":[116,126,126,141,157,157,187,187,187,205,225,253,253,253,253,356,356,368,368,368],"floor_reached":19,"language":"ENG","playtime":754,"items_purged":[],"score":179,"play_id":"0787bdc7-a6d1-4fd0-8fb5-1c6eb48e9506","local_time":"20210220134004","is_ascension_mode":false,"campfire_choices":[{"data":"Darkness","floor":6,"key":"SMITH"},{"data":"Static Discharge","floor":8,"key":"SMITH"},{"floor":13,"key":"REST"},{"data":"Dualcast","floor":15,"key":"SMITH"}],"circlet_count":0,"master_deck":["Strike_B","Strike_B","Strike_B","Strike_B","Defend_B","Defend_B","Defend_B","Dualcast+1","Steam","Conserve Battery","Static Discharge+1","Darkness+1","Compile Driver","Coolheaded","Conserve Battery","Static Discharge+1","All For One","Redo+1"],"relics":["Cracked Core","Nunchaku","MealTicket","PreservedInsect","Frozen Egg 2","Philosopher\u0027s Stone"],"acts_visited":["Exordium","TheCity"],"potions_floor_usage":[11,11],"damage_taken":[{"damage":6,"enemies":"Jaw Worm","floor":1,"turns":3},{"damage":0,"enemies":"Cultist","floor":2,"turns":3},{"damage":0,"enemies":"Small Slimes","floor":4,"turns":3},{"damage":4,"enemies":"Exordium Wildlife","floor":5,"turns":4},{"damage":13,"enemies":"Lagavulin","floor":7,"turns":7},{"damage":12,"enemies":"Lots of Slimes","floor":10,"turns":4},{"damage":9,"enemies":"Looter","floor":11,"turns":4},{"damage":7,"enemies":"3 Sentries","floor":12,"turns":5},{"damage":43,"enemies":"Slime Boss","floor":16,"turns":11},{"damage":10,"enemies":"Chosen","floor":18,"turns":6}],"seed_played":"3742927132732653858","potions_obtained":[{"floor":4,"key":"Fire Potion"},{"floor":10,"key":"SkillPotion"},{"floor":12,"key":"CultistPotion"},{"floor":18,"key":"Energy Potion"}],"is_trial":false,"path_per_floor":["M","M","?","M","M","R","E","R","T","M","M","E","R","?","R","B",null,"M","$"],"character_chosen":"DEFECT","items_purchased":[],"campfire_rested":1,"item_purchase_floors":[],"current_hp_per_floor":[69,69,69,69,65,65,52,52,52,40,31,24,46,46,46,3,75,65,75,75],"gold":368,"neow_bonus":"RANDOM_COMMON_RELIC","is_daily":false,"chose_seed":false,"campfire_upgraded":3,"win_rate":0.0,"timestamp":1613824804,"path_taken":["M","M","?","M","?","R","E","R","T","M","M","E","R","?","R","BOSS","M","$"],"items_purchased_type":[],"build_version":"2020-12-22","purchased_purges":0,"victory":false,"max_hp_per_floor":[75,75,75,75,75,75,75,75,75,75,75,75,75,75,75,75,75,75,75,75],"relic_stats":{"Nunchaku":[5],"counters":[10,50],"MealTicket":10,"PreservedInsect":31,"obtain_stats":[{"Nunchaku":0,"MealTicket":7,"Philosopher\u0027s Stone":17,"PreservedInsect":9,"Frozen Egg 2":12,"Cracked Core":0},{"Nunchaku":0,"MealTicket":5,"Philosopher\u0027s Stone":9,"PreservedInsect":5,"Frozen Egg 2":8,"Cracked Core":0},{"Nunchaku":0,"MealTicket":20,"Philosopher\u0027s Stone":44,"PreservedInsect":20,"Frozen Egg 2":33,"Cracked Core":0}]},"card_choices":[{"not_picked":["Recycle","Turbo"],"picked":"Steam","floor":1},{"not_picked":["Fusion","Coolheaded"],"picked":"Conserve Battery","floor":2},{"not_picked":["Sunder","Ball Lightning"],"picked":"Static Discharge","floor":4},{"not_picked":["Melter","Hello World"],"picked":"Darkness","floor":5},{"not_picked":["Meteor Strike","Leap"],"picked":"Compile Driver","floor":7},{"not_picked":["Beam Cell","Force Field"],"picked":"Coolheaded","floor":10},{"not_picked":["Glacier","Cold Snap"],"picked":"Conserve Battery","floor":11},{"not_picked":["Force Field","Barrage"],"picked":"Static Discharge+1","floor":12},{"not_picked":["Meteor Strike","Fission"],"picked":"All For One","floor":16},{"not_picked":["Recycle","Turbo"],"picked":"Redo+1","floor":18}],"player_experience":175995,"relics_obtained":[{"floor":7,"key":"MealTicket"},{"floor":9,"key":"PreservedInsect"},{"floor":12,"key":"Frozen Egg 2"}],"event_choices":[{"cards_removed":["Defend_B"],"damage_healed":0,"gold_gain":0,"player_choice":"Purged","damage_taken":0,"max_hp_gain":0,"max_hp_loss":0,"event_name":"Purifier","floor":3,"gold_loss":0},{"cards_removed":["Zap"],"damage_healed":0,"gold_gain":0,"player_choice":"Offered Basic","damage_taken":0,"max_hp_gain":0,"max_hp_loss":0,"event_name":"Bonfire Elementals","floor":14,"gold_loss":0}],"is_beta":false,"boss_relics":[{"not_picked":["Tiny House","Coffee Dripper"],"picked":"Philosopher\u0027s Stone"}],"items_purged_floors":[],"is_endless":false,"potions_floor_spawned":[4,10,12,18],"ascension_level":0}}