{"host":"wby4rs3xnry3zy6c","time":1613848284,"event":{"mods":["AchievementEnabler","BaseMod","BetterRewards","Colored Map","Colored Powertips","Downfall","Hubris","Infinite Spire","Minty Spire (QoL Compilation)","Replay The Spire","Shop Mod","StSLib","The Cursed","The Necromancer"],"gold_per_floor":[110,110,110,110,285,285,285,285,338,338,356,369,403,413,413,413,413],"floor_reached":16,"language":"ENG","playtime":619,"items_purged":[],"score":98,"play_id":"7270779b-0390-4a8b-aa3e-57f78a3bee36","local_time":"20210220131124","is_ascension_mode":false,"campfire_choices":[{"data":"Steam","floor":6,"key":"SMITH"},{"data":"ForeignInfluence","floor":8,"key":"SMITH"},{"data":"Vigilance","floor":10,"key":"SMITH"},{"data":"FlurryOfBlows","floor":15,"key":"SMITH"}],"circlet_count":0,"master_deck":["Strike_P","Strike_P","Strike_P","Defend_P","Defend_P","Defend_P","Eruption+1","Vigilance+1","ForeignInfluence+1","Steam+1","FlurryOfBlows+1"],"relics":["PureWater","NeowsBlessing","hubris:Icosahedron","Bag of Marbles","Toy Ornithopter"],"acts_visited":["Exordium"],"potions_floor_usage":[16,16],"damage_taken":[{"damage":0,"enemies":"Small Slimes","floor":1,"turns":1},{"damage":0,"enemies":"2 Louse","floor":11,"turns":1},{"damage":0,"enemies":"Jaw Worm","floor":12,"turns":1},{"damage":14,"enemies":"Lagavulin","floor":13,"turns":6},{"damage":0,"enemies":"Looter","floor":14,"turns":3},{"damage":65,"enemies":"Hexaghost","floor":16,"turns":9}],"seed_played":"4659119548305670662","potions_obtained":[{"floor":12,"key":"Death Potion"},{"floor":14,"key":"Toxic Potion"}],"is_trial":false,"path_per_floor":["M","?","?","?","?","R","?","R","T","R","M","M","E","M","R","B"],"character_chosen":"WATCHER","items_purchased":[],"campfire_rested":0,"item_purchase_floors":[],"current_hp_per_floor":[72,72,72,72,72,72,65,65,65,65,65,65,51,51,51,0,0],"gold":413,"neow_bonus":"THREE_ENEMY_KILL","is_daily":false,"chose_seed":false,"campfire_upgraded":4,"win_rate":0.0,"timestamp":1613848284,"path_taken":["M","?","?","?","?","R","?","R","T","R","M","M","E","?","R","BOSS"],"items_purchased_type":[],"build_version":"2020-12-22","purchased_purges":0,"victory":false,"max_hp_per_floor":[72,72,72,72,72,72,72,72,72,72,72,72,72,72,72,72,72],"card_choices":[{"not_picked":["Replay:BluntJabs","Replay:Vibes","Fasting2"],"picked":"SKIP","floor":1},{"not_picked":["Evaluate","Wallop"],"picked":"FlurryOfBlows","floor":11},{"not_picked":["Halt","EmptyFist","SashWhip"],"picked":"SKIP","floor":12},{"not_picked":["WheelKick","ThirdEye","CutThroughFate"],"picked":"SKIP","floor":13},{"not_picked":["FlyingSleeves","Evaluate","Replay:ManipulateFuture"],"picked":"SKIP","floor":14}],"player_experience":113202,"relics_obtained":[{"floor":9,"key":"Bag of Marbles"},{"floor":13,"key":"Toy Ornithopter"}],"event_choices":[{"damage_healed":0,"gold_gain":175,"player_choice":"AGREE","damage_taken":0,"max_hp_gain":0,"max_hp_loss":0,"event_name":"Liars Game","floor":5,"gold_loss":0,"cards_obtained":["Doubt"]},{"cards_removed":["Doubt"],"damage_healed":0,"gold_gain":0,"player_choice":"Card Removal","damage_taken":7,"max_hp_gain":0,"max_hp_loss":0,"event_name":"Golden Wing","floor":7,"gold_loss":0}],"is_beta":false,"boss_relics":[],"items_purged_floors":[],"is_endless":false,"potions_floor_spawned":[12,14],"killed_by":"Hexaghost","ascension_level":0}}