{"host":"hjajo0rafoe1e6c4","time":1613864271,"event":{"mods":["AchievementEnabler","BaseMod","Colored Map","Colored Powertips","Highlight Path","Minty Spire (QoL Compilation)","Relic Stats","Slay the Relics Exporter","StSLib"],"gold_per_floor":[109,120,195,370,383,383,442,477,530,26,26,69,131,131,131,242,251,280,280,41,50,23,23,23,23],"floor_reached":24,"language":"ENG","playtime":1133,"items_purged":["Strike_R"],"score":240,"play_id":"e11f8ae2-1b2d-425d-903d-8778e1cbe190","local_time":"20210220183751","is_ascension_mode":true,"campfire_choices":[{"data":"Anger","floor":6,"key":"SMITH"},{"floor":11,"key":"REST"},{"floor":15,"key":"RECALL"},{"data":"True Grit","floor":23,"key":"SMITH"}],"circlet_count":0,"master_deck":["Strike_R","Strike_R","Defend_R","Defend_R","Defend_R","Bash+1","Fiend Fire+1","Bludgeon+1","Burning Pact+1","Anger+1","Battle Trance","Doubt","Inflame","Flash of Steel","HandOfGreed","Iron Wave","Sword Boomerang","Double Tap","CurseOfTheBell","Sentinel+1","Flash of Steel","True Grit+1","Decay","Inflame","True Grit"],"relics":["Astrolabe","CeramicFish","Question Card","Happy Flower","Kunai","Calling Bell","Vajra","InkBottle","Mango","Membership Card"],"acts_visited":["Exordium","TheCity"],"potions_floor_usage":[8,24,24,24,24],"damage_taken":[{"damage":0,"enemies":"2 Louse","floor":1,"turns":2},{"damage":4,"enemies":"Small Slimes","floor":2,"turns":2},{"damage":7,"enemies":"Jaw Worm","floor":5,"turns":2},{"damage":20,"enemies":"Lagavulin Event","floor":7,"turns":3},{"damage":18,"enemies":"Gremlin Nob","floor":8,"turns":3},{"damage":0,"enemies":"2 Fungi Beasts","floor":12,"turns":2},{"damage":6,"enemies":"3 Louse","floor":13,"turns":3},{"damage":29,"enemies":"The Guardian","floor":16,"turns":6},{"damage":11,"enemies":"2 Thieves","floor":18,"turns":3},{"damage":42,"enemies":"Gremlin Leader","floor":24,"turns":3}],"seed_played":"4596741318780728009","potions_obtained":[{"floor":2,"key":"DistilledChaos"},{"floor":8,"key":"BlessingOfTheForge"},{"floor":12,"key":"EntropicBrew"},{"floor":16,"key":"Ancient Potion"},{"floor":19,"key":"FairyPotion"},{"floor":19,"key":"Explosive Potion"}],"is_trial":false,"path_per_floor":["M","M","?","?","M","R","?","E","T","$","R","M","M","?","R","B",null,"M","?","$","?","$","R","E"],"character_chosen":"IRONCLAD","items_purchased":["Kunai","Flash of Steel","HandOfGreed","Membership Card","Flash of Steel","True Grit","Inflame","True Grit"],"campfire_rested":1,"item_purchase_floors":[10,10,10,20,20,20,22,22],"current_hp_per_floor":[80,76,65,65,58,58,38,20,20,20,44,44,38,38,38,9,76,65,65,65,65,65,65,23,23],"gold":23,"neow_bonus":"BOSS_RELIC","is_daily":false,"chose_seed":false,"campfire_upgraded":2,"win_rate":0.0,"timestamp":1613864271,"path_taken":["M","M","?","?","M","R","?","E","T","$","R","M","M","?","R","BOSS","M","?","?","?","$","R","E"],"items_purchased_type":["Relic","Card","Card","Relic","Card","Card","Card","Card"],"build_version":"2020-12-22","purchased_purges":1,"victory":false,"max_hp_per_floor":[80,80,80,80,80,80,80,80,80,80,80,80,80,80,80,80,94,94,94,94,94,94,94,94,94],"relic_stats":{"Happy Flower":[5],"counters":[10,29],"Astrolabe":["Fiend Fire","Bludgeon","Burning Pact"],"CeramicFish":108,"Kunai":[8],"Question Card":5,"obtain_stats":[{"Calling Bell":17,"Happy Flower":9,"Astrolabe":0,"CeramicFish":7,"Vajra":17,"Mango":17,"Kunai":10,"Membership Card":20,"Question Card":8,"Burning Blood":0,"InkBottle":17},{"Calling Bell":8,"Happy Flower":5,"Astrolabe":0,"CeramicFish":4,"Vajra":8,"Mango":8,"Kunai":5,"Membership Card":9,"Question Card":5,"Burning Blood":0,"InkBottle":8},{"Calling Bell":23,"Happy Flower":12,"Astrolabe":0,"CeramicFish":9,"Vajra":23,"Mango":23,"Kunai":12,"Membership Card":26,"Question Card":12,"Burning Blood":0,"InkBottle":23}],"InkBottle":[2]},"card_choices":[{"not_picked":["Twin Strike","Iron Wave"],"picked":"Anger","floor":1},{"not_picked":["Fire Breathing","Twin Strike"],"picked":"Battle Trance","floor":2},{"not_picked":["Berserk","Headbutt"],"picked":"Inflame","floor":5},{"not_picked":["Thunderclap","Brutality","Searing Blow"],"picked":"SKIP","floor":8},{"not_picked":["True Grit","Reckless Charge","Clash"],"picked":"Iron Wave","floor":12},{"not_picked":["Body Slam","Dropkick","Evolve"],"picked":"Sword Boomerang","floor":13},{"not_picked":["Juggernaut","Offering","Barricade"],"picked":"Double Tap","floor":16},{"not_picked":["Body Slam","Twin Strike","Heavy Blade"],"picked":"Sentinel+1","floor":18}],"player_experience":222746,"relics_obtained":[{"floor":7,"key":"CeramicFish"},{"floor":8,"key":"Question Card"},{"floor":9,"key":"Happy Flower"},{"floor":17,"key":"Vajra"},{"floor":17,"key":"InkBottle"},{"floor":17,"key":"Mango"}],"event_choices":[{"damage_healed":0,"gold_gain":75,"player_choice":"Gather Gold","damage_taken":11,"max_hp_gain":0,"max_hp_loss":0,"event_name":"World of Goop","floor":3,"gold_loss":0},{"damage_healed":0,"gold_gain":175,"player_choice":"AGREE","damage_taken":0,"max_hp_gain":0,"max_hp_loss":0,"event_name":"Liars Game","floor":4,"gold_loss":0,"cards_obtained":["Doubt"]},{"damage_healed":0,"gold_gain":0,"player_choice":"Searched \u00271\u0027 times","damage_taken":0,"max_hp_gain":0,"max_hp_loss":0,"event_name":"Dead Adventurer","floor":7,"gold_loss":0},{"damage_healed":0,"gold_gain":0,"player_choice":"Grow","damage_taken":0,"max_hp_gain":0,"max_hp_loss":0,"event_name":"Living Wall","floor":14,"gold_loss":0,"cards_upgraded":["Bash"]},{"damage_healed":0,"gold_gain":0,"player_choice":"Got Potions","damage_taken":0,"max_hp_gain":0,"max_hp_loss":0,"event_name":"Lab","floor":19,"gold_loss":0},{"damage_healed":0,"gold_gain":0,"player_choice":"Cursed","damage_taken":0,"max_hp_gain":0,"max_hp_loss":0,"event_name":"Wheel of Change","floor":21,"gold_loss":0,"cards_obtained":["Decay"]}],"is_beta":false,"boss_relics":[{"not_picked":["Empty Cage","SacredBark"],"picked":"Calling Bell"}],"items_purged_floors":[20],"is_endless":false,"potions_floor_spawned":[2,8,12,16],"killed_by":"Gremlin Leader","ascension_level":5}}