{"host":"xyexbe31ku0ov20l","time":1613855426,"event":{"mods":["AchievementEnabler","AlwaysNeverKeys","BaseMod","Bestiary","Block Reminder","Colored Map","Colored Powertips","Curses Come First","Displayed Cursed Tome","Minty Spire (QoL Compilation)","Permanent Neow","Quick Restart","Random Character Button","Rare Cards Sparkle","Relic Stats","StSLib"],"gold_per_floor":[111,111,111,123,123,123,139,159,183,209,235,235,270,51,51,51,51],"floor_reached":16,"language":"ENG","playtime":814,"items_purged":[],"score":216,"play_id":"1d0a5973-9214-4f9a-b026-da149f3b31a9","local_time":"20210220131026","is_ascension_mode":true,"campfire_choices":[{"data":"Neutralize","floor":6.0,"key":"SMITH"},{"floor":15,"key":"REST"}],"circlet_count":0,"master_deck":["AscendersBane","Strike_G","Strike_G","Strike_G","Strike_G","Defend_G","Defend_G","Defend_G+1","Defend_G+1","Defend_G","Survivor","Neutralize+1","Dagger Spray","Predator","Deadly Poison","Footwork","All Out Attack","Bane"],"relics":["Black Star","Nunchaku","Oddly Smooth Stone","Blood Vial","Regal Pillow","Centennial Puzzle","Strawberry","Toolbox"],"acts_visited":["Exordium"],"potions_floor_usage":[13],"damage_taken":[{"damage":0.0,"enemies":"2 Louse","floor":1.0,"turns":5.0},{"damage":7.0,"enemies":"Jaw Worm","floor":4.0,"turns":6.0},{"damage":0.0,"enemies":"Small Slimes","floor":7.0,"turns":4.0},{"damage":6.0,"enemies":"Exordium Wildlife","floor":8.0,"turns":4.0},{"damage":27.0,"enemies":"Lagavulin","floor":10.0,"turns":8.0},{"damage":37,"enemies":"Gremlin Nob","floor":13,"turns":5},{"damage":52,"enemies":"The Guardian","floor":16,"turns":9}],"seed_played":"-1336841301917367506","potions_obtained":[{"floor":4.0,"key":"EntropicBrew"},{"floor":7.0,"key":"SkillPotion"},{"floor":10.0,"key":"EssenceOfSteel"}],"is_trial":false,"path_per_floor":["M","?","?","M","?","R","M","M","T","E","T","?","E","$","R","B"],"character_chosen":"THE_SILENT","items_purchased":["Toolbox","Bane"],"campfire_rested":1,"item_purchase_floors":[14,14],"current_hp_per_floor":[59,52,32,25,66,66,66,60,60,33,33,38,10,10,48,0,0],"gold":51,"neow_bonus":"BOSS_RELIC","is_daily":false,"chose_seed":false,"campfire_upgraded":1,"win_rate":0.0,"timestamp":1613855426,"path_taken":["M","?","?","M","?","R","M","?","T","E","?","?","E","$","R","BOSS"],"items_purchased_type":["Relic","Card"],"build_version":"2020-12-22","purchased_purges":0,"victory":false,"max_hp_per_floor":[66,66,66,66,66,66,66,66,66,66,66,71,78,78,78,78,78],"relic_stats":{"Blood Vial":4,"Nunchaku":[3],"Regal Pillow":15,"Centennial Puzzle":[3],"counters":[7,41],"Black Star":2,"obtain_stats":[{"Blood Vial":10,"Nunchaku":9,"Regal Pillow":11,"Centennial Puzzle":13,"Strawberry":13,"Oddly Smooth Stone":10,"Toolbox":14,"Black Star":0,"Ring of the Snake":0},{"Blood Vial":5,"Nunchaku":4,"Regal Pillow":5,"Centennial Puzzle":6,"Strawberry":6,"Oddly Smooth Stone":5,"Toolbox":6,"Black Star":0,"Ring of the Snake":0},{"Blood Vial":27,"Nunchaku":19,"Regal Pillow":27,"Centennial Puzzle":32,"Strawberry":32,"Oddly Smooth Stone":27,"Toolbox":32,"Black Star":0,"Ring of the Snake":0}]},"card_choices":[{"not_picked":["Quick Slash","Expertise"],"picked":"Dagger Spray","floor":1.0},{"not_picked":["Blade Dance","Deflect"],"picked":"Backstab","floor":4.0},{"not_picked":["Dodge and Roll","Bane"],"picked":"Predator","floor":7.0},{"not_picked":["Underhanded Strike","Sucker Punch"],"picked":"Deadly Poison","floor":8.0},{"not_picked":["Dagger Throw","Heel Hook"],"picked":"Footwork","floor":10.0},{"not_picked":["Riddle With Holes","Concentrate"],"picked":"All Out Attack","floor":13}],"player_experience":2317202,"relics_obtained":[{"floor":9.0,"key":"Nunchaku"},{"floor":10.0,"key":"Oddly Smooth Stone"},{"floor":10.0,"key":"Blood Vial"},{"floor":11.0,"key":"Regal Pillow"},{"floor":13,"key":"Centennial Puzzle"},{"floor":13,"key":"Strawberry"}],"event_choices":[{"cards_removed":["Strike_G"],"damage_healed":0.0,"max_hp_gain":0.0,"max_hp_loss":0.0,"gold_gain":0.0,"event_name":"Golden Wing","player_choice":"Card Removal","floor":2.0,"gold_loss":0.0,"damage_taken":7.0},{"damage_healed":0.0,"max_hp_gain":0.0,"max_hp_loss":0.0,"gold_gain":0.0,"event_name":"Shining Light","player_choice":"Entered Light","floor":3.0,"gold_loss":0.0,"damage_taken":20.0,"cards_upgraded":["Defend_G","Defend_G"]},{"cards_removed":["Backstab"],"damage_healed":41.0,"max_hp_gain":0.0,"max_hp_loss":0.0,"gold_gain":0.0,"event_name":"Bonfire Elementals","player_choice":"Offered Uncommon","floor":5.0,"gold_loss":0.0,"damage_taken":0.0},{"damage_healed":0.0,"max_hp_gain":5.0,"max_hp_loss":0.0,"gold_gain":0.0,"event_name":"Big Fish","player_choice":"Donut","floor":12.0,"gold_loss":0.0,"damage_taken":0.0}],"is_beta":false,"boss_relics":[],"items_purged_floors":[],"is_endless":false,"potions_floor_spawned":[4,7,10],"killed_by":"The Guardian","ascension_level":20}}