{"host":"szp1d6dso4pv7ddl","time":1613800301,"event":{"mods":["AchievementEnabler","Alarm Clock","BaseMod","Bestiary","Block Reminder","Colored Map","Colored Powertips","Curses Come First","Dark Map","Displayed Cursed Tome","Highlight Path","Minty Spire (QoL Compilation)","Permanent Neow","Quick Restart","Relic Sorter","Relic Stats","StSLib","Synergy Search"],"gold_per_floor":[111,126,48,198,65,65,96,96,96,121,137,37,37,56,56,56,56],"floor_reached":16,"language":"ENG","playtime":532,"items_purged":["Doubt","Decay"],"score":211,"play_id":"54e677cd-8ff8-470d-ae6d-a1a7b1dfaa03","local_time":"20210219215141","is_ascension_mode":true,"campfire_choices":[{"data":"Carnage","floor":6.0,"key":"SMITH"},{"floor":8.0,"key":"REST"},{"data":"1","floor":13.0,"key":"LIFT"},{"floor":15.0,"key":"REST"}],"circlet_count":0,"master_deck":["AscendersBane","Strike_R","Strike_R","Strike_R","Strike_R","Strike_R","Defend_R","Defend_R","Defend_R","Defend_R","Bash","Carnage+1","Thunderclap","Uppercut","Shrug It Off","Metallicize","Spot Weakness","Shrug It Off","Evolve"],"relics":["Burning Blood","Calipers","Potion Belt","Kunai","Girya"],"acts_visited":["Exordium"],"potions_floor_usage":[16],"damage_taken":[{"damage":28.0,"enemies":"Jaw Worm","floor":1.0,"turns":4.0},{"damage":0.0,"enemies":"2 Louse","floor":2.0,"turns":2.0},{"damage":26.0,"enemies":"3 Sentries","floor":7.0,"turns":6.0},{"damage":36.0,"enemies":"Lagavulin","floor":10.0,"turns":5.0},{"damage":0.0,"enemies":"Small Slimes","floor":11.0,"turns":2.0},{"damage":18.0,"enemies":"Exordium Thugs","floor":14.0,"turns":4.0},{"damage":42,"enemies":"Hexaghost","floor":16,"turns":9}],"seed_played":"8761731931302116716","potions_obtained":[{"floor":1.0,"key":"EntropicBrew"},{"floor":11.0,"key":"Swift Potion"}],"is_trial":false,"path_per_floor":["M","M","$","?","$","R","E","R","T","E","M","$","R","M","R","B"],"character_chosen":"IRONCLAD","items_purchased":["Uppercut","Shrug It Off"],"campfire_rested":2,"item_purchase_floors":[3,5],"current_hp_per_floor":[46,52,52,52,52,52,32,54,54,24,30,30,30,18,40,0,0],"gold":56,"neow_bonus":"ONE_RARE_RELIC","is_daily":false,"chose_seed":false,"campfire_upgraded":1,"win_rate":0.0,"timestamp":1613800301,"path_taken":["M","M","$","?","$","R","E","R","T","E","M","$","R","M","R","BOSS"],"items_purchased_type":["Card","Card"],"build_version":"2020-12-22","purchased_purges":2,"victory":false,"max_hp_per_floor":[75,75,75,75,75,75,75,75,75,75,75,75,75,75,75,75,75],"relic_stats":{"counters":[7,32],"Kunai":[0],"obtain_stats":[{"Potion Belt":7,"Girya":10,"Calipers":0,"Kunai":9,"Burning Blood":0},{"Potion Belt":3,"Girya":4,"Calipers":0,"Kunai":3,"Burning Blood":0},{"Potion Belt":12,"Girya":17,"Calipers":0,"Kunai":12,"Burning Blood":0}],"Burning Blood":36},"card_choices":[{"not_picked":["Pommel Strike","Twin Strike"],"picked":"Carnage","floor":1.0},{"not_picked":["Twin Strike","Anger"],"picked":"Thunderclap","floor":2.0},{"not_picked":["Wild Strike","Iron Wave"],"picked":"Metallicize","floor":7.0},{"not_picked":["Ghostly Armor","Sword Boomerang"],"picked":"Spot Weakness","floor":10.0},{"not_picked":["Twin Strike","Fiend Fire"],"picked":"Shrug It Off","floor":11.0},{"not_picked":["Warcry","Iron Wave"],"picked":"Evolve","floor":14.0}],"player_experience":1606828,"relics_obtained":[{"floor":7.0,"key":"Potion Belt"},{"floor":9.0,"key":"Kunai"},{"floor":10.0,"key":"Girya"}],"event_choices":[{"damage_healed":0.0,"max_hp_gain":0.0,"max_hp_loss":0.0,"gold_gain":150.0,"event_name":"Liars Game","player_choice":"AGREE","floor":4.0,"gold_loss":0.0,"damage_taken":0.0,"cards_obtained":["Doubt"]}],"is_beta":false,"boss_relics":[],"items_purged_floors":[5,12],"is_endless":false,"potions_floor_spawned":[1,11],"killed_by":"Hexaghost","ascension_level":19}}