{"host":"w14xfy17z3c5mpoi","time":1613862645,"event":{"mods":["AchievementEnabler","BaseMod","Minty Spire (QoL Compilation)","Relic Stats"],"gold_per_floor":[114,130,141,141,141,141,16,26,26,26,36,366,382,392,392,494,494,508,187,167,13,30,30,30,55,81,81,97,132,132,7,7,103,103,122,139,139,156,156,183,183,183,183],"floor_reached":42,"language":"ENG","playtime":4139,"items_purged":["Strike_B","Strike_B","Strike_B"],"score":812,"play_id":"be19ea8f-bbf7-4a8c-8773-0953fe51709b","local_time":"20210220181045","is_ascension_mode":true,"campfire_choices":[{"data":"Zap","floor":6,"key":"SMITH"},{"data":"Dualcast","floor":10,"key":"SMITH"},{"data":"Defragment","floor":15,"key":"SMITH"},{"data":"Defragment","floor":23,"key":"SMITH"},{"data":"Ghostly","floor":30,"key":"SMITH"},{"data":"Ghostly","floor":32,"key":"SMITH"},{"data":"Echo Form","floor":41,"key":"SMITH"}],"circlet_count":0,"master_deck":["Defend_B","Defend_B","Defend_B","Defend_B","Zap+1","Dualcast+1","Coolheaded+1","Go for the Eyes+1","Glacier","Ball Lightning","Coolheaded","Compile Driver","Biased Cognition","Conserve Battery","Defragment+1","Echo Form+1","Self Repair","Defragment+1","Redo+1","Electrodynamics","Ghostly+1","Ghostly","Ghostly","Ghostly","Ghostly+1","Ball Lightning","Hologram","Echo Form+1"],"relics":["Cracked Core","Art of War","Question Card","Old Coin","Black Star","Bag of Preparation","Happy Flower","Gambling Chip","Pen Nib","Lantern","Orichalcum","Kunai","Inserter","Oddly Smooth Stone","Bronze Scales"],"acts_visited":["Exordium","TheCity","TheBeyond"],"potions_floor_usage":[12,13,16,22,25,25,29,33,33,33,42,42],"damage_taken":[{"damage":0,"enemies":"2 Louse","floor":1,"turns":3},{"damage":8,"enemies":"Small Slimes","floor":2,"turns":3},{"damage":0,"enemies":"Cultist","floor":3,"turns":3},{"damage":2,"enemies":"Blue Slaver","floor":8,"turns":3},{"damage":2,"enemies":"Looter","floor":11,"turns":3},{"damage":0,"enemies":"Gremlin Nob","floor":12,"turns":4},{"damage":1,"enemies":"3 Louse","floor":13,"turns":3},{"damage":4,"enemies":"Large Slime","floor":14,"turns":7},{"damage":0,"enemies":"Slime Boss","floor":16,"turns":8},{"damage":0,"enemies":"Spheric Guardian","floor":18,"turns":5},{"damage":2,"enemies":"2 Thieves","floor":20,"turns":4},{"damage":14,"enemies":"Snake Plant","floor":22,"turns":5},{"damage":7,"enemies":"Slavers","floor":25,"turns":8},{"damage":7,"enemies":"Centurion and Healer","floor":28,"turns":5},{"damage":7,"enemies":"Book of Stabbing","floor":29,"turns":5},{"damage":22,"enemies":"Collector","floor":33,"turns":8},{"damage":0,"enemies":"3 Shapes","floor":35,"turns":3},{"damage":0,"enemies":"Orb Walker","floor":36,"turns":4},{"damage":5,"enemies":"4 Shapes","floor":38,"turns":6},{"damage":2,"enemies":"Giant Head","floor":40,"turns":9},{"damage":43,"enemies":"Reptomancer","floor":42,"turns":2}],"seed_played":"-9006767089478766559","potions_obtained":[{"floor":1,"key":"FocusPotion"},{"floor":2,"key":"EntropicBrew"},{"floor":5,"key":"SpeedPotion"},{"floor":13,"key":"Ancient Potion"},{"floor":16,"key":"ColorlessPotion"},{"floor":18,"key":"SkillPotion"},{"floor":20,"key":"EssenceOfDarkness"},{"floor":22,"key":"Block Potion"},{"floor":28,"key":"Swift Potion"},{"floor":35,"key":"ColorlessPotion"},{"floor":38,"key":"EssenceOfDarkness"}],"is_trial":false,"path_per_floor":["M","M","M","?","?","R","$","M","T","R","M","E","M","M","R","B",null,"M","$","M","$","M","R","?","E","T","?","M","E","R","$","R","B",null,"M","M","?","M","?","E","R","E"],"character_chosen":"DEFECT","items_purchased":["Ball Lightning","Self Repair","Bag of Preparation","Happy Flower"],"campfire_rested":0,"item_purchase_floors":[7,19,19,21],"current_hp_per_floor":[68,60,60,45,45,45,45,43,43,43,41,41,40,36,36,36,65,65,65,63,63,63,63,63,63,63,37,37,37,37,37,37,36,37,37,37,37,37,37,37,37,0,0],"gold":183,"neow_bonus":"RANDOM_COMMON_RELIC","is_daily":false,"chose_seed":false,"campfire_upgraded":7,"win_rate":0.0,"timestamp":1613862645,"path_taken":["M","M","M","?","?","R","$","M","T","R","M","E","?","M","R","BOSS","M","$","M","$","M","R","?","E","T","?","M","E","R","$","R","BOSS","M","M","?","M","?","E","R","E"],"items_purchased_type":["Card","Card","Relic","Relic"],"build_version":"2020-12-22","purchased_purges":3,"victory":false,"max_hp_per_floor":[75,75,75,75,75,75,75,75,75,75,75,75,75,75,75,75,75,75,75,75,75,75,75,75,75,75,37,37,37,37,37,37,37,37,37,37,37,37,37,37,37,37,37],"relic_stats":{"Inserter":[12],"Happy Flower":[18],"counters":[21,101],"Pen Nib":[3],"Bag of Preparation":[22],"Orichalcum":[78],"Question Card":16,"Gambling Chip":[21],"Bronze Scales":[12],"Art of War":[28],"Black Star":3,"Kunai":[3],"obtain_stats":[{"Lantern":26,"Inserter":34,"Happy Flower":21,"Oddly Smooth Stone":40,"Pen Nib":25,"Bag of Preparation":19,"Orichalcum":29,"Question Card":9,"Old Coin":12,"Gambling Chip":25,"Bronze Scales":40,"Art of War":0,"Black Star":17,"Kunai":29,"Cracked Core":0},{"Lantern":13,"Inserter":16,"Happy Flower":11,"Oddly Smooth Stone":20,"Pen Nib":13,"Bag of Preparation":10,"Orichalcum":15,"Question Card":4,"Old Coin":6,"Gambling Chip":13,"Bronze Scales":20,"Art of War":0,"Black Star":9,"Kunai":15,"Cracked Core":0},{"Lantern":59,"Inserter":77,"Happy Flower":46,"Oddly Smooth Stone":99,"Pen Nib":59,"Bag of Preparation":42,"Orichalcum":69,"Question Card":12,"Old Coin":19,"Gambling Chip":59,"Bronze Scales":99,"Art of War":0,"Black Star":37,"Kunai":69,"Cracked Core":0}]},"card_choices":[{"not_picked":["Scrape","Double Energy"],"picked":"Coolheaded","floor":1},{"not_picked":["Recycle","Streamline"],"picked":"Go for the Eyes","floor":2},{"not_picked":["Recycle","Streamline"],"picked":"Glacier","floor":3},{"not_picked":["Redo","Turbo"],"picked":"Coolheaded","floor":8},{"not_picked":["Leap","Aggregate","Turbo"],"picked":"Compile Driver","floor":11},{"not_picked":["Self Repair","Recycle","Gash"],"picked":"Biased Cognition","floor":12},{"not_picked":["BootSequence","Turbo","Fusion"],"picked":"Conserve Battery","floor":13},{"not_picked":["Doom and Gloom","Aggregate","Undo"],"picked":"Defragment","floor":14},{"not_picked":["Hyperbeam","Fission","Thunder Strike"],"picked":"Echo Form","floor":16},{"not_picked":["Turbo","Stack","Recycle","Cold Snap+1"],"picked":"SKIP","floor":18},{"not_picked":["Force Field","Doom and Gloom","Aggregate"],"picked":"Defragment","floor":20},{"not_picked":["Rebound","Skim","Lockon"],"picked":"Redo+1","floor":22},{"not_picked":["Conserve Battery","Undo","Stack"],"picked":"Electrodynamics","floor":25},{"not_picked":["Streamline","Cold Snap","Genetic Algorithm"],"picked":"Ball Lightning","floor":28},{"not_picked":["Consume","Recycle+1","Reprogram+1"],"picked":"Hologram","floor":29},{"not_picked":["Seek","All For One","Core Surge"],"picked":"Echo Form","floor":33},{"not_picked":["Compile Driver+1","Go for the Eyes","Conserve Battery","Fusion"],"picked":"SKIP","floor":35},{"not_picked":["Conserve Battery","Sweeping Beam+1","Cold Snap+1","Darkness+1"],"picked":"SKIP","floor":36},{"not_picked":["Ball Lightning+1","Compile Driver","Beam Cell+1","Gash+1"],"picked":"SKIP","floor":38},{"not_picked":["Electrodynamics","Compile Driver","Cold Snap+1","Leap"],"picked":"SKIP","floor":40}],"player_experience":743402,"relics_obtained":[{"floor":9,"key":"Question Card"},{"floor":12,"key":"Old Coin"},{"floor":25,"key":"Gambling Chip"},{"floor":25,"key":"Pen Nib"},{"floor":26,"key":"Lantern"},{"floor":29,"key":"Orichalcum"},{"floor":29,"key":"Kunai"},{"floor":40,"key":"Oddly Smooth Stone"},{"floor":40,"key":"Bronze Scales"}],"event_choices":[{"damage_healed":0,"gold_gain":0,"player_choice":"Entered Light","damage_taken":15,"max_hp_gain":0,"max_hp_loss":0,"event_name":"Shining Light","floor":4,"gold_loss":0,"cards_upgraded":["Go for the Eyes","Coolheaded"]},{"damage_healed":0,"gold_gain":0,"player_choice":"Got Potions","damage_taken":0,"max_hp_gain":0,"max_hp_loss":0,"event_name":"Lab","floor":5,"gold_loss":0},{"cards_removed":["Strike_B"],"damage_healed":0,"gold_gain":0,"player_choice":"Elegance","damage_taken":0,"max_hp_gain":0,"max_hp_loss":0,"event_name":"Back to Basics","floor":24,"gold_loss":0},{"damage_healed":0,"gold_gain":0,"player_choice":"Became a Ghost","damage_taken":0,"max_hp_gain":0,"max_hp_loss":38,"event_name":"Ghosts","floor":27,"gold_loss":0,"cards_obtained":["Ghostly","Ghostly","Ghostly","Ghostly","Ghostly"]},{"damage_healed":0,"gold_gain":0,"player_choice":"Ignored","damage_taken":0,"max_hp_gain":0,"max_hp_loss":0,"event_name":"Tomb of Lord Red Mask","floor":37,"gold_loss":0},{"damage_healed":0,"gold_gain":0,"player_choice":"Upgraded","damage_taken":0,"max_hp_gain":0,"max_hp_loss":0,"event_name":"Upgrade Shrine","floor":39,"gold_loss":0,"cards_upgraded":["Echo Form"]}],"is_beta":false,"boss_relics":[{"not_picked":["Calling Bell","Empty Cage"],"picked":"Black Star"},{"not_picked":["FrozenCore","Sozu"],"picked":"Inserter"}],"items_purged_floors":[7,19,31],"is_endless":false,"potions_floor_spawned":[1,2,11,13,16,18,20,22,28,35,38],"killed_by":"Reptomancer","ascension_level":9}}