{"host":"2se5dq1do2gp0x9k","time":1613799362,"event":{"mods":["AchievementEnabler","BaseMod","Block Reminder","Colored Map","Colored Powertips","Minty Spire (QoL Compilation)","Relic Stats","StSLib","SuperFastMode"],"gold_per_floor":[109,109,128,145,160,160,186,200,227,227,286,303,303,68,68,147,147,167,198,198,198],"floor_reached":20,"language":"ENG","playtime":629,"items_purged":["Strike_B"],"score":348,"play_id":"ce8a9d33-f9eb-49ff-950b-b324fe614f93","local_time":"20210219213602","is_ascension_mode":true,"campfire_choices":[{"data":"Zap","floor":6,"key":"SMITH"},{"floor":10,"key":"REST"},{"data":"Beam Cell","floor":13,"key":"SMITH"},{"data":"Hologram","floor":15,"key":"SMITH"}],"circlet_count":0,"master_deck":["AscendersBane","Strike_B","Strike_B","Strike_B","Defend_B+1","Defend_B","Defend_B+1","Defend_B","Zap+1","Dualcast","Beam Cell+1","Ball Lightning","Compile Driver","Conserve Battery","Glacier","Conserve Battery","Barrage","FTL","Hologram+1","Panacea","Rainbow","Melter"],"relics":["Inserter","Regal Pillow","Vajra","PreservedInsect","War Paint","Coffee Dripper","Red Mask"],"acts_visited":["Exordium","TheCity"],"potions_floor_usage":[5,7,19],"damage_taken":[{"damage":2,"enemies":"Cultist","floor":1,"turns":4},{"damage":3,"enemies":"2 Louse","floor":3,"turns":2},{"damage":12,"enemies":"Jaw Worm","floor":4,"turns":3},{"damage":3,"enemies":"Blue Slaver","floor":5,"turns":2},{"damage":15,"enemies":"3 Sentries","floor":7,"turns":7},{"damage":10,"enemies":"3 Louse","floor":8,"turns":5},{"damage":26,"enemies":"Gremlin Nob","floor":11,"turns":4},{"damage":3,"enemies":"Looter","floor":12,"turns":3},{"damage":1,"enemies":"Hexaghost","floor":16,"turns":8},{"damage":0,"enemies":"Spheric Guardian","floor":18,"turns":4},{"damage":45,"enemies":"Masked Bandits","floor":19,"turns":5},{"damage":12,"enemies":"Shell Parasite","floor":20,"turns":3}],"seed_played":"-2405670809573011802","potions_obtained":[{"floor":1,"key":"Fire Potion"},{"floor":5,"key":"Fire Potion"},{"floor":11,"key":"Ancient Potion"},{"floor":12,"key":"Weak Potion"}],"is_trial":false,"path_per_floor":["M","?","M","M","M","R","E","M","T","R","?","M","R","$","R","B",null,"M","?","M"],"character_chosen":"DEFECT","items_purchased":["Hologram","Panacea"],"campfire_rested":1,"item_purchase_floors":[14,14],"current_hp_per_floor":[62,44,41,29,26,26,11,1,1,37,11,8,8,8,8,7,55,55,10,0,0],"gold":198,"neow_bonus":"BOSS_RELIC","is_daily":false,"chose_seed":false,"campfire_upgraded":3,"win_rate":0.0,"timestamp":1613799362,"path_taken":["M","?","M","M","M","R","E","M","T","R","?","M","R","$","R","BOSS","M","?","M"],"items_purchased_type":["Card","Card"],"build_version":"2020-12-22","purchased_purges":1,"victory":false,"max_hp_per_floor":[71,71,71,71,71,71,71,71,71,71,71,71,71,71,71,71,71,71,71,71,71],"relic_stats":{"Regal Pillow":15,"Inserter":[25],"counters":[12,50],"PreservedInsect":22,"War Paint":["Defend_B","Defend_B"],"obtain_stats":[{"Regal Pillow":2,"Inserter":0,"Vajra":7,"PreservedInsect":9,"Coffee Dripper":17,"Red Mask":19,"War Paint":11,"Cracked Core":0},{"Regal Pillow":1,"Inserter":0,"Vajra":5,"PreservedInsect":6,"Coffee Dripper":9,"Red Mask":11,"War Paint":7,"Cracked Core":0},{"Regal Pillow":4,"Inserter":0,"Vajra":18,"PreservedInsect":23,"Coffee Dripper":38,"Red Mask":47,"War Paint":27,"Cracked Core":0}]},"card_choices":[{"not_picked":["Darkness","Aggregate"],"picked":"Beam Cell","floor":1},{"not_picked":["Redo","Coolheaded"],"picked":"Ball Lightning","floor":3},{"not_picked":["Loop","Rebound"],"picked":"Compile Driver","floor":4},{"not_picked":["Compile Driver","Go for the Eyes"],"picked":"Conserve Battery","floor":5},{"not_picked":["Leap","Compile Driver"],"picked":"Glacier","floor":7},{"not_picked":["BootSequence","Compile Driver"],"picked":"Conserve Battery","floor":8},{"not_picked":["Storm","Leap"],"picked":"Barrage","floor":11},{"not_picked":["Compile Driver","Heatsinks"],"picked":"FTL","floor":12},{"not_picked":["Seek","Thunder Strike"],"picked":"Rainbow","floor":16},{"not_picked":["Stack","Rebound"],"picked":"Melter","floor":18}],"player_experience":4083619,"relics_obtained":[{"floor":7,"key":"Vajra"},{"floor":9,"key":"PreservedInsect"},{"floor":11,"key":"War Paint"},{"floor":19,"key":"Red Mask"}],"event_choices":[{"damage_healed":0,"gold_gain":0,"player_choice":"Success","damage_taken":18,"relics_obtained":["Regal Pillow"],"max_hp_gain":0,"max_hp_loss":0,"event_name":"Scrap Ooze","floor":2,"gold_loss":0},{"damage_healed":0,"gold_gain":0,"player_choice":"Searched \u00271\u0027 times","damage_taken":0,"max_hp_gain":0,"max_hp_loss":0,"event_name":"Dead Adventurer","floor":11,"gold_loss":0},{"damage_healed":0,"gold_gain":0,"player_choice":"Fought Bandits","damage_taken":0,"max_hp_gain":0,"max_hp_loss":0,"event_name":"Masked Bandits","floor":19,"gold_loss":0}],"is_beta":false,"boss_relics":[{"not_picked":["Ectoplasm","Astrolabe"],"picked":"Coffee Dripper"}],"items_purged_floors":[14],"is_endless":false,"potions_floor_spawned":[1,5,11,12],"killed_by":"Shell Parasite","ascension_level":20}}