{"host":"y1nstw52wejfnhs9","time":1613801193,"event":{"mods":["BaseMod","Bestiary","Better Note","Better Skull","Better Third Choice","Custom Start","Minty Spire (QoL Compilation)","Practice Mode","Replay The Spire","SOS???????","StSLib","SuperFastMode","The Bug Knight","The Forsaken","The Wild Card"],"gold_per_floor":[41,41,41,60,78,78,150,150,197,197,197,197],"floor_reached":11,"language":"ENG","playtime":257,"items_purged":[],"score":142,"play_id":"6da4cf53-1771-4f43-9344-496a12b6f6ae","local_time":"20210219220633","is_ascension_mode":true,"campfire_choices":[{"data":"Attack_b","floor":6,"key":"SMITH"},{"data":"Provocation","floor":8,"key":"SMITH"}],"circlet_count":0,"master_deck":["AscendersBane","Attack_a","Attack_a","Attack_b+1","Shoot","Shoot","Provocation+1","Defend_Dante","Defend_Dante","Defend_Dante","Redorb","BeastUppercut","Royalguard","Rebellion"],"relics":["SSS","Combocheck","Calipers","Ancient Tea Set","Nunchaku","Golden Idol"],"acts_visited":["Exordium"],"potions_floor_usage":[],"damage_taken":[{"damage":39,"enemies":"Jaw Worm","floor":1,"turns":6},{"damage":6,"enemies":"2 Louse","floor":4,"turns":3},{"damage":4,"enemies":"Cultist","floor":5,"turns":3},{"damage":9,"enemies":"Replay:BlueRogue","floor":7,"turns":5},{"damage":15,"enemies":"3 Sentries","floor":11,"turns":2}],"seed_played":"-6790502096842798078","potions_obtained":[{"floor":4,"key":"Toxic Potion"},{"floor":7,"key":"SpeedPotion"}],"is_trial":false,"path_per_floor":["M","?","?","M","M","R","E","R","T","?","E"],"character_chosen":"DANTE","items_purchased":[],"campfire_rested":0,"item_purchase_floors":[],"current_hp_per_floor":[29,29,29,23,19,19,10,10,10,10,0,0],"gold":197,"neow_bonus":"ONE_RARE_RELIC","is_daily":false,"chose_seed":false,"campfire_upgraded":2,"win_rate":0.0,"timestamp":1613801193,"path_taken":["M","?","?","M","?","R","E","R","T","?","E"],"items_purchased_type":[],"build_version":"2020-12-22","purchased_purges":0,"victory":false,"max_hp_per_floor":[75,75,75,75,75,75,75,75,75,68,68,68],"card_choices":[{"not_picked":["Hightime","Millionkick","VitalstarS"],"picked":"SKIP","floor":1},{"not_picked":["Honeycombofire","Shock"],"picked":"BeastUppercut","floor":4},{"not_picked":["DT","EbonyIvory"],"picked":"Royalguard","floor":5},{"not_picked":["Dash2","VitalstarS"],"picked":"Rebellion","floor":7}],"player_experience":453195,"relics_obtained":[{"floor":7,"key":"Ancient Tea Set"},{"floor":9,"key":"Nunchaku"}],"event_choices":[{"cards_removed":["Defend_Dante"],"damage_healed":0,"gold_gain":0,"player_choice":"Offered Basic","damage_taken":0,"max_hp_gain":0,"max_hp_loss":0,"event_name":"Bonfire Elementals","floor":3,"gold_loss":0},{"damage_healed":0,"gold_gain":0,"player_choice":"Lose Max HP","damage_taken":0,"relics_obtained":["Golden Idol"],"max_hp_gain":0,"max_hp_loss":7,"event_name":"Golden Idol","floor":10,"gold_loss":0}],"is_beta":false,"boss_relics":[],"items_purged_floors":[],"is_endless":false,"potions_floor_spawned":[4,7],"killed_by":"3 Sentries","ascension_level":20}}