{"host":"jzhosqkmc1ht3q4y","time":1613835130,"event":{"mods":["100% Spire Juice","Act Like it!","Arknights","BaseMod","Better Third Choice","Colored Map","Minty Spire (QoL Compilation)","Rare Cards Sparkle","StSLib","SuperFastMode"],"gold_per_floor":[118,118,118,43,66,66,66,66,66],"floor_reached":8,"language":"KOR","playtime":205,"items_purged":["ats:Strike S"],"score":51,"play_id":"36570100-0286-46fe-96ef-91457535fe83","local_time":"20210221003210","is_ascension_mode":true,"campfire_choices":[{"data":"ats:Volcano","floor":7,"key":"SMITH"}],"circlet_count":0,"master_deck":["ats:Strike C","ats:Strike G","ats:Armor Crushing Shot","ats:Defend","ats:Defend","ats:Defend","ats:Defend","ats:Emotion Absorption","ats:Volcano+1","ats:Guard Mode","ats:Ignite"],"relics":["ats:Sanity","Golden Idol"],"acts_visited":["Exordium"],"potions_floor_usage":[],"damage_taken":[{"damage":6,"enemies":"Cultist","floor":1,"turns":4},{"damage":3,"enemies":"2 Louse","floor":5,"turns":2},{"damage":58,"enemies":"3 Sentries","floor":8,"turns":9}],"seed_played":"3394111622763283693","potions_obtained":[],"is_trial":false,"path_per_floor":["M","?","?","$","M","M","R","E"],"character_chosen":"DOCTOR_CLASS","items_purchased":[],"campfire_rested":0,"item_purchase_floors":[],"current_hp_per_floor":[59,59,59,59,56,56,56,0,0],"gold":66,"neow_bonus":"THREE_RARE_CARDS","is_daily":false,"chose_seed":false,"campfire_upgraded":1,"win_rate":0.0,"timestamp":1613835130,"path_taken":["M","?","?","$","M","M","R","E"],"items_purchased_type":[],"build_version":"2020-12-22","purchased_purges":1,"victory":false,"max_hp_per_floor":[65,60,60,60,60,60,60,60,60],"card_choices":[{"not_picked":["ats:Ambush","ats:Disruption Kick"],"picked":"ats:Volcano","floor":0},{"not_picked":["ats:Explosion Area Strengthen","ats:Collapsing Strike"],"picked":"ats:Guard Mode","floor":1},{"not_picked":["ats:Part Time Job","ats:Sword Rain"],"picked":"ats:Ignite","floor":5}],"player_experience":790033,"relics_obtained":[],"event_choices":[{"damage_healed":0,"gold_gain":0,"player_choice":"Lose Max HP","damage_taken":0,"relics_obtained":["Golden Idol"],"max_hp_gain":0,"max_hp_loss":5,"event_name":"Golden Idol","floor":2,"gold_loss":0},{"cards_removed":["ats:Strike V"],"damage_healed":0,"gold_gain":0,"player_choice":"Purged","damage_taken":0,"max_hp_gain":0,"max_hp_loss":0,"event_name":"Purifier","floor":3,"gold_loss":0}],"is_beta":false,"boss_relics":[],"items_purged_floors":[4],"is_endless":false,"potions_floor_spawned":[],"killed_by":"3 Sentries","ascension_level":3}}