{"host":"i0avyit1s6jb1siw","time":1613821359,"event":{"mods":["BaseMod","DeckTracker","Dota2Spire","Minty Spire (QoL Compilation)","Quick Restart","StSLib","SuperFastMode"],"gold_per_floor":[16,26,46,46,64,64,83,83,83],"floor_reached":8,"language":"ENG","playtime":192,"items_purged":[],"score":100,"play_id":"399d71dd-200d-4cd9-964c-e657db035fdb","local_time":"20210220124239","is_ascension_mode":true,"campfire_choices":[{"data":"Corruption","floor":6,"key":"SMITH"}],"circlet_count":0,"master_deck":["AscendersBane","Strike_R","Strike_R","Strike_R","Strike_R","Strike_R","Defend_R","Defend_R","Defend_R","Defend_R","Bash","Corruption+1","Spot Weakness","Perfected Strike"],"relics":["Burning Blood","Gambling Chip","Golden Idol"],"acts_visited":["Exordium"],"potions_floor_usage":[8],"damage_taken":[{"damage":12,"enemies":"Small Slimes","floor":1,"turns":5},{"damage":5,"enemies":"2 Louse","floor":2,"turns":5},{"damage":9,"enemies":"Jaw Worm","floor":3,"turns":4},{"damage":23,"enemies":"3 Louse","floor":5,"turns":6},{"damage":29,"enemies":"Large Slime","floor":7,"turns":7},{"damage":25,"enemies":"3 Sentries","floor":8,"turns":4}],"seed_played":"6599072191775992970","potions_obtained":[{"floor":1,"key":"Dota2Spire:Clarity"},{"floor":5,"key":"Ancient Potion"}],"is_trial":false,"path_per_floor":["M","M","M","?","M","R","M","E"],"character_chosen":"IRONCLAD","items_purchased":[],"campfire_rested":0,"item_purchase_floors":[],"current_hp_per_floor":[62,63,60,60,43,43,20,0,0],"gold":83,"neow_bonus":"ONE_RARE_RELIC","is_daily":false,"chose_seed":false,"campfire_upgraded":1,"win_rate":0.0,"timestamp":1613821359,"path_taken":["M","M","M","?","M","R","M","E"],"items_purchased_type":[],"build_version":"2020-12-22","purchased_purges":0,"victory":false,"max_hp_per_floor":[75,75,75,68,68,68,68,68,68],"card_choices":[{"not_picked":["Iron Wave","True Grit","Metallicize"],"picked":"SKIP","floor":1},{"not_picked":["Heavy Blade","Burning Pact"],"picked":"Corruption","floor":2},{"not_picked":["Clothesline","Ghostly Armor"],"picked":"Spot Weakness","floor":3},{"not_picked":["Anger","Iron Wave","Havoc"],"picked":"SKIP","floor":5},{"not_picked":["Double Tap","Fire Breathing"],"picked":"Perfected Strike","floor":7}],"player_experience":2478531,"relics_obtained":[],"event_choices":[{"damage_healed":0,"gold_gain":0,"player_choice":"Lose Max HP","damage_taken":0,"relics_obtained":["Golden Idol"],"max_hp_gain":0,"max_hp_loss":7,"event_name":"Golden Idol","floor":4,"gold_loss":0}],"is_beta":false,"boss_relics":[],"items_purged_floors":[],"is_endless":false,"potions_floor_spawned":[1,5],"killed_by":"3 Sentries","ascension_level":20}}