{"host":"92wx9z21c4p52du4","time":1613842573,"event":{"mods":["Act Like it!","BaseMod","ChefMod","Evolution","GungeonMod","Infinite Spire","Lobotomy","Minty Spire (QoL Compilation)","QueenMod","Relic Stats","Reliquary","StSLib","SuperFastMode","The Hierophant"],"gold_per_floor":[116,133,133,133,133,133,163,6,6,6,21,31,59,134,134,235,235,253,253,264,264,264,264,164,176,199,199,210,228,228,248,248,347,347,362,362,59,0,50,50,67,67,91,104,104,104,104],"floor_reached":46,"language":"ENG","playtime":4106,"items_purged":["chefmod:Strike","chefmod:Strike","chefmod:Strike"],"score":551,"play_id":"f39882ed-84b5-4ab1-a0b6-80910b7b55a1","local_time":"20210220113613","is_ascension_mode":false,"campfire_choices":[{"data":"chefmod:QuickThaw","floor":6.0,"key":"SMITH"},{"data":"chefmod:TodaysSpecial","floor":10.0,"key":"SMITH"},{"floor":15.0,"key":"REST"},{"data":"chefmod:SushiPlatter","floor":23.0,"key":"SMITH"},{"data":"chefmod:FarmersMarket","floor":30.0,"key":"SMITH"},{"floor":32,"key":"REST"},{"data":"chefmod:DeepFreeze","floor":40,"key":"SMITH"},{"floor":45,"key":"REST"}],"circlet_count":0,"master_deck":["chefmod:QuickThaw+1","chefmod:Defend+1","chefmod:Defend","chefmod:Defend+1","chefmod:Defend","chefmod:TodaysSpecial+1","chefmod:KnifeFlurry","chefmod:FullBurn","chefmod:ColdSteel","Panacea","chefmod:FreshProduce","chefmod:SushiPlatter+1","chefmod:FrozenTuna","chefmod:OrderUp","chefmod:FarmersMarket+1","infinitespire:Gouge","chefmod:Gelato+1","chefmod:HotSoup+1","chefmod:DoubleChop+1","chefmod:AlooGobi+1","chefmod:DeepFreeze+1","chefmod:Granita+1"],"relics":["chefmod:TrustyPot","EVO:Axolotl","NeowsBlessing","reliquary:NewFriend","Peace Pipe","DemoMod:OrangeGuonStone","StrikeDummy","Blue Candle","SlaversCollar","reliquary:Firecrackers","reliquary:GummyVitamins","Black Star","Chemical X","PreservedInsect","Red Mask","DemoMod:Relodestone","chefmod:WoodenSpoon","reliquary:Knoch"],"acts_visited":["Exordium","TheCity","TheBeyond"],"potions_floor_usage":[33,39,41],"damage_taken":[{"damage":0.0,"enemies":"Small Slimes","floor":1.0,"turns":2.0},{"damage":0.0,"enemies":"Jaw Worm","floor":2.0,"turns":1.0},{"damage":0.0,"enemies":"Gremlin Nob","floor":7.0,"turns":1.0},{"damage":0.0,"enemies":"Cultist","floor":11.0,"turns":2.0},{"damage":0.0,"enemies":"2 Fungi Beasts","floor":12.0,"turns":2.0},{"damage":6.0,"enemies":"Lagavulin","floor":13.0,"turns":7.0},{"damage":0.0,"enemies":"Slime Boss","floor":16.0,"turns":6.0},{"damage":0.0,"enemies":"Chosen","floor":18.0,"turns":5.0},{"damage":0.0,"enemies":"Spheric Guardian","floor":20.0,"turns":3.0},{"damage":38.0,"enemies":"Centurion and Healer","floor":25.0,"turns":5.0},{"damage":10.0,"enemies":"Snake Plant","floor":28.0,"turns":4.0},{"damage":0.0,"enemies":"3 Cultists","floor":29.0,"turns":2.0},{"damage":7.0,"enemies":"Centurion and Healer","floor":31.0,"turns":5.0},{"damage":0,"enemies":"Automaton","floor":33,"turns":6},{"damage":8,"enemies":"Orb Walker","floor":35,"turns":4},{"damage":20,"enemies":"Mind Bloom Boss Battle","floor":39,"turns":4},{"damage":28,"enemies":"3 Darklings","floor":41,"turns":4},{"damage":19,"enemies":"4 Shapes","floor":44,"turns":2},{"damage":26,"enemies":"Sphere and 2 Shapes","floor":46,"turns":4}],"seed_played":"-3318910212757093443","potions_obtained":[{"floor":11.0,"key":"SkillPotion"},{"floor":12.0,"key":"SkillPotion"},{"floor":13.0,"key":"LiquidBronze"},{"floor":18.0,"key":"LiquidBronze"},{"floor":31.0,"key":"Explosive Potion"},{"floor":35,"key":"DistilledChaos"},{"floor":39,"key":"Weak Potion"}],"is_trial":false,"path_per_floor":["M","M","?","?","?","R","E","$","T","R","M","M","E","?","R","B",null,"M","?","M","?","?","R","$","M","T","AVR","M","M","R","M","R","B",null,"M","?","$","?","?","R","M","T","T","M","R","M"],"character_chosen":"THE_CHEF","items_purchased":["Panacea","Chemical X","PreservedInsect"],"campfire_rested":3,"item_purchase_floors":[8,37,37],"current_hp_per_floor":[76,76,76,69,54,54,54,54,54,54,54,54,48,37,59,59,76,76,56,56,56,56,56,56,18,18,18,8,8,8,1,23,23,76,68,68,68,68,48,48,20,20,20,1,23,0,0],"gold":104,"neow_bonus":"THREE_ENEMY_KILL","is_daily":false,"chose_seed":false,"campfire_upgraded":5,"win_rate":0.0,"timestamp":1613842573,"path_taken":["M","M","?","?","?","R","E","$","T","R","M","M","E","?","R","BOSS","M","?","M","?","?","R","$","M","T","AVR","M","?","R","M","R","BOSS","M","?","$","?","?","R","M","?","T","M","R","M"],"items_purchased_type":["Card","Relic","Relic"],"build_version":"2020-12-22","purchased_purges":3,"victory":false,"max_hp_per_floor":[76,76,76,76,76,76,76,76,76,76,76,76,76,76,76,76,76,76,76,76,76,76,76,76,76,76,76,76,76,76,76,76,76,76,76,76,76,76,76,76,76,76,76,76,76,76,76],"relic_stats":{"Peace Pipe":0,"counters":[19,69],"Blue Candle":[0],"PreservedInsect":0,"Black Star":0,"Chemical X":[1],"obtain_stats":[{"chefmod:TrustyPot":0,"NeowsBlessing":0,"DemoMod:OrangeGuonStone":7,"Blue Candle":13,"reliquary:Firecrackers":22,"DemoMod:GlassGuonStoneRelic":12,"PreservedInsect":37,"EVO:Axolotl":0,"chefmod:WoodenSpoon":42,"Peace Pipe":4,"SlaversCollar":17,"reliquary:NewFriend":3,"reliquary:GummyVitamins":27,"DemoMod:Relodestone":39,"Black Star":34,"Red Mask":38,"Chemical X":37,"reliquary:Knoch":43,"StrikeDummy":9},{"chefmod:TrustyPot":0,"NeowsBlessing":0,"DemoMod:OrangeGuonStone":3,"Blue Candle":6,"reliquary:Firecrackers":9,"DemoMod:GlassGuonStoneRelic":5,"PreservedInsect":15,"EVO:Axolotl":0,"chefmod:WoodenSpoon":17,"Peace Pipe":2,"SlaversCollar":7,"reliquary:NewFriend":2,"reliquary:GummyVitamins":10,"DemoMod:Relodestone":16,"Black Star":14,"Red Mask":15,"Chemical X":15,"reliquary:Knoch":17,"StrikeDummy":3},{"chefmod:TrustyPot":0,"NeowsBlessing":0,"DemoMod:OrangeGuonStone":4,"Blue Candle":15,"reliquary:Firecrackers":29,"DemoMod:GlassGuonStoneRelic":8,"PreservedInsect":55,"EVO:Axolotl":0,"chefmod:WoodenSpoon":63,"Peace Pipe":3,"SlaversCollar":21,"reliquary:NewFriend":3,"reliquary:GummyVitamins":34,"DemoMod:Relodestone":59,"Black Star":51,"Red Mask":55,"Chemical X":55,"reliquary:Knoch":63,"StrikeDummy":4}]},"card_choices":[{"not_picked":["chefmod:FryPan","chefmod:IcePick"],"picked":"chefmod:KnifeFlurry","floor":1.0},{"not_picked":["chefmod:IcePick","chefmod:DinoKale"],"picked":"chefmod:FullBurn","floor":2.0},{"not_picked":["chefmod:BaoBuns","chefmod:IcePick"],"picked":"chefmod:ColdSteel","floor":7.0},{"not_picked":["chefmod:CayenneCloud","chefmod:Sorbet"],"picked":"chefmod:FreshProduce","floor":11.0},{"not_picked":["chefmod:Chop","chefmod:Sorbet"],"picked":"chefmod:SushiPlatter","floor":12.0},{"not_picked":["chefmod:OldCookbook","chefmod:Fillet"],"picked":"chefmod:FrozenTuna","floor":13.0},{"not_picked":["chefmod:DeathByChocolate","chefmod:RisingDough"],"picked":"chefmod:OrderUp","floor":16.0},{"not_picked":["chefmod:DinoKale","chefmod:CuttingBoard+1"],"picked":"chefmod:FarmersMarket","floor":18.0},{"not_picked":["infinitespire:FinalStrike","infinitespire:Punishment"],"picked":"infinitespire:Gouge","floor":19.0},{"not_picked":["chefmod:PotatoGratin","chefmod:Julienne"],"picked":"chefmod:Gelato+1","floor":20.0},{"not_picked":["chefmod:FarmersMarket","chefmod:Omelette"],"picked":"chefmod:HotSoup+1","floor":25.0},{"not_picked":["chefmod:FullBurn","chefmod:BaoBuns","chefmod:Sorbet+1"],"picked":"SKIP","floor":28.0},{"not_picked":["chefmod:Chop","chefmod:ColdSteel"],"picked":"chefmod:DoubleChop+1","floor":29.0},{"not_picked":["chefmod:FarmersMarket","chefmod:KnifeFlurry+1"],"picked":"chefmod:AlooGobi+1","floor":31.0},{"not_picked":["chefmod:Canape","chefmod:OrderUp"],"picked":"chefmod:DeepFreeze","floor":33},{"not_picked":["chefmod:Ratatouille","chefmod:ZaruSoba+1"],"picked":"chefmod:Granita+1","floor":35},{"not_picked":["chefmod:Ratatouille+1","chefmod:Sorbet+1","chefmod:Defrost+1"],"picked":"SKIP","floor":41},{"not_picked":["chefmod:OrderUp","chefmod:FireUp","chefmod:Flambe"],"picked":"SKIP","floor":44}],"player_experience":229156,"relics_obtained":[{"floor":3.0,"key":"reliquary:NewFriend"},{"floor":7.0,"key":"DemoMod:OrangeGuonStone"},{"floor":9.0,"key":"StrikeDummy"},{"floor":13.0,"key":"Blue Candle"},{"floor":39,"key":"DemoMod:Relodestone"},{"floor":42,"key":"chefmod:WoodenSpoon"},{"floor":43,"key":"reliquary:Knoch"}],"event_choices":[{"damage_healed":0.0,"max_hp_gain":0.0,"max_hp_loss":0.0,"gold_gain":0.0,"event_name":"Scrap Ooze","player_choice":"Success","floor":4.0,"gold_loss":0.0,"damage_taken":7.0,"relics_obtained":["Peace Pipe"]},{"damage_healed":0.0,"max_hp_gain":0.0,"max_hp_loss":0.0,"gold_gain":0.0,"event_name":"Shining Light","player_choice":"Entered Light","floor":5.0,"gold_loss":0.0,"damage_taken":15.0,"cards_upgraded":["chefmod:Defend","chefmod:Defend"]},{"damage_healed":0.0,"max_hp_gain":0.0,"max_hp_loss":0.0,"gold_gain":75.0,"event_name":"World of Goop","player_choice":"Gather Gold","floor":14.0,"gold_loss":0.0,"damage_taken":11.0},{"damage_healed":0.0,"max_hp_gain":0.0,"max_hp_loss":0.0,"gold_gain":0.0,"event_name":"Ghosts","player_choice":"Ignored","floor":21.0,"gold_loss":0.0,"damage_taken":0.0},{"damage_healed":0.0,"max_hp_gain":0.0,"max_hp_loss":0.0,"gold_gain":0.0,"event_name":"WeMeetAgain","player_choice":"Gave Potion","floor":22.0,"gold_loss":0.0,"damage_taken":0.0,"relics_obtained":["reliquary:Firecrackers"]},{"cards_removed":["chefmod:Strike"],"damage_healed":0,"gold_gain":0,"player_choice":"Removed Attack","damage_taken":0,"max_hp_gain":0,"max_hp_loss":0,"event_name":"Falling","floor":36,"gold_loss":0},{"damage_healed":0,"gold_gain":0,"player_choice":"Paid","damage_taken":0,"relics_obtained":["Red Mask"],"max_hp_gain":0,"max_hp_loss":0,"event_name":"Tomb of Lord Red Mask","floor":38,"gold_loss":59},{"damage_healed":0,"gold_gain":0,"player_choice":"Fight","damage_taken":0,"max_hp_gain":0,"max_hp_loss":0,"event_name":"MindBloom","floor":39,"gold_loss":0}],"is_beta":false,"boss_relics":[{"not_picked":["Fusion Hammer","Empty Cage"],"picked":"SlaversCollar"},{"not_picked":["infinitespire:Cupcake","Runic Pyramid"],"picked":"Black Star"}],"items_purged_floors":[8,24,27],"is_endless":false,"potions_floor_spawned":[11,12,13,18,31,35,39],"killed_by":"Sphere and 2 Shapes","ascension_level":0}}