{"host":"0pyv9je0pz1gg9m7","time":1613814186,"event":{"mods":["AchievementEnabler","BaseMod","Colored Map","DeckTracker","Minty Spire (QoL Compilation)","Permanent Neow","StSLib","SuperFastMode","everything is the same but u backflip on backflip"],"gold_per_floor":[117,117,131,151,151,151,186,208,208,208,237,251,251,275,275,275,275],"floor_reached":16,"language":"KOR","playtime":470,"items_purged":[],"score":216,"play_id":"89f2fbac-0627-4218-bf77-034d89c3c51d","local_time":"20210220184306","is_ascension_mode":true,"campfire_choices":[{"data":"Dramatic Entrance","floor":6.0,"key":"SMITH"},{"floor":10.0,"key":"REST"},{"data":"Cloak And Dagger","floor":15.0,"key":"SMITH"}],"circlet_count":0,"master_deck":["AscendersBane","Strike_G","Strike_G","Strike_G+1","Strike_G","Strike_G","Defend_G","Defend_G","Defend_G","Defend_G","Defend_G","Survivor","Neutralize","Dramatic Entrance+1","Poisoned Stab+1","Crippling Poison","Poisoned Stab","Footwork","All Out Attack+1","Dodge and Roll","Cloak And Dagger+1"],"relics":["Ring of the Snake","Question Card","Molten Egg 2","Odd Mushroom","Kunai","Thread and Needle","Whetstone"],"acts_visited":["Exordium"],"potions_floor_usage":[16],"damage_taken":[{"damage":1.0,"enemies":"Cultist","floor":1.0,"turns":4.0},{"damage":1.0,"enemies":"Jaw Worm","floor":3.0,"turns":4.0},{"damage":0.0,"enemies":"2 Louse","floor":4.0,"turns":2.0},{"damage":29.0,"enemies":"Gremlin Nob","floor":7.0,"turns":4.0},{"damage":3.0,"enemies":"The Mushroom Lair","floor":8.0,"turns":3.0},{"damage":22.0,"enemies":"3 Sentries","floor":11.0,"turns":7.0},{"damage":5.0,"enemies":"Large Slime","floor":12.0,"turns":7.0},{"damage":33,"enemies":"Slime Boss","floor":16,"turns":8}],"seed_played":"5595443393583143649","potions_obtained":[{"floor":1.0,"key":"SkillPotion"},{"floor":8.0,"key":"Dexterity Potion"},{"floor":11.0,"key":"Poison Potion"},{"floor":12.0,"key":"DuplicationPotion"}],"is_trial":false,"path_per_floor":["M","?","M","M","?","R","E","?","T","R","E","M","?","T","R","B"],"character_chosen":"THE_SILENT","items_purchased":[],"campfire_rested":1,"item_purchase_floors":[],"current_hp_per_floor":[58,58,57,57,46,46,17,14,14,33,11,6,28,28,28,0,0],"gold":275,"neow_bonus":"RANDOM_COLORLESS","is_daily":false,"chose_seed":false,"campfire_upgraded":2,"win_rate":0.0,"timestamp":1613814186,"path_taken":["M","?","M","M","?","R","E","?","T","R","E","M","?","?","R","BOSS"],"items_purchased_type":[],"build_version":"2020-12-22","purchased_purges":0,"victory":false,"max_hp_per_floor":[66,66,66,66,66,66,66,66,66,66,66,66,66,66,66,66,66],"card_choices":[{"not_picked":["Panacea","Swift Strike"],"picked":"Dramatic Entrance","floor":0.0},{"not_picked":["Escape Plan","Deadly Poison"],"picked":"Poisoned Stab","floor":1.0},{"not_picked":["Bouncing Flask","Flechettes"],"picked":"Crippling Poison","floor":3.0},{"not_picked":["Distraction","Skewer"],"picked":"Poisoned Stab","floor":4.0},{"not_picked":["A Thousand Cuts","Concentrate","Accuracy"],"picked":"Footwork","floor":7.0},{"not_picked":["Sucker Punch+1","Backflip","Poisoned Stab+1"],"picked":"All Out Attack+1","floor":8.0},{"not_picked":["PiercingWail","Setup","Masterful Stab+1"],"picked":"Dodge and Roll","floor":11.0},{"not_picked":["Backstab+1","Outmaneuver","PiercingWail"],"picked":"Cloak And Dagger","floor":12.0}],"player_experience":458566,"relics_obtained":[{"floor":7.0,"key":"Molten Egg 2"},{"floor":8.0,"key":"Odd Mushroom"},{"floor":9.0,"key":"Kunai"},{"floor":11.0,"key":"Thread and Needle"},{"floor":14.0,"key":"Whetstone"}],"event_choices":[{"damage_healed":0.0,"max_hp_gain":0.0,"max_hp_loss":0.0,"gold_gain":0.0,"event_name":"Liars Game","player_choice":"Ignored","floor":2.0,"gold_loss":0.0,"damage_taken":0.0},{"damage_healed":0.0,"max_hp_gain":0.0,"max_hp_loss":0.0,"gold_gain":0.0,"event_name":"Scrap Ooze","player_choice":"Success","floor":5.0,"gold_loss":0.0,"damage_taken":11.0,"relics_obtained":["Question Card"]},{"damage_healed":0.0,"max_hp_gain":0.0,"max_hp_loss":0.0,"gold_gain":0.0,"event_name":"Mushrooms","player_choice":"Fought Mushrooms","floor":8.0,"gold_loss":0.0,"damage_taken":0.0},{"damage_healed":22.0,"max_hp_gain":0.0,"max_hp_loss":0.0,"gold_gain":0.0,"event_name":"Big Fish","player_choice":"Banana","floor":13.0,"gold_loss":0.0,"damage_taken":0.0}],"is_beta":false,"boss_relics":[],"items_purged_floors":[],"is_endless":false,"potions_floor_spawned":[1,8,11,12],"killed_by":"Slime Boss","ascension_level":20}}