{"host":"du3j2mdkciet31iv","time":1613808667,"event":{"mods":["BaseMod","Minty Spire (QoL Compilation)","Relic Stats","StSLib"],"gold_per_floor":[110,122,132,147,97,97,22,22,46,57,57,57],"floor_reached":11,"language":"ENG","playtime":897,"items_purged":[],"score":65,"play_id":"14fe8131-8d52-4875-8619-746256cafe20","local_time":"20210220101107","is_ascension_mode":false,"campfire_choices":[{"data":"Survivor","floor":6,"key":"SMITH"},{"data":"Blur","floor":8,"key":"SMITH"}],"circlet_count":0,"master_deck":["Strike_G","Strike_G","Strike_G","Strike_G","Defend_G","Defend_G","Defend_G","Defend_G","Defend_G","Survivor+1","Neutralize","Catalyst","Blur+1","Bane"],"relics":["Ring of the Snake","Centennial Puzzle"],"acts_visited":["Exordium"],"potions_floor_usage":[4],"damage_taken":[{"damage":2,"enemies":"Jaw Worm","floor":1,"turns":7},{"damage":0,"enemies":"Small Slimes","floor":2,"turns":5},{"damage":0,"enemies":"Cultist","floor":3,"turns":6},{"damage":8,"enemies":"Gremlin Gang","floor":4,"turns":10},{"damage":16,"enemies":"Exordium Thugs","floor":10,"turns":8},{"damage":0,"enemies":"Gremlin Nob","floor":11,"turns":3}],"seed_played":"-3412498824930794064","potions_obtained":[{"floor":3,"key":"Ancient Potion"},{"floor":4,"key":"Fruit Juice"}],"is_trial":false,"path_per_floor":["M","M","M","M","?","R","$","R","T","M","E"],"character_chosen":"THE_SILENT","items_purchased":["DuplicationPotion"],"campfire_rested":0,"item_purchase_floors":[7],"current_hp_per_floor":[68,68,68,65,65,65,65,65,65,49,49,49],"gold":57,"neow_bonus":"THREE_CARDS","is_daily":false,"chose_seed":false,"campfire_upgraded":2,"win_rate":0.0,"timestamp":1613808667,"path_taken":["M","M","M","M","?","R","$","R","T","M","E"],"items_purchased_type":["Potion"],"build_version":"2020-12-22","purchased_purges":0,"victory":false,"max_hp_per_floor":[70,70,70,75,75,75,75,75,75,75,75,75],"relic_stats":{"Centennial Puzzle":[3],"counters":[6,39],"obtain_stats":[{"Centennial Puzzle":9,"Ring of the Snake":0},{"Centennial Puzzle":4,"Ring of the Snake":0},{"Centennial Puzzle":28,"Ring of the Snake":0}],"Ring of the Snake":[12]},"card_choices":[{"not_picked":["Slice","Expertise"],"picked":"Catalyst","floor":0},{"not_picked":["Acrobatics","Outmaneuver"],"picked":"Blur","floor":1},{"not_picked":["Catalyst","Slice","Flechettes"],"picked":"SKIP","floor":2},{"not_picked":["Skewer","Dash"],"picked":"Bane","floor":3},{"not_picked":["Quick Slash","All Out Attack","Infinite Blades"],"picked":"SKIP","floor":4},{"not_picked":["Caltrops","Prepared","Reflex"],"picked":"SKIP","floor":10}],"player_experience":12707,"relics_obtained":[{"floor":9,"key":"Centennial Puzzle"}],"event_choices":[{"cards_removed":["Strike_G"],"damage_healed":0,"gold_gain":0,"player_choice":"Card Removal","damage_taken":0,"max_hp_gain":0,"max_hp_loss":0,"event_name":"The Cleric","floor":5,"gold_loss":50}],"is_beta":false,"boss_relics":[],"items_purged_floors":[],"is_endless":false,"potions_floor_spawned":[3,4],"killed_by":"Gremlin Nob","ascension_level":0}}