{"host":"2se5dq1do2gp0x9k","time":1613802080,"event":{"mods":["AchievementEnabler","BaseMod","Block Reminder","Colored Map","Colored Powertips","Minty Spire (QoL Compilation)","Relic Stats","StSLib","SuperFastMode"],"gold_per_floor":[415,427,445,460,99,99,134,134,134,152,184,200,231,242,242,242,242],"floor_reached":16,"language":"ENG","playtime":552,"items_purged":["Strike_B"],"score":298,"play_id":"9e4a4b88-5aad-430f-9eb9-6a5a56635d47","local_time":"20210219222120","is_ascension_mode":true,"campfire_choices":[{"data":"Melter","floor":6,"key":"SMITH"},{"data":"Zap","floor":8,"key":"SMITH"},{"data":"Go for the Eyes","floor":15,"key":"SMITH"}],"circlet_count":0,"master_deck":["AscendersBane","Strike_B","Strike_B","Strike_B","Defend_B","Defend_B","Defend_B","Defend_B","Zap+1","Dualcast","CurseOfTheBell","Conserve Battery","Rebound","Cold Snap","Melter+1","Glacier","Ball Lightning","Genetic Algorithm","Conserve Battery","Coolheaded","Chill","Go for the Eyes+1"],"relics":["Calling Bell","PreservedInsect","HornCleat","Old Coin","Vajra","Matryoshka","Akabeko","Sundial","Lantern","Centennial Puzzle"],"acts_visited":["Exordium"],"potions_floor_usage":[7,16,16],"damage_taken":[{"damage":0,"enemies":"Cultist","floor":1,"turns":3},{"damage":2,"enemies":"2 Louse","floor":2,"turns":3},{"damage":7,"enemies":"Jaw Worm","floor":3,"turns":4},{"damage":8,"enemies":"Exordium Wildlife","floor":4,"turns":5},{"damage":10,"enemies":"Gremlin Nob","floor":7,"turns":4},{"damage":7,"enemies":"3 Louse","floor":10,"turns":4},{"damage":8,"enemies":"Lagavulin","floor":11,"turns":5},{"damage":15,"enemies":"Gremlin Gang","floor":12,"turns":4},{"damage":0,"enemies":"Gremlin Nob","floor":13,"turns":3},{"damage":0,"enemies":"Blue Slaver","floor":14,"turns":4},{"damage":9,"enemies":"Hexaghost","floor":16,"turns":9}],"seed_played":"-6819900186308326203","potions_obtained":[{"floor":4,"key":"SneckoOil"},{"floor":7,"key":"SpeedPotion"},{"floor":10,"key":"SpeedPotion"},{"floor":13,"key":"PotionOfCapacity"},{"floor":14,"key":"BlessingOfTheForge"}],"is_trial":false,"path_per_floor":["M","M","M","M","$","R","E","R","T","M","E","M","E","M","R","B"],"character_chosen":"DEFECT","items_purchased":["Vajra","Melter","Glacier"],"campfire_rested":0,"item_purchase_floors":[5,5,5],"current_hp_per_floor":[64,62,55,47,47,47,37,37,37,30,22,7,7,7,7,0,0],"gold":242,"neow_bonus":"BOSS_RELIC","is_daily":false,"chose_seed":false,"campfire_upgraded":3,"win_rate":0.0,"timestamp":1613802080,"path_taken":["M","M","?","M","$","R","E","R","T","M","E","?","E","M","R","BOSS"],"items_purchased_type":["Relic","Card","Card"],"build_version":"2020-12-22","purchased_purges":1,"victory":false,"max_hp_per_floor":[71,71,71,71,71,71,71,71,71,71,71,71,71,71,71,71,71],"relic_stats":{"Centennial Puzzle":[3],"counters":[11,48],"Sundial":[2],"PreservedInsect":74,"obtain_stats":[{"Calling Bell":0,"Lantern":11,"Centennial Puzzle":13,"HornCleat":0,"Matryoshka":7,"Sundial":9,"Vajra":5,"PreservedInsect":0,"Cracked Core":0,"Akabeko":9,"Old Coin":0},{"Calling Bell":0,"Lantern":7,"Centennial Puzzle":9,"HornCleat":0,"Matryoshka":5,"Sundial":5,"Vajra":4,"PreservedInsect":0,"Cracked Core":0,"Akabeko":5,"Old Coin":0},{"Calling Bell":0,"Lantern":28,"Centennial Puzzle":35,"HornCleat":0,"Matryoshka":19,"Sundial":19,"Vajra":15,"PreservedInsect":0,"Cracked Core":0,"Akabeko":19,"Old Coin":0}]},"card_choices":[{"not_picked":["Aggregate","BootSequence"],"picked":"Conserve Battery","floor":1},{"not_picked":["Beam Cell","Chill"],"picked":"Rebound","floor":2},{"not_picked":["Compile Driver","Coolheaded"],"picked":"Cold Snap","floor":3},{"not_picked":["Turbo","Stack","Leap"],"picked":"SKIP","floor":4},{"not_picked":["Amplify","Conserve Battery"],"picked":"Ball Lightning","floor":7},{"not_picked":["Force Field","Hologram"],"picked":"Genetic Algorithm","floor":10},{"not_picked":["Sweeping Beam","Leap"],"picked":"Conserve Battery","floor":11},{"not_picked":["Streamline","Undo"],"picked":"Coolheaded","floor":12},{"not_picked":["Machine Learning","Force Field"],"picked":"Chill","floor":13},{"not_picked":["Sweeping Beam","Coolheaded"],"picked":"Go for the Eyes","floor":14}],"player_experience":4086302,"relics_obtained":[{"floor":0,"key":"PreservedInsect"},{"floor":0,"key":"HornCleat"},{"floor":0,"key":"Old Coin"},{"floor":7,"key":"Matryoshka"},{"floor":9,"key":"Akabeko"},{"floor":9,"key":"Sundial"},{"floor":11,"key":"Lantern"},{"floor":13,"key":"Centennial Puzzle"}],"event_choices":[],"is_beta":false,"boss_relics":[],"items_purged_floors":[5],"is_endless":false,"potions_floor_spawned":[4,7,10,13,14],"killed_by":"Hexaghost","ascension_level":20}}