{"host":"guk5h31bsklpp7e4","time":1613805509,"event":{"mods":["AchievementEnabler","BaseMod","Colored Map","Colored Powertips","Highlight Path","Minty Spire (QoL Compilation)","Quick Restart","Rare Cards Sparkle"],"gold_per_floor":[211,114,133,133,152,152,152,166,192,192,217,217,217,42,42,139,139,158,158,73,86,0,0,0,46,46,46,46,46,46,72,72,72,72],"floor_reached":33,"language":"ENG","playtime":2358,"items_purged":["Strike_G","Strike_G"],"score":334,"play_id":"1c3e1894-b13b-4099-9868-d3af81870d35","local_time":"20210220021829","is_ascension_mode":true,"campfire_choices":[{"data":"Backflip","floor":6,"key":"SMITH"},{"data":"Quick Slash","floor":10,"key":"SMITH"},{"floor":15,"key":"REST"},{"floor":23,"key":"REST"},{"data":"Storm of Steel","floor":27,"key":"SMITH"},{"floor":32,"key":"REST"}],"circlet_count":0,"master_deck":["Strike_G+1","Strike_G+1","Defend_G+1","Defend_G+1","Defend_G+1","Defend_G+1","Defend_G+1","Survivor+1","Neutralize","Quick Slash+1","Blade Dance","Blade Dance","Backflip+1","Terror","Footwork","Choke","Storm of Steel+1","CurseOfTheBell","Calculated Gamble+1","Malaise","Finisher","Backflip+1","Masterful Stab+1"],"relics":["Ring of the Snake","Ancient Tea Set","Juzu Bracelet","Calling Bell","Tough Bandages","Centennial Puzzle","Sundial","Potion Belt","Lantern","WingedGreaves","MutagenicStrength","White Beast Statue"],"acts_visited":["Exordium","TheCity"],"potions_floor_usage":[18,21],"damage_taken":[{"damage":1.0,"enemies":"2 Louse","floor":1.0,"turns":3.0},{"damage":2,"enemies":"Jaw Worm","floor":3,"turns":5},{"damage":0,"enemies":"Cultist","floor":5,"turns":3},{"damage":1,"enemies":"Blue Slaver","floor":8,"turns":4},{"damage":23,"enemies":"Gremlin Nob","floor":11,"turns":4},{"damage":12,"enemies":"Slime Boss","floor":16,"turns":10},{"damage":0,"enemies":"Shell Parasite","floor":18,"turns":6},{"damage":8,"enemies":"Spheric Guardian","floor":21,"turns":6},{"damage":24,"enemies":"Gremlin Leader","floor":31,"turns":8},{"damage":72,"enemies":"Champ","floor":33,"turns":14}],"seed_played":"-1403441215329940270","potions_obtained":[{"floor":3,"key":"BlessingOfTheForge"},{"floor":5,"key":"PowerPotion"},{"floor":11,"key":"SpeedPotion"},{"floor":31,"key":"Energy Potion"}],"is_trial":false,"path_per_floor":["M","$","M","?","M","R","?","M","T","R","E","?","?","$","R","B",null,"M","?","?","M","?","R","?","T","T","R","?","?","?","E","R","B"],"character_chosen":"THE_SILENT","items_purchased":["Blade Dance","Choke"],"campfire_rested":3,"item_purchase_floors":[2,14],"current_hp_per_floor":[62,62,60,60,60,60,60,59,59,59,36,36,36,36,57,45,64,64,51,51,43,43,65,65,65,65,65,65,65,65,41,63,0,0],"gold":72,"neow_bonus":"HUNDRED_GOLD","is_daily":false,"chose_seed":false,"campfire_upgraded":3,"win_rate":0.0,"timestamp":1613805509,"path_taken":["M","$","M","?","M","R","?","M","T","R","E","?","?","$","R","BOSS","M","?","?","M","?","R","?","?","T","R","?","?","?","E","R","BOSS"],"items_purchased_type":["Card","Card"],"build_version":"2020-12-22","purchased_purges":2,"victory":false,"max_hp_per_floor":[70,70,70,70,70,70,70,70,70,70,70,70,70,70,70,70,70,70,75,75,75,75,75,75,75,75,75,75,75,75,75,75,75,75],"card_choices":[{"not_picked":["Deflect","Endless Agony"],"picked":"Quick Slash","floor":1.0},{"not_picked":["Quick Slash","Backflip"],"picked":"Blade Dance","floor":3},{"not_picked":["Riddle With Holes","Prepared"],"picked":"Backflip","floor":5},{"not_picked":["Blur","Prepared"],"picked":"Terror","floor":8},{"not_picked":["Endless Agony","Distraction"],"picked":"Footwork","floor":11},{"not_picked":["Glass Knife","Doppelganger"],"picked":"Storm of Steel","floor":16},{"not_picked":["Bane","Outmaneuver+1"],"picked":"Calculated Gamble+1","floor":18},{"not_picked":["Outmaneuver","Dodge and Roll"],"picked":"Malaise","floor":21},{"not_picked":["Bane","Caltrops"],"picked":"Masterful Stab+1","floor":31}],"player_experience":368604,"relics_obtained":[{"floor":9,"key":"Ancient Tea Set"},{"floor":11,"key":"Juzu Bracelet"},{"floor":17,"key":"Tough Bandages"},{"floor":17,"key":"Centennial Puzzle"},{"floor":17,"key":"Sundial"},{"floor":25,"key":"Lantern"},{"floor":26,"key":"WingedGreaves"},{"floor":31,"key":"White Beast Statue"}],"event_choices":[{"damage_healed":0,"gold_gain":0,"player_choice":"Ignored","damage_taken":0,"max_hp_gain":0,"max_hp_loss":0,"event_name":"Shining Light","floor":4,"gold_loss":0},{"cards_removed":["Strike_G"],"damage_healed":0,"gold_gain":0,"player_choice":"Offered Basic","damage_taken":0,"max_hp_gain":0,"max_hp_loss":0,"event_name":"Bonfire Elementals","floor":7,"gold_loss":0},{"damage_healed":0,"gold_gain":0,"player_choice":"Searched \u00270\u0027 times","damage_taken":0,"max_hp_gain":0,"max_hp_loss":0,"event_name":"Dead Adventurer","floor":12,"gold_loss":0},{"damage_healed":0,"gold_gain":0,"player_choice":"Grow","damage_taken":0,"max_hp_gain":0,"max_hp_loss":0,"event_name":"Living Wall","floor":13,"gold_loss":0,"cards_upgraded":["Survivor"]},{"damage_healed":0,"gold_gain":0,"player_choice":"Shed Blood","damage_taken":18,"max_hp_gain":5,"max_hp_loss":0,"event_name":"Forgotten Altar","floor":19,"gold_loss":0},{"damage_healed":0,"gold_gain":0,"player_choice":"Obtained Relic","damage_taken":0,"relics_obtained":["Potion Belt"],"max_hp_gain":0,"max_hp_loss":0,"event_name":"Addict","floor":20,"gold_loss":85},{"damage_healed":0,"gold_gain":0,"player_choice":"Paid Fearfully","damage_taken":0,"max_hp_gain":0,"max_hp_loss":0,"event_name":"Masked Bandits","floor":22,"gold_loss":86},{"damage_healed":0,"gold_gain":0,"player_choice":"Simplicity","damage_taken":0,"max_hp_gain":0,"max_hp_loss":0,"event_name":"Back to Basics","floor":24,"gold_loss":0,"cards_upgraded":["Strike_G","Strike_G","Defend_G","Defend_G","Defend_G","Defend_G","Defend_G"]},{"damage_healed":0,"gold_gain":0,"player_choice":"Read","damage_taken":0,"max_hp_gain":0,"max_hp_loss":0,"event_name":"The Library","floor":28,"gold_loss":0,"cards_obtained":["Finisher"]},{"damage_healed":0,"gold_gain":0,"player_choice":"Inject Mutagens","damage_taken":0,"relics_obtained":["MutagenicStrength"],"max_hp_gain":0,"max_hp_loss":0,"event_name":"Drug Dealer","floor":29,"gold_loss":0},{"damage_healed":0,"gold_gain":0,"player_choice":"Copied","damage_taken":0,"max_hp_gain":0,"max_hp_loss":0,"event_name":"Duplicator","floor":30,"gold_loss":0,"cards_obtained":["Backflip"]}],"is_beta":false,"boss_relics":[{"not_picked":["Runic Dome","Astrolabe"],"picked":"Calling Bell"}],"items_purged_floors":[2,14],"is_endless":false,"potions_floor_spawned":[3,5,11,16,31],"killed_by":"Champ","ascension_level":6}}