{"host":"me7pax5d7uwssv6n","time":1613841816,"event":{"mods":["Act Like it!","BaseMod","Gensokyo","Koishi","Minty Spire (QoL Compilation)","StSLib"],"gold_per_floor":[111,111,131,5,25,25,25,25,25,25,43,283,296,311,311,415,415,425,302,313,413,373,373,391,411,411,438,438,458,458,477,477,574,624,634,634,650,280,298,324,324,352,375,108,139,49,67,67,67,67,67,67,67,102,102],"floor_reached":56,"language":"ENG","playtime":7392,"items_purged":["Koishi:BasicStrike"],"score":1649,"play_id":"d0b824b0-61e7-411c-a5c0-8e4ab4e5ee29","local_time":"20210221012336","is_ascension_mode":false,"campfire_choices":[{"data":"Koishi:FourthEye","floor":6,"key":"SMITH"},{"floor":8,"key":"REST"},{"floor":15,"key":"REST"},{"floor":23,"key":"REST"},{"floor":28,"key":"DIG"},{"floor":30,"key":"DIG"},{"floor":32,"key":"REST"},{"floor":49,"key":"RECALL"},{"floor":52,"key":"DIG"}],"circlet_count":0,"master_deck":["Koishi:BasicStrike+1","Koishi:BasicDefend","Koishi:BasicDefend","Koishi:BasicDefend","Koishi:BasicDefend","Koishi:HauntingSlash","Koishi:Prune","Koishi:ParalyzingFear","Koishi:Untouchable","Koishi:UnconsciousUprising","Koishi:RoseHell+1","Koishi:SubconsciousSweep","Koishi:HeartfeltFancy","Koishi:Jaunt","Koishi:SuperEgo+1","Koishi:Whimsy","Koishi:Whimsy","Koishi:Prune","Koishi:ReleaseOfTheId","Koishi:GeneticsOfTheUnconscious","Koishi:IdleWhim","Koishi:GeneticsOfTheUnconscious","Koishi:UnansweredLove","Koishi:MentalBreakdown+1","Koishi:FleetingPhantom","Koishi:PhilosophyOfTheDespised+1","Koishi:FreudianInstinct+1","Gensokyo:TurboGranny","Koishi:EmbersOfLove+1","Koishi:Prune+1","Koishi:FreudianInstinct","Koishi:GeneticsOfTheUnconscious+1","Koishi:ReflexRadar","Koishi:HeartAttack+1","Gensokyo:CustomPotion","Koishi:FreudianInstinct","Koishi:GeneticsOfTheUnconscious+1"],"relics":["Koishi:ImaginaryFriend","Gensokyo:Justice","Gensokyo:OccultBall","Koishi:AHoleWhereASisterShouldBe","Prayer Wheel","Black Star","Regal Pillow","Unceasing Top","Calipers","WingedGreaves","Shovel","TungstenRod","White Beast Statue","Matryoshka","Koishi:LettersToReimu","Tiny House","Bag of Marbles","Happy Flower","Lizard Tail","Ornamental Fan","Whetstone","Koishi:TeethAndClaws","Boot","Bag of Preparation","Nunchaku","Anchor","Mango","FossilizedHelix","Letter Opener","Mercury Hourglass","Thread and Needle"],"acts_visited":["Exordium","Gensokyo:Gensokyo","Gensokyo:Gensokyoer","TheEnding"],"potions_floor_usage":[16,16,50,50],"damage_taken":[{"damage":0,"enemies":"Gensokyo:3_Fairies","floor":1,"turns":3},{"damage":2,"enemies":"Gensokyo:Gryphon","floor":3,"turns":3},{"damage":6,"enemies":"Gensokyo:Python","floor":5,"turns":3},{"damage":16,"enemies":"Gensokyo:5_Fairies","floor":11,"turns":4},{"damage":30,"enemies":"Gensokyo:VengefulSpirit","floor":12,"turns":5},{"damage":2,"enemies":"Gensokyo:Gryphon_and_Rabbit","floor":13,"turns":5},{"damage":0,"enemies":"Gensokyo:LivingMonolith","floor":14,"turns":3},{"damage":15,"enemies":"Gensokyo:Yukari","floor":16,"turns":9},{"damage":16,"enemies":"Gensokyo:AngelMirror","floor":18,"turns":3},{"damage":8,"enemies":"Gensokyo:3_Dogs","floor":20,"turns":4},{"damage":16,"enemies":"Gensokyo:3_Dogs","floor":21,"turns":8},{"damage":15,"enemies":"Gensokyo:Slime_Group","floor":24,"turns":3},{"damage":1,"enemies":"Gensokyo:Wraith","floor":25,"turns":3},{"damage":2,"enemies":"Gensokyo:Koishi","floor":27,"turns":6},{"damage":0,"enemies":"Gensokyo:3_Gloops","floor":29,"turns":5},{"damage":12,"enemies":"Gensokyo:Mirror_and_Dog","floor":31,"turns":2},{"damage":0,"enemies":"Gensokyo:Eternal_Rivals","floor":33,"turns":7},{"damage":0,"enemies":"Gensokyo:3_Boulders","floor":35,"turns":2},{"damage":0,"enemies":"Gensokyo:3_Bats","floor":37,"turns":1},{"damage":5,"enemies":"Gensokyo:3_Boulders","floor":39,"turns":2},{"damage":0,"enemies":"Gensokyo:Doremy","floor":40,"turns":8},{"damage":0,"enemies":"Gensokyo:Kasen","floor":42,"turns":6},{"damage":0,"enemies":"Gensokyo:Doremy","floor":45,"turns":5},{"damage":0,"enemies":"Gensokyo:SeedOfUnknown","floor":47,"turns":3},{"damage":0,"enemies":"Gensokyo:Yuyuko","floor":50,"turns":6},{"damage":0,"enemies":"Shield and Spear","floor":54,"turns":3},{"damage":0,"enemies":"The Heart","floor":55,"turns":7}],"seed_played":"-3603137612226792540","potions_obtained":[{"floor":3,"key":"Energy Potion"},{"floor":12,"key":"Swift Potion"},{"floor":16,"key":"Swift Potion"},{"floor":24,"key":"Fire Potion"},{"floor":25,"key":"PowerPotion"},{"floor":54,"key":"Energy Potion"}],"is_trial":false,"path_per_floor":["M","?","M","COS","M","R","?","R","T","?","M","M","M","M","R","B",null,"M","COS","M","?","?","R","M","M","T","E","R","M","R","M","R","B",null,"M","?","M","COS","M","E","?","E","T","$","E","?","M","?","R","B",null,"R","$","E","B",null],"character_chosen":"KOISHI","items_purchased":["Bag of Preparation","Koishi:ReflexRadar"],"campfire_rested":4,"item_purchase_floors":[44,44],"current_hp_per_floor":[60,60,59,59,54,54,42,60,60,60,44,16,17,18,36,24,60,44,44,38,26,26,59,44,44,44,44,44,48,48,37,60,60,65,65,65,65,65,60,60,60,61,61,61,75,75,75,75,75,75,79,79,79,79,79],"gold":102,"neow_bonus":"RANDOM_COLORLESS","is_daily":false,"chose_seed":false,"campfire_upgraded":1,"win_rate":0.0,"timestamp":1613841816,"path_taken":["M","?","M","COS","M","R","?","R","T","?","M","?","M","M","R","BOSS","M","COS","M","?","?","R","M","M","T","E","R","M","R","M","R","BOSS","M","?","M","COS","M","E","?","E","T","$","E","?","M","?","R","BOSS","R","$","E","BOSS"],"items_purchased_type":["Relic","Card"],"build_version":"2020-12-22","purchased_purges":1,"victory":true,"max_hp_per_floor":[60,60,60,60,60,60,60,60,60,60,60,60,60,60,60,60,60,60,60,60,60,60,60,60,60,60,60,60,60,60,60,60,60,65,65,65,65,65,65,65,65,65,65,65,79,79,79,79,79,79,79,79,79,79,79],"card_choices":[{"not_picked":["Trip","Purity"],"picked":"Swift Strike","floor":0},{"not_picked":["Koishi:ReflexRadar","Koishi:Possession"],"picked":"Koishi:Prune","floor":1},{"not_picked":["Koishi:StingingMind","Koishi:SubterraneanRose"],"picked":"Koishi:FourthEye","floor":3},{"not_picked":["Koishi:RacingHeart","Koishi:Vanish"],"picked":"Koishi:ParalyzingFear","floor":5},{"not_picked":["Koishi:CatchAndRose","Koishi:PredatoryInstincts"],"picked":"Koishi:Untouchable","floor":11},{"not_picked":["Koishi:Prune","Koishi:ParalyzingFear"],"picked":"Koishi:UnconsciousUprising","floor":12},{"not_picked":["Koishi:PredatoryInstincts","Koishi:ApparitionsStalkTheNight"],"picked":"Koishi:RoseHell","floor":13},{"not_picked":["Koishi:UnconsciousUprising","Koishi:JumpScare"],"picked":"Koishi:SubconsciousSweep","floor":13},{"not_picked":["Koishi:FourthEye","Koishi:UnconsciousUprising"],"picked":"Koishi:HeartfeltFancy","floor":14},{"not_picked":["Koishi:BramblyRoseGarden","Koishi:DNAsFlaw"],"picked":"Koishi:Jaunt","floor":14},{"not_picked":["Koishi:RuptureMind","Koishi:SilentAndRestless"],"picked":"Koishi:SuperEgo","floor":16},{"not_picked":["Koishi:Bloodlust","Koishi:HeartfeltFancy+1"],"picked":"Koishi:Whimsy","floor":18},{"not_picked":["Koishi:HeartfeltFancy","Koishi:JumpScare","Koishi:UnconsciousUprising+1"],"picked":"SKIP","floor":18},{"not_picked":["Koishi:Jaunt+1","Koishi:StingingMind"],"picked":"Koishi:Whimsy","floor":20},{"not_picked":["Koishi:Jaunt","Koishi:PhantomStrike","Koishi:ParalyzingFear"],"picked":"SKIP","floor":20},{"not_picked":["Koishi:StingingMind","Koishi:DNAsFlaw"],"picked":"Koishi:Prune","floor":21},{"not_picked":["Koishi:DanmakuParanoia","Koishi:UnconsciousUprising"],"picked":"Koishi:ReleaseOfTheId","floor":24},{"not_picked":["Koishi:StingingMind","Koishi:DNAsFlaw"],"picked":"Koishi:GeneticsOfTheUnconscious","floor":24},{"not_picked":["Koishi:RacingHeart","Koishi:SubterraneanRose+1","Koishi:EmbryosDream+1"],"picked":"SKIP","floor":25},{"not_picked":["Koishi:Prune","Koishi:Jaunt","Koishi:EmbryosDream"],"picked":"SKIP","floor":25},{"not_picked":["Koishi:RuptureMind","Koishi:DNAsFlaw"],"picked":"Koishi:IdleWhim","floor":27},{"not_picked":["Koishi:PhantomStrike+1","Koishi:RacingHeart"],"picked":"Koishi:GeneticsOfTheUnconscious","floor":29},{"not_picked":["Koishi:SubconsciousSweep","Koishi:MindStellarRelief","Koishi:StingingMind+1"],"picked":"SKIP","floor":29},{"not_picked":["Koishi:DreadfulBlow","Koishi:HeartfeltFancy"],"picked":"Koishi:UnansweredLove","floor":31},{"not_picked":["Koishi:BloodcurdlingScream","Koishi:SubconsciousSweep","Koishi:DreadfulBlow+1"],"picked":"SKIP","floor":31},{"not_picked":["Koishi:RollingInRichesHeart","Koishi:MindStellarRelief"],"picked":"Koishi:MentalBreakdown","floor":33},{"not_picked":["Koishi:EmbryosDream","Koishi:BramblyRoseGarden"],"picked":"Koishi:FleetingPhantom","floor":34},{"not_picked":["Koishi:UnconsciousUprising","Koishi:DreadfulBlow"],"picked":"Koishi:PhilosophyOfTheDespised+1","floor":35},{"not_picked":["Koishi:UnseenTerror","Koishi:FormlessExistence"],"picked":"Koishi:FreudianInstinct+1","floor":35},{"not_picked":["Koishi:ParalyzingFear+1","Koishi:PhantomBarrier+1","Koishi:PhilosophyOfTheDespised+1"],"picked":"SKIP","floor":37},{"not_picked":["Koishi:CatchAndRose+1","Koishi:SubterraneanRose","Koishi:Untouchable"],"picked":"SKIP","floor":37},{"not_picked":["Koishi:GhostParty","Koishi:ReflexRadar+1"],"picked":"Koishi:EmbersOfLove+1","floor":39},{"not_picked":["Koishi:FourthEye+1","Koishi:UnansweredLove+1"],"picked":"Koishi:Prune+1","floor":39},{"not_picked":["Koishi:Ego","Koishi:GhostParty+1"],"picked":"Koishi:FreudianInstinct","floor":40},{"not_picked":["Koishi:Catatonia+1","Koishi:JumpScare+1"],"picked":"Koishi:GeneticsOfTheUnconscious+1","floor":42},{"not_picked":["Koishi:RacingHeart","Koishi:PredatoryInstincts"],"picked":"Koishi:HeartAttack+1","floor":45},{"not_picked":["Koishi:DreadfulBlow","Koishi:SprinkleStarAndHeart"],"picked":"Koishi:FreudianInstinct","floor":47},{"not_picked":["Koishi:FidgetySnatcher","Koishi:Prune+1","Koishi:Untouchable"],"picked":"SKIP","floor":47},{"not_picked":["Koishi:BramblyRoseGarden+1","Koishi:BloodcurdlingScream+1"],"picked":"Koishi:GeneticsOfTheUnconscious+1","floor":54}],"player_experience":40732,"relics_obtained":[{"floor":12,"key":"Gensokyo:OccultBall"},{"floor":16,"key":"Gensokyo:OccultBall"},{"floor":20,"key":"Gensokyo:OccultBall"},{"floor":21,"key":"Unceasing Top"},{"floor":21,"key":"Calipers"},{"floor":26,"key":"Shovel"},{"floor":27,"key":"TungstenRod"},{"floor":27,"key":"White Beast Statue"},{"floor":28,"key":"Matryoshka"},{"floor":30,"key":"Koishi:LettersToReimu"},{"floor":33,"key":"Gensokyo:OccultBall"},{"floor":40,"key":"Happy Flower"},{"floor":40,"key":"Lizard Tail"},{"floor":42,"key":"Ornamental Fan"},{"floor":42,"key":"Whetstone"},{"floor":43,"key":"Koishi:TeethAndClaws"},{"floor":43,"key":"Boot"},{"floor":45,"key":"Anchor"},{"floor":45,"key":"Mango"},{"floor":52,"key":"Letter Opener"},{"floor":54,"key":"Mercury Hourglass"},{"floor":54,"key":"Thread and Needle"}],"event_choices":[],"is_beta":false,"boss_relics":[{"not_picked":["Velvet Choker","Empty Cage"],"picked":"Black Star"},{"not_picked":["Runic Pyramid","Fusion Hammer"],"picked":"Tiny House"}],"items_purged_floors":[44],"is_endless":false,"potions_floor_spawned":[3,12,16,24,25,29,31,33,35,37,39,40,42,45,47,54],"ascension_level":0}}