{"host":"y7wrf01yacd588jx","time":1613788522,"event":{"mods":["AchievementEnabler","Act Like it!","Aspiration","BaseMod","Colored Map","Colored Powertips","Conspire","Downfall","Energized Spire","Friendly Minions","Gensokyo","GifTheSpireLib","Googly Eyes","Hubris","Infinite Spire","Minty Spire (QoL Compilation)","Permanent Neow","Relic Sorter","Reliquary","Replay The Spire","Ruina","Shade Mod","StSLib","Stuff the Spire","The Death Knight"],"gold_per_floor":[109,65,65,77,95,124,135,135,135,147,162,197,197,214,214,214,214],"floor_reached":16,"language":"ENG","playtime":1412,"items_purged":[],"score":114,"play_id":"2e3679a1-213e-4c0c-97f1-bfecfee3c1ae","local_time":"20210219213522","is_ascension_mode":false,"campfire_choices":[{"data":"ReplayTheSpireMod:Calculation Training","floor":8,"key":"SMITH"},{"floor":15,"key":"REST"}],"circlet_count":0,"master_deck":["Strike_B","Defend_B","Defend_B","Defend_B","Defend_B","Zap","Dualcast","StuffTheSpire:Plugnplay","Injury","ReplayTheSpireMod:Calculation Training+1","Go for the Eyes","Ball Lightning","Flying Knee","Endless Agony","Predator"],"relics":["Cracked Core","aspiration:Nostalgia","Iron Core","aspiration:DSix","reliquary:ExpiredCoupon","reliquary:OuijaBoard","TungstenRod","reliquary:Aerogel"],"acts_visited":["Gensokyo:Gensokyo"],"potions_floor_usage":[12,12],"damage_taken":[{"damage":1,"enemies":"Gensokyo:2_Kodama","floor":1,"turns":3},{"damage":6,"enemies":"Gensokyo:Gryphon","floor":4,"turns":3},{"damage":6,"enemies":"Gensokyo:Python","floor":5,"turns":3},{"damage":13,"enemies":"Gensokyo:Mamizou","floor":6,"turns":6},{"damage":14,"enemies":"Gensokyo:Kitsune","floor":7,"turns":3},{"damage":10,"enemies":"Gensokyo:Gryphon_and_Rabbit","floor":10,"turns":5},{"damage":0,"enemies":"Gensokyo:LivingMonolith","floor":11,"turns":2},{"damage":10,"enemies":"Gensokyo:Cirno","floor":12,"turns":5},{"damage":3,"enemies":"Gensokyo:CorruptedTreant","floor":14,"turns":2},{"damage":28,"enemies":"Gensokyo:Reimu","floor":16,"turns":6}],"seed_played":"8264306174420932102","potions_obtained":[{"floor":4,"key":"PotionOfCapacity"},{"floor":10,"key":"BlessingOfTheForge"}],"is_trial":false,"path_per_floor":["M","COS","?","M","M","E","M","R","T","M","M","E","?","M","R","B"],"character_chosen":"DEFECT","items_purchased":[],"campfire_rested":1,"item_purchase_floors":[],"current_hp_per_floor":[74,74,74,68,62,49,35,35,35,25,25,15,15,12,34,6,6],"gold":214,"neow_bonus":"NOSTALGIA","is_daily":false,"chose_seed":false,"campfire_upgraded":1,"win_rate":0.0,"timestamp":1613788522,"path_taken":["M","COS","?","M","M","E","M","R","T","M","M","E","?","M","R","BOSS"],"items_purchased_type":[],"build_version":"2020-12-22","purchased_purges":0,"victory":false,"max_hp_per_floor":[75,75,75,75,75,75,75,75,75,75,75,75,75,75,75,75,75],"card_choices":[{"not_picked":["Streamline","Chaos"],"picked":"StuffTheSpire:Plugnplay","floor":1},{"not_picked":["Clash","ReplaySolidLightProjector"],"picked":"ReplayTheSpireMod:Calculation Training","floor":4},{"not_picked":["ReplaySort","Beam Cell","Headbutt"],"picked":"SKIP","floor":5},{"not_picked":["Coolheaded","Auto Shields"],"picked":"Go for the Eyes","floor":6},{"not_picked":["Flex","Clash","BasicCrystalCard"],"picked":"SKIP","floor":7},{"not_picked":["WeaponsOverheat","Headbutt"],"picked":"Ball Lightning","floor":10},{"not_picked":["Stack","hubris:DoWhile","BasicCrystalCard"],"picked":"SKIP","floor":11},{"not_picked":["hubris:Ukulele","Warcry","Genetic Algorithm"],"picked":"SKIP","floor":12},{"not_picked":["Scorching Beam","Anger","Headbutt"],"picked":"SKIP","floor":14}],"player_experience":145671,"relics_obtained":[{"floor":6,"key":"reliquary:OuijaBoard"},{"floor":9,"key":"TungstenRod"},{"floor":12,"key":"reliquary:Aerogel"}],"event_choices":[],"is_beta":false,"boss_relics":[],"items_purged_floors":[],"is_endless":false,"potions_floor_spawned":[4,10],"killed_by":"Gensokyo:Reimu","ascension_level":0}}