{"host":"g53g9qlo34vrqi92","time":1613818950,"event":{"mods":["Aspiration","Bard","BaseMod","Beaked The Cultist","BetterRewards","Colored Map","Conspire","Energized Spire","Fiend Mod","GifTheSpireLib","Googly Eyes","Gremlin Skip","Halation","Hermit","Hubris","Infinite Spire","Jedi Mod","Minty Spire (QoL Compilation)","Permanent Neow","Quick Restart","Relic Filter","Replay The Spire","Spikes Relics","StSLib","Stuff the Spire","Synergy Search","The Bladedancer","The Bug Knight","The Construct","The Cursed","The Forsaken","The Jungle","The Necromancer","The Spell Scribe","The Trickster","Trackpad","slay the spire mod where everything is the same but ironclad has a cowboy hat"],"gold_per_floor":[116,126,145,220,231,231,262,277,277,277,277,296,3,3,3,100,100,120,120,42,61,84,109,109,126,126,126,157,167,167,180,180,283,283,293,242,262,279,279,279,0,35,85,85,101,101,101,111,111,111],"floor_reached":51,"language":"ENG","playtime":2967,"items_purged":["Strike_W"],"score":967,"play_id":"66c0d59e-606e-4b16-8962-cbd9766b09f3","local_time":"20210220030230","is_ascension_mode":false,"campfire_choices":[{"floor":6,"key":"REST"},{"floor":15,"key":"DIG"},{"floor":24,"key":"DIG"},{"floor":27,"key":"DIG"},{"floor":30,"key":"DIG"},{"floor":32,"key":"DIG"},{"floor":40,"key":"DIG"},{"floor":44,"key":"DIG"},{"floor":47,"key":"DIG"},{"floor":49,"key":"DIG"}],"circlet_count":0,"master_deck":["Strike_W","Strike_W","Strike_W","Defend_W","Defend_W","Defend_W","Defend_W","Negative_Energy_Arrows","Bone_Wall","Toxic_Smoke_Screen","Summon_Undead+1","Plague_Bolt","Consume_Illness","Negative_Energy_Sphere","Hellfire","Negative_Energy_Sphere","Spectral_Walk","Stop_Heart","Negative_Energy_Shield","Detonate_Bones","Bone_Prison","Bone_Armory","Bone_Armory","Toxic_Smoke_Screen+1","Requiem","Bone_Shift+1","Skeleton_Dragon","CutThroughFate+1","Whirlwind_of_Bones","Whirlwind_of_Bones","Summon_Vampire_Lady","CrushJoints+1","TalkToTheHand+1"],"relics":["Vampire_Amulet","conspire:DeflatedDodgeball","Peace Pipe","StuffTheSpire:DarkSteelAnvil","Shovel","ReplayTheSpireMod:Shallot","ClockworkSouvenir","Vajra","trackpad:RapidFire","Replay:Bronze Core","theForsaken:Lifeblossom","Replay:Bottled Flurry","trackpad:WritersBlock","Iron Hammer","Mummified Hand","jedi:bottledfury","halation:AfternoonTea","Ginger","aspiration:WatcherSkillbook","infinitespire:FocusingShard","Red Mask","jedi:crownofsimplicity","Simple Rune","Centennial Puzzle","Replay:Accelerometer","trackpad:IceCube"],"acts_visited":["Exordium","TheCity","TheBeyond"],"potions_floor_usage":[23,23,50,50,50],"damage_taken":[{"damage":7,"enemies":"Small Slimes","floor":1,"turns":4},{"damage":0,"enemies":"Jaw Worm","floor":2,"turns":6},{"damage":4,"enemies":"2 Louse","floor":3,"turns":2},{"damage":10,"enemies":"Exordium Thugs","floor":5,"turns":5},{"damage":31,"enemies":"3 Sentries","floor":7,"turns":6},{"damage":9,"enemies":"Looter","floor":8,"turns":3},{"damage":5,"enemies":"Large Slime","floor":12,"turns":3},{"damage":8,"enemies":"Hexaghost","floor":16,"turns":7},{"damage":1,"enemies":"Shell Parasite","floor":18,"turns":4},{"damage":0,"enemies":"Snake Plant","floor":21,"turns":4},{"damage":21,"enemies":"Nightmare","floor":23,"turns":8},{"damage":2,"enemies":"Cultist and Chosen","floor":25,"turns":6},{"damage":3,"enemies":"conspire:SneckoGhost","floor":28,"turns":7},{"damage":0,"enemies":"Chosen and Byrds","floor":29,"turns":4},{"damage":0,"enemies":"Snecko","floor":31,"turns":4},{"damage":9,"enemies":"Champ","floor":33,"turns":11},{"damage":6,"enemies":"3 Darklings","floor":35,"turns":5},{"damage":0,"enemies":"3 Shapes","floor":37,"turns":5},{"damage":10,"enemies":"3 Darklings","floor":38,"turns":4},{"damage":60,"enemies":"Reptomancer","floor":42,"turns":8},{"damage":7,"enemies":"Transient","floor":45,"turns":5},{"damage":0,"enemies":"Spire Growth","floor":48,"turns":5},{"damage":51,"enemies":"conspire:OrnateMirror","floor":50,"turns":9}],"seed_played":"-1771745231228789276","potions_obtained":[{"floor":2,"key":"ColorlessPotion"},{"floor":5,"key":"Elixir"},{"floor":7,"key":"DistilledChaos"},{"floor":25,"key":"Strength Potion"},{"floor":29,"key":"Dexterity Potion"},{"floor":48,"key":"Doom Potion"}],"is_trial":false,"path_per_floor":["M","M","M","?","M","R","E","M","T","?","?","M","$","?","R","B",null,"M","?","$","M","T","NM","R","M","T","R","E","M","R","M","R_BF","B",null,"M","$","M","M","$","R","?","E","T","R","M","?","R","M","R_BF","B",null],"character_chosen":"NECROMANCER","items_purchased":["conspire:DeflatedDodgeball","Toxic_Smoke_Screen","Summon_Undead","Plague_Bolt","Consume_Illness","ClockworkSouvenir","Vajra","Bone_Armory","Whirlwind_of_Bones"],"campfire_rested":1,"item_purchase_floors":[0,0,0,0,0,13,13,20,36],"current_hp_per_floor":[37,39,39,28,25,47,40,33,33,30,30,36,36,36,36,45,75,75,75,75,75,75,59,59,69,69,69,75,75,75,75,75,74,75,73,73,75,75,75,75,75,52,52,52,61,61,61,71,71,49],"gold":111,"neow_bonus":"","is_daily":false,"chose_seed":false,"campfire_upgraded":0,"win_rate":0.0,"timestamp":1613818950,"path_taken":["M","M","M","?","M","R","E","M","T","?","?","?","?","?","R","BOSS","M","?","$","M","?","NM","R","M","T","R","E","?","R","M","R_BF","BOSS","M","?","M","?","$","R","?","E","T","R","M","?","R","M","R_BF","BOSS"],"items_purchased_type":["Relic","Card","Card","Card","Card","Relic","Relic","Card","Card"],"build_version":"2020-12-22","purchased_purges":1,"victory":true,"max_hp_per_floor":[75,75,75,75,75,75,75,75,75,75,75,75,75,75,75,75,75,75,75,75,75,75,75,75,75,75,75,75,75,75,75,75,75,75,75,75,75,75,75,75,75,75,75,75,75,75,75,75,75,75],"card_choices":[{"not_picked":["Finger_Of_Death","Death_Coil"],"picked":"Negative_Energy_Sphere","floor":1},{"not_picked":["Bone_Shift","Blood_Curse"],"picked":"Hellfire","floor":2},{"not_picked":["Finger_Of_Death","Consume_Illness"],"picked":"Negative_Energy_Sphere","floor":3},{"not_picked":["Bone_Armor","Violent_Necrosis","Flesh_Made_Foul"],"picked":"SKIP","floor":5},{"not_picked":["Blood_Wake","Necromantic_Selection"],"picked":"Spectral_Walk","floor":7},{"not_picked":["Scare","Bone_Armor"],"picked":"Stop_Heart","floor":8},{"not_picked":["Blood_Whip","Bone_Armor"],"picked":"Negative_Energy_Shield","floor":12},{"not_picked":["Negative_Energy_Bomb","Blood_Magic"],"picked":"Detonate_Bones","floor":16},{"not_picked":["Bone_Spikes","Death_March_Dance"],"picked":"Bone_Prison","floor":18},{"not_picked":["Stop_Heart","Thousand_Bone_Knives","Death_Knell"],"picked":"SKIP","floor":21},{"not_picked":["Death_Coil","Shade_Step"],"picked":"Toxic_Smoke_Screen+1","floor":23},{"not_picked":["Death_March_Dance","Negative_Energy_Burst","Bones_to_Steel"],"picked":"SKIP","floor":25},{"not_picked":["Negative_Energy_Javelin","Negative_Energy_Mist"],"picked":"Requiem","floor":28},{"not_picked":["Blood_Whip+1","Bone_Shift","Consume_Illness"],"picked":"SKIP","floor":29},{"not_picked":["Blood_Shield","Consume_Illness"],"picked":"Bone_Shift+1","floor":31},{"not_picked":["Detonate_Bones","Hellfire"],"picked":"Skeleton_Dragon","floor":33},{"not_picked":["Negative_Energy_Shield","Summon_Undead+1","Bone_Bullets+1"],"picked":"CutThroughFate+1","floor":35},{"not_picked":["Protect","Blood_Whip","Bones_to_Steel"],"picked":"Summon_Vampire_Lady","floor":37},{"not_picked":["Replay:DivineShield","ThirdEye+1","Shackles_Of_Pain"],"picked":"CrushJoints+1","floor":38},{"not_picked":["Negative_Energy_Bomb","Replay:DivineShield","CutThroughFate+1","ClearTheMind"],"picked":"SKIP","floor":42},{"not_picked":["LikeWater+1","Bone_Spikes+1","Slay_Living+1"],"picked":"TalkToTheHand+1","floor":45},{"not_picked":["Replay:BluntJabs","Blood_Whip+1","Negative_Energy_Mist+1","LikeWater"],"picked":"SKIP","floor":48}],"player_experience":1225454,"relics_obtained":[{"floor":7,"key":"StuffTheSpire:DarkSteelAnvil"},{"floor":9,"key":"Shovel"},{"floor":15,"key":"trackpad:RapidFire"},{"floor":22,"key":"theForsaken:Lifeblossom"},{"floor":23,"key":"Replay:Bottled Flurry"},{"floor":24,"key":"trackpad:WritersBlock"},{"floor":26,"key":"Iron Hammer"},{"floor":27,"key":"Mummified Hand"},{"floor":28,"key":"jedi:bottledfury"},{"floor":30,"key":"halation:AfternoonTea"},{"floor":32,"key":"Ginger"},{"floor":40,"key":"infinitespire:FocusingShard"},{"floor":42,"key":"jedi:crownofsimplicity"},{"floor":43,"key":"Simple Rune"},{"floor":44,"key":"Centennial Puzzle"},{"floor":47,"key":"Replay:Accelerometer"},{"floor":49,"key":"trackpad:IceCube"}],"event_choices":[{"damage_healed":0,"gold_gain":75,"player_choice":"Gather Gold","damage_taken":11,"max_hp_gain":0,"max_hp_loss":0,"event_name":"World of Goop","floor":4,"gold_loss":0},{"damage_healed":0,"gold_gain":0,"player_choice":"Success","damage_taken":3,"relics_obtained":["ReplayTheSpireMod:Shallot"],"max_hp_gain":0,"max_hp_loss":0,"event_name":"Scrap Ooze","floor":10,"gold_loss":0},{"damage_healed":0,"gold_gain":0,"player_choice":"Read","damage_taken":0,"max_hp_gain":0,"max_hp_loss":0,"event_name":"The Library","floor":19,"gold_loss":0,"cards_obtained":["Bone_Armory"]},{"damage_healed":0,"gold_gain":0,"player_choice":"Paid","damage_taken":0,"relics_obtained":["Red Mask"],"max_hp_gain":0,"max_hp_loss":0,"event_name":"Tomb of Lord Red Mask","floor":41,"gold_loss":279},{"damage_healed":0,"gold_gain":0,"player_choice":"Bought 0 Potions","damage_taken":0,"max_hp_gain":0,"max_hp_loss":0,"event_name":"The Woman in Blue","floor":46,"gold_loss":0}],"is_beta":false,"boss_relics":[{"not_picked":["halation:ForbiddenBikini","energizedSpire:NeverEndingSparkler"],"picked":"Replay:Bronze Core"},{"not_picked":["hubris:CrackedHourglass","Philosopher\u0027s Stone"],"picked":"aspiration:WatcherSkillbook"}],"items_purged_floors":[0],"is_endless":false,"potions_floor_spawned":[2,5,7,16,25,29,33,37,38,42,48],"ascension_level":0}}