{"host":"n3yraofadl2d9nwo","time":1613855657,"event":{"mods":["BaseMod","Friendly Minions","Marisa????????","Minty Spire (QoL Compilation)","StSLib","The Animator"],"gold_per_floor":[122,122,134,134,21,47,47,63,138,148,148,178,178,203,203,322,322,350,382,130,149,174,174,174],"floor_reached":23,"language":"ENG","playtime":1811,"items_purged":["animator:Strike","animator:Defend"],"score":203,"play_id":"36241d96-ff87-4df3-8870-6dff7d8666d0","local_time":"20210220221417","is_ascension_mode":false,"campfire_choices":[{"data":"animator:MumenRider","floor":11,"key":"SMITH"},{"floor":15,"key":"REST"}],"circlet_count":0,"master_deck":["animator:Strike_Overlord+1","animator:Defend_Overlord","animator:Defend","animator:Defend","animator:Cocytus","animator:Demiurge","animator:MumenRider+1","animator:Kazuma","animator:MetalKnight+1","animator:IzunaHatsuse","animator:SilverFang","animator:Verdia","animator:Spearman","animator:Mitsuba","animator:Saber","animator:Entoma+2","animator:Saitama","animator:WinryRockbell"],"relics":["animator:LivingPicture","animator:TheMissingPiece","animator:PurgingStone","Mercury Hourglass","Gremlin Horn","Calipers","Golden Idol","Black Star","Whetstone"],"acts_visited":["Exordium","TheCity"],"potions_floor_usage":[14,16,16,22,22],"damage_taken":[{"damage":0,"enemies":"2 Louse","floor":1,"turns":4},{"damage":3,"enemies":"Small Slimes","floor":3,"turns":4},{"damage":22,"enemies":"Gremlin Nob","floor":6,"turns":5},{"damage":2,"enemies":"Cultist","floor":8,"turns":4},{"damage":2,"enemies":"Looter","floor":10,"turns":3},{"damage":10,"enemies":"3 Sentries","floor":12,"turns":8},{"damage":15,"enemies":"Exordium Thugs","floor":14,"turns":5},{"damage":29,"enemies":"Hexaghost","floor":16,"turns":14},{"damage":9,"enemies":"Shell Parasite","floor":18,"turns":6},{"damage":4,"enemies":"Chosen","floor":19,"turns":6},{"damage":15,"enemies":"Centurion and Healer","floor":21,"turns":7},{"damage":37,"enemies":"Shelled Parasite and Fungi","floor":22,"turns":7},{"damage":12,"enemies":"Snake Plant","floor":23,"turns":1}],"seed_played":"1118454009561339607","potions_obtained":[{"floor":1,"key":"SkillPotion"},{"floor":10,"key":"EssenceOfSteel"},{"floor":14,"key":"Fruit Juice"},{"floor":19,"key":"Swift Potion"},{"floor":21,"key":"SteroidPotion"}],"is_trial":false,"path_per_floor":["M","?","M","?","$","E","?","M","T","M","R","E","?","M","R","B",null,"M","M","$","M","M","M"],"character_chosen":"THE_ANIMATOR","items_purchased":["animator:MetalKnight","Whetstone"],"campfire_rested":1,"item_purchase_floors":[5,20],"current_hp_per_floor":[66,66,63,56,56,34,34,33,33,31,31,21,21,14,32,12,67,58,54,54,39,8,0,0],"gold":174,"neow_bonus":"ONE_RANDOM_RARE_CARD","is_daily":false,"chose_seed":false,"campfire_upgraded":1,"win_rate":0.0,"timestamp":1613855657,"path_taken":["M","?","M","?","$","E","?","?","T","M","R","E","?","M","R","BOSS","M","M","$","M","M","M"],"items_purchased_type":["Card","Relic"],"build_version":"2020-12-22","purchased_purges":2,"victory":false,"max_hp_per_floor":[66,66,66,66,66,66,66,67,67,67,67,67,62,62,62,67,67,67,67,67,67,69,69,69],"card_choices":[{"not_picked":["animator:Hakurou","animator:ElricAlphonse"],"picked":"animator:MumenRider","floor":1},{"not_picked":["animator:CowGirl","animator:Yoichi"],"picked":"animator:Kazuma","floor":3},{"not_picked":["animator:DwarfShaman","animator:ChlammyZell"],"picked":"animator:IzunaHatsuse","floor":6},{"not_picked":["animator:Genos","animator:Melzalgald"],"picked":"animator:SilverFang","floor":8},{"not_picked":["animator:Hakurou","animator:Chris"],"picked":"animator:Verdia","floor":10},{"not_picked":["animator:Sloth","animator:UneriGinkaku"],"picked":"animator:Spearman","floor":12},{"not_picked":["animator:Shinoa","animator:Berserker"],"picked":"animator:Mitsuba","floor":14},{"not_picked":["animator:Sora","animator:ChaikaTrabant"],"picked":"animator:Saber","floor":16},{"not_picked":["animator:Demiurge","animator:NarberalGamma"],"picked":"animator:Entoma","floor":18},{"not_picked":["animator:Aqua","animator:UneriGinkaku"],"picked":"animator:Saitama","floor":19},{"not_picked":["animator:Elsword","animator:Kazuma"],"picked":"animator:Entoma","floor":21},{"not_picked":["animator:Guy+1","animator:Shigure+1"],"picked":"animator:WinryRockbell","floor":22}],"player_experience":852783,"relics_obtained":[{"floor":6,"key":"Mercury Hourglass"},{"floor":9,"key":"Gremlin Horn"},{"floor":12,"key":"Calipers"}],"event_choices":[{"cards_removed":["animator:MadokaKaname"],"damage_healed":0,"gold_gain":0,"player_choice":"Forget","damage_taken":0,"max_hp_gain":0,"max_hp_loss":0,"event_name":"Living Wall","floor":2,"gold_loss":0},{"cards_removed":["animator:Strike"],"damage_healed":0,"gold_gain":0,"player_choice":"Card Removal","damage_taken":7,"max_hp_gain":0,"max_hp_loss":0,"event_name":"Golden Wing","floor":4,"gold_loss":0},{"cards_removed":["animator:Strike"],"damage_healed":0,"gold_gain":0,"player_choice":"Purged","damage_taken":0,"max_hp_gain":0,"max_hp_loss":0,"event_name":"Purifier","floor":7,"gold_loss":0},{"damage_healed":0,"gold_gain":0,"player_choice":"Lose Max HP","damage_taken":0,"relics_obtained":["Golden Idol"],"max_hp_gain":0,"max_hp_loss":5,"event_name":"Golden Idol","floor":13,"gold_loss":0}],"is_beta":false,"boss_relics":[{"not_picked":["Mark of Pain","Astrolabe"],"picked":"Black Star"}],"items_purged_floors":[5,20],"is_endless":false,"potions_floor_spawned":[1,10,14,19,21],"killed_by":"Snake Plant","ascension_level":0}}