{"host":"iv24d026eac8pm4e","time":1613861311,"event":{"mods":["BaseMod","Minty Spire (QoL Compilation)"],"gold_per_floor":[110,127,139,158,158,158,172,172,172,190,224,244,244,275,275,354,354,365,382,409,409,409],"floor_reached":21,"language":"ENG","playtime":2405,"items_purged":[],"score":386,"play_id":"975595e8-7383-4cb5-b257-82ccf0090982","local_time":"20210220144831","is_ascension_mode":true,"campfire_choices":[{"data":"Unload","floor":6,"key":"SMITH"},{"data":"Die Die Die","floor":8,"key":"SMITH"},{"floor":13,"key":"REST"},{"data":"Footwork","floor":15,"key":"SMITH"}],"circlet_count":0,"master_deck":["AscendersBane","Strike_G","Strike_G","Strike_G","Strike_G","Strike_G","Defend_G","Defend_G","Defend_G","Defend_G","Defend_G","Survivor","Neutralize","Unload+1","Backflip","Underhanded Strike","Noxious Fumes+1","Caltrops","Die Die Die+1","Underhanded Strike","Doppelganger","Well Laid Plans","Footwork+1","Tools of the Trade","Blade Dance","Finisher","Leg Sweep"],"relics":["Ring of the Snake","PreservedInsect","Boot","White Beast Statue","HoveringKite","Red Mask"],"acts_visited":["Exordium","TheCity"],"potions_floor_usage":[10,10,18,20,21],"damage_taken":[{"damage":0,"enemies":"Jaw Worm","floor":1,"turns":5},{"damage":0,"enemies":"Cultist","floor":2,"turns":4},{"damage":0,"enemies":"Small Slimes","floor":3,"turns":2},{"damage":9,"enemies":"2 Fungi Beasts","floor":4,"turns":4},{"damage":1,"enemies":"Red Slaver","floor":7,"turns":4},{"damage":2,"enemies":"Gremlin Gang","floor":10,"turns":4},{"damage":6,"enemies":"Gremlin Nob","floor":11,"turns":3},{"damage":20,"enemies":"Exordium Thugs","floor":12,"turns":4},{"damage":17,"enemies":"3 Sentries","floor":14,"turns":4},{"damage":9,"enemies":"Hexaghost","floor":16,"turns":9},{"damage":23,"enemies":"Shell Parasite","floor":18,"turns":5},{"damage":8,"enemies":"Spheric Guardian","floor":19,"turns":6},{"damage":12,"enemies":"Masked Bandits","floor":20,"turns":3},{"damage":18,"enemies":"Cultist and Chosen","floor":21,"turns":5}],"seed_played":"-2080431327745736159","potions_obtained":[{"floor":1,"key":"SkillPotion"},{"floor":2,"key":"LiquidMemories"},{"floor":11,"key":"Strength Potion"},{"floor":16,"key":"Weak Potion"},{"floor":18,"key":"GhostInAJar"},{"floor":20,"key":"EssenceOfSteel"}],"is_trial":false,"path_per_floor":["M","M","M","M","?","R","M","R","T","M","E","M","R","E","R","B",null,"M","M","?","M"],"character_chosen":"THE_SILENT","items_purchased":[],"campfire_rested":1,"item_purchase_floors":[],"current_hp_per_floor":[59,59,59,50,50,50,49,49,49,47,41,21,40,23,23,14,53,30,22,10,0,0],"gold":409,"neow_bonus":"ONE_RANDOM_RARE_CARD","is_daily":false,"chose_seed":false,"campfire_upgraded":3,"win_rate":0.0,"timestamp":1613861311,"path_taken":["M","M","M","M","?","R","?","R","T","M","E","M","R","E","R","BOSS","M","M","?","M"],"items_purchased_type":[],"build_version":"2020-12-22","purchased_purges":0,"victory":false,"max_hp_per_floor":[66,66,66,66,66,66,66,66,66,66,66,66,66,66,66,66,66,66,66,66,66,66],"card_choices":[{"not_picked":["Dodge and Roll","Deflect"],"picked":"Backflip","floor":1},{"not_picked":["Flying Knee","Caltrops"],"picked":"Underhanded Strike","floor":2},{"not_picked":["Deadly Poison","Bane"],"picked":"Noxious Fumes","floor":3},{"not_picked":["Heel Hook","Endless Agony"],"picked":"Caltrops","floor":4},{"not_picked":["Well Laid Plans","Dash"],"picked":"Die Die Die","floor":7},{"not_picked":["Choke","Heel Hook"],"picked":"Underhanded Strike","floor":10},{"not_picked":["Masterful Stab","Die Die Die"],"picked":"Doppelganger","floor":11},{"not_picked":["Underhanded Strike","Slice"],"picked":"Well Laid Plans","floor":12},{"not_picked":["Poisoned Stab","Bane"],"picked":"Footwork","floor":14},{"not_picked":["Wraith Form v2","Night Terror"],"picked":"Tools of the Trade","floor":16},{"not_picked":["Deflect","Dagger Throw"],"picked":"Blade Dance","floor":18},{"not_picked":["Dagger Spray","All Out Attack"],"picked":"Finisher","floor":19},{"not_picked":["Acrobatics","Slice+1"],"picked":"Leg Sweep","floor":20}],"player_experience":2534638,"relics_obtained":[{"floor":9,"key":"PreservedInsect"},{"floor":11,"key":"Boot"},{"floor":14,"key":"White Beast Statue"},{"floor":20,"key":"Red Mask"}],"event_choices":[{"damage_healed":0,"gold_gain":0,"player_choice":"Upgraded","damage_taken":0,"max_hp_gain":0,"max_hp_loss":0,"event_name":"Upgrade Shrine","floor":5,"gold_loss":0,"cards_upgraded":["Noxious Fumes"]},{"damage_healed":0,"gold_gain":0,"player_choice":"Fought Bandits","damage_taken":0,"max_hp_gain":0,"max_hp_loss":0,"event_name":"Masked Bandits","floor":20,"gold_loss":0}],"is_beta":false,"boss_relics":[{"not_picked":["Sozu","Cursed Key"],"picked":"HoveringKite"}],"items_purged_floors":[],"is_endless":false,"potions_floor_spawned":[1,2,11,16,18,19,20],"killed_by":"Cultist and Chosen","ascension_level":20}}