{"host":"l2lylj0omvglf5x0","time":1613833998,"event":{"mods":["2.2 Compatiblity","BaseMod","Bestiary","Block Reminder","Colored Map","Colored Powertips","Curses Come First","Highlight Path","Keyboard Shortcuts","Minty Spire (QoL Compilation)","Relic Sorter","Relic Stats","Slay the Relics Exporter","StSLib","SuperFastMode"],"gold_per_floor":[115,115,40,58,58,90,40,69,69,93,136,148,148,148],"floor_reached":13,"language":"ENG","playtime":283,"items_purged":[],"score":205,"play_id":"21d5a830-b04d-4fd0-a651-2aa50c510625","local_time":"20210220161318","is_ascension_mode":true,"campfire_choices":[],"circlet_count":0,"master_deck":["AscendersBane","Strike_R","Strike_R","Strike_R","Strike_R","Defend_R","Defend_R","Defend_R","Bash","Iron Wave","Rupture","Pummel","Demon Form","Twin Strike","Cleave","Headbutt"],"relics":["Burning Blood","NeowsBlessing","Kunai","Regal Pillow","Paper Frog","CeramicFish","Shovel"],"acts_visited":["Exordium"],"potions_floor_usage":[8,12],"damage_taken":[{"damage":0,"enemies":"Small Slimes","floor":1,"turns":2},{"damage":0,"enemies":"2 Louse","floor":4,"turns":1},{"damage":0,"enemies":"Gremlin Nob","floor":6,"turns":1},{"damage":10,"enemies":"Lagavulin","floor":8,"turns":7},{"damage":12,"enemies":"Jaw Worm","floor":10,"turns":3},{"damage":44,"enemies":"3 Sentries","floor":11,"turns":8},{"damage":6,"enemies":"Looter","floor":12,"turns":3},{"damage":20,"enemies":"Lagavulin","floor":13,"turns":4}],"seed_played":"1978396537468405704","potions_obtained":[{"floor":4,"key":"Block Potion"},{"floor":8,"key":"Ancient Potion"},{"floor":10,"key":"BlessingOfTheForge"}],"is_trial":false,"path_per_floor":["M","?","$","M","?","E","?","E","T","M","E","M","E"],"character_chosen":"IRONCLAD","items_purchased":["Rupture"],"campfire_rested":0,"item_purchase_floors":[3],"current_hp_per_floor":[78,71,71,77,52,58,58,54,54,48,10,10,0,0],"gold":148,"neow_bonus":"THREE_ENEMY_KILL","is_daily":false,"chose_seed":false,"campfire_upgraded":0,"win_rate":0.0,"timestamp":1613833998,"path_taken":["M","?","$","M","?","E","?","E","T","?","E","M","E"],"items_purchased_type":["Card"],"build_version":"2020-12-22","purchased_purges":0,"victory":false,"max_hp_per_floor":[80,80,80,80,80,80,80,80,80,80,80,80,80,80],"relic_stats":{"Regal Pillow":0,"Shovel":0,"counters":[8,29],"CeramicFish":18,"Kunai":[6],"obtain_stats":[{"Regal Pillow":6,"Shovel":11,"NeowsBlessing":0,"CeramicFish":9,"Kunai":5,"Burning Blood":0,"Paper Frog":8},{"Regal Pillow":3,"Shovel":6,"NeowsBlessing":0,"CeramicFish":4,"Kunai":2,"Burning Blood":0,"Paper Frog":4},{"Regal Pillow":4,"Shovel":22,"NeowsBlessing":0,"CeramicFish":11,"Kunai":3,"Burning Blood":0,"Paper Frog":11}],"Burning Blood":42},"card_choices":[{"not_picked":["Thunderclap","True Grit"],"picked":"Iron Wave","floor":1},{"not_picked":["Clash","Bloodletting"],"picked":"Pummel","floor":4},{"not_picked":["Thunderclap","Battle Trance"],"picked":"Demon Form","floor":6},{"not_picked":["Flex","Thunderclap"],"picked":"Twin Strike","floor":8},{"not_picked":["Clash","Armaments"],"picked":"Cleave","floor":10},{"not_picked":["Searing Blow","Cleave"],"picked":"Headbutt","floor":11},{"not_picked":["Twin Strike","Headbutt","Clothesline"],"picked":"SKIP","floor":12}],"player_experience":1007513,"relics_obtained":[{"floor":6,"key":"Regal Pillow"},{"floor":8,"key":"Paper Frog"},{"floor":9,"key":"CeramicFish"},{"floor":11,"key":"Shovel"}],"event_choices":[{"cards_removed":["Strike_R"],"damage_healed":0,"gold_gain":0,"player_choice":"Card Removal","damage_taken":7,"max_hp_gain":0,"max_hp_loss":0,"event_name":"Golden Wing","floor":2,"gold_loss":0},{"damage_healed":0,"gold_gain":0,"player_choice":"Success","damage_taken":25,"relics_obtained":["Kunai"],"max_hp_gain":0,"max_hp_loss":0,"event_name":"Scrap Ooze","floor":5,"gold_loss":0},{"cards_removed":["Defend_R"],"damage_healed":0,"gold_gain":0,"player_choice":"Card Removal","damage_taken":0,"max_hp_gain":0,"max_hp_loss":0,"event_name":"The Cleric","floor":7,"gold_loss":50}],"is_beta":false,"boss_relics":[],"items_purged_floors":[],"is_endless":false,"potions_floor_spawned":[4,8,10],"killed_by":"Lagavulin","ascension_level":12}}