{"host":"agdto6ifbg57aw9m","time":1613807163,"event":{"mods":["2.2 Compatiblity","Aspiration","BaseMod","BetterRewards","Duelist Mod","Friendly Minions","GifTheSpireLib","Halation","Infinite Spire","Minty Spire (QoL Compilation)","Replay The Spire","Spikes Relics","StSLib","Stuff the Spire","The Spell Scribe"],"gold_per_floor":[137,154,173,173,184,219,219,254,279,3,15,43,0,20,20,97,97,116,135,135,154,165,165,181,181,234,263,279,304,304,304,304,379,379,390,402,8,8,18,46,61,89,115,134,134,134,168,43,43,120,120,120],"floor_reached":51,"language":"ENG","playtime":8108,"items_purged":["theDuelist:Sparks","theDuelist:Sparks","theDuelist:EagleShark"],"score":2173,"play_id":"272bca1f-8cd2-485b-8f28-9b231fb3391e","local_time":"20210220024603","is_ascension_mode":true,"campfire_choices":[{"data":"theDuelist:WaterHazard","floor":15,"key":"SMITH"},{"data":"theDuelist:GamecieltheSeaTurtleKaiju","floor":23,"key":"SMITH"},{"data":"theDuelist:MermaidKnight","floor":25,"key":"SMITH"},{"data":"theDuelist:GiantPairfish","floor":30,"key":"SMITH"},{"data":"theDuelist:BigDesFrog","floor":32,"key":"SMITH"},{"data":"theDuelist:Umi","floor":45,"key":"SMITH"},{"data":"theDuelist:FishborgArcher","floor":49,"key":"SMITH"}],"circlet_count":0,"master_deck":["theDuelist:SevenColoredFish","theDuelist:SevenColoredFish","theDuelist:AquaSpirit+1","AscendersBane","theDuelist:CastleWalls","theDuelist:CastleWalls+1","theDuelist:IslandTurtle","theDuelist:IslandTurtle","theDuelist:RevivalJam","theDuelist:MermailAbyssalacia","theDuelist:DepthShark","theDuelist:DepthShark","theDuelist:BoulderTortoise+1","theDuelist:GiantTurtle","theDuelist:BigDesFrog+1","theDuelist:Hyosube","theDuelist:OhFish+1","theDuelist:MermaidKnight+1","theDuelist:WaterHazard+1","theDuelist:HydraViper","theDuelist:SwampFrog","theDuelist:FrillerRabca","theDuelist:GamecieltheSeaTurtleKaiju+1","Spreading Infection","theDuelist:MorayGreed","theDuelist:DupeFrog","infinitespire:SevenWalls","theDuelist:RainbowKuribohBasic","theDuelist:KoakiMeiruIce+1","theDuelist:AbyssSoldier","theDuelist:FishborgBlaster","theDuelist:GiantPairfish+1","theDuelist:FishborgArcher+1","theDuelist:Unifrog","theDuelist:HydraViper+1","Pain","theDuelist:SmashingGround","theDuelist:Umi+1","theDuelist:LegendaryOcean+1","theDuelist:MorayGreed"],"relics":["theDuelist:MillenniumPuzzle","theDuelist:CardPoolRelic","theDuelist:CardPoolBasicRelic","theDuelist:BoosterPackPoolRelic","theDuelist:CardPoolAddRelic","theDuelist:CardPoolMinusRelic","theDuelist:CardPoolSaveRelic","theDuelist:CardPoolOptionsRelic","MiniBlackHole","Replay:Towering Pillar of Hats","Nunchaku","MealTicket","HandDrill","infinitespire:Satchel","Durian","ReplayTheSpireMod:SealedPack","theDuelist:ZoneToken","theDuelist:BoosterPackTrapEgg","Whetstone","Replay:Bronze Core","Bronze Scales","StuffTheSpire:Gunfinga","WarpedTongs","theDuelist:DuelistUrn","PreservedInsect","Replay:Mystery Machine","halation:StarCompass","ReplayFunnel","Honey Jar"],"acts_visited":["Exordium","TheCity","TheBeyond"],"potions_floor_usage":[8,16,29,35,50,50],"damage_taken":[{"damage":0,"enemies":"Small Slimes","floor":1,"turns":3},{"damage":0,"enemies":"Cultist","floor":2,"turns":3},{"damage":0,"enemies":"2 Louse","floor":3,"turns":4},{"damage":1,"enemies":"Red Slaver","floor":5,"turns":5},{"damage":0,"enemies":"Lagavulin","floor":6,"turns":9},{"damage":5,"enemies":"3 Sentries","floor":8,"turns":9},{"damage":4,"enemies":"2 Fungi Beasts","floor":11,"turns":4},{"damage":0,"enemies":"Lagavulin","floor":12,"turns":7},{"damage":0,"enemies":"Exordium Wildlife","floor":14,"turns":5},{"damage":0,"enemies":"Fading Forest","floor":16,"turns":11},{"damage":0,"enemies":"3 Byrds","floor":18,"turns":7},{"damage":0,"enemies":"Shell Parasite","floor":19,"turns":4},{"damage":0,"enemies":"Cultist and Chosen","floor":21,"turns":12},{"damage":0,"enemies":"Snecko","floor":22,"turns":7},{"damage":0,"enemies":"Centurion and Healer","floor":24,"turns":8},{"damage":0,"enemies":"Nightmare","floor":27,"turns":7},{"damage":0,"enemies":"Shelled Parasite and Fungi","floor":28,"turns":6},{"damage":27,"enemies":"Gremlin Leader","floor":29,"turns":10},{"damage":0,"enemies":"Automaton","floor":33,"turns":8},{"damage":18,"enemies":"Orb Walker","floor":35,"turns":6},{"damage":3,"enemies":"3 Darklings","floor":36,"turns":6},{"damage":7,"enemies":"Writhing Mass","floor":39,"turns":5},{"damage":20,"enemies":"Nemesis","floor":40,"turns":7},{"damage":0,"enemies":"Transient","floor":41,"turns":5},{"damage":0,"enemies":"Giant Head","floor":42,"turns":8},{"damage":0,"enemies":"3 Darklings","floor":44,"turns":3},{"damage":0,"enemies":"Reptomancer","floor":47,"turns":4},{"damage":6,"enemies":"Time Eater","floor":50,"turns":6}],"seed_played":"1603797092038307292","potions_obtained":[{"floor":2,"key":"PowerPotion"},{"floor":5,"key":"DistilledChaos"},{"floor":8,"key":"Reflective Coating"},{"floor":12,"key":"theDuelist:DestructPotionPotB"},{"floor":18,"key":"theDuelist:ExtraOrbsBottle"},{"floor":29,"key":"theDuelist:VampireVial"},{"floor":35,"key":"theDuelist:BurningPotionB"},{"floor":44,"key":"theDuelist:VampireVial"},{"floor":50,"key":"SneckoOil"}],"is_trial":false,"path_per_floor":["M","M","M","?","M","E","?","E","T","$","M","E","?","M","R","B",null,"M","M","?","M","M","R","M","R","T","NM","M","E","R","?","R","B",null,"M","M","$","?","M","E","M","E","T","M","R","?","E","$","R","B",null],"character_chosen":"THE_DUELIST","items_purchased":["theDuelist:MermailAbyssalacia","theDuelist:DepthShark","theDuelist:EagleShark","theDuelist:WaterHazard","theDuelist:HydraViper","HandDrill","Bronze Scales","StuffTheSpire:Gunfinga"],"campfire_rested":0,"item_purchase_floors":[0,0,0,10,10,10,37,37],"current_hp_per_floor":[63,63,63,63,62,62,41,36,36,51,47,47,47,47,47,54,70,70,70,70,70,70,70,70,70,70,70,70,43,43,75,75,75,75,57,54,69,69,62,42,44,48,48,50,50,50,52,67,67,65,65,65],"gold":120,"neow_bonus":"","is_daily":false,"chose_seed":false,"campfire_upgraded":7,"win_rate":0.0,"timestamp":1613807163,"path_taken":["M","M","M","?","?","E","?","E","T","$","M","E","?","M","R","BOSS","M","?","?","M","M","R","M","R","T","NM","M","E","R","?","R","BOSS","M","M","?","?","M","E","M","E","T","?","R","?","E","?","R","BOSS"],"items_purchased_type":["Card","Card","Card","Card","Card","Relic","Relic","Relic"],"build_version":"2020-12-22","purchased_purges":3,"victory":false,"max_hp_per_floor":[70,70,70,70,70,70,70,70,70,70,70,70,70,70,70,75,75,75,75,75,75,75,75,75,75,75,75,75,75,75,75,75,75,75,75,75,75,75,75,75,75,75,75,75,75,75,75,75,75,75,75,75],"card_choices":[{"not_picked":["theDuelist:SevenColoredFish","theDuelist:IslandTurtle","theDuelist:ImperialCustom","theDuelist:GraydleParasite"],"picked":"theDuelist:BoulderTortoise","floor":1},{"not_picked":["theDuelist:Dorover","theDuelist:FishRain","theDuelist:GraydleSlime","theDuelist:CallAtlanteans"],"picked":"theDuelist:GiantTurtle","floor":2},{"not_picked":["theDuelist:GishkiZielgigas","theDuelist:ColdWave","theDuelist:NightmarePenguin","theDuelist:AquaactressArowana"],"picked":"theDuelist:BigDesFrog","floor":3},{"not_picked":["theDuelist:DiamondDust","theDuelist:NightmarePenguin","theDuelist:WaterSpirit","theDuelist:CyberShark"],"picked":"theDuelist:Hyosube","floor":5},{"not_picked":["theDuelist:BoulderTortoise","theDuelist:EnchantingMermaid","theDuelist:CallAtlanteans","theDuelist:ImperialCustom"],"picked":"theDuelist:OhFish","floor":6},{"not_picked":["theDuelist:CallAtlanteans","theDuelist:SevenColoredFish","theDuelist:EnchantingMermaid","theDuelist:DeepseaShark"],"picked":"theDuelist:MermaidKnight","floor":8},{"not_picked":["theDuelist:BoulderTortoise","theDuelist:FishRain","theDuelist:CallAtlanteans","theDuelist:ArmoredStarfish"],"picked":"theDuelist:SwampFrog","floor":11},{"not_picked":["theDuelist:CannonballSpearShellfish","theDuelist:BoulderTortoise","theDuelist:BigWhale","theDuelist:LeviaDragon"],"picked":"theDuelist:GishkiMollusk","floor":12},{"not_picked":["theDuelist:GraydleDragon","theDuelist:FishRain","theDuelist:RageDeepSea","theDuelist:Boneheimer","theDuelist:SharkStickers"],"picked":"SKIP","floor":14},{"not_picked":["theDuelist:MermailAbyssalacia","theDuelist:LostBlueBreaker","theDuelist:GishkiPsychelone","theDuelist:AquaactressArowana"],"picked":"theDuelist:GamecieltheSeaTurtleKaiju","floor":16},{"not_picked":["theDuelist:AquaactressArowana","theDuelist:SplashCapture"],"picked":"theDuelist:MorayGreed","floor":17},{"not_picked":["Survey Options","theDuelist:ChrysalisDolphin"],"picked":"theDuelist:DupeFrog","floor":17},{"not_picked":["ReplayTheSpireMod:Chaos Vortex","infinitespire:SealOfDarkness+"],"picked":"infinitespire:SevenWalls","floor":17},{"not_picked":["Bash","Dualcast"],"picked":"theDuelist:RainbowKuribohBasic","floor":17},{"not_picked":["theDuelist:GishkiAvance","theDuelist:GraydleSlime+1","theDuelist:LeviairSeaDragon","theDuelist:Slushy+1"],"picked":"theDuelist:KoakiMeiruIce+1","floor":18},{"not_picked":["theDuelist:AbyssDweller","theDuelist:GraydleParasite","theDuelist:GiantRedSeasnake","theDuelist:ColdWave","theDuelist:LeviaDragon"],"picked":"SKIP","floor":19},{"not_picked":["theDuelist:GishkiAvance+1","theDuelist:Uminotaurus","theDuelist:LiquidBeast","theDuelist:CitadelWhale"],"picked":"theDuelist:AbyssSoldier","floor":21},{"not_picked":["theDuelist:CorrodingShark","theDuelist:GraydleParasite+1","theDuelist:KaiserSeaSnake","theDuelist:GiantRedSeasnake+1","theDuelist:DiamondDust"],"picked":"SKIP","floor":22},{"not_picked":["theDuelist:GilfordLegend","theDuelist:HammerShot","theDuelist:OneForOne+1","theDuelist:BarrierStatue","theDuelist:DeepDiver"],"picked":"SKIP","floor":24},{"not_picked":["theDuelist:LightningVortex","theDuelist:GilfordLegend","theDuelist:Ameba+1","theDuelist:BigEye","theDuelist:Salvage"],"picked":"SKIP","floor":27},{"not_picked":["theDuelist:LightningVortex","theDuelist:GilfordLegend","theDuelist:Ameba+1","theDuelist:BigEye","theDuelist:Salvage"],"picked":"SKIP","floor":27},{"not_picked":["theDuelist:WhiteAuraWhale","theDuelist:UnshavenAngler","theDuelist:Akihiron","theDuelist:AtlanteanHeavyInfantry"],"picked":"theDuelist:FishborgBlaster","floor":28},{"not_picked":["theDuelist:BigWhale","theDuelist:SpikedGillman","theDuelist:NightmarePenguin","theDuelist:AquaactressArowana"],"picked":"theDuelist:GiantPairfish","floor":29},{"not_picked":["theDuelist:TorrentialReborn+1","theDuelist:SeaLordAmulet","theDuelist:GamecieltheSeaTurtleKaiju","theDuelist:EvigishkiSoulOgre"],"picked":"theDuelist:FishborgArcher","floor":33},{"not_picked":["theDuelist:FishborgBlaster+1","theDuelist:Uminotaurus+1","theDuelist:SevenColoredFish","theDuelist:FrillerRabca+1"],"picked":"theDuelist:Unifrog","floor":35},{"not_picked":["theDuelist:GiantTurtle","theDuelist:ArmoredStarfish+1","theDuelist:KoakiMeiruIce","theDuelist:SpikedGillman"],"picked":"theDuelist:HydraViper+1","floor":36},{"not_picked":["theDuelist:LightningVortex","theDuelist:BattleOx+1","theDuelist:BlizzardDefender+1","theDuelist:HammerShot","theDuelist:SolemnStrike+1"],"picked":"SKIP","floor":39},{"not_picked":["theDuelist:SwampFrog","theDuelist:GraydleDragon","theDuelist:KoakiMeiruIce","theDuelist:GraydleAlligator","theDuelist:SharkStickers+1"],"picked":"SKIP","floor":40},{"not_picked":["theDuelist:BattleOx","theDuelist:GraydleImpact","theDuelist:MillenniumShield","theDuelist:SolemnStrike+1"],"picked":"theDuelist:SmashingGround","floor":41},{"not_picked":["theDuelist:DiamondDust+1","theDuelist:CallAtlanteans","theDuelist:LegendaryOcean","theDuelist:WaterHazard"],"picked":"theDuelist:Umi","floor":42},{"not_picked":["theDuelist:MermaidKnight+1","theDuelist:EagleShark","theDuelist:Dewdark+1","theDuelist:BoulderTortoise+1","theDuelist:AquaSpirit"],"picked":"SKIP","floor":44},{"not_picked":["theDuelist:CatapultTurtle+1","theDuelist:AegisOceanDragon+1","theDuelist:WaterHazard+1","theDuelist:SharkStickers+1"],"picked":"theDuelist:LegendaryOcean+1","floor":47},{"not_picked":["theDuelist:LostBlueBreaker","theDuelist:EvigishkiSoulOgre+1","theDuelist:DewlorenTigerKing","theDuelist:AquaactressArowana+1"],"picked":"theDuelist:MorayGreed","floor":50}],"player_experience":621240,"relics_obtained":[{"floor":6,"key":"Replay:Towering Pillar of Hats"},{"floor":8,"key":"Nunchaku"},{"floor":9,"key":"MealTicket"},{"floor":12,"key":"infinitespire:Satchel"},{"floor":26,"key":"theDuelist:ZoneToken"},{"floor":27,"key":"theDuelist:BoosterPackTrapEgg"},{"floor":29,"key":"Whetstone"},{"floor":40,"key":"theDuelist:DuelistUrn"},{"floor":42,"key":"PreservedInsect"},{"floor":43,"key":"Replay:Mystery Machine"},{"floor":47,"key":"ReplayFunnel"}],"event_choices":[{"damage_healed":0,"gold_gain":0,"player_choice":"Gave Potion","damage_taken":0,"relics_obtained":["MiniBlackHole"],"max_hp_gain":0,"max_hp_loss":0,"event_name":"WeMeetAgain","floor":4,"gold_loss":0},{"damage_healed":0,"gold_gain":0,"player_choice":"Entered Light","damage_taken":21,"max_hp_gain":0,"max_hp_loss":0,"event_name":"Shining Light","floor":7,"gold_loss":0,"cards_upgraded":["theDuelist:OhFish","theDuelist:CastleWalls"]},{"damage_healed":0,"gold_gain":0,"player_choice":"Purchased Friller Rabca for 43 Gold.","duelist":true,"damage_taken":0,"max_hp_gain":0,"max_hp_loss":0,"event_name":"Card Trader","floor":13,"gold_loss":0},{"damage_healed":0,"gold_gain":0,"player_choice":"Leave","duelist":true,"damage_taken":0,"max_hp_gain":0,"max_hp_loss":0,"event_name":"Tomb of the Nameless","floor":20,"gold_loss":0},{"cards_removed":["theDuelist:GishkiMollusk"],"damage_healed":32,"gold_gain":0,"player_choice":"Offered Uncommon","damage_taken":0,"max_hp_gain":0,"max_hp_loss":0,"event_name":"Bonfire Elementals","floor":31,"gold_loss":0},{"damage_healed":0,"gold_gain":0,"player_choice":"Rummage","damage_taken":0,"relics_obtained":["WarpedTongs"],"max_hp_gain":0,"max_hp_loss":0,"event_name":"Accursed Blacksmith","floor":38,"gold_loss":0,"cards_obtained":["Pain"]}],"is_beta":false,"boss_relics":[{"not_picked":["halation:MonkeysPaw","SlaversCollar"],"picked":"ReplayTheSpireMod:SealedPack"},{"not_picked":["halation:Yufonium","halation:CatFaceCupcake"],"picked":"Replay:Bronze Core"},{"not_picked":["theDuelist:ElectricKey","ReplayTheSpireMod:DimensionalGlitch"],"picked":"Honey Jar"}],"items_purged_floors":[0,37,48],"is_endless":true,"potions_floor_spawned":[2,5,8,12,18,22,24,29,33,35,42,44,47,50],"ascension_level":15}}