{"host":"yx5rao87132cy5xq","time":1613855707,"event":{"mods":["2.2 Compatiblity","AchievementEnabler","BaseMod","Bestiary","Colored Map","Colored Powertips","Minty Spire (QoL Compilation)","Quick Restart","Relic Stats","Slay-I","SuperFastMode"],"gold_per_floor":[110,125,138,152,302,635,28,54,105,173,1,21,59,84,84,171,171,191,116,137,137,137,167,167,196,196,222,238,275,275,275,275,361,361,389,418,445,445,35,35,35],"floor_reached":40,"language":"ENG","playtime":3415,"items_purged":["Strike_R","Strike_R+1"],"score":1045,"play_id":"6a2a8f61-f3f7-4f5a-bb87-9381ba462070","local_time":"20210220221507","is_ascension_mode":true,"campfire_choices":[{"data":"Demon Form","floor":15.0,"key":"SMITH"},{"data":"Heavy Blade","floor":24,"key":"SMITH"},{"data":"Dark Embrace","floor":30,"key":"SMITH"},{"data":"Shrug It Off","floor":32,"key":"SMITH"}],"circlet_count":0,"master_deck":["AscendersBane","Strike_R+1","Strike_R+1","Defend_R+1","Defend_R+1","Defend_R+1","Defend_R+1","Bash+1","Demon Form+1","Anger","Shrug It Off+1","Reckless Charge","Twin Strike","Heavy Blade+1","Rage","Dramatic Entrance","Entrench+1","Seeing Red+1","Flex+1","Infernal Blade+1","Limit Break+1","Burning Pact+1","Dark Embrace+1","Ghostly Armor+1","Shockwave+1","Immolate","Shrug It Off+1","True Grit+1","Armaments+1","Havoc+1","Blind+1"],"relics":["Burning Blood","Old Coin","Red Skull","Pen Nib","Toxic Egg 2","CeramicFish","Lee\u0027s Waffle","Anchor","SacredBark","Orichalcum","Du-Vu Doll","FossilizedHelix","NlothsMask","SlaversCollar"],"acts_visited":["Exordium","TheCity","TheBeyond"],"potions_floor_usage":[16,20,27,27,29,33,37,40],"damage_taken":[{"damage":7.0,"enemies":"Cultist","floor":1.0,"turns":4.0},{"damage":14.0,"enemies":"2 Louse","floor":2.0,"turns":3.0},{"damage":10.0,"enemies":"Small Slimes","floor":3.0,"turns":4.0},{"damage":9.0,"enemies":"Exordium Wildlife","floor":4.0,"turns":4.0},{"damage":32.0,"enemies":"Gremlin Nob","floor":6.0,"turns":4.0},{"damage":0.0,"enemies":"Lagavulin","floor":8.0,"turns":5.0},{"damage":11.0,"enemies":"Exordium Thugs","floor":12.0,"turns":3.0},{"damage":31.0,"enemies":"3 Sentries","floor":13.0,"turns":8.0},{"damage":13.0,"enemies":"Blue Slaver","floor":14.0,"turns":4.0},{"damage":41,"enemies":"Slime Boss","floor":16,"turns":7},{"damage":34,"enemies":"2 Thieves","floor":18,"turns":4},{"damage":24,"enemies":"Shell Parasite","floor":20,"turns":5},{"damage":29,"enemies":"Book of Stabbing","floor":23,"turns":4},{"damage":4,"enemies":"3 Cultists","floor":25,"turns":4},{"damage":33,"enemies":"Snecko","floor":27,"turns":6},{"damage":0,"enemies":"Snake Plant","floor":28,"turns":2},{"damage":0,"enemies":"Gremlin Leader","floor":29,"turns":3},{"damage":11,"enemies":"Champ","floor":33,"turns":7},{"damage":7,"enemies":"3 Shapes","floor":35,"turns":7},{"damage":57,"enemies":"3 Darklings","floor":36,"turns":10},{"damage":18,"enemies":"Jaw Worm Horde","floor":37,"turns":4},{"damage":12,"enemies":"Reptomancer","floor":40,"turns":2}],"seed_played":"4613833632576859022","potions_obtained":[{"floor":2.0,"key":"Dexterity Potion"},{"floor":3.0,"key":"CultistPotion"},{"floor":13.0,"key":"BloodPotion"},{"floor":14.0,"key":"SkillPotion"},{"floor":20,"key":"Block Potion"},{"floor":25,"key":"BloodPotion"},{"floor":28,"key":"Dexterity Potion"},{"floor":29,"key":"EssenceOfSteel"},{"floor":33,"key":"BlessingOfTheForge"},{"floor":36,"key":"Energy Potion"}],"is_trial":false,"path_per_floor":["M","M","M","M","?","E","$","E","T","?","$","M","E","M","R","B",null,"M","?","M","?","?","E","R","M","T","M","M","E","R","?","R","B",null,"M","M","M","?","$","E"],"character_chosen":"IRONCLAD","items_purchased":["Red Skull","Rage","DuplicationPotion","Dramatic Entrance","Pen Nib","Lee\u0027s Waffle","HeartOfIron","Havoc+1","Fire Potion","Blind+1"],"campfire_rested":0,"item_purchase_floors":[7,7,7,7,7,11,39,39,39,39],"current_hp_per_floor":[49,41,37,34,34,8,8,14,14,14,82,77,52,45,45,10,64,36,36,50,50,50,27,27,29,29,34,40,46,46,46,46,41,72,71,20,8,8,8,0,0],"gold":35,"neow_bonus":"THREE_RARE_CARDS","is_daily":false,"chose_seed":false,"campfire_upgraded":4,"win_rate":0.0,"timestamp":1613855707,"path_taken":["M","M","?","?","?","E","$","E","T","?","?","?","E","M","R","BOSS","M","?","M","?","?","E","R","M","T","M","?","E","R","?","R","BOSS","M","M","?","?","?","E"],"items_purchased_type":["Relic","Card","Potion","Card","Relic","Relic","Potion","Card","Potion","Card"],"build_version":"2020-12-22","purchased_purges":2,"victory":false,"max_hp_per_floor":[75,75,75,75,75,75,75,75,75,75,82,82,82,82,82,82,82,82,82,82,82,82,82,82,82,82,82,82,82,82,82,82,82,82,82,82,82,82,82,82,82],"relic_stats":{"Lee\u0027s Waffle":68,"counters":[22,104],"CeramicFish":126,"Pen Nib":[12],"Orichalcum":[30],"obtain_stats":[{"Lee\u0027s Waffle":11,"CeramicFish":9,"SacredBark":17,"Pen Nib":7,"Orichalcum":23,"Burning Blood":0,"Old Coin":6,"Du-Vu Doll":26,"SlaversCollar":34,"Anchor":13,"Toxic Egg 2":8,"Red Skull":7,"FossilizedHelix":29,"NlothsMask":31},{"Lee\u0027s Waffle":6,"CeramicFish":6,"SacredBark":10,"Pen Nib":5,"Orichalcum":13,"Burning Blood":0,"Old Coin":5,"Du-Vu Doll":14,"SlaversCollar":18,"Anchor":8,"Toxic Egg 2":6,"Red Skull":5,"FossilizedHelix":17,"NlothsMask":17},{"Lee\u0027s Waffle":24,"CeramicFish":24,"SacredBark":46,"Pen Nib":19,"Orichalcum":59,"Burning Blood":0,"Old Coin":19,"Du-Vu Doll":63,"SlaversCollar":81,"Anchor":35,"Toxic Egg 2":24,"Red Skull":19,"FossilizedHelix":74,"NlothsMask":74}],"Burning Blood":126},"card_choices":[{"not_picked":["Corruption","Juggernaut"],"picked":"Demon Form","floor":0.0},{"not_picked":["Infernal Blade","Searing Blow"],"picked":"Anger","floor":1.0},{"not_picked":["Body Slam","Dual Wield"],"picked":"Shrug It Off","floor":2.0},{"not_picked":["Havoc","Blood for Blood"],"picked":"Reckless Charge","floor":3.0},{"not_picked":["Clothesline","Entrench"],"picked":"Twin Strike","floor":4.0},{"not_picked":["Brutality","True Grit"],"picked":"Heavy Blade","floor":6.0},{"not_picked":["Pommel Strike","Hemokinesis"],"picked":"Entrench+1","floor":8.0},{"not_picked":["Clothesline","Heavy Blade"],"picked":"Seeing Red+1","floor":12.0},{"not_picked":["Anger","Body Slam"],"picked":"Flex+1","floor":13.0},{"not_picked":["Headbutt","Iron Wave"],"picked":"Infernal Blade+1","floor":14.0},{"not_picked":["Feed","Corruption"],"picked":"Limit Break+1","floor":16},{"not_picked":["Headbutt","Pommel Strike","Perfected Strike"],"picked":"SKIP","floor":18},{"not_picked":["Twin Strike","Uppercut"],"picked":"Burning Pact+1","floor":20},{"not_picked":["Fire Breathing","Dropkick","Anger+1"],"picked":"SKIP","floor":23},{"not_picked":["Reckless Charge","Clothesline"],"picked":"Dark Embrace","floor":25},{"not_picked":["Bloodletting+1","Pummel"],"picked":"Ghostly Armor+1","floor":27},{"not_picked":["Clash","Dropkick","Reckless Charge"],"picked":"SKIP","floor":28},{"not_picked":["Evolve","Pummel"],"picked":"Shockwave+1","floor":29},{"not_picked":["Bludgeon","Exhume+1"],"picked":"Immolate","floor":33},{"not_picked":["True Grit+1","Pummel+1"],"picked":"Shrug It Off+1","floor":35},{"not_picked":["Bludgeon","Intimidate+1"],"picked":"True Grit+1","floor":36},{"not_picked":["Clash+1","Perfected Strike+1"],"picked":"Armaments+1","floor":37}],"player_experience":1072549,"relics_obtained":[{"floor":6.0,"key":"Old Coin"},{"floor":8.0,"key":"Toxic Egg 2"},{"floor":9.0,"key":"CeramicFish"},{"floor":13.0,"key":"Anchor"},{"floor":23,"key":"Orichalcum"},{"floor":26,"key":"Du-Vu Doll"},{"floor":29,"key":"FossilizedHelix"}],"event_choices":[{"damage_healed":0.0,"max_hp_gain":0.0,"max_hp_loss":0.0,"gold_gain":150.0,"event_name":"Liars Game","player_choice":"AGREE","floor":5.0,"gold_loss":0.0,"damage_taken":0.0,"cards_obtained":["Doubt"]},{"damage_healed":0.0,"max_hp_gain":0.0,"max_hp_loss":0.0,"gold_gain":68.0,"event_name":"Golden Wing","player_choice":"Gained Gold","floor":10.0,"gold_loss":0.0,"damage_taken":0.0},{"cards_removed":["Strike_R"],"damage_healed":0,"gold_gain":0,"player_choice":"Gave Gold","damage_taken":0,"max_hp_gain":0,"max_hp_loss":0,"event_name":"Beggar","floor":19,"gold_loss":75},{"damage_healed":0,"gold_gain":0,"player_choice":"Simplicity","damage_taken":0,"max_hp_gain":0,"max_hp_loss":0,"event_name":"Back to Basics","floor":21,"gold_loss":0,"cards_upgraded":["Strike_R","Strike_R","Strike_R","Defend_R","Defend_R","Defend_R","Defend_R"]},{"cards_removed":["Doubt"],"damage_healed":0,"gold_gain":0,"player_choice":"Removed Curses","damage_taken":0,"max_hp_gain":0,"max_hp_loss":0,"event_name":"Fountain of Cleansing","floor":22,"gold_loss":0},{"damage_healed":0,"gold_gain":0,"player_choice":"Trade","damage_taken":0,"relics_obtained":["NlothsMask"],"max_hp_gain":0,"max_hp_loss":0,"event_name":"FaceTrader","floor":31,"gold_loss":0},{"damage_healed":0,"gold_gain":0,"player_choice":"Upgraded","damage_taken":0,"max_hp_gain":0,"max_hp_loss":0,"event_name":"Upgrade Shrine","floor":38,"gold_loss":0,"cards_upgraded":["Bash"]}],"is_beta":false,"boss_relics":[{"not_picked":["Empty Cage","Snecko Eye"],"picked":"SacredBark"},{"not_picked":["Runic Cube","Pandora\u0027s Box"],"picked":"SlaversCollar"}],"items_purged_floors":[7,39],"is_endless":false,"potions_floor_spawned":[2,3,4,13,14,20,25,28,29,33,36],"killed_by":"Reptomancer","ascension_level":19}}