{"host":"p9q74vb8s4iwn3bs","time":1613832539,"event":{"mods":["AchievementEnabler","BaseMod","Marisa£¨Ùöéë¡¡Øª×âÞÞ£©","Minty Spire (QoL Compilation)","StSLib","SuperFastMode"],"gold_per_floor":[118,128,128,148,166,192,192,209,233,183,212,68,90,116,116,223,223,247,247,247,259,272,272,272,272],"floor_reached":24,"language":"KOR","playtime":1599,"items_purged":[],"score":210,"play_id":"2af57162-d71f-40a6-a8e3-32afcdc4b5c5","local_time":"20210220234859","is_ascension_mode":false,"campfire_choices":[{"data":"DeepEcoloBomb","floor":7.0,"key":"SMITH"},{"floor":15.0,"key":"REST"},{"data":"DarkMatter","floor":23,"key":"SMITH"}],"circlet_count":0,"master_deck":["Strike_MRS","Strike_MRS","Strike_MRS","Defend_MRS","Defend_MRS","Defend_MRS","Defend_MRS","MasterSpark","UpSweep+1","GrandCross","DarkSpark+1","DeepEcoloBomb+1","DragonMeteor","DarkMatter+1","SporeBomb","CasketOfStar","EventHorizon","BigCrunch","PulseMagic+1"],"relics":["MiniHakkero","NeowsBlessing","Omamori","CeramicFish","Potion Belt","Regal Pillow","SacredBark","Kunai"],"acts_visited":["Exordium","TheCity"],"potions_floor_usage":[],"damage_taken":[{"damage":0.0,"enemies":"Small Slimes","floor":1.0,"turns":1.0},{"damage":0.0,"enemies":"Jaw Worm","floor":2.0,"turns":1.0},{"damage":0.0,"enemies":"2 Louse","floor":4.0,"turns":1.0},{"damage":18.0,"enemies":"Exordium Wildlife","floor":5.0,"turns":3.0},{"damage":16.0,"enemies":"3 Sentries","floor":6.0,"turns":6.0},{"damage":5.0,"enemies":"Lots of Slimes","floor":8.0,"turns":2.0},{"damage":8.0,"enemies":"Gremlin Nob","floor":11.0,"turns":3.0},{"damage":7.0,"enemies":"Blue Slaver","floor":13.0,"turns":3.0},{"damage":4.0,"enemies":"Exordium Wildlife","floor":14.0,"turns":3.0},{"damage":29,"enemies":"Slime Boss","floor":16,"turns":7},{"damage":18,"enemies":"Shell Parasite","floor":18,"turns":5},{"damage":0,"enemies":"Chosen","floor":21,"turns":4},{"damage":13,"enemies":"Snecko","floor":22,"turns":4},{"damage":44,"enemies":"Centurion and Healer","floor":24,"turns":5}],"seed_played":"-6655383605296736845","potions_obtained":[{"floor":1.0,"key":"SkillPotion"},{"floor":5.0,"key":"Swift Potion"},{"floor":8.0,"key":"Strength Potion"},{"floor":16,"key":"Dexterity Potion"},{"floor":21,"key":"BottledSpark"}],"is_trial":false,"path_per_floor":["M","M","?","M","M","E","R","M","T","?","E","$","M","M","R","B",null,"M","?","T","M","M","R","M"],"character_chosen":"MARISA","items_purchased":["Regal Pillow"],"campfire_rested":1,"item_purchase_floors":[12],"current_hp_per_floor":[75,75,60,60,42,26,26,21,21,21,13,13,6,2,39,10,75,57,57,57,57,44,44,0,0],"gold":272,"neow_bonus":"THREE_ENEMY_KILL","is_daily":false,"chose_seed":false,"campfire_upgraded":2,"win_rate":0.0,"timestamp":1613832539,"path_taken":["M","M","?","M","M","E","R","M","T","?","E","?","M","M","R","BOSS","M","?","?","M","M","R","M"],"items_purchased_type":["Relic"],"build_version":"2020-12-22","purchased_purges":0,"victory":false,"max_hp_per_floor":[75,75,75,75,75,75,75,75,75,75,75,75,75,75,75,75,75,75,75,75,75,75,75,75,75],"card_choices":[{"not_picked":["SprinkleStarSeal","GalacticHalo"],"picked":"GrandCross","floor":1.0},{"not_picked":["GrandCross","6A"],"picked":"DarkSpark","floor":2.0},{"not_picked":["WitchLeyline","MilkyWay"],"picked":"DeepEcoloBomb","floor":4.0},{"not_picked":["AsteroidBelt","SporeBomb"],"picked":"DragonMeteor","floor":5.0},{"not_picked":["WitchLeyline","CollectingQuirk"],"picked":"DarkMatter","floor":6.0},{"not_picked":["MagicChant","Acceleration"],"picked":"SporeBomb","floor":8.0},{"not_picked":["DC","Acceleration","MagicChant"],"picked":"SKIP","floor":11.0},{"not_picked":["LuminesStrike","GravityBeat"],"picked":"CasketOfStar","floor":13.0},{"not_picked":["SprinkleStarSeal","StarlightTyphoon"],"picked":"EventHorizon","floor":14.0},{"not_picked":["StarDustReverie","BlazingStar"],"picked":"BigCrunch","floor":16},{"not_picked":["IllusionStar","DeepEcoloBomb+1"],"picked":"PulseMagic+1","floor":18},{"not_picked":["IllusionStar","DarkMatter","LuminesStrike"],"picked":"SKIP","floor":21},{"not_picked":["GasGiant","GravityBeat+1","ShootingEcho+1"],"picked":"SKIP","floor":22}],"player_experience":291230,"relics_obtained":[{"floor":6.0,"key":"Omamori"},{"floor":9.0,"key":"CeramicFish"},{"floor":11.0,"key":"Potion Belt"},{"floor":20,"key":"Kunai"}],"event_choices":[{"damage_healed":0.0,"max_hp_gain":0.0,"max_hp_loss":0.0,"gold_gain":0.0,"event_name":"Shining Light","player_choice":"Entered Light","floor":3.0,"gold_loss":0.0,"damage_taken":15.0,"cards_upgraded":["UpSweep","DarkSpark"]},{"cards_removed":["Strike_MRS"],"damage_healed":0.0,"max_hp_gain":0.0,"max_hp_loss":0.0,"gold_gain":0.0,"event_name":"The Cleric","player_choice":"Card Removal","floor":10.0,"gold_loss":50.0,"damage_taken":0.0},{"damage_healed":0,"gold_gain":0,"player_choice":"Ignored","damage_taken":0,"max_hp_gain":0,"max_hp_loss":0,"event_name":"Ghosts","floor":19,"gold_loss":0}],"is_beta":false,"boss_relics":[{"not_picked":["Calling Bell","Fusion Hammer"],"picked":"SacredBark"}],"items_purged_floors":[],"is_endless":false,"potions_floor_spawned":[1,5,8,16,21],"killed_by":"Centurion and Healer","ascension_level":0}}