{"host":"snd6571rw3150vxe","time":1613779536,"event":{"mods":["AchievementEnabler","BaseMod","Bestiary","Colored Powertips","Highlight Path","Minty Spire (QoL Compilation)","Quick Restart","Random Character Button","Relic Stats","StSLib","slay the spire mod where everything is the same but ironclad has a cowboy hat"],"gold_per_floor":[115,129,129,129,54,54,86,86,109,109,124,124,124,139,139,244,294,312,237,137,150,150,150],"floor_reached":22,"language":"ENG","playtime":1275,"items_purged":["Strike_R","Strike_R+1"],"score":182,"play_id":"682c1e65-3535-4357-89ca-42305500bd2e","local_time":"20210220020536","is_ascension_mode":false,"campfire_choices":[{"data":"Bash","floor":6,"key":"SMITH"},{"floor":8,"key":"REST"},{"data":"Strike_R","floor":10,"key":"SMITH"},{"data":"Strike_R","floor":15,"key":"SMITH"}],"circlet_count":0,"master_deck":["Strike_R+1","Strike_R+1","Defend_R","Bash+1","Intimidate"],"relics":["Burning Blood","Nunchaku","Self Forming Clay","Dream Catcher","Tiny House"],"acts_visited":["Exordium","TheCity"],"potions_floor_usage":[7,16,16],"damage_taken":[{"damage":6,"enemies":"2 Louse","floor":1,"turns":4},{"damage":4,"enemies":"Cultist","floor":2,"turns":4},{"damage":31,"enemies":"Lagavulin","floor":7,"turns":5},{"damage":0,"enemies":"Small Slimes","floor":11,"turns":2},{"damage":4,"enemies":"Red Slaver","floor":14,"turns":4},{"damage":72,"enemies":"Slime Boss","floor":16,"turns":16},{"damage":28,"enemies":"2 Thieves","floor":18,"turns":5},{"damage":46,"enemies":"3 Byrds","floor":21,"turns":7}],"seed_played":"1768719024456173918","potions_obtained":[{"floor":1,"key":"BlessingOfTheForge"},{"floor":2,"key":"SteroidPotion"},{"floor":7,"key":"Dexterity Potion"},{"floor":11,"key":"Energy Potion"},{"floor":17,"key":"PowerPotion"},{"floor":21,"key":"GamblersBrew"}],"is_trial":false,"path_per_floor":["M","M","?","?","$","R","E","R","T","R","M","?","?","M","R","B",null,"M","?","$","M","$"],"character_chosen":"IRONCLAD","items_purchased":[],"campfire_rested":1,"item_purchase_floors":[],"current_hp_per_floor":[80,80,80,80,80,80,55,79,79,79,80,73,73,75,75,9,85,63,63,63,23,23,23],"gold":150,"neow_bonus":"RANDOM_COMMON_RELIC","is_daily":false,"chose_seed":false,"campfire_upgraded":3,"win_rate":0.0,"timestamp":1613779536,"path_taken":["M","M","?","?","$","R","E","R","T","R","?","?","?","?","R","BOSS","M","?","$","M","$"],"items_purchased_type":[],"build_version":"2020-12-22","purchased_purges":2,"victory":false,"max_hp_per_floor":[80,80,80,80,80,80,80,80,80,80,80,80,80,80,80,80,85,85,85,85,85,85,85],"relic_stats":{"Nunchaku":[8],"Dream Catcher":0,"counters":[8,47],"Self Forming Clay":[72],"obtain_stats":[{"Nunchaku":0,"Dream Catcher":9,"Tiny House":17,"Self Forming Clay":7,"Burning Blood":0},{"Nunchaku":0,"Dream Catcher":3,"Tiny House":6,"Self Forming Clay":3,"Burning Blood":0},{"Nunchaku":0,"Dream Catcher":13,"Tiny House":35,"Self Forming Clay":13,"Burning Blood":0}],"Burning Blood":41},"card_choices":[{"not_picked":["Combust","True Grit","Iron Wave"],"picked":"SKIP","floor":1},{"not_picked":["Warcry","Wild Strike","Power Through"],"picked":"SKIP","floor":2},{"not_picked":["Infernal Blade","Shockwave","Clothesline"],"picked":"SKIP","floor":7},{"not_picked":["Sever Soul","Armaments","Evolve"],"picked":"SKIP","floor":11},{"not_picked":["Seeing Red","Shockwave","Whirlwind"],"picked":"SKIP","floor":14},{"not_picked":["Combust","Dual Wield","Thunderclap"],"picked":"SKIP","floor":18},{"not_picked":["Carnage+1","Twin Strike+1","Flex+1"],"picked":"SKIP","floor":21}],"player_experience":370902,"relics_obtained":[{"floor":7,"key":"Self Forming Clay"},{"floor":9,"key":"Dream Catcher"}],"event_choices":[{"cards_removed":["Defend_R"],"damage_healed":0,"gold_gain":0,"player_choice":"Forget","damage_taken":0,"max_hp_gain":0,"max_hp_loss":0,"event_name":"Living Wall","floor":3,"gold_loss":0},{"damage_healed":0,"gold_gain":0,"player_choice":"0 cards matched","damage_taken":0,"max_hp_gain":0,"max_hp_loss":0,"event_name":"Match and Keep!","floor":4,"gold_loss":0,"cards_obtained":[]},{"cards_removed":["Defend_R"],"damage_healed":0,"gold_gain":0,"player_choice":"Card Removal","damage_taken":7,"max_hp_gain":0,"max_hp_loss":0,"event_name":"Golden Wing","floor":12,"gold_loss":0},{"damage_healed":0,"gold_gain":0,"cards_transformed":["Strike_R"],"player_choice":"Transformed","damage_taken":0,"max_hp_gain":0,"max_hp_loss":0,"event_name":"Transmorgrifier","floor":13,"gold_loss":0,"cards_obtained":["Intimidate"]},{"cards_removed":["Defend_R"],"damage_healed":0,"gold_gain":0,"player_choice":"Gave Gold","damage_taken":0,"max_hp_gain":0,"max_hp_loss":0,"event_name":"Beggar","floor":19,"gold_loss":75}],"is_beta":false,"boss_relics":[{"not_picked":["Astrolabe","Sozu"],"picked":"Tiny House"}],"items_purged_floors":[5,20],"is_endless":false,"potions_floor_spawned":[1,2,7,11,21],"ascension_level":0}}