{"host":"65kd51pn5ju73m7v","time":1613852134,"event":{"mods":["BaseMod","BetterRewards","Colored Powertips","Minty Spire (QoL Compilation)","StSLib","The Animator"],"gold_per_floor":[128,128,138,138,138,138,163,163,463,463,486,182,202,229,229,326,351,371,371,381,321,10,10,23,23,48,58,134,159,219,230,230,331,356,385,385,295,311,328,328,328,328,353,353,48,48,48,48,48,48],"floor_reached":51,"language":"ENG","playtime":2606,"items_purged":[],"score":831,"play_id":"53f0b2f9-daae-486c-8086-bd4993244a2b","local_time":"20210220201534","is_ascension_mode":false,"campfire_choices":[{"data":"animator:Layla","floor":6.0,"key":"SMITH"},{"floor":8.0,"key":"REST"},{"floor":15.0,"key":"REST"},{"data":"animator:LimeBell","floor":23.0,"key":"SMITH"},{"floor":25.0,"key":"REST"},{"floor":32.0,"key":"REST"},{"data":"animator:Albedo","floor":40,"key":"SMITH"},{"data":"animator:LimeBell","floor":46,"key":"SMITH"},{"data":"animator:Kuroyukihime","floor":49,"key":"SMITH"}],"circlet_count":0,"master_deck":["animator:Strike_AccelWorld","animator:Defend_AccelWorld","animator:Defend","animator:Defend","animator:Kuroyukihime+1","animator:Layla+1","animator:Entoma","animator:ShinjiMatou","animator:PandorasActor","animator:KrulTepes","animator:Verdia+1","animator:Albedo+1","animator:Gilgamesh+8","animator:TakanashiRikka","animator:Shalltear+1","animator:Cocytus+1","animator:ShinjiMatou","animator:Shigure+1","animator:ChaikaTrabant","animator:Verdia","animator:Mikaela+1","animator:LimeBell+1"],"relics":["animator:LivingPicture","animator:TheMissingPiece","Paper Crane","Blue Candle","Old Coin","Boot","Orrery","Mark of Pain","Art of War","Juzu Bracelet","White Beast Statue","Vajra","Enchiridion","Charon\u0027s Ashes","SacredBark","Letter Opener","animator:ShionDessert","Bag of Preparation"],"acts_visited":["Exordium","TheCity","TheBeyond"],"potions_floor_usage":[39,39,39,50,50],"damage_taken":[{"damage":6.0,"enemies":"Jaw Worm","floor":1.0,"turns":4.0},{"damage":5.0,"enemies":"Small Slimes","floor":3.0,"turns":4.0},{"damage":23.0,"enemies":"Lagavulin","floor":7.0,"turns":5.0},{"damage":0.0,"enemies":"Cultist","floor":11.0,"turns":3.0},{"damage":2.0,"enemies":"Exordium Wildlife","floor":13.0,"turns":4.0},{"damage":6.0,"enemies":"Red Slaver","floor":14.0,"turns":2.0},{"damage":0.0,"enemies":"The Guardian","floor":16.0,"turns":7.0},{"damage":11.0,"enemies":"2 Thieves","floor":18.0,"turns":4.0},{"damage":0.0,"enemies":"Chosen","floor":20.0,"turns":4.0},{"damage":30.0,"enemies":"Centurion and Healer","floor":24.0,"turns":11.0},{"damage":19.0,"enemies":"Chosen and Byrds","floor":27.0,"turns":8.0},{"damage":2.0,"enemies":"Gremlin Leader","floor":28.0,"turns":4.0},{"damage":2.0,"enemies":"animator:HornedBat","floor":30.0,"turns":4.0},{"damage":8.0,"enemies":"Snake Plant","floor":31.0,"turns":3.0},{"damage":0.0,"enemies":"Automaton","floor":33.0,"turns":10.0},{"damage":0.0,"enemies":"3 Shapes","floor":35.0,"turns":4.0},{"damage":0,"enemies":"Orb Walker","floor":38,"turns":4},{"damage":0,"enemies":"Maw","floor":39,"turns":7},{"damage":55,"enemies":"Awakened One","floor":50,"turns":16}],"seed_played":"9060635846812160065","potions_obtained":[{"floor":7.0,"key":"Fruit Juice"},{"floor":11.0,"key":"PowerPotion"},{"floor":13.0,"key":"Fire Potion"},{"floor":18.0,"key":"AttackPotion"},{"floor":24.0,"key":"Fire Potion"},{"floor":27.0,"key":"LiquidMemories"},{"floor":28.0,"key":"SmokeBomb"},{"floor":30.0,"key":"SneckoOil"},{"floor":31.0,"key":"Block Potion"},{"floor":33.0,"key":"PowerPotion"},{"floor":35.0,"key":"EntropicBrew"},{"floor":38,"key":"SpeedPotion"},{"floor":48,"key":"Strength Potion"}],"is_trial":false,"path_per_floor":["M","?","M","?","?","R","E","R","T","?","M","$","M","M","R","B",null,"M","?","M","?","$","R","M","R","T","M","E","?","E","M","R","B",null,"M","?","?","M","M","R","?","?","T","?","$","R","$","?","R","B",null],"character_chosen":"THE_ANIMATOR","items_purchased":["Boot","Orrery","animator:TakanashiRikka","Juzu Bracelet","animator:ShionDessert","Bag of Preparation"],"campfire_rested":4,"item_purchase_floors":[12,12,22,22,45,45],"current_hp_per_floor":[60,53,48,30,30,30,12,33,33,33,33,34,32,26,47,48,73,62,62,62,62,62,62,33,55,55,36,34,18,16,8,30,30,74,74,70,70,70,70,70,70,70,70,70,70,70,70,70,70,15],"gold":48,"neow_bonus":"TRANSFORM_CARD","is_daily":false,"chose_seed":false,"campfire_upgraded":5,"win_rate":0.0,"timestamp":1613852134,"path_taken":["M","?","M","?","?","R","E","R","T","?","M","$","?","M","R","BOSS","M","?","?","?","$","R","M","R","T","M","E","?","E","M","R","BOSS","M","?","?","M","M","R","?","?","T","?","$","R","?","?","R","BOSS"],"items_purchased_type":["Relic","Relic","Card","Relic","Relic","Relic"],"build_version":"2020-12-22","purchased_purges":0,"victory":true,"max_hp_per_floor":[66,66,66,66,66,66,71,71,71,71,71,72,72,72,72,73,73,73,73,73,73,73,73,74,74,74,74,74,74,74,74,74,74,74,74,70,70,70,70,70,70,70,70,70,70,70,70,70,70,70],"card_choices":[{"not_picked":["animator:Assassin","animator:Guy"],"picked":"animator:Entoma","floor":1.0},{"not_picked":["animator:CowGirl","animator:Spearman","animator:Kuribayashi"],"picked":"SKIP","floor":3.0},{"not_picked":["animator:ItamiYouji","animator:Bozes","animator:Lancer"],"picked":"SKIP","floor":7.0},{"not_picked":["animator:Rider","animator:Alexander"],"picked":"animator:ShinjiMatou","floor":11.0},{"not_picked":["animator:Shalltear","animator:Yoichi"],"picked":"animator:PandorasActor","floor":12.0},{"not_picked":["animator:CrowleyEusford","animator:Alexander"],"picked":"animator:KrulTepes","floor":12.0},{"not_picked":["animator:Megumin","animator:Kuribayashi"],"picked":"animator:Verdia","floor":12.0},{"not_picked":["animator:Evileye","animator:Illya","animator:Shigure"],"picked":"SKIP","floor":13.0},{"not_picked":["animator:PandorasActor","animator:LizardPriest"],"picked":"animator:Albedo","floor":14.0},{"not_picked":["animator:Ainz","animator:SwordMaiden"],"picked":"animator:Gilgamesh","floor":16.0},{"not_picked":["animator:Cocytus","animator:Tyuule","animator:SakuraMatou"],"picked":"SKIP","floor":18.0},{"not_picked":["animator:Gillette","animator:Tyuule"],"picked":"animator:Shalltear+1","floor":24.0},{"not_picked":["animator:Illya","animator:Verdia","animator:GuildGirl"],"picked":"SKIP","floor":27.0},{"not_picked":["animator:CrowleyEusford","animator:Ainz"],"picked":"animator:Cocytus+1","floor":28.0},{"not_picked":["animator:Rider","animator:Alexander"],"picked":"animator:ShinjiMatou","floor":30.0},{"not_picked":["animator:ShinjiMatou","animator:ChaikaBohdan"],"picked":"animator:Shigure+1","floor":31.0},{"not_picked":["animator:PinaCoLada","animator:Eris"],"picked":"animator:ChaikaTrabant","floor":33.0},{"not_picked":["animator:AcuraAkari+1","animator:ChaikaBohdan+1"],"picked":"animator:Verdia","floor":35.0},{"not_picked":["animator:RoryMercury+1","animator:Spearman"],"picked":"animator:Mikaela+1","floor":38},{"not_picked":["animator:QuestionMark","animator:MisakiNakahara"],"picked":"animator:LimeBell","floor":44}],"player_experience":426061,"relics_obtained":[{"floor":7.0,"key":"Blue Candle"},{"floor":9.0,"key":"Old Coin"},{"floor":26.0,"key":"White Beast Statue"},{"floor":28.0,"key":"Vajra"},{"floor":29.0,"key":"Enchiridion"},{"floor":30.0,"key":"Charon\u0027s Ashes"},{"floor":43,"key":"Letter Opener"}],"event_choices":[{"cards_removed":["animator:Defend"],"damage_healed":0.0,"max_hp_gain":0.0,"max_hp_loss":0.0,"gold_gain":0.0,"event_name":"Golden Wing","player_choice":"Card Removal","floor":2.0,"gold_loss":0.0,"damage_taken":7.0},{"damage_healed":0.0,"max_hp_gain":0.0,"max_hp_loss":0.0,"gold_gain":0.0,"event_name":"Scrap Ooze","player_choice":"Success","floor":4.0,"gold_loss":0.0,"damage_taken":18.0,"relics_obtained":["Paper Crane"]},{"damage_healed":0.0,"max_hp_gain":0.0,"max_hp_loss":0.0,"gold_gain":0.0,"event_name":"Shining Light","player_choice":"Ignored","floor":5.0,"gold_loss":0.0,"damage_taken":0.0},{"damage_healed":0.0,"max_hp_gain":0.0,"max_hp_loss":0.0,"gold_gain":0.0,"event_name":"Match and Keep!","player_choice":"0 cards matched","floor":10.0,"gold_loss":0.0,"damage_taken":0.0,"cards_obtained":[]},{"cards_removed":["animator:Strike"],"damage_healed":0.0,"max_hp_gain":0.0,"max_hp_loss":0.0,"gold_gain":0.0,"event_name":"Wheel of Change","player_choice":"Card Removal","floor":19.0,"gold_loss":0.0,"damage_taken":0.0},{"damage_healed":0.0,"max_hp_gain":0.0,"max_hp_loss":0.0,"gold_gain":0.0,"event_name":"Addict","player_choice":"Obtained Relic","floor":21.0,"gold_loss":85.0,"damage_taken":0.0,"relics_obtained":["Art of War"]},{"damage_healed":0.0,"max_hp_gain":0.0,"max_hp_loss":0.0,"gold_gain":0.0,"event_name":"Cursed Tome","player_choice":"Obtained Book","floor":29.0,"gold_loss":0.0,"damage_taken":16.0},{"damage_healed":0.0,"max_hp_gain":0.0,"max_hp_loss":4.0,"gold_gain":0.0,"event_name":"Winding Halls","player_choice":"Max HP","floor":36.0,"gold_loss":0.0,"damage_taken":0.0},{"cards_removed":["animator:Strike"],"damage_healed":0.0,"max_hp_gain":0.0,"max_hp_loss":0.0,"gold_gain":0.0,"event_name":"Designer","player_choice":"Upgrade and Remove","floor":37.0,"gold_loss":90.0,"damage_taken":0.0,"cards_upgraded":["animator:Verdia"]},{"damage_healed":0,"gold_gain":0,"player_choice":"Ignored","damage_taken":0,"max_hp_gain":0,"max_hp_loss":0,"event_name":"Tomb of Lord Red Mask","floor":41,"gold_loss":0},{"cards_removed":["animator:LimeBell"],"damage_healed":0,"gold_gain":0,"player_choice":"Removed Skill","damage_taken":0,"max_hp_gain":0,"max_hp_loss":0,"event_name":"Falling","floor":42,"gold_loss":0},{"damage_healed":0,"gold_gain":0,"player_choice":"Memory 1","damage_taken":0,"max_hp_gain":0,"max_hp_loss":0,"event_name":"SensoryStone","floor":44,"gold_loss":0},{"damage_healed":0,"gold_gain":0,"player_choice":"Got Potions","damage_taken":0,"max_hp_gain":0,"max_hp_loss":0,"event_name":"Lab","floor":48,"gold_loss":0}],"is_beta":false,"boss_relics":[{"not_picked":["Empty Cage","Black Star"],"picked":"Mark of Pain"},{"not_picked":["Fusion Hammer","animator:RacePiece"],"picked":"SacredBark"}],"items_purged_floors":[],"is_endless":false,"potions_floor_spawned":[7,11,13,18,24,27,28,30,31,33,35,38,39],"ascension_level":0}}