{"host":"88hg6ocvqrqxrx5h","time":1613814795,"event":{"mods":["2.2 Compatiblity","BaseMod","Bestiary","Block Reminder","Colored Map","DeckTracker","Highlight Path","Minty Spire (QoL Compilation)","Relic Stats","Unceasing Turn Reminder","slay the spire mod where everything is the same but ironclad has a cowboy hat"],"gold_per_floor":[117,117,117,117,117,117,157,11,11,11,29,29,64,79,79,200,200,194,212,236,236,145,145,145],"floor_reached":23,"language":"ENG","playtime":846,"items_purged":["Strike_R"],"score":311,"play_id":"f8bf7093-680d-4754-84d2-80a33e3fdab3","local_time":"20210220015315","is_ascension_mode":true,"campfire_choices":[{"floor":6.0,"key":"REST"},{"floor":10.0,"key":"REST"},{"data":"Flame Barrier","floor":12.0,"key":"SMITH"},{"floor":15.0,"key":"REST"}],"circlet_count":0,"master_deck":["Strike_R+1","Strike_R","Strike_R","Strike_R","Defend_R","Defend_R","Defend_R+1","Defend_R","Bash","Thunderclap","Regret","Flame Barrier+1","Power Through","Pommel Strike","Metallicize","Evolve","True Grit","Feed","Burning Pact","Body Slam","Barricade","Necronomicurse","Inflame"],"relics":["Burning Blood","NeowsBlessing","Matryoshka","Golden Idol","Kunai","Dream Catcher","Bag of Marbles","Smiling Mask","Turnip","Bottled Flame","Sozu","Necronomicon"],"acts_visited":["Exordium","TheCity"],"potions_floor_usage":[],"damage_taken":[{"damage":0.0,"enemies":"Small Slimes","floor":1.0,"turns":1.0},{"damage":0.0,"enemies":"Gremlin Nob","floor":7.0,"turns":1.0},{"damage":0.0,"enemies":"Jaw Worm","floor":11.0,"turns":1.0},{"damage":20.0,"enemies":"3 Sentries","floor":13.0,"turns":8.0},{"damage":6.0,"enemies":"2 Louse","floor":14.0,"turns":3.0},{"damage":66.0,"enemies":"The Guardian","floor":16.0,"turns":17.0},{"damage":20.0,"enemies":"2 Thieves","floor":18.0,"turns":4.0},{"damage":15,"enemies":"Spheric Guardian","floor":19,"turns":7},{"damage":33,"enemies":"Snecko","floor":20,"turns":9},{"damage":0,"enemies":"Book of Stabbing","floor":23,"turns":2}],"seed_played":"-5647767888173004443","potions_obtained":[{"floor":11.0,"key":"SteroidPotion"},{"floor":14.0,"key":"Dexterity Potion"}],"is_trial":false,"path_per_floor":["M","?","?","?","?","R","E","$","T","R","M","R","E","M","R","B",null,"M","M","M","?","$","E"],"character_chosen":"IRONCLAD","items_purchased":["Bag of Marbles","Inflame"],"campfire_rested":3,"item_purchase_floors":[8,22],"current_hp_per_floor":[78,78,58,42,9,33,39,39,39,63,69,69,55,55,79,19,65,54,48,24,8,8,8,8],"gold":145,"neow_bonus":"THREE_ENEMY_KILL","is_daily":false,"chose_seed":false,"campfire_upgraded":1,"win_rate":0.0,"timestamp":1613814795,"path_taken":["M","?","?","?","?","R","E","$","T","R","M","R","E","M","R","BOSS","M","M","M","?","$","E"],"items_purchased_type":["Relic","Card"],"build_version":"2020-12-22","purchased_purges":1,"victory":false,"max_hp_per_floor":[80,80,80,80,80,80,80,80,80,80,80,80,80,80,80,80,80,83,86,89,89,89,89,89],"relic_stats":{"Sozu":2,"Dream Catcher":2,"counters":[10,53],"Golden Idol":60,"Turnip":[5],"Necronomicon":[0],"Kunai":[6],"Smiling Mask":25,"obtain_stats":[{"Sozu":17,"Dream Catcher":7,"Bottled Flame":13,"Matryoshka":2,"NeowsBlessing":0,"Golden Idol":3,"Turnip":9,"Bag of Marbles":8,"Necronomicon":21,"Kunai":5,"Smiling Mask":9,"Burning Blood":0},{"Sozu":6,"Dream Catcher":2,"Bottled Flame":4,"Matryoshka":1,"NeowsBlessing":0,"Golden Idol":1,"Turnip":2,"Bag of Marbles":2,"Necronomicon":9,"Kunai":1,"Smiling Mask":2,"Burning Blood":0},{"Sozu":31,"Dream Catcher":2,"Bottled Flame":11,"Matryoshka":1,"NeowsBlessing":0,"Golden Idol":1,"Turnip":2,"Bag of Marbles":2,"Necronomicon":51,"Kunai":1,"Smiling Mask":2,"Burning Blood":0}],"Burning Blood":54},"card_choices":[{"not_picked":["Flex","Burning Pact"],"picked":"Thunderclap","floor":1.0},{"not_picked":["Armaments","Wild Strike"],"picked":"Flame Barrier","floor":7.0},{"not_picked":["True Grit","Flame Barrier"],"picked":"Power Through","floor":10.0},{"not_picked":["Clash","Dual Wield"],"picked":"Pommel Strike","floor":11.0},{"not_picked":["Headbutt","Ghostly Armor"],"picked":"Metallicize","floor":13.0},{"not_picked":["Body Slam","Sword Boomerang"],"picked":"Evolve","floor":14.0},{"not_picked":["Dark Embrace","Perfected Strike"],"picked":"True Grit","floor":15.0},{"not_picked":["Impervious","Reaper"],"picked":"Feed","floor":16.0},{"not_picked":["Pommel Strike","Clash+1"],"picked":"Burning Pact","floor":18.0},{"not_picked":["Anger","Clothesline"],"picked":"Body Slam","floor":19},{"not_picked":["Perfected Strike","Pommel Strike"],"picked":"Barricade","floor":20}],"player_experience":183816,"relics_obtained":[{"floor":7.0,"key":"Dream Catcher"},{"floor":9.0,"key":"Smiling Mask"},{"floor":9.0,"key":"Turnip"},{"floor":13.0,"key":"Bottled Flame"},{"floor":21,"key":"Necronomicon"}],"event_choices":[{"damage_healed":0.0,"max_hp_gain":0.0,"max_hp_loss":0.0,"gold_gain":0.0,"event_name":"Big Fish","player_choice":"Box","floor":2.0,"gold_loss":0.0,"damage_taken":0.0,"relics_obtained":["Matryoshka"],"cards_obtained":["Regret"]},{"damage_healed":0.0,"max_hp_gain":0.0,"max_hp_loss":0.0,"gold_gain":0.0,"event_name":"Golden Idol","player_choice":"Take Damage","floor":3.0,"gold_loss":0.0,"damage_taken":20.0,"relics_obtained":["Golden Idol"]},{"damage_healed":0.0,"max_hp_gain":0.0,"max_hp_loss":0.0,"gold_gain":0.0,"event_name":"Shining Light","player_choice":"Entered Light","floor":4.0,"gold_loss":0.0,"damage_taken":16.0,"cards_upgraded":["Strike_R","Defend_R"]},{"damage_healed":0.0,"max_hp_gain":0.0,"max_hp_loss":0.0,"gold_gain":0.0,"event_name":"Scrap Ooze","player_choice":"Success","floor":5.0,"gold_loss":0.0,"damage_taken":33.0,"relics_obtained":["Kunai"]},{"damage_healed":0,"gold_gain":0,"player_choice":"Obtained Book","damage_taken":16,"max_hp_gain":0,"max_hp_loss":0,"event_name":"Cursed Tome","floor":21,"gold_loss":0}],"is_beta":false,"boss_relics":[{"not_picked":["Runic Pyramid","Fusion Hammer"],"picked":"Sozu"}],"items_purged_floors":[22],"is_endless":false,"potions_floor_spawned":[11,14,18,20],"killed_by":"Book of Stabbing","ascension_level":8}}