{"host":"uexz8m6e0pxi7xat","time":1613788624,"event":{"mods":["BaseMod","Bestiary","Minty Spire (QoL Compilation)","Relic Stats","ojb\u0027s Info Mod"],"gold_per_floor":[117,97,97,148,120,153,153,184,220,264,276,323,335,359,371,459,471,494,356,356,40,59,59,88,88,88,100,100,116,145,157,157,231,231,248,75,91,91,91,91,116,16,16,47,47,62,387,400,400,400,400,400,400,2,33,33],"floor_reached":57,"language":"ENG","playtime":7018,"items_purged":["Strike_B","Strike_B","Zap"],"score":2969,"play_id":"dee259a0-5edb-444c-abaa-f088949877f1","local_time":"20210220153704","is_ascension_mode":true,"campfire_choices":[{"data":"Tempest","floor":7,"key":"SMITH"},{"data":"Loop","floor":13,"key":"SMITH"},{"floor":15,"key":"DIG"},{"floor":23,"key":"REST"},{"floor":28,"key":"REST"},{"floor":32,"key":"DIG"},{"data":"Defragment","floor":40,"key":"SMITH"},{"floor":45,"key":"RECALL"},{"floor":49,"key":"REST"},{"floor":53,"key":"DIG"}],"circlet_count":0,"master_deck":["AscendersBane","Defend_B","Defend_B","Defend_B","Defend_B","Dualcast","Rip and Tear","Coolheaded","Tempest+1","Rebound","Ball Lightning","Loop+1","Genetic Algorithm","Buffer","Turbo","Hyperbeam","RitualDagger","Doom and Gloom","Cold Snap","Cold Snap+1","BootSequence","Multi-Cast","Recycle","Defragment+1","Apotheosis","Dark Shackles","Chill+1","Fission+1","Leap+1"],"relics":["Cracked Core","NeowsBlessing","Art of War","Shovel","MawBank","Regal Pillow","Gremlin Horn","Bottled Tornado","Runic Pyramid","Pen Nib","Potion Belt","Bag of Preparation","Toy Ornithopter","Vajra","Pear","Empty Cage","Happy Flower","InkBottle","Toxic Egg 2","Singing Bowl","Old Coin","Cables","Membership Card","Centennial Puzzle","Pantograph"],"acts_visited":["Exordium","TheCity","TheBeyond","TheEnding"],"potions_floor_usage":[10,27,30,33,44,56,56,56,56,56,56,56,56],"damage_taken":[{"damage":0,"enemies":"2 Louse","floor":1,"turns":1},{"damage":0,"enemies":"Lagavulin","floor":6,"turns":1},{"damage":0,"enemies":"3 Sentries","floor":8,"turns":1},{"damage":4,"enemies":"Gremlin Nob","floor":10,"turns":3},{"damage":18,"enemies":"Lagavulin","floor":12,"turns":6},{"damage":0,"enemies":"Cultist","floor":14,"turns":2},{"damage":6,"enemies":"Slime Boss","floor":16,"turns":5},{"damage":18,"enemies":"2 Thieves","floor":18,"turns":4},{"damage":24,"enemies":"3 Byrds","floor":22,"turns":3},{"damage":48,"enemies":"Slavers","floor":24,"turns":6},{"damage":3,"enemies":"Snecko","floor":27,"turns":5},{"damage":9,"enemies":"Snake Plant","floor":29,"turns":3},{"damage":0,"enemies":"Gremlin Leader","floor":30,"turns":4},{"damage":19,"enemies":"Shelled Parasite and Fungi","floor":31,"turns":4},{"damage":13,"enemies":"Champ","floor":33,"turns":13},{"damage":9,"enemies":"3 Darklings","floor":35,"turns":4},{"damage":6,"enemies":"Orb Walker","floor":37,"turns":3},{"damage":0,"enemies":"Nemesis","floor":41,"turns":3},{"damage":5,"enemies":"Reptomancer","floor":44,"turns":4},{"damage":0,"enemies":"Writhing Mass","floor":46,"turns":7},{"damage":0,"enemies":"Mind Bloom Boss Battle","floor":47,"turns":9},{"damage":4,"enemies":"Spire Growth","floor":48,"turns":6},{"damage":10,"enemies":"Donu and Deca","floor":50,"turns":9},{"damage":19,"enemies":"Time Eater","floor":51,"turns":10},{"damage":29,"enemies":"Shield and Spear","floor":55,"turns":8},{"damage":80,"enemies":"The Heart","floor":56,"turns":11}],"seed_played":"-1550329873373564511","potions_obtained":[{"floor":2,"key":"FocusPotion"},{"floor":10,"key":"DuplicationPotion"},{"floor":16,"key":"FocusPotion"},{"floor":24,"key":"AttackPotion"},{"floor":25,"key":"Fire Potion"},{"floor":27,"key":"Energy Potion"},{"floor":35,"key":"AttackPotion"},{"floor":46,"key":"SteroidPotion"},{"floor":47,"key":"EntropicBrew"}],"is_trial":false,"path_per_floor":["M","?","$","T","$","E","R","E","T","E","$","E","R","M","R","B",null,"M","$","?","$","M","R","E","?","T","M","R","M","E","M","R","B",null,"M","$","M","?","?","R","E","$","T","E","R","M","?","M","R","B","B",null,"R","$","E","B",null],"character_chosen":"DEFECT","items_purchased":["Coolheaded","Hyperbeam","Pen Nib","Potion Belt","Happy Flower","Membership Card","Centennial Puzzle","Ancient Potion","Leap+1","Dexterity Potion"],"campfire_rested":3,"item_purchase_floors":[5,19,21,21,36,54,54,54,54,54],"current_hp_per_floor":[64,64,64,64,64,64,64,64,64,60,60,42,42,42,42,36,62,44,44,38,38,14,50,2,2,2,4,40,31,36,17,27,19,66,57,57,51,51,41,41,41,41,41,43,43,45,45,41,81,71,52,77,77,77,50,25],"gold":33,"neow_bonus":"THREE_ENEMY_KILL","is_daily":false,"chose_seed":false,"campfire_upgraded":3,"win_rate":0.0,"timestamp":1613788624,"path_taken":["M","?","$","?","$","E","R","E","T","E","$","E","R","M","R","BOSS","M","$","?","$","M","R","E","?","T","M","R","M","E","M","R","BOSS","M","?","?","?","?","R","E","?","T","E","R","?","?","M","R","BOSS","BOSS","R","$","E","BOSS"],"items_purchased_type":["Card","Card","Relic","Relic","Relic","Relic","Relic","Potion","Card","Potion"],"build_version":"2020-12-22","purchased_purges":3,"victory":true,"max_hp_per_floor":[71,71,71,71,71,71,71,71,71,71,71,71,71,71,71,71,71,71,71,71,71,71,71,71,71,71,71,71,71,71,71,81,81,81,81,81,81,81,81,81,81,81,81,83,83,85,85,85,85,85,85,85,85,85,87,87],"relic_stats":{"Regal Pillow":45,"Gremlin Horn":[19,20],"Happy Flower":[23],"Singing Bowl":6,"counters":[26,135],"Pen Nib":[15],"Bag of Preparation":[32],"MawBank":132,"Cables":[17,2,6,9,0],"Centennial Puzzle":[6],"Shovel":3,"Pantograph":25,"Art of War":[43],"obtain_stats":[{"Regal Pillow":10,"Gremlin Horn":12,"Singing Bowl":44,"Vajra":30,"Bag of Preparation":24,"Bottled Tornado":15,"Empty Cage":34,"Old Coin":47,"Centennial Puzzle":54,"Shovel":6,"Pantograph":55,"Toxic Egg 2":43,"Cracked Core":0,"InkBottle":41,"Runic Pyramid":17,"Potion Belt":21,"Pear":32,"NeowsBlessing":0,"Happy Flower":36,"Pen Nib":21,"MawBank":8,"Cables":53,"Art of War":4,"Membership Card":54,"Toy Ornithopter":26},{"Regal Pillow":4,"Gremlin Horn":5,"Singing Bowl":19,"Vajra":13,"Bag of Preparation":10,"Bottled Tornado":6,"Empty Cage":15,"Old Coin":21,"Centennial Puzzle":24,"Shovel":2,"Pantograph":25,"Toxic Egg 2":18,"Cracked Core":0,"InkBottle":18,"Runic Pyramid":7,"Potion Belt":8,"Pear":14,"NeowsBlessing":0,"Happy Flower":16,"Pen Nib":8,"MawBank":3,"Cables":24,"Art of War":1,"Membership Card":24,"Toy Ornithopter":10},{"Regal Pillow":6,"Gremlin Horn":12,"Singing Bowl":75,"Vajra":44,"Bag of Preparation":32,"Bottled Tornado":14,"Empty Cage":61,"Old Coin":91,"Centennial Puzzle":116,"Shovel":2,"Pantograph":124,"Toxic Egg 2":71,"Cracked Core":0,"InkBottle":71,"Runic Pyramid":19,"Potion Belt":23,"Pear":48,"NeowsBlessing":0,"Happy Flower":65,"Pen Nib":23,"MawBank":3,"Cables":116,"Art of War":1,"Membership Card":116,"Toy Ornithopter":32}],"Toy Ornithopter":50,"InkBottle":[27]},"card_choices":[{"not_picked":["Leap","White Noise"],"picked":"Rip and Tear","floor":1},{"not_picked":["Chill","Redo"],"picked":"Tempest","floor":6},{"not_picked":["Streamline","Double Energy"],"picked":"Rebound","floor":8},{"not_picked":["Conserve Battery","Steam Power"],"picked":"Ball Lightning","floor":10},{"not_picked":["Storm","Ball Lightning"],"picked":"Loop","floor":12},{"not_picked":["Cold Snap","Turbo"],"picked":"Genetic Algorithm","floor":14},{"not_picked":["Core Surge","All For One"],"picked":"Buffer","floor":16},{"not_picked":["Hologram","Coolheaded"],"picked":"Turbo","floor":18},{"not_picked":["Sweeping Beam+1","Static Discharge"],"picked":"Doom and Gloom","floor":22},{"not_picked":["Compile Driver","Doom and Gloom","Reboot"],"picked":"SKIP","floor":24},{"not_picked":["Beam Cell+1","Redo"],"picked":"Cold Snap","floor":27},{"not_picked":["Doom and Gloom","Steam+1"],"picked":"Cold Snap+1","floor":29},{"not_picked":["Sweeping Beam","Sunder","Redo"],"picked":"SKIP","floor":30},{"not_picked":["Darkness","Cold Snap+1"],"picked":"BootSequence","floor":31},{"not_picked":["Core Surge","Electrodynamics"],"picked":"Multi-Cast","floor":33},{"not_picked":["Rebound","Stack"],"picked":"Recycle","floor":35},{"not_picked":["Genetic Algorithm","Redo"],"picked":"Defragment","floor":37},{"not_picked":["Good Instincts","Discovery"],"picked":"Apotheosis","floor":39},{"not_picked":["Dramatic Entrance","Swift Strike"],"picked":"Dark Shackles","floor":39},{"not_picked":["White Noise","Sunder","Tempest"],"picked":"SKIP","floor":41},{"not_picked":["Tempest+1","Barrage+1","Turbo+1"],"picked":"Singing Bowl","floor":44},{"not_picked":["Undo+1","Double Energy+1","Tempest+1"],"picked":"Singing Bowl","floor":46},{"not_picked":["Cold Snap","Beam Cell+1"],"picked":"Chill+1","floor":47},{"not_picked":["White Noise+1","Streamline+1"],"picked":"Fission+1","floor":48},{"not_picked":["Storm+1","FTL","Auto Shields+1"],"picked":"Singing Bowl","floor":55}],"player_experience":1060991,"relics_obtained":[{"floor":4,"key":"Art of War"},{"floor":6,"key":"Shovel"},{"floor":8,"key":"MawBank"},{"floor":10,"key":"Regal Pillow"},{"floor":12,"key":"Gremlin Horn"},{"floor":15,"key":"Bottled Tornado"},{"floor":24,"key":"Bag of Preparation"},{"floor":26,"key":"Toy Ornithopter"},{"floor":30,"key":"Vajra"},{"floor":32,"key":"Pear"},{"floor":41,"key":"InkBottle"},{"floor":43,"key":"Toxic Egg 2"},{"floor":44,"key":"Singing Bowl"},{"floor":47,"key":"Old Coin"},{"floor":53,"key":"Cables"},{"floor":55,"key":"Pantograph"}],"event_choices":[{"damage_healed":0,"gold_gain":0,"player_choice":"Bought 1 Potion","damage_taken":0,"max_hp_gain":0,"max_hp_loss":0,"event_name":"The Woman in Blue","floor":2,"gold_loss":0},{"damage_healed":0,"gold_gain":0,"player_choice":"Joined the Cult","damage_taken":6,"max_hp_gain":0,"max_hp_loss":0,"event_name":"Nest","floor":20,"gold_loss":0,"cards_obtained":["RitualDagger"]},{"damage_healed":0,"gold_gain":0,"player_choice":"Got Potions","damage_taken":0,"max_hp_gain":0,"max_hp_loss":0,"event_name":"Lab","floor":25,"gold_loss":0},{"damage_healed":0,"gold_gain":0,"player_choice":"Ignored","damage_taken":0,"max_hp_gain":0,"max_hp_loss":0,"event_name":"Tomb of Lord Red Mask","floor":38,"gold_loss":0},{"damage_healed":0,"gold_gain":0,"player_choice":"Memory 3","damage_taken":10,"max_hp_gain":0,"max_hp_loss":0,"event_name":"SensoryStone","floor":39,"gold_loss":0},{"damage_healed":0,"gold_gain":0,"player_choice":"Fight","damage_taken":0,"max_hp_gain":0,"max_hp_loss":0,"event_name":"MindBloom","floor":47,"gold_loss":0}],"is_beta":false,"boss_relics":[{"not_picked":["Astrolabe","Tiny House"],"picked":"Runic Pyramid"},{"not_picked":["Sozu","Coffee Dripper"],"picked":"Empty Cage"}],"items_purged_floors":[19,42,54],"is_endless":false,"potions_floor_spawned":[10,16,18,24,27,35,46,47],"ascension_level":20}}