{"host":"tzwikg9s6mkzv6w0","time":1613807271,"event":{"mods":["BaseMod","Good Game Mod","Minty Spire (QoL Compilation)","Spicy Shops","StSLib"],"gold_per_floor":[117,42,56,76,76,110,121,156,156,198,198,238,78,93,93,170,179,201,101,151,164,181,190,223,235,247,273,285,285],"floor_reached":28,"language":"ZHS","playtime":758,"items_purged":["Defend_P","Strike_P"],"score":694,"play_id":"c6380464-588e-4bc4-b75c-a1a2c15213de","local_time":"20210220154751","is_ascension_mode":true,"campfire_choices":[{"data":"Ragnarok","floor":11.0,"key":"SMITH"},{"data":"Eruption","floor":15.0,"key":"SMITH"},{"floor":23,"key":"REST"},{"floor":25,"key":"RECALL"}],"circlet_count":0,"master_deck":["AscendersBane","Strike_P","Strike_P","Strike_P","Eruption+1","Vigilance","Ragnarok+1","Swivel+1","Wireheading+1","Indignation","Wallop+1","FearNoEvil+1","CurseOfTheBell","TalkToTheHand+1","Tantrum+1"],"relics":["REME:ComplimentaryCards","Astrolabe","Orichalcum","CeramicFish","Akabeko","Molten Egg 2","Dream Catcher","Medical Kit","Calling Bell","Lantern","Pear","Mango","MawBank"],"acts_visited":["Exordium","TheCity"],"potions_floor_usage":[],"damage_taken":[{"damage":5.0,"enemies":"Small Slimes","floor":1.0,"turns":3.0},{"damage":0.0,"enemies":"Cultist","floor":3.0,"turns":2.0},{"damage":2.0,"enemies":"2 Louse","floor":4.0,"turns":2.0},{"damage":11.0,"enemies":"Gremlin Nob","floor":6.0,"turns":3.0},{"damage":3.0,"enemies":"Red Slaver","floor":7.0,"turns":2.0},{"damage":0.0,"enemies":"Lagavulin","floor":8.0,"turns":4.0},{"damage":0.0,"enemies":"Gremlin Nob","floor":10.0,"turns":2.0},{"damage":0.0,"enemies":"Lagavulin","floor":12.0,"turns":4.0},{"damage":0.0,"enemies":"Looter","floor":14.0,"turns":1.0},{"damage":22,"enemies":"Slime Boss","floor":16,"turns":6},{"damage":0,"enemies":"Chosen","floor":18,"turns":2},{"damage":0,"enemies":"2 Thieves","floor":21,"turns":2},{"damage":0,"enemies":"Snake Plant","floor":22,"turns":1},{"damage":33,"enemies":"Slavers","floor":24,"turns":3},{"damage":20,"enemies":"Centurion and Healer","floor":27,"turns":5},{"damage":60,"enemies":"Gremlin Leader","floor":28,"turns":2}],"seed_played":"-294653395926786794","potions_obtained":[{"floor":4.0,"key":"Strength Potion"},{"floor":6.0,"key":"CultistPotion"},{"floor":7.0,"key":"ColorlessPotion"},{"floor":16,"key":"Energy Potion"},{"floor":22,"key":"FearPotion"}],"is_trial":false,"path_per_floor":["M","$","M","M","?","E","M","E","T","E","R","E","$","M","R","B",null,"M","$","?","M","M","R","E","R","T","M","E"],"character_chosen":"WATCHER","items_purchased":["Medical Kit"],"campfire_rested":1,"item_purchase_floors":[13],"current_hp_per_floor":[56,56,56,54,54,43,40,40,40,40,40,40,40,40,40,18,80,80,80,80,80,80,92,59,59,59,39,0,0],"gold":285,"neow_bonus":"BOSS_RELIC","is_daily":false,"chose_seed":false,"campfire_upgraded":2,"win_rate":0.0,"timestamp":1613807271,"path_taken":["M","$","M","M","?","E","M","E","T","E","R","E","$","M","R","BOSS","M","$","?","M","M","R","E","R","T","?","E"],"items_purchased_type":["Relic"],"build_version":"2020-12-22","purchased_purges":2,"victory":false,"max_hp_per_floor":[68,68,68,68,68,68,68,68,68,68,68,68,68,68,68,68,92,92,92,92,92,92,92,92,92,92,92,92,92],"card_choices":[{"not_picked":["CarveReality","FlyingSleeves","Consecrate"],"picked":"SKIP","floor":1.0},{"not_picked":["ThirdEye","Consecrate","Protect"],"picked":"SKIP","floor":3.0},{"not_picked":["EmptyBody","SandsOfTime","Crescendo"],"picked":"SKIP","floor":4.0},{"not_picked":["Sanctity","Consecrate","PathToVictory"],"picked":"SKIP","floor":6.0},{"not_picked":["Evaluate","CrushJoints","EmptyFist"],"picked":"SKIP","floor":7.0},{"not_picked":["Weave","FollowUp"],"picked":"Indignation","floor":8.0},{"not_picked":["WheelKick+1","Vault"],"picked":"Wallop+1","floor":10.0},{"not_picked":["ClearTheMind","JustLucky+1"],"picked":"FearNoEvil+1","floor":12.0},{"not_picked":["SashWhip+1","BattleHymn","SignatureMove+1"],"picked":"SKIP","floor":14.0},{"not_picked":["Fasting2","CarveReality+1"],"picked":"TalkToTheHand+1","floor":18},{"not_picked":["JustLucky+1","Protect","Halt"],"picked":"SKIP","floor":21},{"not_picked":["MentalFortress","JustLucky+1","Consecrate+1"],"picked":"SKIP","floor":22},{"not_picked":["Consecrate+1","Meditate+1"],"picked":"Tantrum+1","floor":23},{"not_picked":["Wallop+1","MentalFortress","ClearTheMind"],"picked":"SKIP","floor":24},{"not_picked":["FearNoEvil+1","Brilliance+1","FlyingSleeves+1"],"picked":"SKIP","floor":27}],"player_experience":165845,"relics_obtained":[{"floor":6.0,"key":"Orichalcum"},{"floor":8.0,"key":"CeramicFish"},{"floor":9.0,"key":"Akabeko"},{"floor":10.0,"key":"Molten Egg 2"},{"floor":12.0,"key":"Dream Catcher"},{"floor":17,"key":"Lantern"},{"floor":17,"key":"Pear"},{"floor":17,"key":"Mango"},{"floor":24,"key":"MawBank"}],"event_choices":[{"cards_removed":["Swivel"],"damage_healed":0.0,"max_hp_gain":0.0,"max_hp_loss":0.0,"gold_gain":0.0,"event_name":"Purifier","player_choice":"Purged","floor":5.0,"gold_loss":0.0,"damage_taken":0.0},{"damage_healed":0,"gold_gain":50,"player_choice":"Pray","damage_taken":0,"max_hp_gain":0,"max_hp_loss":0,"event_name":"Golden Shrine","floor":20,"gold_loss":0}],"is_beta":false,"boss_relics":[{"not_picked":["Cursed Key","Busted Crown"],"picked":"Calling Bell"}],"items_purged_floors":[2,19],"is_endless":false,"potions_floor_spawned":[4,6,7,16,21,22],"killed_by":"Gremlin Leader","ascension_level":19}}