{"host":"gm50ke85n5jz306u","time":1613824789,"event":{"mods":["AchievementEnabler","AlwaysNeverKeys","Aspiration","BaseMod","Bestiary","Better Altar","Better Match","Better Note","Better Sensory Stone","Better Skull","Better Third Choice","Better Vampires","Better-Laid Plans","BetterRewards","Colored Powertips","Curses Come First","DNKmod","Decade(???)","Defuse TimeMaze Blight","Disable Question Mark Monsters","Displayed Cursed Tome","Downfall","Emptier Cage","Extra Virgin Snecko Oil","Filter the Spire","Friendly Minions","Gremlin Skip","Hermit","Hubris","Hyrulean Relics","Ironclad Rager","Jorbs\u0027s Wanderer Trilogy","KinomotoSakuraMod(????)","Koishi","Lobotomy","Marisa????????","Marked Mod","Minty Spire (QoL Compilation)","Permanent Neow","Poor People Problems","Quick Restart","Reimu??????","Relic Filter Mod","Relic Sorter","Remilia??????","Remove Card Discount Mod","Reorder Act Four","Replay The Spire","Shop Mod","StSLib","Synergy Search","Td1madao Mod","The Administrix","The Animator","The Blue Laboratory","The Bug Knight","The Construct","The Cursed","The Disciple","The Hierophant","The Necromancer","The Poker Player","The Runesmith","The Senshi","The Servant 0.9.4","Thieving Mod","Transform Curses","WarShipGirlsR/????R mod","Youmu??????"],"gold_per_floor":[9800,9827,9848,9848,8996,8996,8996,9081,9106,9106,9126,9154,9172,8346,8365,8461,8561,8561,8582,8600,8600,8119,8119,8200,8221,8247,8247,8261,8261,8075,8075,8075,8075,8075],"floor_reached":32,"language":"ENG","playtime":2778,"items_purged":["hexamod:Strike","hexamod:Strike","hexamod:Strike","hexamod:Strike","hexamod:Defend","hexamod:RainOfEmbers+1"],"score":419,"play_id":"f1df5a44-9754-4e0c-a6de-bff7345c5ca0","local_time":"20210220133949","is_ascension_mode":false,"campfire_choices":[{"data":"hexamod:Float","floor":1.0,"key":"SMITH"},{"data":"hexamod:StepThrough","floor":6.0,"key":"SMITH"},{"data":"hexamod:SoulSteal","floor":10.0,"key":"SMITH"},{"data":"hexamod:SearingWound","floor":18.0,"key":"SMITH"},{"data":"hexamod:FastForward","floor":23.0,"key":"SMITH"},{"data":"hexamod:CatchUp","floor":27,"key":"SMITH"},{"data":"hexamod:EmpoweredFlame","floor":29,"key":"SMITH"}],"circlet_count":0,"master_deck":["hexamod:Defend","hexamod:Defend","hexamod:Defend","hexamod:Sear","hexamod:Float+1","hexamod:StepThrough+1","hexamod:SoulSteal+1","hexamod:StepThrough","hexamod:Firestarter","hexamod:CatchUp+1","hexamod:ExtraCrispy","hexamod:HexaLevel+1","hexamod:SearingWound+1","hexamod:BurningTouch","hexamod:InspiringFlames","hexamod:FastForward+1","hexamod:InspiringFlames","hexamod:StepThrough","hexamod:InspiringFlames","hexamod:InspiringFlames","hexamod:GhostOfSpireFuture+1","hexamod:EmpoweredFlame+1","hexamod:PhantomFireball"],"relics":["hexamod:SpiritBrand","hubris:Teleporter","downfall:HeartBlessingRed","downfall:HeartBlessingGreen","MerchantsRug","Lizard Tail","Turnip","ReplayFunnel","Unceasing Top","Replay:Wanted Poster","Shuriken","MealTicket","hexamod:TheBrokenSeal"],"acts_visited":["Exordium","TheCity"],"potions_floor_usage":[],"damage_taken":[{"damage":0.0,"enemies":"Cultist","floor":2.0,"turns":3.0},{"damage":1.0,"enemies":"2 Louse","floor":3.0,"turns":2.0},{"damage":0.0,"enemies":"downfall:FleeingMerchant","floor":5.0,"turns":4.0},{"damage":0.0,"enemies":"downfall:FleeingMerchant","floor":8.0,"turns":1.0},{"damage":0.0,"enemies":"Jaw Worm","floor":9.0,"turns":3.0},{"damage":0.0,"enemies":"Red Slaver","floor":11.0,"turns":1.0},{"damage":0.0,"enemies":"Gremlin Nob","floor":12.0,"turns":1.0},{"damage":0.0,"enemies":"Gremlin Gang","floor":13.0,"turns":2.0},{"damage":0.0,"enemies":"Exordium Thugs","floor":15.0,"turns":1.0},{"damage":0.0,"enemies":"DF_ARCHETYPE_STREAMLINE","floor":16.0,"turns":1.0},{"damage":0.0,"enemies":"3 Byrds","floor":19.0,"turns":3.0},{"damage":0.0,"enemies":"Spheric Guardian","floor":20.0,"turns":4.0},{"damage":0.0,"enemies":"Shelled Parasite and Fungi","floor":25.0,"turns":5.0},{"damage":0,"enemies":"Centurion and Healer","floor":26,"turns":3},{"damage":0,"enemies":"3 Cultists","floor":28,"turns":1},{"damage":0,"enemies":"Snecko","floor":31,"turns":1},{"damage":0,"enemies":"Snake Plant","floor":32,"turns":1}],"seed_played":"2054859171373457390","potions_obtained":[{"floor":9.0,"key":"blueLaboratory:BottleOfRum"},{"floor":13.0,"key":"Energy Potion"},{"floor":15.0,"key":"Fire Potion"},{"floor":16.0,"key":"Explosive Potion"},{"floor":20.0,"key":"BlessingOfTheForge"},{"floor":26,"key":"blueLaboratory:ImpenetrablePotion"},{"floor":28,"key":"blueLaboratory:AbyssPotion"}],"is_trial":false,"path_per_floor":["R","M","M","?","$","R","T","$","M","R","M","E","M","$","M","B",null,"R","M","M","?","$","R","T","M","M","R","M","R","$","M","M"],"character_chosen":"THE_SPIRIT","items_purchased":["MerchantsRug","Lizard Tail","Turnip","hexamod:StepThrough","hexamod:StepThrough","hexamod:Firestarter","hexamod:CatchUp","hexamod:ExtraCrispy","hexamod:FourthSeal","hexamod:SearingWound","hexamod:BurningTouch","Unceasing Top","hubris:Teleporter","Shuriken","Guide Book","hexamod:InspiringFlames","hexamod:StepThrough","hexamod:PhantomFireball","MealTicket"],"campfire_rested":0,"item_purchase_floors":[5,5,5,5,8,8,8,8,14,14,14,14,14,22,22,22,22,30,30],"current_hp_per_floor":[1000,1000,1000,1000,1000,1000,1000,1000,1000,1000,1000,1000,1000,1000,1000,1000,1000,1000,1000,1000,1000,1000,1000,1000,1000,1000,1000,1000,1000,1000,1010,1010,1010,1010],"gold":8075,"neow_bonus":"THREE_CARDS","is_daily":false,"chose_seed":false,"campfire_upgraded":7,"win_rate":0.0,"timestamp":1613824789,"path_taken":["R","M","M","?","?","R","T","$","M","R","M","E","M","$","M","BOSS","R","M","M","?","$","R","T","M","M","R","M","R","$","M","M"],"items_purchased_type":["Relic","Relic","Relic","Card","Card","Card","Card","Card","Card","Card","Card","Relic","Relic","Relic","Relic","Card","Card","Card","Relic"],"build_version":"2020-12-22","purchased_purges":6,"victory":false,"max_hp_per_floor":[1000,1000,1000,1000,1000,1000,1000,1000,1000,1000,1000,1000,1000,1000,1000,1000,1000,1000,1000,1000,1000,1000,1000,1000,1000,1000,1000,1000,1000,1000,1010,1010,1010,1010],"card_choices":[{"not_picked":["hexamod:PhantomCloak","hexamod:BacktrackSmack"],"picked":"hexamod:SecondSeal","floor":0.0},{"not_picked":["hexamod:InspiringFlames","hexamod:Incineration"],"picked":"hexamod:FirstSeal","floor":2.0},{"not_picked":["hexamod:BacktrackSmack","hexamod:NightmareGuise","hexamod:AdvancingGuard"],"picked":"SKIP","floor":3.0},{"not_picked":["hexamod:SpectersWail","hexamod:GhostShield"],"picked":"hexamod:RainOfEmbers","floor":5.0},{"not_picked":["hexamod:SpectersWail","hexamod:FastForward"],"picked":"hexamod:SoulSteal","floor":8.0},{"not_picked":["hexamod:NightmareStrike","hexamod:GhostShield","hexamod:NightmareGuise"],"picked":"SKIP","floor":9.0},{"not_picked":["hexamod:HauntingEcho","hexamod:HeatMetal"],"picked":"hexamod:HexaLevel","floor":11.0},{"not_picked":["hexamod:RecurringNightmare","hexamod:CatchUp","hexamod:GhostShield"],"picked":"SKIP","floor":12.0},{"not_picked":["hexamod:BacktrackSmack","hexamod:EtherealExpedition","hexamod:ShieldOfDarkness"],"picked":"SKIP","floor":13.0},{"not_picked":["hexamod:SoulSteal","hexamod:BurningTouch"],"picked":"hexamod:InspiringFlames","floor":15.0},{"not_picked":["hexamod:TimeWarp","hexamod:UnleashSpirits"],"picked":"hexamod:FifthSeal","floor":16.0},{"not_picked":["hexamod:SecondSeal","hexamod:FourthSeal"],"picked":"hexamod:ThirdSeal","floor":19.0},{"not_picked":["hexamod:GhostShield","hexamod:HeatMetal"],"picked":"hexamod:FastForward","floor":19.0},{"not_picked":["hexamod:BacktrackSmack","hexamod:HeatMetal+1","hexamod:ThermalTransfer"],"picked":"SKIP","floor":20.0},{"not_picked":["hexamod:GhostLash","hexamod:Rewind+1"],"picked":"hexamod:InspiringFlames","floor":25.0},{"not_picked":["hexamod:GhostLash+1","hexamod:Incineration+1","hexamod:HauntingEcho"],"picked":"SKIP","floor":25.0},{"not_picked":["hexamod:HexaLevel","hexamod:NecessarySacrifice"],"picked":"hexamod:InspiringFlames","floor":26},{"not_picked":["hexamod:HeatMetal","hexamod:FourthSeal"],"picked":"hexamod:GhostOfSpireFuture+1","floor":26},{"not_picked":["hexamod:ThirdSeal","hexamod:SecondSeal"],"picked":"hexamod:SixthSeal","floor":28},{"not_picked":["hexamod:HauntingEcho+1","hexamod:AdvancingGuard+1"],"picked":"hexamod:EmpoweredFlame","floor":28},{"not_picked":["hexamod:Firestarter","hexamod:NightmareStrike","hexamod:SkipABeat"],"picked":"SKIP","floor":31}],"player_experience":320094,"relics_obtained":[{"floor":7.0,"key":"ReplayFunnel"},{"floor":12.0,"key":"HollowMod:PaleOreRelic"}],"event_choices":[],"is_beta":false,"boss_relics":[{"not_picked":["Philosopher\u0027s Stone","hubris:BlackHole"],"picked":"Replay:Wanted Poster"}],"items_purged_floors":[5,8,8,14,22,30],"is_endless":false,"potions_floor_spawned":[9,13,15,16,26,28,31],"killed_by":"Snake Plant","ascension_level":0}}