{"host":"soyfmymeou4emntr","time":1613805061,"event":{"mods":["BaseMod","Minty Spire (QoL Compilation)","Permanent Neow","Relic Sorter","Relic Stats","StSLib"],"gold_per_floor":[367,378,47,58,58,58,58,58],"floor_reached":7,"language":"ENG","playtime":352,"items_purged":[],"score":82,"play_id":"ecb4180d-b72b-49e9-9931-27c1e2fbfdee","local_time":"20210220001101","is_ascension_mode":true,"campfire_choices":[{"floor":6.0,"key":"REST"}],"circlet_count":0,"master_deck":["AscendersBane","Strike_G","Strike_G","Strike_G","Strike_G","Strike_G","Defend_G","Defend_G","Defend_G","Defend_G","Defend_G","Survivor","Neutralize","Bane","Blade Dance","Crippling Poison"],"relics":["Ring of the Snake","FossilizedHelix"],"acts_visited":["Exordium"],"potions_floor_usage":[],"damage_taken":[{"damage":52.0,"enemies":"Jaw Worm","floor":1.0,"turns":12.0},{"damage":2.0,"enemies":"Cultist","floor":2.0,"turns":5.0},{"damage":0.0,"enemies":"Small Slimes","floor":4.0,"turns":3.0},{"damage":46,"enemies":"Gremlin Nob","floor":7,"turns":4}],"seed_played":"408354289216658939","potions_obtained":[{"floor":1.0,"key":"AttackPotion"}],"is_trial":false,"path_per_floor":["M","M","$","M","?","R","E"],"character_chosen":"THE_SILENT","items_purchased":["FossilizedHelix"],"campfire_rested":1,"item_purchase_floors":[3],"current_hp_per_floor":[7,5,5,5,5,24,0,0],"gold":58,"neow_bonus":"TWO_FIFTY_GOLD","is_daily":false,"chose_seed":false,"campfire_upgraded":0,"win_rate":0.0,"timestamp":1613805061,"path_taken":["M","M","$","M","?","R","E"],"items_purchased_type":["Relic"],"build_version":"2020-12-22","purchased_purges":0,"victory":false,"max_hp_per_floor":[66,66,66,66,66,66,66,66],"relic_stats":{"counters":[4,24],"obtain_stats":[{"FossilizedHelix":3,"Ring of the Snake":0},{"FossilizedHelix":2,"Ring of the Snake":0},{"FossilizedHelix":17,"Ring of the Snake":0}],"Ring of the Snake":[8]},"card_choices":[{"not_picked":["Calculated Gamble","Acrobatics"],"picked":"Bane","floor":1.0},{"not_picked":["Cloak And Dagger","Underhanded Strike"],"picked":"Blade Dance","floor":2.0},{"not_picked":["PiercingWail","Outmaneuver"],"picked":"Crippling Poison","floor":4.0}],"player_experience":3421467,"relics_obtained":[],"event_choices":[{"cards_removed":["Shame"],"damage_healed":0.0,"max_hp_gain":0.0,"max_hp_loss":0.0,"gold_gain":0.0,"event_name":"Purifier","player_choice":"Purged","floor":5.0,"gold_loss":0.0,"damage_taken":0.0}],"is_beta":false,"boss_relics":[],"items_purged_floors":[],"is_endless":false,"potions_floor_spawned":[1],"killed_by":"Gremlin Nob","ascension_level":20}}