{"host":"o9lehcdjc4u6j9un","time":1613860514,"event":{"mods":["Aspiration","BaseMod","Better-Laid Plans","Bossed Relics","Colored Map","Downfall","Gremlin Mod","Hermit","Koishi","Marisa£®ÏF”Í°°ƒß¿Ì…≥£©","Minty Spire (QoL Compilation)","Reimu£®≤©¿ˆ¡È√Œ£©","Remilia£®¿Ÿ√◊¿Ú—«£©","Robot Space Explorer","StSLib","The Alterego","The Hierophant","The Jungle","The Marked","The Runesmith","The Senshi","The Servant 0.9.4","Yakumo Yukari mod","Youmu£®ªÍ∆«—˝√Œ£©","≤–¡Ù÷ÆŒÔ"],"gold_per_floor":[111,122,72,72,89,123,134,212,236,250,279,292,292,325,325,424,424,453,88,88,107,7,36,36,53,77,105,121,121,135,155,155,155,155],"floor_reached":33,"language":"ZHS","playtime":2511,"items_purged":["theSenshi:SailorBlock","theSenshi:SailorBlock"],"score":334,"play_id":"57a48992-be87-41e9-8d17-28d3f75cfd17","local_time":"20210221063514","is_ascension_mode":false,"campfire_choices":[{"floor":13,"key":"REST"},{"data":"theSenshi:MoonPrismPowerMakeUp","floor":15,"key":"SMITH"},{"data":"theSenshi:JupitersPower","floor":24,"key":"SMITH"},{"data":"theSenshi:LateForSchool","floor":29,"key":"SMITH"},{"data":"theSenshi:NeptunesGrace","floor":32,"key":"SMITH"}],"circlet_count":0,"master_deck":["theSenshi:SailorKick","theSenshi:SailorKick","theSenshi:SailorKick","theSenshi:SailorKick","theSenshi:SailorBlock","theSenshi:RoseThrow","theSenshi:MoonPrismPowerMakeUp+1","theSenshi:SailorMercuryAssists","theSenshi:SailorMarsAssists","theSenshi:SailorMercuryAssists","theSenshi:TuxedoSmokingBomber","theSenshi:Sidestep","theSenshi:GatheringStrength","theSenshi:InTheNickOfTime","theSenshi:TuxedoSmokingBomber","theSenshi:NeptunesGrace+1","theSenshi:JupitersPower+1","CurseOfTheBell","theSenshi:VenusGlamour","theSenshi:SchoolBag","theSenshi:TallSilhouette","theSenshi:WarriorOfTheMoon","theSenshi:LateForSchool+1"],"relics":["theSenshi:TransformationBroochRelic","Potion Belt","theSenshi:FeatherClipsRelic","Vajra","bronze:BronzeIdol","Oddly Smooth Stone","Calling Bell","MawBank","Sundial","TungstenRod","PlaceholderMod:DeVermisMysteriis","Sling","Singing Bowl","theSenshi:CrisisMoonCompactRelic","theSenshi:RoseRelic","aspiration:FrozenJewel"],"acts_visited":["Exordium","Exordium"],"potions_floor_usage":[0,6,16,23,31,33,33,33,33],"damage_taken":[{"damage":0,"enemies":"2 Louse","floor":1,"turns":4},{"damage":3,"enemies":"Cultist","floor":2,"turns":5},{"damage":0,"enemies":"Jaw Worm","floor":5,"turns":2},{"damage":33,"enemies":"3 Sentries","floor":6,"turns":10},{"damage":13,"enemies":"Lots of Slimes","floor":7,"turns":3},{"damage":4,"enemies":"Looter","floor":10,"turns":3},{"damage":1,"enemies":"Lagavulin","floor":11,"turns":6},{"damage":0,"enemies":"Large Slime","floor":12,"turns":6},{"damage":9,"enemies":"3 Sentries","floor":14,"turns":7},{"damage":14,"enemies":"Hexaghost","floor":16,"turns":14},{"damage":4,"enemies":"theJungle:5_Spyders","floor":18,"turns":9},{"damage":3,"enemies":"theJungle:GiantWrat","floor":21,"turns":4},{"damage":10,"enemies":"theJungle:Cassacara","floor":23,"turns":5},{"damage":6,"enemies":"theJungle:JungleHuntersEncounter","floor":25,"turns":7},{"damage":0,"enemies":"theJungle:MamaSnecko","floor":27,"turns":4},{"damage":2,"enemies":"theJungle:2_Snecko_Cultists","floor":28,"turns":4},{"damage":7,"enemies":"theJungle:2_Flameangoes","floor":30,"turns":5},{"damage":9,"enemies":"theJungle:JungleHuntersEncounter","floor":31,"turns":5},{"damage":88,"enemies":"theJungle:FunGuy","floor":33,"turns":22}],"seed_played":"5024197982607934341","potions_obtained":[{"floor":0,"key":"Fruit Juice"},{"floor":0,"key":"SpeedPotion"},{"floor":0,"key":"SpeedPotion"},{"floor":1,"key":"PowerPotion"},{"floor":5,"key":"BlessingOfTheForge"},{"floor":12,"key":"AttackPotion"},{"floor":14,"key":"SteroidPotion"},{"floor":27,"key":"Explosive Potion"},{"floor":28,"key":"Fire Potion"},{"floor":31,"key":"SteroidPotion"}],"is_trial":false,"path_per_floor":["M","M","?","?","M","E","M","T","T","M","E","M","R","E","R","B",null,"M","$","T","M","$","E","R","M","T","E","M","R","M","M","R","B"],"character_chosen":"THE_SENSHI","items_purchased":["PlaceholderMod:DeVermisMysteriis","Sling"],"campfire_rested":1,"item_purchase_floors":[19,19],"current_hp_per_floor":[80,77,77,80,80,47,34,34,34,36,41,47,71,68,68,60,80,80,80,80,80,80,76,76,78,78,82,82,82,83,82,82,0,0],"gold":155,"neow_bonus":"THREE_SMALL_POTIONS","is_daily":false,"chose_seed":false,"campfire_upgraded":4,"win_rate":0.0,"timestamp":1613860514,"path_taken":["M","M","?","?","?","E","M","?","T","M","E","M","R","E","R","BOSS","M","$","?","M","$","E","R","M","T","E","M","R","M","M","R","BOSS"],"items_purchased_type":["Relic","Relic"],"build_version":"2020-12-22","purchased_purges":2,"victory":false,"max_hp_per_floor":[80,80,80,80,80,80,80,80,80,80,80,80,80,80,80,80,80,80,80,80,80,80,80,80,82,82,82,82,82,84,86,86,86,86],"card_choices":[{"not_picked":["theSenshi:MoonPrincessHalation","theSenshi:TuxedoSmokingBomber"],"picked":"theSenshi:SailorMercuryAssists","floor":1},{"not_picked":["theSenshi:MoonSpiralHeartAttack","theSenshi:SailorPlanetPower"],"picked":"theSenshi:SailorMarsAssists","floor":2},{"not_picked":["theSenshi:MoonTiaraMagic","theSenshi:SailorStarMakerAssists"],"picked":"theSenshi:SailorMercuryAssists","floor":5},{"not_picked":["theSenshi:IWillPunishYou","theSenshi:MoonCrystalPowerMakeUp"],"picked":"theSenshi:TuxedoSmokingBomber","floor":6},{"not_picked":["theSenshi:MoonKick","theSenshi:TuxedoSmokingBomber"],"picked":"theSenshi:Sidestep","floor":7},{"not_picked":["theSenshi:MoonlightKnight","theSenshi:SailorUranusAssists"],"picked":"theSenshi:GatheringStrength","floor":10},{"not_picked":["theSenshi:HesSoDreamy","theSenshi:SailorStarMakerAssists"],"picked":"theSenshi:InTheNickOfTime","floor":11},{"not_picked":["theSenshi:SailorUranusAssists","theSenshi:MoonPrincessHalation"],"picked":"theSenshi:TuxedoSmokingBomber","floor":12},{"not_picked":["theSenshi:SailorStarFighterAssists","theSenshi:EncouragingSpeech"],"picked":"theSenshi:NeptunesGrace","floor":14},{"not_picked":["theSenshi:InTheNameOfTheMoon","theSenshi:IWillPunishYou"],"picked":"theSenshi:JupitersPower","floor":16},{"not_picked":["theSenshi:MoonTiaraMagic","theSenshi:MoonPunch+1"],"picked":"theSenshi:VenusGlamour","floor":18},{"not_picked":["theSenshi:MoonCrystalPowerMakeUp","theSenshi:MoonPrincessHalation"],"picked":"theSenshi:SchoolBag","floor":21},{"not_picked":["theSenshi:NeptunesGrace","theSenshi:SailorChibiMoonAssists"],"picked":"theSenshi:TallSilhouette","floor":23},{"not_picked":["theSenshi:SailorChibiMoonAssists","theSenshi:MoonCrisisMakeUp","theSenshi:TuxedoSmokingBomber+1"],"picked":"Singing Bowl","floor":25},{"not_picked":["theSenshi:MoonPrincessHalation","theSenshi:MoonKick"],"picked":"theSenshi:WarriorOfTheMoon","floor":27},{"not_picked":["theSenshi:OdangoHead","theSenshi:MoonCosmicPowerMakeUp"],"picked":"theSenshi:LateForSchool","floor":28},{"not_picked":["theSenshi:SailorChibiMoonAssists","theSenshi:MoonCrystalPowerMakeUp+1","theSenshi:MoonKick"],"picked":"Singing Bowl","floor":30},{"not_picked":["theSenshi:MoonPunch","theSenshi:MoonHealingEscalation","theSenshi:MoonPower"],"picked":"Singing Bowl","floor":31}],"player_experience":404744,"relics_obtained":[{"floor":6,"key":"Potion Belt"},{"floor":8,"key":"theSenshi:FeatherClipsRelic"},{"floor":9,"key":"Vajra"},{"floor":11,"key":"bronze:BronzeIdol"},{"floor":14,"key":"Oddly Smooth Stone"},{"floor":17,"key":"MawBank"},{"floor":17,"key":"Sundial"},{"floor":17,"key":"TungstenRod"},{"floor":20,"key":"Singing Bowl"},{"floor":23,"key":"theSenshi:CrisisMoonCompactRelic"},{"floor":26,"key":"theSenshi:RoseRelic"},{"floor":27,"key":"aspiration:FrozenJewel"}],"event_choices":[{"cards_removed":["theSenshi:SailorBlock"],"damage_healed":0,"gold_gain":0,"player_choice":"Card Removal","damage_taken":0,"max_hp_gain":0,"max_hp_loss":0,"event_name":"The Cleric","floor":3,"gold_loss":50},{"damage_healed":3,"gold_gain":0,"player_choice":"Full Heal","damage_taken":0,"max_hp_gain":0,"max_hp_loss":0,"event_name":"Wheel of Change","floor":4,"gold_loss":0}],"is_beta":false,"boss_relics":[{"not_picked":["Black Star","Coffee Dripper"],"picked":"Calling Bell"}],"items_purged_floors":[19,22],"is_endless":false,"potions_floor_spawned":[1,5,12,14,27,28,31],"killed_by":"theJungle:FunGuy","ascension_level":0}}