{"host":"du3j2mdkciet31iv","time":1613832356,"event":{"mods":["BaseMod","Minty Spire (QoL Compilation)","Relic Stats","StSLib"],"gold_per_floor":[109,129,129,404,28,28,45,45,97,120,148,191,29,0,0,97,97,114,79,95,95,95],"floor_reached":21,"language":"ENG","playtime":1678,"items_purged":["Regret"],"score":179,"play_id":"778c8ee5-a919-408a-acd8-a129a28f85b0","local_time":"20210220164556","is_ascension_mode":false,"campfire_choices":[{"data":"Loop","floor":6,"key":"SMITH"},{"data":"Thunder Strike","floor":8,"key":"SMITH"},{"data":"Loop","floor":15,"key":"SMITH"}],"circlet_count":0,"master_deck":["Strike_B","Strike_B","Strike_B","Defend_B","Defend_B","Defend_B","Defend_B","Zap","Dualcast","Thunder Strike+1","Loop+1","Leap","Tempest","Loop+1","Seek","Lockon"],"relics":["Busted Crown","MawBank","Toy Ornithopter","Inserter"],"acts_visited":["Exordium","TheCity"],"potions_floor_usage":[7,12,12,12,16,18],"damage_taken":[{"damage":6,"enemies":"Jaw Worm","floor":1,"turns":3},{"damage":0,"enemies":"Cultist","floor":2,"turns":3},{"damage":5,"enemies":"Small Slimes","floor":7,"turns":3},{"damage":26,"enemies":"Exordium Thugs","floor":10,"turns":5},{"damage":1,"enemies":"2 Fungi Beasts","floor":11,"turns":4},{"damage":22,"enemies":"Gremlin Nob","floor":12,"turns":4},{"damage":1,"enemies":"The Guardian","floor":16,"turns":8},{"damage":33,"enemies":"3 Byrds","floor":18,"turns":3},{"damage":34,"enemies":"Spheric Guardian","floor":20,"turns":6},{"damage":15,"enemies":"Snake Plant","floor":21,"turns":2}],"seed_played":"-81325694817084271","potions_obtained":[{"floor":10,"key":"Swift Potion"},{"floor":11,"key":"DuplicationPotion"},{"floor":12,"key":"Fruit Juice"},{"floor":16,"key":"Explosive Potion"}],"is_trial":false,"path_per_floor":["M","M","?","?","$","R","M","R","T","M","M","E","$","?","R","B",null,"M","$","M","M"],"character_chosen":"DEFECT","items_purchased":["Thunder Strike","Loop","Leap","AttackPotion","Tempest","Loop","PowerPotion","Lockon"],"campfire_rested":0,"item_purchase_floors":[5,5,5,5,13,13,13,19],"current_hp_per_floor":[69,69,62,62,62,62,57,57,57,31,30,18,18,18,18,22,80,47,47,13,0,0],"gold":95,"neow_bonus":"BOSS_RELIC","is_daily":false,"chose_seed":false,"campfire_upgraded":3,"win_rate":0.0,"timestamp":1613832356,"path_taken":["M","M","?","?","$","R","M","R","T","?","M","E","?","?","R","BOSS","M","$","M","M"],"items_purchased_type":["Card","Card","Card","Potion","Card","Card","Potion","Card"],"build_version":"2020-12-22","purchased_purges":1,"victory":false,"max_hp_per_floor":[75,75,75,75,75,75,75,75,75,75,75,80,80,80,80,80,80,80,80,80,80,80],"relic_stats":{"Busted Crown":18,"Inserter":[5],"counters":[10,40],"MawBank":48,"obtain_stats":[{"Busted Crown":0,"Inserter":17,"Cracked Core":0,"MawBank":9,"Toy Ornithopter":12},{"Busted Crown":0,"Inserter":7,"Cracked Core":0,"MawBank":3,"Toy Ornithopter":6},{"Busted Crown":0,"Inserter":29,"Cracked Core":0,"MawBank":9,"Toy Ornithopter":22}],"Toy Ornithopter":10},"card_choices":[{"not_picked":["Beam Cell"],"picked":"SKIP","floor":1},{"not_picked":["Beam Cell"],"picked":"SKIP","floor":2},{"not_picked":["Gash"],"picked":"SKIP","floor":7},{"not_picked":["Steam Power"],"picked":"SKIP","floor":10},{"not_picked":["Go for the Eyes"],"picked":"SKIP","floor":11},{"not_picked":["Aggregate"],"picked":"SKIP","floor":12},{"not_picked":[],"picked":"Seek","floor":16},{"not_picked":["Go for the Eyes"],"picked":"SKIP","floor":18},{"not_picked":["Heatsinks+1"],"picked":"SKIP","floor":20}],"player_experience":35262,"relics_obtained":[{"floor":9,"key":"MawBank"},{"floor":12,"key":"Toy Ornithopter"}],"event_choices":[{"cards_removed":["Strike_B"],"damage_healed":0,"gold_gain":0,"player_choice":"Card Removal","damage_taken":7,"max_hp_gain":0,"max_hp_loss":0,"event_name":"Golden Wing","floor":3,"gold_loss":0},{"damage_healed":0,"gold_gain":275,"player_choice":"Desecrate","damage_taken":0,"max_hp_gain":0,"max_hp_loss":0,"event_name":"Golden Shrine","floor":4,"gold_loss":0,"cards_obtained":["Regret"]},{"damage_healed":0,"gold_gain":0,"player_choice":"Left Gold","damage_taken":0,"max_hp_gain":0,"max_hp_loss":0,"event_name":"World of Goop","floor":14,"gold_loss":29}],"is_beta":false,"boss_relics":[{"not_picked":["Fusion Hammer","Runic Pyramid"],"picked":"Inserter"}],"items_purged_floors":[5],"is_endless":false,"potions_floor_spawned":[10,11,12,16],"killed_by":"Snake Plant","ascension_level":0}}