{"host":"5mo0809oo9tcrmpl","time":1613834335,"event":{"mods":["BaseMod","Highlight Path","Minty Spire (QoL Compilation)","Relic Stats","Slay the Relics Exporter"],"gold_per_floor":[110,124,141,291,304,304,304,304],"floor_reached":7,"language":"ENG","playtime":398,"items_purged":[],"score":86,"play_id":"c75d07d0-2989-4b56-8278-4b2dc2287834","local_time":"20210220091855","is_ascension_mode":true,"campfire_choices":[{"data":"Well Laid Plans","floor":6,"key":"SMITH"}],"circlet_count":0,"master_deck":["AscendersBane","Strike_G","Strike_G","Strike_G","Strike_G","Strike_G","Defend_G","Defend_G","Defend_G","Defend_G","Defend_G","Survivor","Neutralize+1","Well Laid Plans+1","Deflect","Calculated Gamble","Doubt","Bane"],"relics":["Ring of the Snake"],"acts_visited":["Exordium"],"potions_floor_usage":[7,7],"damage_taken":[{"damage":1.0,"enemies":"Jaw Worm","floor":1.0,"turns":5.0},{"damage":0.0,"enemies":"2 Louse","floor":2.0,"turns":4.0},{"damage":3,"enemies":"Cultist","floor":3,"turns":5},{"damage":8,"enemies":"3 Louse","floor":5,"turns":5},{"damage":48,"enemies":"Lagavulin","floor":7,"turns":10}],"seed_played":"-4246793876568663174","potions_obtained":[{"floor":1.0,"key":"SneckoOil"},{"floor":5,"key":"Fire Potion"}],"is_trial":false,"path_per_floor":["M","M","M","?","M","R","E"],"character_chosen":"THE_SILENT","items_purchased":[],"campfire_rested":0,"item_purchase_floors":[],"current_hp_per_floor":[58,58,55,55,47,47,0,0],"gold":304,"neow_bonus":"UPGRADE_CARD","is_daily":false,"chose_seed":false,"campfire_upgraded":1,"win_rate":0.0,"timestamp":1613834335,"path_taken":["M","M","M","?","M","R","E"],"items_purchased_type":[],"build_version":"2020-12-22","purchased_purges":0,"victory":false,"max_hp_per_floor":[66,66,66,66,66,66,66,66],"relic_stats":{"counters":[5,29],"obtain_stats":[{"Ring of the Snake":0},{"Ring of the Snake":0},{"Ring of the Snake":0}],"Ring of the Snake":[10]},"card_choices":[{"not_picked":["Prepared","Dagger Throw"],"picked":"Well Laid Plans","floor":1.0},{"not_picked":["Acrobatics","Underhanded Strike"],"picked":"Deflect","floor":2.0},{"not_picked":["Dodge and Roll","Backflip"],"picked":"Calculated Gamble","floor":3},{"not_picked":["Backflip","Underhanded Strike"],"picked":"Bane","floor":5}],"player_experience":1308445,"relics_obtained":[],"event_choices":[{"damage_healed":0,"gold_gain":150,"player_choice":"AGREE","damage_taken":0,"max_hp_gain":0,"max_hp_loss":0,"event_name":"Liars Game","floor":4,"gold_loss":0,"cards_obtained":["Doubt"]}],"is_beta":false,"boss_relics":[],"items_purged_floors":[],"is_endless":false,"potions_floor_spawned":[1,5],"killed_by":"Lagavulin","ascension_level":20}}