{"host":"7108daw7adv7mxyd","time":1613793913,"event":{"mods":["BaseMod","Minty Spire (QoL Compilation)","StSLib"],"gold_per_floor":[117,117,117,117,91,120,133,133,133,166,166,186,186,202,202,307,307,324,335,124,39,49,49,62,62,114,114,132,158,83,100,100,203,203,215,178,178,178,190,190,207,207,207,236,248,264,264,282,282,282,282],"floor_reached":50,"language":"ENG","playtime":2306,"items_purged":["Strike_P"],"score":721,"play_id":"20172ad1-1f9d-4b43-9387-7d48d70f7579","local_time":"20210219230513","is_ascension_mode":true,"campfire_choices":[{"data":"Prostrate","floor":8.0,"key":"SMITH"},{"floor":11.0,"key":"REST"},{"floor":15.0,"key":"REST"},{"floor":23.0,"key":"REST"},{"floor":25.0,"key":"REST"},{"floor":32.0,"key":"REST"},{"floor":40.0,"key":"REST"},{"floor":42,"key":"REST"},{"floor":49,"key":"REST"}],"circlet_count":0,"master_deck":["Strike_P","Strike_P","Defend_P","Eruption","Vigilance","Prostrate+1","Consecrate","PathToVictory+1","EmptyBody+1","Prostrate+1","Scrawl+1","Brilliance","Judgement+1","Worship+1","SignatureMove+1","Ragnarok","PathToVictory+1"],"relics":["PureWater","NeowsBlessing","Blue Candle","PreservedInsect","Toxic Egg 2","Pocketwatch","Philosopher\u0027s Stone","Boot","Omamori","Mummified Hand","Empty Cage","WarpedTongs","Prayer Wheel","Mercury Hourglass"],"acts_visited":["Exordium","TheCity","TheBeyond"],"potions_floor_usage":[45,45,46,48],"damage_taken":[{"damage":0.0,"enemies":"Cultist","floor":1.0,"turns":1.0},{"damage":0.0,"enemies":"Gremlin Nob","floor":6.0,"turns":1.0},{"damage":0.0,"enemies":"2 Louse","floor":7.0,"turns":1.0},{"damage":27.0,"enemies":"3 Sentries","floor":10.0,"turns":5.0},{"damage":20.0,"enemies":"Small Slimes","floor":12.0,"turns":2.0},{"damage":17.0,"enemies":"Exordium Thugs","floor":14.0,"turns":4.0},{"damage":17.0,"enemies":"The Guardian","floor":16.0,"turns":9.0},{"damage":15.0,"enemies":"Chosen","floor":18.0,"turns":5.0},{"damage":7.0,"enemies":"Shell Parasite","floor":19.0,"turns":6.0},{"damage":37.0,"enemies":"Chosen and Byrds","floor":22.0,"turns":7.0},{"damage":17.0,"enemies":"Snake Plant","floor":24.0,"turns":2.0},{"damage":12.0,"enemies":"Snecko","floor":28.0,"turns":5.0},{"damage":3.0,"enemies":"Gremlin Leader","floor":29.0,"turns":4.0},{"damage":25.0,"enemies":"Centurion and Healer","floor":31.0,"turns":6.0},{"damage":0.0,"enemies":"Champ","floor":33.0,"turns":8.0},{"damage":15.0,"enemies":"3 Shapes","floor":35.0,"turns":4.0},{"damage":9.0,"enemies":"Orb Walker","floor":39.0,"turns":3.0},{"damage":20,"enemies":"4 Shapes","floor":41,"turns":4},{"damage":0,"enemies":"Giant Head","floor":44,"turns":4},{"damage":3,"enemies":"Jaw Worm Horde","floor":45,"turns":2},{"damage":20,"enemies":"Transient","floor":46,"turns":5},{"damage":45,"enemies":"Maw","floor":48,"turns":5},{"damage":25,"enemies":"Donu and Deca","floor":50,"turns":2}],"seed_played":"-8854547831270360730","potions_obtained":[{"floor":6.0,"key":"Fire Potion"},{"floor":16.0,"key":"Strength Potion"},{"floor":19.0,"key":"Energy Potion"},{"floor":24.0,"key":"Strength Potion"},{"floor":29.0,"key":"LiquidBronze"},{"floor":31.0,"key":"Explosive Potion"},{"floor":39.0,"key":"SpeedPotion"},{"floor":41,"key":"EssenceOfSteel"},{"floor":46,"key":"EssenceOfSteel"}],"is_trial":false,"path_per_floor":["M","$","?","?","$","E","M","R","T","E","R","M","?","M","R","B",null,"M","M","$","?","M","R","M","R","T","?","M","E","?","M","R","B",null,"M","$","?","$","M","R","M","R","T","E","M","M","?","M","R","B"],"character_chosen":"WATCHER","items_purchased":["Prostrate","Brilliance","Worship+1"],"campfire_rested":8,"item_purchase_floors":[5,20,36],"current_hp_per_floor":[72,72,65,65,65,65,65,65,65,38,59,39,63,46,67,50,72,57,50,50,50,13,34,17,38,38,62,50,47,47,22,43,43,72,57,57,57,57,48,69,49,70,70,70,67,47,47,2,23,0,0],"gold":282,"neow_bonus":"THREE_ENEMY_KILL","is_daily":false,"chose_seed":false,"campfire_upgraded":1,"win_rate":0.0,"timestamp":1613793913,"path_taken":["M","?","?","?","$","E","M","R","T","E","R","?","?","M","R","BOSS","M","M","$","?","M","R","M","R","T","?","M","E","?","M","R","BOSS","M","$","?","?","M","R","M","R","T","E","?","M","?","?","R","BOSS"],"items_purchased_type":["Card","Card","Card"],"build_version":"2020-12-22","purchased_purges":1,"victory":false,"max_hp_per_floor":[72,72,72,72,72,72,72,72,72,72,72,72,72,72,72,72,72,72,72,72,72,72,72,72,72,72,72,72,72,72,72,72,72,72,72,72,72,72,72,72,72,72,72,72,72,72,72,72,72,72,72],"card_choices":[{"not_picked":["ClearTheMind","WreathOfFlame","ThirdEye"],"picked":"SKIP","floor":1.0},{"not_picked":["Wish","Wireheading","Conclude"],"picked":"SKIP","floor":6.0},{"not_picked":["ThirdEye","BowlingBash"],"picked":"Consecrate","floor":7.0},{"not_picked":["MentalFortress","CrushJoints"],"picked":"PathToVictory+1","floor":10.0},{"not_picked":["CarveReality","FlyingSleeves"],"picked":"EmptyBody+1","floor":12.0},{"not_picked":["SashWhip","Crescendo+1"],"picked":"Prostrate+1","floor":14.0},{"not_picked":["MasterReality","DevaForm"],"picked":"Scrawl+1","floor":16.0},{"not_picked":["BattleHymn+1","Indignation+1","EmptyBody+1"],"picked":"SKIP","floor":18.0},{"not_picked":["JustLucky","Evaluate+1","Protect+1"],"picked":"SKIP","floor":19.0},{"not_picked":["Collect+1","Scrawl+1","Evaluate+1"],"picked":"SKIP","floor":22.0},{"not_picked":["EmptyFist","SashWhip","ForeignInfluence+1"],"picked":"SKIP","floor":24.0},{"not_picked":["Adaptation","SashWhip","WindmillStrike"],"picked":"SKIP","floor":28.0},{"not_picked":["ThirdEye+1","Collect+1","EmptyMind+1"],"picked":"SKIP","floor":29.0},{"not_picked":["Tantrum","ClearTheMind+1","Worship+1"],"picked":"SKIP","floor":31.0},{"not_picked":["ConjureBlade+1","Wish+1"],"picked":"Judgement+1","floor":33.0},{"not_picked":["WheelKick","FlyingSleeves+1","EmptyFist"],"picked":"SKIP","floor":35.0},{"not_picked":["JustLucky","ThirdEye+1"],"picked":"SignatureMove+1","floor":39.0},{"not_picked":["ClearTheMind+1","Evaluate+1","Weave+1"],"picked":"SKIP","floor":41},{"not_picked":["EmptyBody+1","Adaptation"],"picked":"Ragnarok","floor":44},{"not_picked":["InnerPeace+1","BowlingBash","Halt+1"],"picked":"SKIP","floor":45},{"not_picked":["JustLucky+1","Study","CutThroughFate+1"],"picked":"SKIP","floor":45},{"not_picked":["BowlingBash","Consecrate"],"picked":"PathToVictory+1","floor":46},{"not_picked":["Evaluate+1","CarveReality+1","Crescendo+1"],"picked":"SKIP","floor":46},{"not_picked":["ConjureBlade+1","JustLucky","CarveReality+1"],"picked":"SKIP","floor":48},{"not_picked":["SandsOfTime+1","FollowUp+1","CutThroughFate+1"],"picked":"SKIP","floor":48}],"player_experience":312890,"relics_obtained":[{"floor":4.0,"key":"Blue Candle"},{"floor":6.0,"key":"PreservedInsect"},{"floor":9.0,"key":"Toxic Egg 2"},{"floor":10.0,"key":"Pocketwatch"},{"floor":26.0,"key":"Omamori"},{"floor":29.0,"key":"Mummified Hand"},{"floor":43,"key":"Prayer Wheel"},{"floor":44,"key":"Mercury Hourglass"}],"event_choices":[{"cards_removed":["Defend_P"],"damage_healed":0.0,"max_hp_gain":0.0,"max_hp_loss":0.0,"gold_gain":0.0,"event_name":"Golden Wing","player_choice":"Card Removal","floor":3.0,"gold_loss":0.0,"damage_taken":7.0},{"damage_healed":0.0,"max_hp_gain":0.0,"max_hp_loss":0.0,"gold_gain":0.0,"event_name":"Wheel of Change","player_choice":"Relic","floor":4.0,"gold_loss":0.0,"damage_taken":0.0},{"damage_healed":24.0,"max_hp_gain":0.0,"max_hp_loss":0.0,"gold_gain":0.0,"event_name":"Big Fish","player_choice":"Banana","floor":13.0,"gold_loss":0.0,"damage_taken":0.0},{"damage_healed":0.0,"max_hp_gain":0.0,"max_hp_loss":0.0,"gold_gain":0.0,"event_name":"Addict","player_choice":"Obtained Relic","floor":21.0,"gold_loss":85.0,"damage_taken":0.0,"relics_obtained":["Boot"]},{"damage_healed":24.0,"max_hp_gain":0.0,"max_hp_loss":0.0,"gold_gain":0.0,"event_name":"The Library","player_choice":"Heal","floor":27.0,"gold_loss":0.0,"damage_taken":0.0},{"cards_removed":["Strike_P"],"damage_healed":0.0,"max_hp_gain":0.0,"max_hp_loss":0.0,"gold_gain":0.0,"event_name":"Beggar","player_choice":"Gave Gold","floor":30.0,"gold_loss":75.0,"damage_taken":0.0},{"damage_healed":0.0,"max_hp_gain":0.0,"max_hp_loss":0.0,"gold_gain":0.0,"event_name":"Accursed Blacksmith","player_choice":"Rummage","floor":37.0,"gold_loss":0.0,"damage_taken":0.0,"relics_obtained":["WarpedTongs"],"cards_obtained":["Pain"]},{"damage_healed":0,"gold_gain":0,"player_choice":"Bought 0 Potions","damage_taken":0,"max_hp_gain":0,"max_hp_loss":0,"event_name":"The Woman in Blue","floor":47,"gold_loss":0}],"is_beta":false,"boss_relics":[{"not_picked":["Busted Crown","Runic Pyramid"],"picked":"Philosopher\u0027s Stone"},{"not_picked":["Coffee Dripper","Sozu"],"picked":"Empty Cage"}],"items_purged_floors":[20],"is_endless":false,"potions_floor_spawned":[6,16,19,24,29,31,39,41,46],"killed_by":"Donu and Deca","ascension_level":3}}