{"host":"kxz5izodaorfb9am","time":1613833095,"event":{"mods":["BaseMod","GifTheSpireLib","Minty Spire (QoL Compilation)","Shop Mod","StSLib"],"gold_per_floor":[112,112,112,131,131,131,150,183,183,198,198,214,229,43,43,141,141,152,152,164,183,202,233,250,250,250,250,75,86,103,103,103,198,198,211,226,146,158,168,168,168,168,168,31,41,71,71,81,81,81,81,81,21,49,49],"floor_reached":56,"language":"ENG","playtime":5335,"items_purged":["Strike_R","Offering","Strike_R"],"score":1449,"play_id":"872d4b5f-1044-4132-bef7-aa16f69b9a58","local_time":"20210220155815","is_ascension_mode":true,"campfire_choices":[{"data":"Fire Breathing","floor":6,"key":"SMITH"},{"data":"True Grit","floor":11,"key":"SMITH"},{"data":"Evolve","floor":15,"key":"SMITH"},{"floor":25,"key":"REST"},{"data":"Juggernaut","floor":27,"key":"SMITH"},{"floor":32,"key":"REST"},{"floor":40,"key":"DIG"},{"floor":42,"key":"DIG"},{"floor":47,"key":"RECALL"},{"floor":49,"key":"REST"},{"data":"True Grit","floor":52,"key":"SMITH"}],"circlet_count":0,"master_deck":["Defend_R","Defend_R+1","Defend_R","Defend_R","Bash+1","Fire Breathing+1","Power Through+1","Feel No Pain","True Grit+1","Evolve+1","Body Slam+1","Shrug It Off+1","Wild Strike","Power Through","Juggernaut+1","Flame Barrier+1","Body Slam+1","Metallicize","Shrug It Off","Shrug It Off+1","True Grit+1","Flame Barrier+1","Fire Breathing"],"relics":["Runic Dome","Lizard Tail","The Courier","Sozu","Shovel","War Paint","Empty Cage","Molten Egg 2","Pear","Pocketwatch","Pantograph","Omamori","Bottled Tornado"],"acts_visited":["Exordium","TheCity","TheBeyond","TheEnding"],"potions_floor_usage":[7,8],"damage_taken":[{"damage":4,"enemies":"Jaw Worm","floor":1,"turns":3},{"damage":4,"enemies":"2 Louse","floor":4,"turns":3},{"damage":12,"enemies":"Small Slimes","floor":7,"turns":3},{"damage":0,"enemies":"3 Sentries","floor":8,"turns":5},{"damage":6,"enemies":"Blue Slaver","floor":10,"turns":5},{"damage":4,"enemies":"Red Slaver","floor":12,"turns":5},{"damage":1,"enemies":"Looter","floor":13,"turns":4},{"damage":9,"enemies":"Slime Boss","floor":16,"turns":6},{"damage":6,"enemies":"Chosen","floor":18,"turns":4},{"damage":18,"enemies":"2 Thieves","floor":20,"turns":3},{"damage":13,"enemies":"3 Cultists","floor":21,"turns":5},{"damage":6,"enemies":"Shelled Parasite and Fungi","floor":22,"turns":5},{"damage":9,"enemies":"Gremlin Leader","floor":23,"turns":7},{"damage":8,"enemies":"Centurion and Healer","floor":24,"turns":4},{"damage":7,"enemies":"Sentry and Sphere","floor":29,"turns":4},{"damage":13,"enemies":"Snake Plant","floor":30,"turns":2},{"damage":10,"enemies":"Champ","floor":33,"turns":7},{"damage":0,"enemies":"3 Shapes","floor":35,"turns":3},{"damage":16,"enemies":"Orb Walker","floor":36,"turns":4},{"damage":0,"enemies":"Sphere and 2 Shapes","floor":38,"turns":4},{"damage":11,"enemies":"4 Shapes","floor":39,"turns":4},{"damage":7,"enemies":"3 Darklings","floor":45,"turns":4},{"damage":10,"enemies":"Nemesis","floor":46,"turns":7},{"damage":7,"enemies":"Spire Growth","floor":48,"turns":5},{"damage":48,"enemies":"Time Eater","floor":50,"turns":9},{"damage":73,"enemies":"Shield and Spear","floor":54,"turns":6},{"damage":72,"enemies":"The Heart","floor":55,"turns":8}],"seed_played":"-9038496484897941600","potions_obtained":[{"floor":1,"key":"Swift Potion"},{"floor":7,"key":"Fruit Juice"},{"floor":12,"key":"Ancient Potion"}],"is_trial":false,"path_per_floor":["M","?","?","M","?","R","M","E","T","M","R","M","M","$","R","B",null,"M","?","M","M","M","E","M","R","T","R","$","M","M","?","R","B",null,"M","M","$","M","M","R","?","R","T","$","M","E","R","M","R","B",null,"R","$","E","B",null],"character_chosen":"IRONCLAD","items_purchased":["Offering","Power Through","Metallicize","War Paint","True Grit","Fire Breathing"],"campfire_rested":3,"item_purchase_floors":[14,14,28,28,44,53],"current_hp_per_floor":[68,68,68,64,48,48,41,41,41,35,35,31,30,30,30,21,69,63,63,45,32,26,17,9,34,34,34,34,27,14,14,39,29,71,71,55,55,55,44,44,54,54,54,54,47,37,37,30,58,35,80,80,80,7,12],"gold":49,"neow_bonus":"BOSS_RELIC","is_daily":false,"chose_seed":false,"campfire_upgraded":5,"win_rate":0.0,"timestamp":1613833095,"path_taken":["M","?","?","M","?","R","M","E","T","M","R","M","M","$","R","BOSS","M","?","M","M","M","E","M","R","T","R","$","?","M","?","R","BOSS","M","?","$","M","M","R","?","R","T","?","M","E","R","M","R","BOSS","R","$","E","BOSS"],"items_purchased_type":["Card","Card","Card","Relic","Card","Card"],"build_version":"2020-12-22","purchased_purges":3,"victory":true,"max_hp_per_floor":[80,80,80,80,80,80,85,85,85,85,85,85,85,85,85,85,85,85,85,85,85,85,85,85,85,85,85,85,85,85,85,85,85,85,85,85,85,85,85,85,95,95,95,95,95,95,95,95,95,95,95,95,95,95,95],"card_choices":[{"not_picked":["Dark Embrace","Pummel"],"picked":"Fire Breathing","floor":1},{"not_picked":["Searing Blow","Cleave"],"picked":"Feel No Pain","floor":4},{"not_picked":["Heavy Blade","Twin Strike"],"picked":"True Grit","floor":7},{"not_picked":["Dark Embrace","Rupture"],"picked":"Evolve","floor":8},{"not_picked":["Uppercut","Perfected Strike"],"picked":"Body Slam","floor":10},{"not_picked":["Sword Boomerang","Clothesline"],"picked":"Shrug It Off","floor":12},{"not_picked":["Clothesline","Body Slam"],"picked":"Wild Strike","floor":13},{"not_picked":["Feed","Bludgeon"],"picked":"Juggernaut","floor":16},{"not_picked":["Thunderclap","Dark Embrace+1","Intimidate"],"picked":"SKIP","floor":18},{"not_picked":["Bloodletting+1","Flex"],"picked":"Flame Barrier+1","floor":20},{"not_picked":["Anger","Thunderclap","Infernal Blade"],"picked":"SKIP","floor":21},{"not_picked":["Wild Strike+1","Exhume"],"picked":"Body Slam+1","floor":22},{"not_picked":["Feel No Pain+1","Pommel Strike","Infernal Blade"],"picked":"SKIP","floor":23},{"not_picked":["Pummel","True Grit","Rupture"],"picked":"SKIP","floor":24},{"not_picked":["Blood for Blood","Clash","Evolve"],"picked":"SKIP","floor":29},{"not_picked":["Twin Strike","Intimidate","Clash"],"picked":"SKIP","floor":30},{"not_picked":["Seeing Red+1","Pommel Strike"],"picked":"Shrug It Off","floor":35},{"not_picked":["Iron Wave","Headbutt+1","Twin Strike"],"picked":"SKIP","floor":36},{"not_picked":["Ghostly Armor+1","Twin Strike+1"],"picked":"Shrug It Off+1","floor":38},{"not_picked":["Pummel","Flex","Intimidate+1"],"picked":"SKIP","floor":39},{"not_picked":["Anger+1","Combust+1","Warcry"],"picked":"SKIP","floor":45},{"not_picked":["Feel No Pain","Offering","Heavy Blade+1"],"picked":"SKIP","floor":46},{"not_picked":["Flex+1","Clash+1"],"picked":"Flame Barrier+1","floor":48},{"not_picked":["Headbutt+1","Iron Wave+1","Seeing Red"],"picked":"SKIP","floor":54}],"player_experience":350681,"relics_obtained":[{"floor":8,"key":"Lizard Tail"},{"floor":9,"key":"The Courier"},{"floor":23,"key":"Shovel"},{"floor":40,"key":"Molten Egg 2"},{"floor":42,"key":"Pocketwatch"},{"floor":43,"key":"Pantograph"},{"floor":46,"key":"Omamori"},{"floor":54,"key":"Bottled Tornado"}],"event_choices":[{"damage_healed":0,"gold_gain":0,"cards_transformed":["Strike_R"],"player_choice":"Change","damage_taken":0,"max_hp_gain":0,"max_hp_loss":0,"event_name":"Living Wall","floor":2,"gold_loss":0,"cards_obtained":["Power Through"]},{"damage_healed":0,"gold_gain":0,"player_choice":"Ignored","damage_taken":0,"max_hp_gain":0,"max_hp_loss":0,"event_name":"Golden Idol","floor":3,"gold_loss":0},{"damage_healed":0,"gold_gain":0,"player_choice":"Entered Light","damage_taken":16,"max_hp_gain":0,"max_hp_loss":0,"event_name":"Shining Light","floor":5,"gold_loss":0,"cards_upgraded":["Bash","Power Through"]},{"damage_healed":0,"gold_gain":0,"player_choice":"Forge","damage_taken":0,"max_hp_gain":0,"max_hp_loss":0,"event_name":"Accursed Blacksmith","floor":19,"gold_loss":0,"cards_upgraded":["Body Slam"]},{"damage_healed":0,"gold_gain":0,"player_choice":"Bought 0 Potions","damage_taken":0,"max_hp_gain":0,"max_hp_loss":0,"event_name":"The Woman in Blue","floor":31,"gold_loss":0},{"damage_healed":0,"gold_gain":0,"player_choice":"Gave Potion","damage_taken":0,"relics_obtained":["Pear"],"max_hp_gain":0,"max_hp_loss":0,"event_name":"WeMeetAgain","floor":41,"gold_loss":0}],"is_beta":false,"boss_relics":[{"not_picked":["Runic Cube","Black Star"],"picked":"Sozu"},{"not_picked":["Coffee Dripper","Pandora\u0027s Box"],"picked":"Empty Cage"}],"items_purged_floors":[14,37,44],"is_endless":false,"potions_floor_spawned":[1,7,12,21,22,23,29,38,39,46,48],"ascension_level":6}}