{"host":"0wmeqr6jlf4kz37n","time":1613806049,"event":{"mods":["Act Like it!","BaseMod","GungeonMod","Minty Spire (QoL Compilation)","Quick Restart","StSLib","TestMod","【遗物卡牌】REMEMod"],"gold_per_floor":[113,63,80,12,28,53,73,73,97,22,51,51,115,141,141,239,239,256,267,285,296,315,315,315,315,315,347,747,747,772,783,783,888,888,908,927,877,921,427,470,470,470,496,514,514,548,187,204,204,204,204,204,74,106,106],"floor_reached":56,"language":"ZHS","playtime":1861,"items_purged":["DemoMod:Strike_Huntress","DemoMod:Strike_Huntress","DemoMod:Defend_Huntress","DemoMod:Defend_Huntress","DemoMod:Defend_Huntress"],"score":1522,"play_id":"ee9b5cee-e4b8-4078-b2cf-5c280a3537ed","local_time":"20210220152729","is_ascension_mode":false,"campfire_choices":[{"data":"DemoMod:PotionOfGunFriendShip","floor":8,"key":"SMITH"},{"data":"DemoMod:Eureka","floor":12,"key":"SMITH"},{"data":"DemoMod:FightSabre","floor":15,"key":"SMITH"},{"floor":23,"key":"RECALL"},{"data":"DemoMod:EasyReloadBullets","floor":25,"key":"SMITH"},{"data":"DemoMod:ManualReload","floor":29,"key":"SMITH"},{"data":"DemoMod:Eureka","floor":32,"key":"SMITH"},{"data":"DemoMod:SniperShot","floor":41,"key":"SMITH"},{"data":"DemoMod:FortunesFavor","floor":45,"key":"SMITH"},{"floor":49,"key":"REST"},{"data":"DemoMod:Roll","floor":52,"key":"SMITH"}],"circlet_count":0,"master_deck":["DemoMod:Roll+1","DemoMod:ManualReload+1","DemoMod:RustySidearm","DemoMod:CrossBow","Blasphemy+1","DemoMod:PotionOfGunFriendShip+1","DemoMod:SniperShot+1","DemoMod:SAA","DemoMod:DoubleVision","DemoMod:Eureka+1","DemoMod:FightSabre+1","DemoMod:BSG","DemoMod:EasyReloadBullets+1","DemoMod:ZorGun+1","DemoMod:HuntsMan+1","DemoMod:AWP","DemoMod:Eureka+1","DemoMod:FinishedGun","DemoMod:HungryBullets+1","DemoMod:FortunesFavor+1","DemoMod:BulletBore","DemoMod:ShadowBullets+1","DemoMod:TableSutra+1"],"relics":["DemoMod:Dog","REME_ComplimentaryCards","testmod-RandomTest","Bag of Marbles","Vajra","Smiling Mask","Nunchaku","testmod-EnergyCheck","DemoMod:PinkGuonStone","Matryoshka","Red Mask","Frozen Egg 2","DemoMod:ElasticCartridgeClip","Shuriken","Pen Nib","Toy Ornithopter","testmod-LifeArmor","Regal Pillow","Potion Belt","Lantern","testmod-Charity","Bag of Preparation"],"acts_visited":["Exordium","TheCity","TheBeyond","TheEnding"],"potions_floor_usage":[14,16,55,55,55,55,55,55],"damage_taken":[{"damage":0.0,"enemies":"2 Louse","floor":1.0,"turns":2.0},{"damage":0.0,"enemies":"Cultist","floor":3.0,"turns":4.0},{"damage":0,"enemies":"Small Slimes","floor":5,"turns":1},{"damage":6,"enemies":"Lagavulin","floor":6,"turns":3},{"damage":0,"enemies":"2 Fungi Beasts","floor":7,"turns":2},{"damage":0,"enemies":"Gremlin Nob","floor":11,"turns":1},{"damage":0,"enemies":"3 Louse","floor":13,"turns":1},{"damage":0,"enemies":"3 Sentries","floor":14,"turns":2},{"damage":0,"enemies":"Hexaghost","floor":16,"turns":3},{"damage":0,"enemies":"Chosen","floor":18,"turns":2},{"damage":0,"enemies":"Spheric Guardian","floor":19,"turns":2},{"damage":4,"enemies":"Shelled Parasite and Fungi","floor":20,"turns":2},{"damage":0,"enemies":"Snake Plant","floor":21,"turns":1},{"damage":7,"enemies":"Centurion and Healer","floor":22,"turns":2},{"damage":16,"enemies":"Masked Bandits","floor":27,"turns":3},{"damage":0,"enemies":"Gremlin Leader","floor":30,"turns":3},{"damage":0,"enemies":"Shelled Parasite and Fungi","floor":31,"turns":2},{"damage":0,"enemies":"Automaton","floor":33,"turns":1},{"damage":0,"enemies":"3 Darklings","floor":35,"turns":1},{"damage":6,"enemies":"3 Shapes","floor":36,"turns":1},{"damage":0,"enemies":"3 Darklings","floor":38,"turns":1},{"damage":0,"enemies":"Reptomancer","floor":40,"turns":1},{"damage":0,"enemies":"Jaw Worm Horde","floor":44,"turns":2},{"damage":0,"enemies":"Nemesis","floor":46,"turns":1},{"damage":36,"enemies":"Transient","floor":48,"turns":1},{"damage":26,"enemies":"Awakened One","floor":50,"turns":7},{"damage":15,"enemies":"Shield and Spear","floor":54,"turns":3},{"damage":4,"enemies":"The Heart","floor":55,"turns":6}],"seed_played":"-5448879354215395618","potions_obtained":[{"floor":5,"key":"Swift Potion"},{"floor":6,"key":"SteroidPotion"},{"floor":14,"key":"DemoMod:BlankPotion"},{"floor":16,"key":"DemoMod:LeadSkinPotion"},{"floor":19,"key":"PowerPotion"},{"floor":21,"key":"DuplicationPotion"},{"floor":30,"key":"DemoMod:LeadSkinPotion"},{"floor":46,"key":"EntropicBrew"}],"is_trial":false,"path_per_floor":["M","?","M","?","M","E","M","R","T","$","E","R","M","E","R","B",null,"M","M","M","M","M","R","T","R","T","?","?","R","E","M","R","B",null,"M","M","$","M","$","E","R","?","T","M","R","E","$","M","R","B",null,"R","$","E","B",null],"character_chosen":"HUNTRESS","items_purchased":["Shuriken","Pen Nib","DemoMod:HungryBullets+1","Lantern","testmod-Charity","DemoMod:TableSutra+1"],"campfire_rested":1,"item_purchase_floors":[39,39,39,47,47,53],"current_hp_per_floor":[70,70,70,70,70,64,64,64,64,64,64,64,64,64,64,64,70,70,70,66,66,59,59,66,66,66,50,50,50,50,50,50,50,77,77,71,71,71,71,71,71,71,71,71,71,71,71,36,74,48,78,78,78,64,78],"gold":106,"neow_bonus":"UPGRADE_CARD","is_daily":false,"chose_seed":false,"campfire_upgraded":9,"win_rate":0.0,"timestamp":1613806049,"path_taken":["M","?","M","?","M","E","M","R","T","$","E","R","M","E","R","BOSS","M","M","?","?","M","R","?","R","T","?","?","R","E","M","R","BOSS","M","M","$","M","$","E","R","?","T","M","R","E","$","M","R","BOSS","R","$","E","BOSS"],"items_purchased_type":["Relic","Relic","Card","Relic","Relic","Card"],"build_version":"2020-12-22","purchased_purges":5,"victory":true,"max_hp_per_floor":[70,70,70,70,70,70,70,70,70,70,70,70,70,70,70,70,70,70,70,70,70,70,70,77,77,77,77,77,77,77,77,77,77,77,77,77,77,77,77,77,77,77,77,77,77,77,77,78,78,78,78,78,78,79,79],"card_choices":[{"not_picked":["DemoMod:ConditionalReflex","DemoMod:FastSwitch"],"picked":"DemoMod:PotionOfGunFriendShip","floor":1.0},{"not_picked":["DemoMod:DoubleSwitch","DemoMod:ConditionalReflex"],"picked":"DemoMod:SniperShot","floor":3.0},{"not_picked":["DemoMod:StickyCrossBow","DemoMod:BattleInHaste"],"picked":"DemoMod:SAA","floor":5},{"not_picked":["DemoMod:BoxingGlove","DemoMod:Unmoved"],"picked":"DemoMod:DoubleVision","floor":6},{"not_picked":["DemoMod:RadGun","DemoMod:DoubleSwitch","DemoMod:Unmoved"],"picked":"SKIP","floor":7},{"not_picked":["DemoMod:MegaHand","DemoMod:FastSwitch","DemoMod:Unmoved"],"picked":"SKIP","floor":7},{"not_picked":["DemoMod:HardPowerCard","DemoMod:HungryBullets"],"picked":"DemoMod:Eureka","floor":11},{"not_picked":["DemoMod:Unmoved","DemoMod:TeaPot","DemoMod:Polaris"],"picked":"SKIP","floor":13},{"not_picked":["DemoMod:StickyCrossBow","DemoMod:SAA"],"picked":"DemoMod:FightSabre","floor":14},{"not_picked":["DemoMod:BlackHoleGun","DemoMod:SuppressiveFire"],"picked":"DemoMod:BSG","floor":16},{"not_picked":["DemoMod:FastSwitch+1","DemoMod:HardPowerCard+1","DemoMod:ChanceBullets"],"picked":"SKIP","floor":18},{"not_picked":["DemoMod:FastSwitch+1","DemoMod:ChanceBullets+1","DemoMod:Rummage"],"picked":"SKIP","floor":19},{"not_picked":["DemoMod:DirectionalPad+1","DemoMod:Camera"],"picked":"DemoMod:EasyReloadBullets","floor":20},{"not_picked":["DemoMod:HuntsMan","DemoMod:GunstockTap"],"picked":"DemoMod:ZorGun+1","floor":21},{"not_picked":["DemoMod:ProbeStrike","DemoMod:ConditionalReflex","DemoMod:BattleInHaste"],"picked":"SKIP","floor":22},{"not_picked":["DemoMod:Unmoved","DemoMod:ConditionalReflex"],"picked":"DemoMod:HuntsMan+1","floor":27},{"not_picked":["DemoMod:GunstockTap","DemoMod:DirectionalPad"],"picked":"DemoMod:AWP","floor":30},{"not_picked":["DemoMod:ZorGun+1","DemoMod:BattleInHaste"],"picked":"DemoMod:Eureka","floor":31},{"not_picked":["DemoMod:BalloonGun","DemoMod:FightSabre"],"picked":"DemoMod:FinishedGun","floor":33},{"not_picked":["DemoMod:DirectionalPad","DemoMod:MegaHand+1","DemoMod:StickyCrossBow"],"picked":"SKIP","floor":35},{"not_picked":["DemoMod:AbyssalTentacle","DemoMod:DoubleSwitch+1","DemoMod:ProbeStrike"],"picked":"SKIP","floor":36},{"not_picked":["DemoMod:SAA","DemoMod:GunstockTap+1","DemoMod:HardPowerCard+1"],"picked":"SKIP","floor":38},{"not_picked":["DemoMod:ChanceBullets+1","DemoMod:BattleInHaste+1","DemoMod:JK47+1"],"picked":"SKIP","floor":40},{"not_picked":["DemoMod:HighKaliber","DemoMod:Ejector"],"picked":"DemoMod:FortunesFavor","floor":44},{"not_picked":["DemoMod:DoubleSwitch","DemoMod:HuntsMan+1"],"picked":"DemoMod:BulletBore","floor":46},{"not_picked":["DemoMod:CombinedRifle+1","DemoMod:MachoBrace"],"picked":"DemoMod:ShadowBullets+1","floor":48},{"not_picked":["DemoMod:FightSabre","DemoMod:MachoBrace","DemoMod:ZorGun"],"picked":"SKIP","floor":54}],"player_experience":248141,"relics_obtained":[{"floor":6,"key":"Vajra"},{"floor":11,"key":"Smiling Mask"},{"floor":14,"key":"Nunchaku"},{"floor":24,"key":"DemoMod:PinkGuonStone"},{"floor":26,"key":"Matryoshka"},{"floor":27,"key":"Red Mask"},{"floor":30,"key":"Frozen Egg 2"},{"floor":40,"key":"Toy Ornithopter"},{"floor":43,"key":"testmod-LifeArmor"},{"floor":43,"key":"Regal Pillow"},{"floor":46,"key":"Potion Belt"},{"floor":54,"key":"Bag of Preparation"}],"event_choices":[{"cards_removed":["DemoMod:Strike_Huntress"],"damage_healed":0.0,"max_hp_gain":0.0,"max_hp_loss":0.0,"gold_gain":0.0,"event_name":"The Cleric","player_choice":"Card Removal","floor":2.0,"gold_loss":50.0,"damage_taken":0.0},{"damage_healed":0.0,"max_hp_gain":0.0,"max_hp_loss":0.0,"gold_gain":0.0,"event_name":"WeMeetAgain","player_choice":"Paid Gold","floor":4.0,"gold_loss":68.0,"damage_taken":0.0,"relics_obtained":["Bag of Marbles"]},{"damage_healed":0,"gold_gain":0,"player_choice":"Fought Bandits","damage_taken":0,"max_hp_gain":0,"max_hp_loss":0,"event_name":"Masked Bandits","floor":27,"gold_loss":0},{"damage_healed":0,"gold_gain":400,"player_choice":"Sell","damage_taken":0,"max_hp_gain":0,"max_hp_loss":0,"event_name":"恩洛斯的盘子","floor":28,"relics_lost":["testmod-TestBox"],"gold_loss":0},{"cards_removed":["DemoMod:Defend_Huntress"],"damage_healed":0,"gold_gain":0,"player_choice":"Purged","damage_taken":0,"max_hp_gain":0,"max_hp_loss":0,"event_name":"Purifier","floor":42,"gold_loss":0}],"is_beta":false,"boss_relics":[{"not_picked":["testmod-Nine","Fusion Hammer"],"picked":"testmod-EnergyCheck"},{"not_picked":["Busted Crown","testmod-KeyOfTheVoid"],"picked":"DemoMod:ElasticCartridgeClip"}],"items_purged_floors":[10,37,39,47,53],"is_endless":false,"potions_floor_spawned":[5,6,14,16,19,21,27,30,35,44,46],"ascension_level":0}}