{"host":"bx8ylsmj2ob6hd5u","time":1613843231,"event":{"mods":["AchievementEnabler","Act Like it!","Aspiration","BaseMod","Colored Map","Downfall","Duelist Mod","Friendly Minions","Gensokyo","GifTheSpireLib","Hallownest","Hermit","HololiveMod","Hubris","Infinite Spire","Jorbs\u0027s Wanderer Trilogy","KinomotoSakuraMod(????)","Kiyohime????","Koishi","KomeijiMod","Lobotomy","LobotomyExtend","Marisa????????","Minty Spire (QoL Compilation)","Prisma Mod","Rare Cards Sparkle","Reimu??????","Remilia??????","Replay The Spire","StSLib","Td1madao Mod","The Administrix","The Animator","The Bug Knight","The Construct","The Cursed","The Disciple","The Hierophant","The Necromancer","The Poker Player","The Runesmith","The Senshi","The Servant 0.9.4","WarShipGirlsR/????R mod"],"gold_per_floor":[76,76,76,176,201,201,221,221,221,236,254,254,267,267,267,397,397,410,18,18,36,109,109,376,376,421,421,421,421,32,32,32,157,157,170,184,30,53,53,77,77,92,92,92,92,107,107,130,130,130],"floor_reached":51,"language":"ENG","playtime":2869,"items_purged":["Shame"],"score":762,"play_id":"5e86041d-69f2-4d2f-a56c-8aa2eb29bbe7","local_time":"20210220194711","is_ascension_mode":false,"campfire_choices":[{"data":"Hololive_CallTsunomakiWatame","floor":6,"key":"SMITH"},{"data":"Hololive_CallOzoraSubaru","floor":8,"key":"SMITH"},{"data":"Hololive_HuntDinosaur","floor":12,"key":"SMITH"},{"data":"Hololive_CallMinatoAqua","floor":15,"key":"SMITH"},{"data":"Hololive_DDD","floor":23,"key":"SMITH"},{"data":"Hololive_CallShishiroBotan","floor":25,"key":"SMITH"},{"data":"Hololive_CallNakiriAyame","floor":27,"key":"SMITH"},{"data":"Hololive_FlareMind","floor":32,"key":"SMITH"},{"data":"Hololive_Recruit","floor":41,"key":"SMITH"},{"data":"Hololive_CallMurasakiShion","floor":45,"key":"SMITH"},{"data":"Hololive_Rebirth","floor":47,"key":"SMITH"},{"data":"Hololive_MaximGun","floor":49,"key":"SMITH"}],"circlet_count":0,"master_deck":["Hololive_Strike","Hololive_Strike","Hololive_Defend","Hololive_Defend","Hololive_Breathe","Hololive_CallUruhaRushia+1","Hololive_CallNakiriAyame+1","Hololive_CallMinatoAqua+1","Hololive_CallMurasakiShion+1","Hololive_CallOzoraSubaru+1","Hololive_CallTsunomakiWatame+1","Hololive_CallShishiroBotan+1","Hololive_CallYozoraMel","Hololive_Psychosis","Hololive_HuntDinosaur+1","Hololive_FlareMind+1","Hololive_DDD+1","Hololive_Sequa","Good Instincts","Hololive_CallShiranuiFlare+1","Hololive_FlyingPonyTail+1","Hololive_Recruit+1","Hololive_MaximGun+1","Hololive_Rebound+1","Hololive_Trident+1","Hololive_StrengthChampion+1","Hololive_CallAZKi+1","Hololive_Rebirth+1","Hololive_HuntDinosaur+1"],"relics":["Hololive_TheStar","aspiration:TomeofQuesting","LetterFromLob","Golden Idol","Regal Pillow","hubris:HollowSoul","theSenshi:SpiralHeartMoonRodRelic","MealTicket","hubris:Towel","WarpedTongs","Unceasing Top","Replay:Wax Seal","infinitespire:Cupcake","construct:WeddingRing","Lantern","hubris:CrystalStatue"],"acts_visited":["Exordium","Exordium","Hallownest:CityofTears"],"potions_floor_usage":[16,22,33,42,50],"damage_taken":[{"damage":0,"enemies":"Jaw Worm","floor":1,"turns":3},{"damage":0,"enemies":"Small Slimes","floor":5,"turns":3},{"damage":0,"enemies":"2 Louse","floor":7,"turns":3},{"damage":0,"enemies":"Exordium Thugs","floor":10,"turns":3},{"damage":0,"enemies":"Looter","floor":11,"turns":3},{"damage":2,"enemies":"Large Slime","floor":13,"turns":4},{"damage":0,"enemies":"Slime Boss","floor":16,"turns":5},{"damage":0,"enemies":"Hallownest:Guard_and_Sentry","floor":18,"turns":5},{"damage":0,"enemies":"Hallownest:2_Mistakes","floor":21,"turns":5},{"damage":0,"enemies":"Hallownest:Glutton_and_Coward","floor":22,"turns":6},{"damage":3,"enemies":"Hallownest:BossMantisLord","floor":33,"turns":8},{"damage":1,"enemies":"Gensokyo:3_Boulders","floor":35,"turns":6},{"damage":0,"enemies":"Gensokyo:3_Bats","floor":36,"turns":3},{"damage":0,"enemies":"Gensokyo:AtlasGolem","floor":38,"turns":3},{"damage":0,"enemies":"Gensokyo:SeedOfUnknown","floor":40,"turns":4},{"damage":0,"enemies":"Gensokyo:Rafflesia","floor":42,"turns":5},{"damage":0,"enemies":"Gensokyo:Sharpion","floor":46,"turns":3},{"damage":0,"enemies":"Gensokyo:3_Boulders","floor":48,"turns":5},{"damage":0,"enemies":"Gensokyo:Shinki","floor":50,"turns":9}],"seed_played":"-1053624197591416499","potions_obtained":[{"floor":5,"key":"Strength Potion"},{"floor":16,"key":"ZuzhouPotion:ReiMu"},{"floor":21,"key":"DuplicationPotion"},{"floor":36,"key":"Adrenaline Potion"},{"floor":42,"key":"ColorlessPotion"}],"is_trial":false,"path_per_floor":["M","?","?","?","M","R","M","R","T","M","M","R","M","?","R","B",null,"M","$","?","M","M","R","?","R","T","R","?","?","$","AVR","R","B",null,"M","M","$","M","$","M","R","M","T","?","R","M","R","M","R","B",null],"character_chosen":"Hololive_HololiveCharacter","items_purchased":["theSenshi:SpiralHeartMoonRodRelic","Good Instincts","Unceasing Top","Lantern"],"campfire_rested":0,"item_purchase_floors":[19,19,30,37],"current_hp_per_floor":[35,27,27,27,27,27,27,27,27,27,27,27,25,22,22,22,35,35,35,35,35,35,35,35,35,35,35,35,35,35,35,35,35,35,35,35,35,35,35,35,35,35,35,35,35,35,35,35,35,35],"gold":130,"neow_bonus":"RANDOM_COMMON_RELIC","is_daily":false,"chose_seed":false,"campfire_upgraded":12,"win_rate":0.0,"timestamp":1613843231,"path_taken":["M","?","?","?","?","R","M","R","T","M","M","R","M","?","R","BOSS","M","$","?","M","?","R","?","R","T","R","?","?","?","AVR","R","BOSS","M","?","$","?","?","?","R","?","T","?","R","?","R","M","R","BOSS"],"items_purchased_type":["Relic","Card","Relic","Card"],"build_version":"2020-12-22","purchased_purges":1,"victory":true,"max_hp_per_floor":[35,35,35,35,35,35,35,35,35,35,35,35,35,35,35,35,35,35,35,35,35,35,35,35,35,35,35,35,35,35,35,35,35,35,35,35,35,35,35,35,35,35,35,35,35,35,35,35,35,35],"card_choices":[{"not_picked":["Hololive_FlyingPonyTail","Hololive_CallArtia","Hololive_Drill"],"picked":"Hololive_CallTsunomakiWatame","floor":1},{"not_picked":["Hololive_HuntDinosaur","Hololive_LuckPotion","Hololive_Drill"],"picked":"Hololive_CallShishiroBotan","floor":5},{"not_picked":["Hololive_CallOzoraSubaru","Hololive_Drill","Hololive_Breathe"],"picked":"Hololive_CallYozoraMel","floor":7},{"not_picked":["Hololive_StrengthChampion","Hololive_RevenueBasedLive","Hololive_LuckPotion"],"picked":"Hololive_Psychosis","floor":10},{"not_picked":["Hololive_FlyingPonyTail","Hololive_Yoholoon","Hololive_Rebound"],"picked":"Hololive_HuntDinosaur","floor":11},{"not_picked":["Hololive_OvertimeWork","Hololive_HuntDinosaur","Hololive_Drill"],"picked":"Hololive_FlareMind","floor":13},{"not_picked":["Hololive_FlareMind","Hololive_Rebirth","Hololive_DurableLive"],"picked":"Hololive_DDD","floor":16},{"not_picked":["Hololive_RevenueBasedLive","Hololive_StrengthChampion","Hololive_FlyingPonyTail"],"picked":"Hololive_Sequa","floor":18},{"not_picked":["Hololive_HuntDinosaur+1","Hololive_CallNakiriAyame","Hololive_DiamondStrike"],"picked":"Hololive_CallShiranuiFlare+1","floor":21},{"not_picked":["Hololive_Sequa+1","Hololive_StrengthChampion","Hololive_Trident"],"picked":"Hololive_FlyingPonyTail+1","floor":22},{"not_picked":["Hololive_DurableLive","Hololive_ASMR","Hololive_AWSL"],"picked":"Hololive_Recruit","floor":33},{"not_picked":["Hololive_Breathe+1","Hololive_Trident","Hololive_Drill"],"picked":"Hololive_MaximGun","floor":35},{"not_picked":["Hololive_FlyingPonyTail+1","Hololive_Watashimo","Hololive_CallShiranuiFlare"],"picked":"Hololive_Rebound+1","floor":36},{"not_picked":["Hololive_CallNatsuiroMatsuri","Hololive_OvertimeWork","Hololive_HuntDinosaur"],"picked":"Hololive_Trident+1","floor":38},{"not_picked":["Hololive_OvertimeWork","Hololive_Breathe","Hololive_Drill"],"picked":"Hololive_StrengthChampion+1","floor":40},{"not_picked":["Hololive_Psychosis","Hololive_CallMinatoAqua","Hololive_MaximGun"],"picked":"Hololive_CallAZKi+1","floor":42},{"not_picked":["Hololive_FlyingPonyTail","Hololive_HuntDinosaur","Hololive_CallYukihanaLamy+1"],"picked":"Hololive_Rebirth","floor":46},{"not_picked":["Hololive_Trident","Hololive_CallUruhaRushia","Hololive_Breathe"],"picked":"Hololive_HuntDinosaur+1","floor":48}],"player_experience":1601914,"relics_obtained":[{"floor":1,"key":"LetterFromLob"},{"floor":9,"key":"ReplayTheSpireMod:Lightbulb"},{"floor":26,"key":"MealTicket"},{"floor":43,"key":"hubris:CrystalStatue"}],"event_choices":[{"damage_healed":0,"gold_gain":0,"player_choice":"Take Damage","damage_taken":8,"relics_obtained":["Golden Idol"],"max_hp_gain":0,"max_hp_loss":0,"event_name":"Golden Idol","floor":2,"gold_loss":0},{"damage_healed":0,"gold_gain":100,"player_choice":"Pray","damage_taken":0,"max_hp_gain":0,"max_hp_loss":0,"event_name":"Golden Shrine","floor":4,"gold_loss":0},{"damage_healed":0,"gold_gain":0,"player_choice":"Success","damage_taken":3,"relics_obtained":["Regal Pillow"],"max_hp_gain":0,"max_hp_loss":0,"event_name":"Scrap Ooze","floor":14,"gold_loss":0}],"is_beta":false,"boss_relics":[{"not_picked":["Kintsugi","Busted Crown"],"picked":"hubris:HollowSoul"},{"not_picked":["Snecko Eye","hubris:TerracottaHorce"],"picked":"construct:WeddingRing"}],"items_purged_floors":[30],"is_endless":false,"potions_floor_spawned":[5,16,21,36,42],"ascension_level":0}}