{"host":"4d3077vv24x7opeb","time":1613851142,"event":{"mods":["100% Spire Juice","2.2 Compatiblity","Act Like it!","BaseMod","Bestiary","Better Altar","Better Match","Better Note","Better Sensory Stone","Better Skull","Better Third Choice","Colored Map","Colored Powertips","Hermit","Highlight Path","Marisa????????","Minty Spire (QoL Compilation)","Relic Stats","Reliquary","Replay The Spire","Robot Space Explorer","StSLib","The Administrix","The Construct","The Gatherer","The Mystic","The Senshi","The Servant 0.9.4","TheFirefly","Wide Potions","everything is the same but u backflip on backflip","slay the spire mod where everything is the same but ironclad has a cowboy hat"],"gold_per_floor":[109,125,125,125,145,145,175,175,175,29,49,77,0,20,20,125,125,140,160,160,160,179,179,210,285,285,304,338,358,358,100,100,195,195,207,223,223,270,270,301,301,301,301,301,96,131,16,27,27,27],"floor_reached":51,"language":"ENG","playtime":6400,"items_purged":["mysticmod:Defend_Mystic","Parasite"],"score":601,"play_id":"322a277b-f98d-4021-bcf5-99ca0a8c9b3b","local_time":"20210220115902","is_ascension_mode":false,"campfire_choices":[{"data":"mysticmod:ShockingGrasp","floor":6.0,"key":"SMITH"},{"data":"mysticmod:RapidCaster","floor":8.0,"key":"SMITH"},{"data":"mysticmod:CorrosiveTouch","floor":15.0,"key":"SMITH"},{"floor":23.0,"key":"REST"},{"data":"mysticmod:ComboCaster","floor":30,"key":"SMITH"},{"data":"mysticmod:PreparedCaster","floor":32,"key":"SMITH"},{"data":"mysticmod:KnowledgePool","floor":41,"key":"SMITH"},{"data":"mysticmod:BladeMaster","floor":49,"key":"SMITH"}],"circlet_count":0,"master_deck":["mysticmod:Strike_Mystic","mysticmod:Strike_Mystic","mysticmod:Defend_Mystic","mysticmod:Defend_Mystic","mysticmod:ArcaneDodge","mysticmod:ShockingGrasp+1","mysticmod:Fly","mysticmod:Disengage","mysticmod:DiviningBlow","mysticmod:Riposte+1","mysticmod:RapidCaster+1","Flash of Steel","mysticmod:Probe+1","mysticmod:CorrosiveTouch+1","mysticmod:PowerSlash","Enlightenment","mysticmod:KnowledgePool+1","mysticmod:TomeOfSpells+1","mysticmod:Grease","Madness+1","mysticmod:Sideswipe+1","mysticmod:ComboCaster+1","mysticmod:ObscuringMist","mysticmod:PreparedCaster+1","mysticmod:RapidCaster","mysticmod:GeminiForm","mysticmod:BladeMaster+1","mysticmod:Doublecast"],"relics":["mysticmod:BlessedBook","Shuriken","Ginger","Snack Pack","Anchor","Singing Bowl","Replay:Kaleidoscope","Whetstone","Cursed Key","Replay:PocketPolymizer","CatCart","Blood Vial","Membership Card","mysticmod:RabbitsFoot","ClockworkSouvenir"],"acts_visited":["Exordium","TheCity","TheBeyond"],"potions_floor_usage":[28,33,36,38,46,46],"damage_taken":[{"damage":4.0,"enemies":"Jaw Worm","floor":1.0,"turns":4.0},{"damage":2.0,"enemies":"Cultist","floor":2.0,"turns":4.0},{"damage":1.0,"enemies":"Small Slimes","floor":5.0,"turns":3.0},{"damage":9.0,"enemies":"Gremlin Nob","floor":7.0,"turns":4.0},{"damage":19.0,"enemies":"Gremlin Gang","floor":11.0,"turns":4.0},{"damage":6.0,"enemies":"3 Sentries","floor":12.0,"turns":6.0},{"damage":0.0,"enemies":"2 Fungi Beasts","floor":14.0,"turns":3.0},{"damage":38.0,"enemies":"The Guardian","floor":16.0,"turns":11.0},{"damage":13.0,"enemies":"Shell Parasite","floor":18.0,"turns":4.0},{"damage":2.0,"enemies":"Chosen","floor":19.0,"turns":4.0},{"damage":18.0,"enemies":"Shelled Parasite and Fungi","floor":22.0,"turns":5.0},{"damage":8.0,"enemies":"Book of Stabbing","floor":24.0,"turns":7.0},{"damage":22,"enemies":"Sentry and Sphere","floor":27,"turns":6},{"damage":0,"enemies":"Replay:Snechameleon","floor":28,"turns":5},{"damage":11,"enemies":"3 Cultists","floor":29,"turns":5},{"damage":31,"enemies":"Automaton","floor":33,"turns":9},{"damage":6,"enemies":"3 Darklings","floor":35,"turns":5},{"damage":21,"enemies":"3 Shapes","floor":36,"turns":6},{"damage":0,"enemies":"Orin","floor":38,"turns":7},{"damage":12,"enemies":"Nemesis","floor":40,"turns":7},{"damage":57,"enemies":"Reptomancer","floor":46,"turns":6},{"damage":5,"enemies":"Spire Growth","floor":48,"turns":4},{"damage":14,"enemies":"Replay:Hell Engine","floor":50,"turns":9}],"seed_played":"-4610831231139402590","potions_obtained":[{"floor":2.0,"key":"FearPotion"},{"floor":11.0,"key":"Explosive Potion"},{"floor":12.0,"key":"Weak Potion"},{"floor":14.0,"key":"SpeedPotion"},{"floor":22.0,"key":"LifebloodPotion"},{"floor":28,"key":"FearPotion"},{"floor":29,"key":"BlessingOfTheForge"},{"floor":33,"key":"Reflective Coating"},{"floor":36,"key":"SpeedPotion"},{"floor":40,"key":"Fire Potion"}],"is_trial":false,"path_per_floor":["M","M","?","$","M","R","E","R","T","$","M","E","?","M","R","B",null,"M","M","?","?","M","R","E","?","T","M","E","M","R","$","R_BF","B",null,"M","M","T","?","T","E","R","T","T","?","$","E","$","M","R","B",null],"character_chosen":"MYSTIC_CLASS","items_purchased":["Flash of Steel","mysticmod:Probe","Whetstone","mysticmod:RapidCaster","Membership Card","ClockworkSouvenir","LiquidMemories"],"campfire_rested":1,"item_purchase_floors":[10,10,31,31,45,47,47],"current_hp_per_floor":[80,78,78,78,77,77,68,68,68,68,49,43,49,53,53,27,90,83,87,87,69,57,84,84,75,75,63,73,70,70,70,70,57,92,94,79,79,98,98,98,98,98,98,98,97,54,54,63,63,75],"gold":27,"neow_bonus":"TEN_PERCENT_HP_BONUS","is_daily":false,"chose_seed":false,"campfire_upgraded":7,"win_rate":0.0,"timestamp":1613851142,"path_taken":["M","M","?","?","M","R","E","R","T","?","M","E","?","M","R","BOSS","M","M","?","?","M","R","E","?","T","M","E","M","R","$","R_BF","BOSS","M","M","?","?","?","E","R","?","T","?","$","E","$","M","R","BOSS"],"items_purchased_type":["Card","Card","Relic","Card","Relic","Relic","Potion"],"build_version":"2020-12-22","purchased_purges":2,"victory":true,"max_hp_per_floor":[84,84,84,84,84,84,84,84,84,84,84,84,90,90,90,90,90,90,90,90,90,90,90,90,90,90,92,92,92,92,92,92,92,92,94,96,96,98,98,100,100,100,100,100,97,99,99,101,101,101],"relic_stats":{"Blood Vial":4,"Singing Bowl":14,"counters":[23,128],"Shuriken":[96],"Ginger":[15],"Whetstone":["mysticmod:Probe","mysticmod:Riposte"],"Cursed Key":1,"obtain_stats":[{"Replay:PocketPolymizer":37,"Singing Bowl":26,"mysticmod:RabbitsFoot":46,"mysticmod:SpellBook":0,"Ginger":9,"Replay:Kaleidoscope":28,"Whetstone":31,"Cursed Key":34,"ClockworkSouvenir":47,"Blood Vial":40,"Anchor":24,"Shuriken":7,"mysticmod:BlessedBook":17,"Snack Pack":12,"Membership Card":45,"CatCart":38},{"Replay:PocketPolymizer":18,"Singing Bowl":12,"mysticmod:RabbitsFoot":21,"mysticmod:SpellBook":0,"Ginger":4,"Replay:Kaleidoscope":14,"Whetstone":15,"Cursed Key":16,"ClockworkSouvenir":21,"Blood Vial":20,"Anchor":12,"Shuriken":4,"mysticmod:BlessedBook":8,"Snack Pack":6,"Membership Card":20,"CatCart":19},{"Replay:PocketPolymizer":95,"Singing Bowl":59,"mysticmod:RabbitsFoot":115,"mysticmod:SpellBook":0,"Ginger":15,"Replay:Kaleidoscope":70,"Whetstone":75,"Cursed Key":84,"ClockworkSouvenir":115,"Blood Vial":109,"Anchor":59,"Shuriken":15,"mysticmod:BlessedBook":39,"Snack Pack":25,"Membership Card":109,"CatCart":102}]},"card_choices":[{"not_picked":["mysticmod:CorrosiveTouch","mysticmod:Sideswipe"],"picked":"mysticmod:Fly","floor":1.0},{"not_picked":["mysticmod:ComponentsPouch","mysticmod:SuddenClarity"],"picked":"mysticmod:Disengage","floor":2.0},{"not_picked":["mysticmod:EarthenWall","mysticmod:Fly"],"picked":"mysticmod:Riposte","floor":5.0},{"not_picked":["mysticmod:SpontaneousCaster","mysticmod:PunishingArmor"],"picked":"mysticmod:RapidCaster","floor":7.0},{"not_picked":["mysticmod:HeavyStrike","mysticmod:Alacrity"],"picked":"mysticmod:CorrosiveTouch","floor":11.0},{"not_picked":["mysticmod:Riposte","mysticmod:Alacrity"],"picked":"mysticmod:PowerSlash","floor":12.0},{"not_picked":["mysticmod:PureInstinct","mysticmod:Snowball","mysticmod:Shield"],"picked":"SKIP","floor":14.0},{"not_picked":["mysticmod:Momentum","mysticmod:SpontaneousCaster"],"picked":"mysticmod:KnowledgePool","floor":16.0},{"not_picked":["mysticmod:SuddenClarity","mysticmod:Snowball+1"],"picked":"mysticmod:TomeOfSpells+1","floor":18.0},{"not_picked":["mysticmod:ArcaneAccuracy+1","mysticmod:Riposte"],"picked":"mysticmod:Grease","floor":19.0},{"not_picked":["mysticmod:HeavyStrike","mysticmod:Disengage+1"],"picked":"mysticmod:Sideswipe+1","floor":22.0},{"not_picked":["mysticmod:KnowledgePool","mysticmod:EnergizedRift"],"picked":"mysticmod:ComboCaster","floor":24.0},{"not_picked":["mysticmod:SpellCombat+1","mysticmod:EarthenWall+1","mysticmod:BladedDash"],"picked":"Singing Bowl","floor":27},{"not_picked":["mysticmod:TomeOfSpells","mysticmod:Stoneskin"],"picked":"mysticmod:ObscuringMist","floor":28},{"not_picked":["mysticmod:MagicMissile","mysticmod:Disengage"],"picked":"mysticmod:PreparedCaster","floor":29},{"not_picked":["mysticmod:ObscuringMist","mysticmod:EnchantedMoulinet"],"picked":"mysticmod:GeminiForm","floor":33},{"not_picked":["mysticmod:DiviningBlow+1","mysticmod:ComponentsPouch","mysticmod:Disengage"],"picked":"Singing Bowl","floor":35},{"not_picked":["mysticmod:Alacrity","mysticmod:HunkerDown+1","mysticmod:PowerSlash"],"picked":"Singing Bowl","floor":36},{"not_picked":["mysticmod:BulkUp+1","mysticmod:ComboCaster","mysticmod:Probe+1"],"picked":"Singing Bowl","floor":38},{"not_picked":["mysticmod:Disengage+1","mysticmod:SuddenClarity+1","mysticmod:TomeOfSpells"],"picked":"Singing Bowl","floor":40},{"not_picked":["mysticmod:Discipline","mysticmod:Momentum","mysticmod:Flurry"],"picked":"Singing Bowl","floor":46},{"not_picked":["mysticmod:MagicWeapon","mysticmod:HeavyStrike","mysticmod:Snowball"],"picked":"Singing Bowl","floor":48}],"player_experience":280138,"relics_obtained":[{"floor":7.0,"key":"Shuriken"},{"floor":9.0,"key":"Ginger"},{"floor":12.0,"key":"Snack Pack"},{"floor":24.0,"key":"Anchor"},{"floor":26,"key":"Singing Bowl"},{"floor":28,"key":"Replay:Kaleidoscope"},{"floor":37,"key":"Replay:PocketPolymizer"},{"floor":38,"key":"CatCart"},{"floor":40,"key":"Blood Vial"},{"floor":46,"key":"mysticmod:RabbitsFoot"}],"event_choices":[{"damage_healed":0.0,"max_hp_gain":0.0,"max_hp_loss":0.0,"gold_gain":0.0,"cards_transformed":["mysticmod:Strike_Mystic"],"event_name":"Transmorgrifier","player_choice":"Transformed","floor":3.0,"gold_loss":0.0,"damage_taken":0.0,"cards_obtained":["mysticmod:DiviningBlow"]},{"damage_healed":0.0,"max_hp_gain":0.0,"max_hp_loss":0.0,"gold_gain":0.0,"event_name":"betterThird:BetterSerpent","player_choice":"RENOUNCE","floor":13.0,"gold_loss":77.0,"damage_taken":77.0,"cards_obtained":["Enlightenment"]},{"damage_healed":0.0,"max_hp_gain":0.0,"max_hp_loss":0.0,"gold_gain":0.0,"event_name":"betterNote:BetterNote","player_choice":"Ignored","floor":20.0,"gold_loss":0.0,"damage_taken":0.0,"cards_obtained":["Defy"]},{"damage_healed":0.0,"max_hp_gain":0.0,"max_hp_loss":18.0,"gold_gain":2.0,"event_name":"betterStone:BetterStone","player_choice":"2","floor":21.0,"gold_loss":0.0,"damage_taken":0.0},{"damage_healed":0.0,"max_hp_gain":0.0,"max_hp_loss":0.0,"gold_gain":75.0,"event_name":"FaceTrader","player_choice":"Touch","floor":25.0,"gold_loss":0.0,"damage_taken":9.0},{"damage_healed":0,"gold_gain":0,"player_choice":"Fight","damage_taken":0,"max_hp_gain":0,"max_hp_loss":0,"event_name":"OrinTheCat","floor":38,"gold_loss":0},{"damage_healed":0,"gold_gain":0,"player_choice":"Ignored","damage_taken":0,"max_hp_gain":0,"max_hp_loss":0,"event_name":"Tomb of Lord Red Mask","floor":44,"gold_loss":0}],"is_beta":false,"boss_relics":[{"not_picked":["Astrolabe","Fusion Hammer"],"picked":"mysticmod:BlessedBook"},{"not_picked":["Sozu","reliquary:Ember"],"picked":"Cursed Key"}],"items_purged_floors":[31,45],"is_endless":false,"potions_floor_spawned":[2,11,12,14,22,28,29,33,35,36,40],"ascension_level":0}}