{"host":"ipcfr4ajj2jkxvg7","time":1613826258,"event":{"mods":["BaseMod","Colored Powertips","GifTheSpireLib","Marisa（F雨　魔理沙）","Minty Spire (QoL Compilation)","Quick Restart","Remilia（蕾米莉亚）","Replay The Spire","RumiaBox-露米娅的神秘盒子","StSLib"],"gold_per_floor":[110,110,122,122,135,135,60,75,75,104,121,131,69,69,69,148,148,159,169,184,184,184],"floor_reached":21,"language":"ZHS","playtime":546,"items_purged":["Defend_MRS"],"score":406,"play_id":"9a82d648-1a1a-4896-ab00-2130d5c8227b","local_time":"20210220210418","is_ascension_mode":true,"campfire_choices":[{"data":"UpSweep","floor":6.0,"key":"SMITH"},{"floor":15.0,"key":"REST"}],"circlet_count":0,"master_deck":["AscendersBane","Strike_MRS","Strike_MRS","Strike_MRS","Strike_MRS","Defend_MRS","Defend_MRS","MasterSpark","UpSweep+1","PropBag+1","MilkyWay","AsteroidBelt","Acceleration","MilkyWay","FairyDestructionRay"],"relics":["MiniHakkero","NeowsBlessing","AddBug","SecretRecord","SecretRecord","SecretRecord","SecretRecord","SecretRecord","SecretRecord"],"acts_visited":["Exordium","TheCity"],"potions_floor_usage":[],"damage_taken":[{"damage":0.0,"enemies":"Small Slimes","floor":1.0,"turns":1.0},{"damage":0.0,"enemies":"Jaw Worm","floor":3.0,"turns":1.0},{"damage":0.0,"enemies":"2 Louse","floor":5.0,"turns":1.0},{"damage":12.0,"enemies":"Looter","floor":8.0,"turns":3.0},{"damage":30.0,"enemies":"Lagavulin","floor":10.0,"turns":5.0},{"damage":10.0,"enemies":"Lots of Slimes","floor":11.0,"turns":3.0},{"damage":0.0,"enemies":"Large Slime","floor":12.0,"turns":5.0},{"damage":16.0,"enemies":"Hexaghost","floor":16.0,"turns":6.0},{"damage":37.0,"enemies":"3 Byrds","floor":18.0,"turns":5.0},{"damage":13.0,"enemies":"2 Thieves","floor":19.0,"turns":3.0},{"damage":0.0,"enemies":"Snecko","floor":20.0,"turns":3.0},{"damage":0,"enemies":"Chosen and Byrds","floor":21,"turns":3}],"seed_played":"-4041335238108208457","potions_obtained":[{"floor":1.0,"key":"SmokeBomb"},{"floor":3.0,"key":"LiquidBronze"},{"floor":10.0,"key":"PowerPotion"},{"floor":12.0,"key":"GamblersBrew"},{"floor":18.0,"key":"PowerPotion"},{"floor":19.0,"key":"Ancient Potion"}],"is_trial":false,"path_per_floor":["M","?","M","T","M","R","$","M","T","E","M","M","?","?","R","B",null,"M","M","M","M"],"character_chosen":"MARISA","items_purchased":[],"campfire_rested":1,"item_purchase_floors":[],"current_hp_per_floor":[63,63,63,63,63,63,63,51,51,21,11,11,11,11,32,16,57,20,7,7,7,7],"gold":184,"neow_bonus":"THREE_ENEMY_KILL","is_daily":false,"chose_seed":false,"campfire_upgraded":1,"win_rate":0.0,"timestamp":1613826258,"path_taken":["M","?","M","?","M","R","$","?","T","E","M","M","?","?","R","BOSS","M","M","M","M"],"items_purchased_type":[],"build_version":"2020-12-22","purchased_purges":1,"victory":false,"max_hp_per_floor":[70,70,70,70,70,70,70,70,70,70,70,70,70,70,70,70,70,70,70,70,70,70],"card_choices":[{"not_picked":["BlazeAway","MachineGunSpark"],"picked":"PropBag","floor":1.0},{"not_picked":["DarkMatter","DC","OrrerysSun"],"picked":"SKIP","floor":3.0},{"not_picked":["WitchOfGreed","GalacticHalo","Occultation"],"picked":"SKIP","floor":5.0},{"not_picked":["WitchOfGreed","SporeBomb"],"picked":"MilkyWay","floor":8.0},{"not_picked":["PropBag","NonDirectionalLaser","RefractionSpark"],"picked":"SKIP","floor":10.0},{"not_picked":["StarlightTyphoon","ManaConvection"],"picked":"AsteroidBelt","floor":11.0},{"not_picked":["MagicChant","6A"],"picked":"Acceleration","floor":12.0},{"not_picked":["IllusionStar","ShootingEcho+1"],"picked":"MilkyWay","floor":18.0},{"not_picked":["LuminesStrike","NonDirectionalLaser+1"],"picked":"FairyDestructionRay","floor":19.0},{"not_picked":["GravityBeat+1","AsteroidBelt","GalacticHalo"],"picked":"SKIP","floor":20.0}],"player_experience":487867,"relics_obtained":[{"floor":1.0,"key":"AddBug"},{"floor":4.0,"key":"GodSword6"},{"floor":8.0,"key":"SecretRecord"},{"floor":9.0,"key":"Sundial"},{"floor":10.0,"key":"SecretRecord"},{"floor":10.0,"key":"Tiny Chest"},{"floor":12.0,"key":"SecretRecord"},{"floor":18.0,"key":"SecretRecord"},{"floor":20.0,"key":"SecretRecord"}],"event_choices":[{"damage_healed":0.0,"max_hp_gain":0.0,"max_hp_loss":0.0,"gold_gain":0.0,"event_name":"Living Wall","player_choice":"Grow","floor":2.0,"gold_loss":0.0,"damage_taken":0.0,"cards_upgraded":["PropBag"]},{"damage_healed":0.0,"max_hp_gain":0.0,"max_hp_loss":0.0,"gold_gain":0.0,"event_name":"World of Goop","player_choice":"Left Gold","floor":13.0,"gold_loss":62.0,"damage_taken":0.0}],"is_beta":false,"boss_relics":[{"not_picked":["Tiny House","ReplayTheSpireMod:DimensionalGlitch"],"picked":"BewitchedHakkero"}],"items_purged_floors":[7],"is_endless":false,"potions_floor_spawned":[1,3,10,12,18,19],"killed_by":"Chosen and Byrds","ascension_level":19}}