{"host":"nc4yx0rr2icfz9m0","time":1613812849,"event":{"mods":["BaseMod","Colored Powertips","Minty Spire (QoL Compilation)","Shop Mod"],"gold_per_floor":[113,132,145,145,161,161,179,3,3,3,15,26,36,36,36],"floor_reached":14,"language":"ZHS","playtime":741,"items_purged":["Pain"],"score":90,"play_id":"20d59701-1ef4-43a5-813e-15d8afbfd466","local_time":"20210220172049","is_ascension_mode":true,"campfire_choices":[{"data":"Flying Knee","floor":6,"key":"SMITH"},{"floor":10,"key":"REST"}],"circlet_count":0,"master_deck":["Strike_G","Strike_G","Strike_G","Strike_G","Strike_G","Defend_G","Defend_G","Defend_G","Defend_G","Defend_G","Survivor","Neutralize","Blade Dance","Infinite Blades","Flying Knee+1","Quick Slash","Underhanded Strike","Infinite Blades","Prepared","Blade Dance","PiercingWail","Sucker Punch"],"relics":["Ring of the Snake","NeowsBlessing","WarpedTongs","Question Card"],"acts_visited":["Exordium"],"potions_floor_usage":[11],"damage_taken":[{"damage":0,"enemies":"Cultist","floor":1,"turns":1},{"damage":0,"enemies":"Jaw Worm","floor":2,"turns":1},{"damage":0,"enemies":"Small Slimes","floor":3,"turns":1},{"damage":12,"enemies":"Looter","floor":5,"turns":3},{"damage":34,"enemies":"Exordium Thugs","floor":7,"turns":5},{"damage":28,"enemies":"Gremlin Gang","floor":11,"turns":5},{"damage":0,"enemies":"Large Slime","floor":12,"turns":5},{"damage":4,"enemies":"Blue Slaver","floor":13,"turns":5},{"damage":15,"enemies":"Lagavulin","floor":14,"turns":3}],"seed_played":"6538943939159297409","potions_obtained":[{"floor":3,"key":"Fire Potion"},{"floor":7,"key":"PowerPotion"},{"floor":12,"key":"SneckoOil"}],"is_trial":false,"path_per_floor":["M","M","M","?","M","R","M","$","T","R","M","M","M","E"],"character_chosen":"THE_SILENT","items_purchased":["Infinite Blades","Prepared"],"campfire_rested":1,"item_purchase_floors":[8,8],"current_hp_per_floor":[70,70,70,70,58,58,24,24,24,45,17,17,13,0,0],"gold":36,"neow_bonus":"THREE_ENEMY_KILL","is_daily":false,"chose_seed":false,"campfire_upgraded":1,"win_rate":0.0,"timestamp":1613812849,"path_taken":["M","?","M","?","?","R","?","$","T","R","M","M","M","E"],"items_purchased_type":["Card","Card"],"build_version":"2020-12-22","purchased_purges":1,"victory":false,"max_hp_per_floor":[70,70,70,70,70,70,70,70,70,70,70,70,70,70,70],"card_choices":[{"not_picked":["Poisoned Stab","Deadly Poison"],"picked":"Blade Dance","floor":1},{"not_picked":["Heel Hook","Bane"],"picked":"Infinite Blades","floor":2},{"not_picked":["Slice","Caltrops"],"picked":"Flying Knee","floor":3},{"not_picked":["All Out Attack","Poisoned Stab"],"picked":"Quick Slash","floor":5},{"not_picked":["Masterful Stab","Deadly Poison"],"picked":"Underhanded Strike","floor":7},{"not_picked":["Poisoned Stab","Skewer","Dagger Spray"],"picked":"Blade Dance","floor":11},{"not_picked":["Phantasmal Killer","Masterful Stab","Outmaneuver"],"picked":"PiercingWail","floor":12},{"not_picked":["Blur","Footwork","Deadly Poison"],"picked":"Sucker Punch","floor":13}],"player_experience":27834,"relics_obtained":[{"floor":9,"key":"Question Card"}],"event_choices":[{"damage_healed":0,"gold_gain":0,"player_choice":"Rummage","damage_taken":0,"relics_obtained":["WarpedTongs"],"max_hp_gain":0,"max_hp_loss":0,"event_name":"Accursed Blacksmith","floor":4,"gold_loss":0,"cards_obtained":["Pain"]}],"is_beta":false,"boss_relics":[],"items_purged_floors":[8],"is_endless":false,"potions_floor_spawned":[3,7,12],"killed_by":"Lagavulin","ascension_level":1}}