{"host":"zsnmfqgcm92hlreo","time":1613862900,"event":{"mods":["AchievementEnabler","BaseMod","Bestiary","Block Reminder","Colored Map","Colored Powertips","Filter the Spire","Minty Spire (QoL Compilation)","Permanent Neow","Quick Restart","Relic Stats","StSLib","Weighted Paths"],"gold_per_floor":[112,127,150,150,150,150,181,181,181,196,224,239,269,104,104,182,182,193,211,481,499,513,513,543,543,543,543,543,543,568,580,592,678,690,715,727,739,769,781,828,840,852,864,900,927,959,971,1002,1014,1026,1038,1038],"floor_reached":51,"language":"ENG","playtime":1539,"items_purged":[],"score":1662,"play_id":"a3104811-2a4f-49ee-87f5-da03f233ccee","local_time":"20210220171500","is_ascension_mode":true,"campfire_choices":[{"data":"SandsOfTime","floor":6.0,"key":"SMITH"},{"data":"Vigilance","floor":8.0,"key":"SMITH"},{"data":"Ragnarok","floor":15.0,"key":"SMITH"},{"floor":23.0,"key":"REST"},{"data":"1","floor":25.0,"key":"LIFT"},{"data":"2","floor":27.0,"key":"LIFT"},{"data":"3","floor":32.0,"key":"LIFT"},{"floor":41.0,"key":"RECALL"},{"data":"DeusExMachina","floor":49,"key":"SMITH"}],"circlet_count":0,"master_deck":["AscendersBane","Strike_P","Strike_P","Strike_P","Defend_P","Defend_P","Defend_P","Defend_P","Eruption","Vigilance+1","SandsOfTime+1","BowlingBash","EmptyMind","Brilliance","Ragnarok+1","DevaForm","CurseOfTheBell","Meditate","Wireheading+1","Protect+1","MentalFortress+1","BowlingBash+1","Omniscience","CrushJoints+1","DeusExMachina+1","Vault"],"relics":["Snecko Eye","Toy Ornithopter","Orichalcum","Du-Vu Doll","Incense Burner","Turnip","Happy Flower","Calling Bell","Anchor","Frozen Egg 2","Girya","Bag of Preparation","The Courier","MutagenicStrength","MawBank","VioletLotus","White Beast Statue","Yang","Art of War"],"acts_visited":["Exordium","TheCity","TheBeyond"],"potions_floor_usage":[],"damage_taken":[{"damage":2.0,"enemies":"Cultist","floor":1.0,"turns":3.0},{"damage":0.0,"enemies":"Small Slimes","floor":2.0,"turns":1.0},{"damage":0.0,"enemies":"Gremlin Nob","floor":7.0,"turns":2.0},{"damage":0.0,"enemies":"2 Louse","floor":10.0,"turns":2.0},{"damage":0.0,"enemies":"Lagavulin","floor":11.0,"turns":3.0},{"damage":0.0,"enemies":"Lots of Slimes","floor":12.0,"turns":3.0},{"damage":0.0,"enemies":"Gremlin Nob","floor":13.0,"turns":2.0},{"damage":44.0,"enemies":"The Guardian","floor":16.0,"turns":5.0},{"damage":0.0,"enemies":"2 Thieves","floor":18.0,"turns":1.0},{"damage":0.0,"enemies":"Spheric Guardian","floor":19.0,"turns":3.0},{"damage":7.0,"enemies":"Snake Plant","floor":21.0,"turns":3.0},{"damage":0.0,"enemies":"Cultist and Chosen","floor":22.0,"turns":2.0},{"damage":2.0,"enemies":"Book of Stabbing","floor":24.0,"turns":2.0},{"damage":0.0,"enemies":"Slavers","floor":30.0,"turns":2.0},{"damage":33.0,"enemies":"Champ","floor":33.0,"turns":6.0},{"damage":3.0,"enemies":"3 Shapes","floor":35.0,"turns":5.0},{"damage":0.0,"enemies":"3 Darklings","floor":38.0,"turns":1.0},{"damage":0.0,"enemies":"Reptomancer","floor":40.0,"turns":2.0},{"damage":2.0,"enemies":"Writhing Mass","floor":45.0,"turns":2.0},{"damage":0.0,"enemies":"Spire Growth","floor":46.0,"turns":2.0},{"damage":0,"enemies":"Maw","floor":48,"turns":4},{"damage":8,"enemies":"Donu and Deca","floor":50,"turns":7},{"damage":53,"enemies":"Awakened One","floor":51,"turns":6}],"seed_played":"-6552632247078345271","potions_obtained":[{"floor":1.0,"key":"PowerPotion"},{"floor":10.0,"key":"Fruit Juice"},{"floor":11.0,"key":"Energy Potion"},{"floor":16.0,"key":"EntropicBrew"},{"floor":18.0,"key":"Ambrosia"},{"floor":33.0,"key":"Ambrosia"},{"floor":38.0,"key":"AttackPotion"},{"floor":40.0,"key":"LiquidMemories"},{"floor":48,"key":"GamblersBrew"}],"is_trial":false,"path_per_floor":["M","M","T","?","?","R","E","R","T","M","E","M","E","$","R","B",null,"M","M","?","M","M","R","E","R","T","R","?","?","E","$","R","B",null,"M","?","?","M","$","E","R","?","T","T","M","M","$","M","R","B","B"],"character_chosen":"WATCHER","items_purchased":["Happy Flower"],"campfire_rested":1,"item_purchase_floors":[14],"current_hp_per_floor":[59,59,59,59,59,59,59,59,59,69,69,73,73,73,73,29,62,62,62,35,28,33,59,57,57,57,57,57,57,62,62,62,34,63,60,60,60,60,60,60,60,60,60,60,58,58,58,58,58,50,0,0],"gold":1038,"neow_bonus":"BOSS_RELIC","is_daily":false,"chose_seed":false,"campfire_upgraded":4,"win_rate":0.0,"timestamp":1613862900,"path_taken":["M","M","?","?","?","R","E","R","T","?","E","M","E","?","R","BOSS","M","M","?","M","?","R","E","R","T","R","?","?","E","$","R","BOSS","M","?","?","?","?","E","R","?","T","?","?","M","$","M","R","BOSS","BOSS"],"items_purchased_type":["Relic"],"build_version":"2020-12-22","purchased_purges":0,"victory":false,"max_hp_per_floor":[68,68,68,68,68,68,68,68,68,73,73,73,73,73,73,73,73,73,73,73,73,73,73,73,73,73,73,73,73,73,73,73,73,73,73,69,69,69,69,69,69,69,69,69,69,69,69,69,69,69,69,69],"relic_stats":{"Happy Flower":[17],"counters":[23,69],"Snecko Eye":[111,118,114,130],"Yang":[52],"Turnip":[14],"VioletLotus":[5],"Bag of Preparation":[19],"Art of War":[0],"Orichalcum":[54],"MawBank":252,"obtain_stats":[{"Girya":17,"Happy Flower":14,"Yang":40,"The Courier":26,"Incense Burner":11,"Bag of Preparation":24,"Orichalcum":7,"Frozen Egg 2":17,"MawBank":30,"White Beast Statue":37,"Du-Vu Doll":9,"Calling Bell":17,"Anchor":17,"MutagenicStrength":29,"Snecko Eye":0,"Turnip":13,"VioletLotus":34,"Art of War":44,"PureWater":0,"Toy Ornithopter":3},{"Girya":8,"Happy Flower":7,"Yang":18,"The Courier":13,"Incense Burner":5,"Bag of Preparation":13,"Orichalcum":3,"Frozen Egg 2":8,"MawBank":14,"White Beast Statue":16,"Du-Vu Doll":3,"Calling Bell":8,"Anchor":8,"MutagenicStrength":13,"Snecko Eye":0,"Turnip":7,"VioletLotus":15,"Art of War":18,"PureWater":0,"Toy Ornithopter":2},{"Girya":21,"Happy Flower":16,"Yang":48,"The Courier":32,"Incense Burner":11,"Bag of Preparation":32,"Orichalcum":6,"Frozen Egg 2":21,"MawBank":34,"White Beast Statue":45,"Du-Vu Doll":6,"Calling Bell":21,"Anchor":21,"MutagenicStrength":32,"Snecko Eye":0,"Turnip":16,"VioletLotus":40,"Art of War":48,"PureWater":0,"Toy Ornithopter":4}],"Toy Ornithopter":29},"card_choices":[{"not_picked":["Fasting2","Protect"],"picked":"SandsOfTime","floor":1.0},{"not_picked":["Prostrate","ThirdEye"],"picked":"BowlingBash","floor":2.0},{"not_picked":["FlyingSleeves","CrushJoints","JustLucky"],"picked":"SKIP","floor":7.0},{"not_picked":["Wireheading","Consecrate"],"picked":"EmptyMind","floor":10.0},{"not_picked":["Prostrate","Evaluate"],"picked":"Brilliance","floor":11.0},{"not_picked":["Protect","ClearTheMind"],"picked":"FearNoEvil","floor":12.0},{"not_picked":["Protect","Crescendo"],"picked":"Ragnarok","floor":13.0},{"not_picked":["MasterReality","Scrawl"],"picked":"DevaForm","floor":16.0},{"not_picked":["CutThroughFate","FollowUp"],"picked":"Meditate","floor":18.0},{"not_picked":["Vengeance+1","ForeignInfluence"],"picked":"Wireheading+1","floor":19.0},{"not_picked":["JustLucky","FlurryOfBlows+1"],"picked":"Protect+1","floor":21.0},{"not_picked":["ClearTheMind","SashWhip"],"picked":"MentalFortress+1","floor":22.0},{"not_picked":["FearNoEvil","Study+1","Consecrate"],"picked":"SKIP","floor":24.0},{"not_picked":["CarveReality","ClearTheMind"],"picked":"BowlingBash+1","floor":30.0},{"not_picked":["DeusExMachina","SpiritShield"],"picked":"Omniscience","floor":33.0},{"not_picked":["BowlingBash","Protect+1","Wireheading+1"],"picked":"SKIP","floor":35.0},{"not_picked":["Evaluate+1","PathToVictory+1"],"picked":"CrushJoints+1","floor":38.0},{"not_picked":["PathToVictory+1","Indignation"],"picked":"DeusExMachina","floor":40.0},{"not_picked":["Nirvana+1","SashWhip","FlurryOfBlows+1"],"picked":"SKIP","floor":45.0},{"not_picked":["Prostrate","Protect"],"picked":"Vault","floor":46.0},{"not_picked":["JustLucky","Evaluate+1","FlyingSleeves"],"picked":"SKIP","floor":48}],"player_experience":1243653,"relics_obtained":[{"floor":3.0,"key":"Toy Ornithopter"},{"floor":7.0,"key":"Orichalcum"},{"floor":9.0,"key":"Du-Vu Doll"},{"floor":11.0,"key":"Incense Burner"},{"floor":13.0,"key":"Turnip"},{"floor":17.0,"key":"Anchor"},{"floor":17.0,"key":"Frozen Egg 2"},{"floor":17.0,"key":"Girya"},{"floor":24.0,"key":"Bag of Preparation"},{"floor":26.0,"key":"The Courier"},{"floor":30.0,"key":"MawBank"},{"floor":40.0,"key":"Yang"},{"floor":44.0,"key":"Art of War"}],"event_choices":[{"damage_healed":0.0,"max_hp_gain":0.0,"max_hp_loss":0.0,"gold_gain":0.0,"event_name":"The Cleric","player_choice":"Leave","floor":4.0,"gold_loss":0.0,"damage_taken":0.0},{"cards_removed":["Strike_P"],"damage_healed":0.0,"max_hp_gain":0.0,"max_hp_loss":0.0,"gold_gain":0.0,"event_name":"Purifier","player_choice":"Purged","floor":5.0,"gold_loss":0.0,"damage_taken":0.0},{"damage_healed":0.0,"max_hp_gain":0.0,"max_hp_loss":0.0,"gold_gain":270.0,"event_name":"Knowing Skull","player_choice":"GOLD GOLD GOLD ","floor":20.0,"potions_obtained":[],"gold_loss":0.0,"damage_taken":27.0,"cards_obtained":[]},{"damage_healed":0.0,"max_hp_gain":0.0,"max_hp_loss":0.0,"gold_gain":0.0,"event_name":"Vampires","player_choice":"Ignored","floor":28.0,"gold_loss":0.0,"damage_taken":0.0},{"damage_healed":0.0,"max_hp_gain":0.0,"max_hp_loss":0.0,"gold_gain":0.0,"event_name":"Drug Dealer","player_choice":"Inject Mutagens","floor":29.0,"gold_loss":0.0,"damage_taken":0.0,"relics_obtained":["MutagenicStrength"]},{"damage_healed":0.0,"max_hp_gain":0.0,"max_hp_loss":4.0,"gold_gain":0.0,"event_name":"Winding Halls","player_choice":"Max HP","floor":36.0,"gold_loss":0.0,"damage_taken":0.0},{"cards_removed":["FearNoEvil"],"damage_healed":0.0,"max_hp_gain":0.0,"max_hp_loss":0.0,"gold_gain":0.0,"event_name":"WeMeetAgain","player_choice":"Gave Card","floor":37.0,"gold_loss":0.0,"damage_taken":0.0,"relics_obtained":["White Beast Statue"]},{"damage_healed":0.0,"max_hp_gain":0.0,"max_hp_loss":0.0,"gold_gain":0.0,"event_name":"SensoryStone","player_choice":"Memory 1","floor":42.0,"gold_loss":0.0,"damage_taken":0.0}],"is_beta":false,"boss_relics":[{"not_picked":["Runic Dome","Pandora\u0027s Box"],"picked":"Calling Bell"},{"not_picked":["Philosopher\u0027s Stone","Astrolabe"],"picked":"VioletLotus"}],"items_purged_floors":[],"is_endless":false,"potions_floor_spawned":[1,10,11,16,18,21,33,38,40,45,46,48],"killed_by":"Awakened One","ascension_level":20}}