{"host":"k9oowrpcbuktvpbv","time":1613812932,"event":{"mods":["Act Like it!","BaseMod","CapriCore","Energized Spire","Gensokyo","GifTheSpireLib","Halation","Hallownest","Hubris","Koishi","Minty Spire (QoL Compilation)","Reimu??????","Relic Stats","Reliquary","Replay The Spire","StSLib","The Animator","The Immortal","The Senshi","The Wild Card","Yuyuko"],"gold_per_floor":[115,127,11,23,37,67,78,158,158,75,75,93,105,105,105,105,105,105],"floor_reached":16,"language":"ENG","playtime":645,"items_purged":[],"score":104,"play_id":"3c2cb04d-cd71-4010-b0e2-6a164bf0880e","local_time":"20210220102212","is_ascension_mode":false,"campfire_choices":[{"floor":15,"key":"REST"}],"circlet_count":0,"master_deck":["MokouMod:Strike","MokouMod:Strike","MokouMod:Strike","MokouMod:Strike","MokouMod:Strike","MokouMod:Defend","MokouMod:Defend","MokouMod:Defend","MokouMod:Defend","MokouMod:HeatSpark","MokouMod:ScorchingColumn","MokouMod:ScorchedEarth","MokouMod:UncontrollableSolarReaction+1","MokouMod:Stoke","MokouMod:ScorchingColumn","MokouMod:HeartofFire","MokouMod:Combust"],"relics":["MokouMod:PhoenixFeather","Counterbalance","Smiling Mask","Potion Belt","Replay:Bottled Steam","Gensokyo:OccultBall","halation:PinkSoulGem"],"acts_visited":["Exordium"],"potions_floor_usage":[16],"damage_taken":[{"damage":6,"enemies":"Gensokyo:Python","floor":1,"turns":4},{"damage":0,"enemies":"Gensokyo:3_Fairies","floor":2,"turns":5},{"damage":19,"enemies":"Gensokyo:Gryphon","floor":4,"turns":7},{"damage":21,"enemies":"Gensokyo:5_Fairies","floor":5,"turns":6},{"damage":28,"enemies":"Gensokyo:Aya","floor":6,"turns":6},{"damage":0,"enemies":"Gensokyo:LivingMonolith","floor":7,"turns":3},{"damage":23,"enemies":"Gensokyo:Python_and_Kodama","floor":12,"turns":6},{"damage":17,"enemies":"Gensokyo:Gryphon_and_Rabbit","floor":13,"turns":4},{"damage":44,"enemies":"Gensokyo:Kokoro","floor":16,"turns":5}],"seed_played":"3384156825324788413","potions_obtained":[{"floor":5,"key":"Swift Potion"},{"floor":6,"key":"BlessingOfTheForge"},{"floor":12,"key":"ZuzhouPotion:ReiMu"},{"floor":13,"key":"ColorlessPotion"}],"is_trial":false,"path_per_floor":["M","M","COS","M","M","E","M","?","T","$","?","M","M","?","R","B"],"character_chosen":"MKU","items_purchased":["MokouMod:HeartofFire","BlessingOfTheForge"],"campfire_rested":1,"item_purchase_floors":[10,10],"current_hp_per_floor":[62,62,62,43,22,17,17,17,17,17,17,11,17,17,37,0,0,0],"gold":105,"neow_bonus":"ONE_RARE_RELIC","is_daily":false,"chose_seed":false,"campfire_upgraded":0,"win_rate":0.0,"timestamp":1613812932,"path_taken":["M","M","COS","M","M","E","?","?","T","$","?","M","?","?","R","BOSS"],"items_purchased_type":["Card","Potion"],"build_version":"2020-12-22","purchased_purges":0,"victory":false,"max_hp_per_floor":[68,68,68,68,68,68,68,68,68,68,68,68,68,68,68,68,68,68],"relic_stats":{"counters":[9,46],"Smiling Mask":0,"obtain_stats":[{"Potion Belt":6,"Counterbalance":0,"MokouMod:PhoenixFeather":0,"Gensokyo:OccultBall":11,"Smiling Mask":5,"halation:PinkSoulGem":14,"Replay:Bottled Steam":9},{"Potion Belt":5,"Counterbalance":0,"MokouMod:PhoenixFeather":0,"Gensokyo:OccultBall":6,"Smiling Mask":4,"halation:PinkSoulGem":8,"Replay:Bottled Steam":6},{"Potion Belt":28,"Counterbalance":0,"MokouMod:PhoenixFeather":0,"Gensokyo:OccultBall":31,"Smiling Mask":17,"halation:PinkSoulGem":41,"Replay:Bottled Steam":31}]},"card_choices":[{"not_picked":["MokouMod:FlareStarter","MokouMod:Singe"],"picked":"MokouMod:ScorchingColumn","floor":1},{"not_picked":["MokouMod:Ember","MokouMod:RetainTemperature"],"picked":"MokouMod:ScorchedEarth","floor":2},{"not_picked":["MokouMod:ResoluteFlare+1","MokouMod:FlamingFireTalons+1"],"picked":"MokouMod:UncontrollableSolarReaction+1","floor":4},{"not_picked":["MokouMod:CrimsonArmoury","MokouMod:InfernalWave"],"picked":"MokouMod:Stoke","floor":4},{"not_picked":["MokouMod:SpontaneousHumanCombustion","MokouMod:Rebirth","MokouMod:SearingBlow"],"picked":"SKIP","floor":5},{"not_picked":["MokouMod:ControlledCombustion","MokouMod:FusionFlare","MokouMod:ProfanedFlare"],"picked":"SKIP","floor":5},{"not_picked":["MokouMod:Burn","MokouMod:Scorch"],"picked":"MokouMod:ShiftIgnition","floor":6},{"not_picked":["MokouMod:HeatTransfer","MokouMod:Ember"],"picked":"MokouMod:ScorchingColumn","floor":7},{"not_picked":["MokouMod:FujiyamaVolcano","MokouMod:Meltdown","MokouMod:BlazingComet"],"picked":"SKIP","floor":12},{"not_picked":["MokouMod:SearingShot","MokouMod:IcarusDive"],"picked":"MokouMod:Combust","floor":13}],"player_experience":177260,"relics_obtained":[{"floor":6,"key":"Potion Belt"},{"floor":9,"key":"Replay:Bottled Steam"}],"event_choices":[],"is_beta":false,"boss_relics":[],"items_purged_floors":[],"is_endless":false,"potions_floor_spawned":[5,6,12,13],"killed_by":"Gensokyo:Kokoro","ascension_level":0}}