{"host":"w4ub8crw9ou4a5am","time":1613835639,"event":{"mods":["2.2 Compatiblity","BaseMod","Challenge The Spire","Colored Powertips","Hermit","Hubris","Jorbs\u0027s Wanderer Trilogy","KinomotoSakuraMod(????)","Koishi","Marisa????????","Minty Spire (QoL Compilation)","Quick Restart","Rare Cards Sparkle","Remilia??????","StSLib","The Administrix","The Animator","The Bug Knight","The Cursed","The Disciple","The Hierophant","The Jungle","The Marked","The Necromancer","The Senshi","The Servant 0.9.4","WarShipGirlsR/????R mod"],"gold_per_floor":[114,129,129,61,76,76,76,106,106,106,121,151,101,116,116,216,216,231,231,231,63,78,78,78],"floor_reached":23,"language":"ENG","playtime":1917,"items_purged":[],"score":299,"play_id":"16f694a1-7808-444b-a4e9-c1d4244dae7f","local_time":"20210220104039","daily_mods":["Shiny","Hoarder","DeadlyEvents"],"is_ascension_mode":false,"campfire_choices":[{"floor":6,"key":"REST"},{"floor":10,"key":"REST"},{"floor":15,"key":"REST"}],"circlet_count":0,"master_deck":["theSenshi:InTheNameOfTheMoon","theSenshi:StudyParty","theSenshi:ChibiMoonsLove","theSenshi:LunaSensingAllies","theSenshi:GlimpseOfThePast","theSenshi:SailorCosmosAssists","theSenshi:WarriorOfTheMoon","theSenshi:MoonGorgeousMeditation","theSenshi:SilverCrystal","theSenshi:SailorSaturnAssists","theSenshi:SailorPlutoAssists","theSenshi:IWillPunishYou","theSenshi:JupitersPower","theSenshi:MoonEternalMakeUp","theSenshi:SilverMoonCrystalPowerKiss","theSenshi:SailorStarHealerAssists","theSenshi:FatedKiss","theSenshi:StarlightHoneymoonTherapyKiss","theSenshi:LunasBite","theSenshi:LunasBite","theSenshi:LunasBite","theSenshi:SailorPlanetAttack","theSenshi:SailorPlanetAttack","theSenshi:SailorPlutoAssists","theSenshi:SailorPlutoAssists","theSenshi:SailorPlutoAssists","theSenshi:MoonsReflection","theSenshi:MoonsReflection","theSenshi:MoonsReflection","theSenshi:Sidestep","theSenshi:Sidestep","theSenshi:Sidestep","theSenshi:MoonTiaraMagic","theSenshi:MoonTiaraMagic","theSenshi:MoonTiaraMagic","theSenshi:SailorJupiterAssists","theSenshi:SailorJupiterAssists","theSenshi:SailorJupiterAssists","theSenshi:UranusStrength","theSenshi:UranusStrength","theSenshi:UranusStrength","theSenshi:SailorChibiMoonAssists","theSenshi:SailorChibiMoonAssists","theSenshi:SailorChibiMoonAssists","theSenshi:SailorNeptuneAssists","theSenshi:SailorNeptuneAssists","theSenshi:SailorNeptuneAssists","theSenshi:JupitersPower","theSenshi:JupitersPower","theSenshi:JupitersPower","theSenshi:InTheNickOfTime","theSenshi:InTheNickOfTime","theSenshi:InTheNickOfTime","theSenshi:MoonHealingEscalation","theSenshi:MoonHealingEscalation","theSenshi:MoonHealingEscalation","Mind Blast","Mind Blast","Mind Blast","theSenshi:EncouragingSpeech","theSenshi:EncouragingSpeech","theSenshi:EncouragingSpeech"],"relics":["theSenshi:TransformationBroochRelic","hubris:SlimyHat","Sundial","Letter Opener","Centennial Puzzle","theSenshi:MoonKaleidoScopeRelic","hubris:Icosahedron"],"acts_visited":["Exordium","TheCity"],"potions_floor_usage":[8,12,23,23],"damage_taken":[{"damage":46,"enemies":"Cultist","floor":1,"turns":8},{"damage":24,"enemies":"Jaw Worm","floor":2,"turns":6},{"damage":6,"enemies":"Small Slimes","floor":5,"turns":4},{"damage":15,"enemies":"3 Sentries","floor":8,"turns":7},{"damage":13,"enemies":"Looter","floor":11,"turns":3},{"damage":40,"enemies":"Gremlin Nob","floor":12,"turns":5},{"damage":22,"enemies":"2 Fungi Beasts","floor":14,"turns":4},{"damage":38,"enemies":"The Guardian","floor":16,"turns":8},{"damage":34,"enemies":"Spheric Guardian","floor":18,"turns":5},{"damage":46,"enemies":"Shell Parasite","floor":22,"turns":6},{"damage":25,"enemies":"Gremlin Leader","floor":23,"turns":3}],"seed_played":"3618718455484561711","potions_obtained":[{"floor":5,"key":"Fire Potion"},{"floor":8,"key":"Ancient Potion"},{"floor":11,"key":"DuplicationPotion"},{"floor":22,"key":"Explosive Potion"}],"is_trial":false,"path_per_floor":["M","M","?","$","M","R","T","E","T","R","M","E","?","M","R","B",null,"M","?","?","$","M","E"],"character_chosen":"THE_SENSHI","items_purchased":["theSenshi:MoonsReflection","theSenshi:Sidestep","theSenshi:MoonHealingEscalation","Mind Blast"],"campfire_rested":3,"item_purchase_floors":[4,4,21,21],"current_hp_per_floor":[44,30,30,30,24,46,46,51,51,73,65,35,35,33,55,27,75,41,66,66,66,25,0,0],"gold":78,"neow_bonus":"","is_daily":true,"chose_seed":false,"campfire_upgraded":0,"win_rate":0.0,"timestamp":1613835639,"path_taken":["M","M","?","$","M","R","?","?","T","R","M","?","?","M","R","BOSS","M","?","?","$","M","E"],"items_purchased_type":["Card","Card","Card","Card"],"build_version":"2020-12-22","purchased_purges":0,"victory":false,"max_hp_per_floor":[75,75,75,75,75,75,75,75,75,75,75,75,75,75,75,75,75,75,75,75,75,75,75,75],"card_choices":[{"not_picked":["theSenshi:SchoolBag","theSenshi:SailorNeptuneAssists"],"picked":"theSenshi:LunasBite","floor":1},{"not_picked":["theSenshi:SailorChibiMoonAssists","theSenshi:SailorV"],"picked":"theSenshi:SailorPlanetAttack","floor":2},{"not_picked":["theSenshi:SailorMercuryAssists","theSenshi:MoonSpiralHeartAttack"],"picked":"theSenshi:MoonTiaraMagic","floor":5},{"not_picked":["theSenshi:MoonTiaraMagic","theSenshi:MoonCrystalPowerMakeUp"],"picked":"theSenshi:SailorJupiterAssists","floor":8},{"not_picked":["theSenshi:Overload","theSenshi:LateForSchool"],"picked":"theSenshi:UranusStrength","floor":11},{"not_picked":["theSenshi:SailorMarsAssists","theSenshi:StarlightHoneymoonTherapyKiss"],"picked":"theSenshi:SailorChibiMoonAssists","floor":12},{"not_picked":["theSenshi:SailorMarsAssists","theSenshi:MoonPower"],"picked":"theSenshi:SailorNeptuneAssists","floor":14},{"not_picked":["theSenshi:MoonEternalMakeUp","theSenshi:MoonGorgeousMeditation"],"picked":"theSenshi:JupitersPower","floor":16},{"not_picked":["theSenshi:MoonKick","theSenshi:SailorStarFighterAssists+1"],"picked":"theSenshi:InTheNickOfTime","floor":18},{"not_picked":["theSenshi:MoonsReflection","theSenshi:MoonKick"],"picked":"theSenshi:EncouragingSpeech","floor":22}],"player_experience":1772676,"relics_obtained":[{"floor":7,"key":"hubris:SlimyHat"},{"floor":8,"key":"Sundial"},{"floor":9,"key":"Letter Opener"},{"floor":12,"key":"Centennial Puzzle"}],"event_choices":[{"damage_healed":0,"gold_gain":0,"cards_transformed":["theSenshi:SailorPlanetAttack"],"player_choice":"Change","damage_taken":0,"max_hp_gain":0,"max_hp_loss":0,"event_name":"Living Wall","floor":3,"gold_loss":0,"cards_obtained":["theSenshi:SailorPlutoAssists"]},{"damage_healed":0,"gold_gain":0,"player_choice":"Left Gold","damage_taken":0,"max_hp_gain":0,"max_hp_loss":0,"event_name":"World of Goop","floor":13,"gold_loss":50},{"damage_healed":25,"gold_gain":0,"player_choice":"Heal","damage_taken":0,"max_hp_gain":0,"max_hp_loss":0,"event_name":"The Library","floor":19,"gold_loss":0}],"is_beta":false,"boss_relics":[{"not_picked":["Empty Cage","Runic Dome"],"picked":"theSenshi:MoonKaleidoScopeRelic"}],"items_purged_floors":[],"is_endless":false,"potions_floor_spawned":[5,8,11,22],"killed_by":"Gremlin Leader","ascension_level":0}}