{"host":"43wsnxh97mgjl5zw","time":1613839308,"event":{"mods":["Aspiration","BaseMod","Colored Map","Colored Powertips","Conspire","Downfall","Halation","Hubris","Minty Spire (QoL Compilation)","Quick Restart","Rare Cards Sparkle","Relic Sorter","Reliquary","Replay The Spire","StSLib"],"gold_per_floor":[112,112,123,45,55,84,84,84,137,137,163,177,177,177,177,177,177],"floor_reached":16,"language":"ENG","playtime":320,"items_purged":[],"score":216,"play_id":"1e870e4a-8cd9-4618-9fbe-2c049bb71eb2","local_time":"20210220184148","is_ascension_mode":true,"campfire_choices":[{"data":"Uppercut","floor":8.0,"key":"SMITH"},{"data":"Bash","floor":10.0,"key":"SMITH"},{"data":"Shockwave","floor":13.0,"key":"SMITH"},{"data":"Heavy Blade","floor":15.0,"key":"SMITH"}],"circlet_count":0,"master_deck":["AscendersBane","Strike_R","Strike_R","Strike_R","Strike_R","Defend_R","Defend_R","Defend_R","Defend_R","Bash+1","Spot Weakness","Uppercut+1","Cleave","Twin Strike","Shockwave+1","Heavy Blade+1"],"relics":["Burning Blood","NeowsBlessing","Paper Frog","reliquary:RoseTintedGlasses","Oddly Smooth Stone","Pen Nib","Golden Idol"],"acts_visited":["Exordium"],"potions_floor_usage":[16],"damage_taken":[{"damage":0.0,"enemies":"Jaw Worm","floor":1.0,"turns":1.0},{"damage":0.0,"enemies":"Cultist","floor":3.0,"turns":1.0},{"damage":0.0,"enemies":"2 Louse","floor":5.0,"turns":1.0},{"damage":35.0,"enemies":"Lagavulin","floor":6.0,"turns":4.0},{"damage":6.0,"enemies":"Gremlin Nob","floor":11.0,"turns":3.0},{"damage":9.0,"enemies":"Large Slime","floor":12.0,"turns":4.0},{"damage":35,"enemies":"The Guardian","floor":16,"turns":10}],"seed_played":"-4962970733475457949","potions_obtained":[{"floor":1.0,"key":"FearPotion"},{"floor":5.0,"key":"Strength Potion"},{"floor":6.0,"key":"Weak Potion"}],"is_trial":false,"path_per_floor":["M","?","M","$","M","E","?","R","T","R","E","M","R","?","R","B"],"character_chosen":"IRONCLAD","items_purchased":["Uppercut"],"campfire_rested":0,"item_purchase_floors":[4],"current_hp_per_floor":[74,74,75,75,75,46,39,39,39,39,39,36,36,36,36,1,1],"gold":177,"neow_bonus":"THREE_ENEMY_KILL","is_daily":false,"chose_seed":false,"campfire_upgraded":4,"win_rate":0.0,"timestamp":1613839308,"path_taken":["M","?","M","?","M","E","?","R","T","R","E","M","R","?","R","BOSS"],"items_purchased_type":["Card"],"build_version":"2020-12-22","purchased_purges":0,"victory":false,"max_hp_per_floor":[75,75,75,75,75,75,75,75,75,75,75,75,75,68,68,68,68],"card_choices":[{"not_picked":["Flex","Iron Wave"],"picked":"Perfected Strike","floor":1.0},{"not_picked":["Pommel Strike","Reckless Charge"],"picked":"Spot Weakness","floor":3.0},{"not_picked":["Rampage","True Grit"],"picked":"Cleave","floor":5.0},{"not_picked":["Fiend Fire","Combust"],"picked":"Twin Strike","floor":6.0},{"not_picked":["Abandon","Clash"],"picked":"Shockwave","floor":11.0},{"not_picked":["Perfected Strike","Warcry"],"picked":"Heavy Blade","floor":12.0}],"player_experience":1268910,"relics_obtained":[{"floor":6.0,"key":"reliquary:RoseTintedGlasses"},{"floor":9.0,"key":"Oddly Smooth Stone"},{"floor":11.0,"key":"Pen Nib"}],"event_choices":[{"cards_removed":["Perfected Strike"],"damage_healed":0.0,"max_hp_gain":0.0,"max_hp_loss":0.0,"gold_gain":0.0,"event_name":"WeMeetAgain","player_choice":"Gave Card","floor":2.0,"gold_loss":0.0,"damage_taken":0.0,"relics_obtained":["Paper Frog"]},{"cards_removed":["Strike_R"],"damage_healed":0.0,"max_hp_gain":0.0,"max_hp_loss":0.0,"gold_gain":0.0,"event_name":"Golden Wing","player_choice":"Card Removal","floor":7.0,"gold_loss":0.0,"damage_taken":7.0},{"damage_healed":0.0,"max_hp_gain":0.0,"max_hp_loss":7.0,"gold_gain":0.0,"event_name":"Golden Idol","player_choice":"Lose Max HP","floor":14.0,"gold_loss":0.0,"damage_taken":0.0,"relics_obtained":["Golden Idol"]}],"is_beta":false,"boss_relics":[],"items_purged_floors":[],"is_endless":false,"potions_floor_spawned":[1,5,6],"killed_by":"The Guardian","ascension_level":20}}