{"host":"sav7uxregyirlf69","time":1613823821,"event":{"mods":["AchievementEnabler","BaseMod","Colored Map","DeckTracker","Keyboard Shortcuts","Minty Spire (QoL Compilation)","READ ME - Guardian Mod","StSLib","SuperFastMode"],"gold_per_floor":[111,111,111,123,141,141,172,192,215,215,215,227,246,263,263,263,263],"floor_reached":16,"language":"KOR","playtime":265,"items_purged":[],"score":208,"play_id":"f7c4a759-ca88-49c8-be87-8539c58b8cbf","local_time":"20210220212341","is_ascension_mode":true,"campfire_choices":[{"data":"Poisoned Stab","floor":6,"key":"SMITH"},{"floor":15,"key":"REST"}],"circlet_count":0,"master_deck":["AscendersBane","Strike_G","Strike_G","Strike_G+1","Strike_G","Defend_G","Defend_G","Defend_G","Defend_G","Survivor","Neutralize+1","Backflip","Poisoned Stab+1","Dagger Throw","Reflex","Blur"],"relics":["Ring of the Snake","Whetstone","Vajra"],"acts_visited":["Exordium"],"potions_floor_usage":[7,16],"damage_taken":[{"damage":5,"enemies":"Small Slimes","floor":1,"turns":3},{"damage":0,"enemies":"2 Louse","floor":4,"turns":3},{"damage":0,"enemies":"Cultist","floor":5,"turns":3},{"damage":12,"enemies":"Lagavulin","floor":7,"turns":5},{"damage":0,"enemies":"Red Slaver","floor":8,"turns":3},{"damage":17,"enemies":"Gremlin Gang","floor":12,"turns":5},{"damage":13,"enemies":"Exordium Thugs","floor":13,"turns":5},{"damage":5,"enemies":"Exordium Wildlife","floor":14,"turns":4},{"damage":45,"enemies":"Hexaghost","floor":16,"turns":11}],"seed_played":"-1636089183033695619","potions_obtained":[{"floor":5,"key":"LiquidMemories"},{"floor":8,"key":"Weak Potion"},{"floor":14,"key":"Regen Potion"}],"is_trial":false,"path_per_floor":["M","?","?","M","M","R","E","M","T","?","?","M","M","M","R","B"],"character_chosen":"THE_SILENT","items_purchased":[],"campfire_rested":1,"item_purchase_floors":[],"current_hp_per_floor":[54,54,54,54,54,54,42,42,42,35,40,23,10,5,26,0,0],"gold":263,"neow_bonus":"RANDOM_COMMON_RELIC","is_daily":false,"chose_seed":false,"campfire_upgraded":1,"win_rate":0.0,"timestamp":1613823821,"path_taken":["M","?","?","M","M","R","E","M","T","?","?","M","M","M","R","BOSS"],"items_purchased_type":[],"build_version":"2020-12-22","purchased_purges":0,"victory":false,"max_hp_per_floor":[66,66,66,66,66,66,66,66,66,66,71,71,71,71,71,71,71],"card_choices":[{"not_picked":["Dodge and Roll","Accuracy","Prepared"],"picked":"SKIP","floor":1},{"not_picked":["Sucker Punch","Concentrate"],"picked":"Poisoned Stab","floor":4},{"not_picked":["Poisoned Stab","Flying Knee"],"picked":"Dagger Throw","floor":5},{"not_picked":["Prepared","Envenom","Dodge and Roll"],"picked":"SKIP","floor":7},{"not_picked":["Eviscerate","Deadly Poison"],"picked":"Reflex","floor":8},{"not_picked":["Reflex","Dodge and Roll","Caltrops"],"picked":"SKIP","floor":12},{"not_picked":["Bane","Skewer"],"picked":"Blur","floor":13},{"not_picked":["Catalyst","Blur","Acrobatics"],"picked":"SKIP","floor":14}],"player_experience":1631999,"relics_obtained":[{"floor":7,"key":"Vajra"}],"event_choices":[{"damage_healed":0,"gold_gain":0,"player_choice":"Ignored","damage_taken":0,"max_hp_gain":0,"max_hp_loss":0,"event_name":"Liars Game","floor":2,"gold_loss":0},{"damage_healed":0,"gold_gain":0,"cards_transformed":["Defend_G"],"player_choice":"Change","damage_taken":0,"max_hp_gain":0,"max_hp_loss":0,"event_name":"Living Wall","floor":3,"gold_loss":0,"cards_obtained":["Backflip"]},{"cards_removed":["Strike_G"],"damage_healed":0,"gold_gain":0,"player_choice":"Card Removal","damage_taken":7,"max_hp_gain":0,"max_hp_loss":0,"event_name":"Golden Wing","floor":10,"gold_loss":0},{"damage_healed":0,"gold_gain":0,"player_choice":"Donut","damage_taken":0,"max_hp_gain":5,"max_hp_loss":0,"event_name":"Big Fish","floor":11,"gold_loss":0}],"is_beta":false,"boss_relics":[],"items_purged_floors":[],"is_endless":false,"potions_floor_spawned":[5,8,14],"killed_by":"Hexaghost","ascension_level":20}}