{"host":"xkc7tfemhzdc5j5t","time":1613829573,"event":{"mods":["AchievementEnabler","Act Like it!","BaseMod","BetterRewards","Colored Map","Colored Powertips","Downfall","Gensokyo","Hallownest","Hermit","Highlight Path","Infinite Spire","Marisa£®ÏF”Í°°ƒß¿Ì…≥£©","Minty Spire (QoL Compilation)","Prisma Mod","Quick Restart","Reimu£®≤©¿ˆ¡È√Œ£©","Replay The Spire","Shop Mod","StSLib","SuperFastMode","The Bug Knight","The Construct","The Cursed","The Disciple","The Hierophant","The Jungle","The Necromancer","The Runesmith","The Servant 0.9.4","Youmu£®ªÍ∆«—˝√Œ£©"],"gold_per_floor":[116,116,41,53,53,53,82,82,162,162,272,282,294,116,116,190,290,302,319,319,319,319],"floor_reached":21,"language":"ZHS","playtime":1274,"items_purged":["Defend_B","Strike_B"],"score":302,"play_id":"e7755c5d-fe74-4619-b20e-df4113d85d55","local_time":"20210220215933","is_ascension_mode":true,"campfire_choices":[{"data":"Dualcast","floor":6,"key":"SMITH"},{"floor":8,"key":"REST"},{"floor":15,"key":"REST"}],"circlet_count":0,"master_deck":["AscendersBane","Strike_B","Strike_B","Defend_B+1","Defend_B","Defend_B","Zap","Dualcast+1","Compile Driver","Ball Lightning","Hologram","Seek+1","Capacitor","Coolheaded","Glacier","Loop","Go for the Eyes","Consume","FIFO Queue","Slimebound:CheckThePlaybook"],"relics":["Cracked Core","Hallownest:DreamNailRelic","War Paint","StrikeDummy","Hallownest:SalubrasBlessingRelic","Replay:Wanted Poster","Prayer Wheel"],"acts_visited":["Hallownest:Greenpath","TheCity"],"potions_floor_usage":[16],"damage_taken":[{"damage":6,"enemies":"Hallownest:2_Baldur","floor":1,"turns":4},{"damage":16,"enemies":"2_ Uuma","floor":4,"turns":4},{"damage":32,"enemies":"Hallownest:eliteMossKnight","floor":7,"turns":9},{"damage":6,"enemies":"Hallownest:2_Tiktiks_and_1_Crawlid","floor":12,"turns":3},{"damage":4,"enemies":"Hallownest:MossCreep_and_Mosskin","floor":13,"turns":4},{"damage":30,"enemies":"Hallownest:BossFalseKnight","floor":16,"turns":8},{"damage":18,"enemies":"Shell Parasite","floor":18,"turns":6},{"damage":12,"enemies":"Chosen","floor":19,"turns":5},{"damage":28,"enemies":"Snake Plant","floor":21,"turns":3}],"seed_played":"-6880026616072309157","potions_obtained":[{"floor":12,"key":"CultistPotion"},{"floor":19,"key":"Fire Potion"}],"is_trial":false,"path_per_floor":["M","?","$","M","?","R","E","R","T","?","?","M","M","$","R","B",null,"M","M","?","M"],"character_chosen":"DEFECT","items_purchased":["Loop"],"campfire_rested":2,"item_purchase_floors":[14],"current_hp_per_floor":[58,58,58,42,42,42,10,31,31,31,31,25,21,21,44,14,58,40,28,28,0,0],"gold":319,"neow_bonus":"THREE_CARDS","is_daily":false,"chose_seed":false,"campfire_upgraded":1,"win_rate":0.0,"timestamp":1613829573,"path_taken":["M","?","$","?","?","R","E","R","T","?","?","M","M","$","R","BOSS","M","M","?","M"],"items_purchased_type":["Card"],"build_version":"2020-12-22","purchased_purges":2,"victory":false,"max_hp_per_floor":[71,71,71,71,71,71,71,71,71,71,71,71,71,71,73,73,73,73,73,63,63,63],"card_choices":[{"not_picked":["Panic Button","Hello World"],"picked":"Compile Driver","floor":0},{"not_picked":["Beam Cell","Storm"],"picked":"Ball Lightning","floor":1},{"not_picked":["Stack","BasicCrystalCard"],"picked":"Hologram","floor":4},{"not_picked":["Double Energy","White Noise"],"picked":"Capacitor","floor":7},{"not_picked":["Turbo","Gash"],"picked":"Coolheaded","floor":12},{"not_picked":["Gash","Hello World"],"picked":"Glacier","floor":13},{"not_picked":["Creative AI","Multi-Cast"],"picked":"ReplayTheSpireMod:Fabricate Wheel","floor":16},{"not_picked":["Steam","Sunder+1"],"picked":"Go for the Eyes","floor":18},{"not_picked":["Auto Shields","Scrape"],"picked":"Consume","floor":18},{"not_picked":["Chaos","Turbo"],"picked":"FIFO Queue","floor":19},{"not_picked":["Sweeping Beam","Compile Driver","Stack"],"picked":"SKIP","floor":19}],"player_experience":788379,"relics_obtained":[{"floor":7,"key":"War Paint"},{"floor":9,"key":"StrikeDummy"}],"event_choices":[],"is_beta":false,"boss_relics":[{"not_picked":["Runesmith:UraniumAnvil","Kintsugi"],"picked":"Replay:Wanted Poster"}],"items_purged_floors":[3,14],"is_endless":false,"potions_floor_spawned":[12,19],"killed_by":"Snake Plant","ascension_level":15}}