{"host":"fbdlh90rovbiajun","time":1613849111,"event":{"mods":["AchievementEnabler","BaseMod","Colored Map","Keyboard Shortcuts","Minty Spire (QoL Compilation)","SuperFastMode"],"gold_per_floor":[111,125,125,125,125,125,158,172,172,204,253,253,270,280,280,280,280],"floor_reached":16,"language":"KOR","playtime":297,"items_purged":[],"score":169,"play_id":"02aa863c-76bc-46f2-9ffd-8ef4c839fc60","local_time":"20210221042511","is_ascension_mode":true,"campfire_choices":[{"data":"Eruption","floor":6.0,"key":"SMITH"},{"data":"InnerPeace","floor":12.0,"key":"SMITH"},{"data":"Vigilance","floor":15.0,"key":"SMITH"}],"circlet_count":0,"master_deck":["Strike_P","Strike_P","Strike_P","Strike_P","Defend_P","Defend_P","Defend_P","Eruption+1","Vigilance+1","InnerPeace+1","FlurryOfBlows"],"relics":["PureWater","NeowsBlessing","Meat on the Bone","Matryoshka","Omamori","Smiling Mask","Ancient Tea Set"],"acts_visited":["Exordium"],"potions_floor_usage":[16,16],"damage_taken":[{"damage":0.0,"enemies":"Small Slimes","floor":1.0,"turns":1.0},{"damage":0.0,"enemies":"2 Louse","floor":2.0,"turns":2.0},{"damage":0.0,"enemies":"Lagavulin","floor":7.0,"turns":1.0},{"damage":0.0,"enemies":"Cultist","floor":8.0,"turns":2.0},{"damage":43.0,"enemies":"Gremlin Nob","floor":10.0,"turns":4.0},{"damage":0.0,"enemies":"3 Louse","floor":13.0,"turns":4.0},{"damage":6.0,"enemies":"Looter","floor":14.0,"turns":2.0},{"damage":49,"enemies":"Hexaghost","floor":16,"turns":4}],"seed_played":"-7261466517322633718","potions_obtained":[{"floor":1.0,"key":"Dexterity Potion"},{"floor":8.0,"key":"LiquidMemories"},{"floor":10.0,"key":"Explosive Potion"},{"floor":13.0,"key":"Dexterity Potion"},{"floor":14.0,"key":"Energy Potion"}],"is_trial":false,"path_per_floor":["M","M","?","?","?","R","E","M","T","E","T","R","M","M","R","B"],"character_chosen":"WATCHER","items_purchased":[],"campfire_rested":0,"item_purchase_floors":[],"current_hp_per_floor":[72,72,65,70,70,70,70,70,70,39,39,39,39,45,45,0,0],"gold":280,"neow_bonus":"THREE_ENEMY_KILL","is_daily":false,"chose_seed":false,"campfire_upgraded":3,"win_rate":0.0,"timestamp":1613849111,"path_taken":["M","M","?","?","?","R","E","M","T","E","?","R","M","?","R","BOSS"],"items_purchased_type":[],"build_version":"2020-12-22","purchased_purges":0,"victory":false,"max_hp_per_floor":[72,72,72,77,77,77,77,77,77,77,77,77,77,77,77,77,77],"card_choices":[{"not_picked":["Conclude","Evaluate","ClearTheMind"],"picked":"SKIP","floor":1.0},{"not_picked":["ThirdEye","Pray","JustLucky"],"picked":"SKIP","floor":2.0},{"not_picked":["CutThroughFate","Crescendo"],"picked":"InnerPeace","floor":7.0},{"not_picked":["Fasting2","JustLucky","FlyingSleeves"],"picked":"SKIP","floor":8.0},{"not_picked":["Fasting2","JustLucky","FlyingSleeves"],"picked":"SKIP","floor":8.0},{"not_picked":["Evaluate","EmptyBody"],"picked":"FlurryOfBlows","floor":10.0},{"not_picked":["EmptyFist","Weave","Nirvana"],"picked":"SKIP","floor":13.0},{"not_picked":["Scrawl","Meditate","CutThroughFate"],"picked":"SKIP","floor":14.0}],"player_experience":113997,"relics_obtained":[{"floor":7.0,"key":"Meat on the Bone"},{"floor":9.0,"key":"Matryoshka"},{"floor":10.0,"key":"Omamori"},{"floor":11.0,"key":"Smiling Mask"},{"floor":11.0,"key":"Ancient Tea Set"}],"event_choices":[{"cards_removed":["Defend_P"],"damage_healed":0.0,"max_hp_gain":0.0,"max_hp_loss":0.0,"gold_gain":0.0,"event_name":"Golden Wing","player_choice":"Card Removal","floor":3.0,"gold_loss":0.0,"damage_taken":7.0},{"damage_healed":0.0,"max_hp_gain":5.0,"max_hp_loss":0.0,"gold_gain":0.0,"event_name":"Big Fish","player_choice":"Donut","floor":4.0,"gold_loss":0.0,"damage_taken":0.0},{"damage_healed":0.0,"max_hp_gain":0.0,"max_hp_loss":0.0,"gold_gain":0.0,"event_name":"Liars Game","player_choice":"Ignored","floor":5.0,"gold_loss":0.0,"damage_taken":0.0}],"is_beta":false,"boss_relics":[],"items_purged_floors":[],"is_endless":false,"potions_floor_spawned":[1,8,10,13,14],"killed_by":"Hexaghost","ascension_level":5}}