{"host":"xm0mz9ddset2ui4e","time":1613808423,"event":{"mods":["2.2 Compatiblity","AchievementEnabler","Act Like it!","Arknights","Astrologer","BaseMod","CapriCore","Colored Powertips","Elementarium","Gensokyo","GifTheSpireLib","Hallownest","Hermit","Highlight Path","Jorbs\u0027s Wanderer Trilogy","Koishi","Lobotomy","LobotomyExtend","Marisa????????","Minty Spire (QoL Compilation)","Remilia??????","Replay The Spire","Shade Mod","StSLib","Td1madao Mod","The Animator","The Bug Knight","The Cursed","The Hierophant","The Immortal","The Runesmith","The Servant 0.9.4","The Wild Card","TheBandit"],"gold_per_floor":[13,25,42,54,54,86,86,106,106,106,121,121,138,157,157,262,262,276,288,298,170,185,185,203,203,203,203,203],"floor_reached":27,"language":"ENG","playtime":2008,"items_purged":["Strike_S"],"score":287,"play_id":"45410421-9838-4e76-a850-b47a08deaf9d","local_time":"20210220020703","is_ascension_mode":true,"campfire_choices":[{"data":"SilverMatrix","floor":7.0,"key":"SMITH"},{"data":"GearUp","floor":12,"key":"SMITH"},{"data":"DancingSilver","floor":15,"key":"SMITH"},{"data":"SilverBlades","floor":23,"key":"SMITH"},{"floor":25,"key":"REST"}],"circlet_count":0,"master_deck":["Strike_S","Strike_S","Strike_S","Defend_S","Defend_S","Defend_S","Defend_S","KidneyShot","Exchange","SilverMatrix+1","Defy","Snipe","InstantArmor","GearUp+1","Rearm","GearUp","DancingSilver+1","Solidify","FanOfKnives+1","SilverBlades+1","Misdirection+1"],"relics":["Uniform","LetterFromLob","Smiling Mask","Nunchaku","Singing Bowl","Philosopher\u0027s Stone","HollowMod:StagPassRelic"],"acts_visited":["Exordium","Elementarium:Elementarium"],"potions_floor_usage":[14,16,18,27],"damage_taken":[{"damage":2.0,"enemies":"ats:Genji","floor":1.0,"turns":4.0},{"damage":4.0,"enemies":"Jaw Worm","floor":2.0,"turns":4.0},{"damage":0.0,"enemies":"Small Slimes","floor":3.0,"turns":5.0},{"damage":0.0,"enemies":"3 Louse","floor":4.0,"turns":1.0},{"damage":6.0,"enemies":"3 Sentries","floor":6.0,"turns":10.0},{"damage":0.0,"enemies":"Exordium Thugs","floor":8.0,"turns":6.0},{"damage":0.0,"enemies":"2 Fungi Beasts","floor":11.0,"turns":4.0},{"damage":0,"enemies":"Red Slaver","floor":13,"turns":2},{"damage":1,"enemies":"Lots of Slimes","floor":14,"turns":5},{"damage":12,"enemies":"Hexaghost","floor":16,"turns":16},{"damage":10,"enemies":"Elementarium:2_ELEMENTALS","floor":18,"turns":5},{"damage":0,"enemies":"Elementarium:VoidCorruption","floor":19,"turns":5},{"damage":2,"enemies":"Elementarium:3_ELEMENTALS","floor":20,"turns":4},{"damage":9,"enemies":"Elementarium:Hydrostalker","floor":22,"turns":4},{"damage":12,"enemies":"Elementarium:VoidBeast","floor":24,"turns":5},{"damage":67,"enemies":"Elementarium:ElementalPortal","floor":27,"turns":6}],"seed_played":"-8077311521546510902","potions_obtained":[{"floor":2.0,"key":"Explosive Potion"},{"floor":4.0,"key":"Block Potion"},{"floor":6.0,"key":"Energy Potion"},{"floor":14,"key":"Toxic Potion"},{"floor":18,"key":"SteroidPotion"},{"floor":19,"key":"CultistPotion"},{"floor":22,"key":"Dexterity Potion"}],"is_trial":false,"path_per_floor":["M","M","M","M","?","E","R","M","T","E","M","R","M","M","R","B",null,"M","M","M","$","M","R","M","R","T","E"],"character_chosen":"THE_SERVANT","items_purchased":["SilverBlades"],"campfire_rested":1,"item_purchase_floors":[21],"current_hp_per_floor":[57,53,53,53,50,44,44,44,44,44,44,44,44,45,45,33,59,51,51,51,51,42,42,32,53,53,0,0],"gold":203,"neow_bonus":"THREE_RARE_CARDS","is_daily":false,"chose_seed":false,"campfire_upgraded":4,"win_rate":0.0,"timestamp":1613808423,"path_taken":["M","M","M","M","?","E","R","M","T","E","M","R","M","M","R","BOSS","M","M","M","$","M","R","M","R","T","E"],"items_purchased_type":["Card"],"build_version":"2020-12-22","purchased_purges":1,"victory":false,"max_hp_per_floor":[65,65,65,65,65,65,65,65,65,65,65,65,65,67,67,67,67,69,69,71,71,71,71,73,73,73,73,73],"card_choices":[{"not_picked":["FloweringNight","SoulSculpture"],"picked":"SilverMatrix","floor":0.0},{"not_picked":["Replace","Reset"],"picked":"Defy","floor":1.0},{"not_picked":["Starlight","Advance"],"picked":"Snipe","floor":2.0},{"not_picked":["Snipe","BottledTime"],"picked":"InstantArmor","floor":3.0},{"not_picked":["Spin","Potential","ShatteredReality"],"picked":"SKIP","floor":4.0},{"not_picked":["Spin","Rewind"],"picked":"GearUp","floor":6.0},{"not_picked":["Contraction","Ricochet"],"picked":"Rearm","floor":8.0},{"not_picked":["Potential","Snipe"],"picked":"GearUp","floor":11},{"not_picked":["Potential","Alleviate"],"picked":"DancingSilver","floor":13},{"not_picked":["Manipulate","Rewind","MoonPhase"],"picked":"Singing Bowl","floor":14},{"not_picked":["ForgedInTime","FloweringNight"],"picked":"Solidify","floor":16},{"not_picked":["DoubleEdge","Potential","DualDimension"],"picked":"Singing Bowl","floor":18},{"not_picked":["Ricochet","Spin+1"],"picked":"FanOfKnives+1","floor":19},{"not_picked":["WasteNot","Ricochet+1","FanOfKnives"],"picked":"Singing Bowl","floor":20},{"not_picked":["Hightail+1","Revamp"],"picked":"Misdirection+1","floor":22},{"not_picked":["Manipulate","Alleviate","ShiftingGears"],"picked":"Singing Bowl","floor":24}],"player_experience":586390,"relics_obtained":[{"floor":1.0,"key":"LetterFromLob"},{"floor":6.0,"key":"Nunchaku"},{"floor":9.0,"key":"Singing Bowl"},{"floor":26,"key":"HollowMod:StagPassRelic"}],"event_choices":[{"damage_healed":0.0,"max_hp_gain":0.0,"max_hp_loss":0.0,"gold_gain":0.0,"event_name":"Scrap Ooze","player_choice":"Success","floor":5.0,"gold_loss":0.0,"damage_taken":3.0,"relics_obtained":["Smiling Mask"]}],"is_beta":false,"boss_relics":[{"not_picked":["Kintsugi","SacredBark"],"picked":"Philosopher\u0027s Stone"}],"items_purged_floors":[21],"is_endless":false,"potions_floor_spawned":[2,4,6,14,18,19,22],"killed_by":"Elementarium:ElementalPortal","ascension_level":6}}