{"host":"ox77rn1xcurm2t5a","time":1613854941,"event":{"mods":["2.2 Compatiblity","AchievementEnabler","Act Like it!","Aspiration","BaseMod","Best Route Mod","Better Match","Better Note","Better Sensory Stone","Block Reminder","Colored Map","Colored Powertips","Conjunction","Conspire","Custom Start","Energized Spire","GifTheSpireLib","Gold Saver","Gremlin Skip","Halation","Highlight Path","Hubris","Infinite Spire","Minty Spire (QoL Compilation)","Pale of the Ancients","Quick Restart","Reliquary","Replay The Spire","Reworked Bosses","ShortenTheSpire","Spire Exporter","StSLib","Stuff the Spire","Wandering Minibosses"],"gold_per_floor":[114,127,227,238,252,252,48,48,48],"floor_reached":8,"language":"ENG","playtime":132,"items_purged":[],"score":70,"play_id":"dd31cbcb-8bac-47ab-b732-f335ba593d28","local_time":"20210220230221","is_ascension_mode":true,"campfire_choices":[{"floor":6,"key":"RECALL"}],"circlet_count":0,"master_deck":["Strike_R","Strike_R","Strike_R","Strike_R","Strike_R","Defend_R","Defend_R","Defend_R","Defend_R","Bash","Thunderclap","Limit Break","Perfected Strike","Perfected Strike"],"relics":["Burning Blood","NeowsBlessing","StuffTheSpire:GrapeVine"],"acts_visited":["Exordium"],"potions_floor_usage":[8],"damage_taken":[{"damage":0,"enemies":"2 Louse","floor":1,"turns":1},{"damage":0,"enemies":"Cultist","floor":2,"turns":1},{"damage":0,"enemies":"Small Slimes","floor":4,"turns":1},{"damage":69,"enemies":"Exordium Thugs","floor":5,"turns":8},{"damage":35,"enemies":"3 Sentries","floor":8,"turns":4}],"seed_played":"2963578860812693885","potions_obtained":[{"floor":5,"key":"conspire:TimeTravelPotion"}],"is_trial":false,"path_per_floor":["M","M","?","M","M","R","$","E"],"character_chosen":"IRONCLAD","items_purchased":["Perfected Strike","StuffTheSpire:GrapeVine"],"campfire_rested":0,"item_purchase_floors":[7,7],"current_hp_per_floor":[78,80,80,80,17,17,17,0,0],"gold":48,"neow_bonus":"THREE_ENEMY_KILL","is_daily":false,"chose_seed":false,"campfire_upgraded":0,"win_rate":0.0,"timestamp":1613854941,"path_taken":["M","M","?","M","?","R","$","E"],"items_purchased_type":["Card","Relic"],"build_version":"2020-12-22","purchased_purges":0,"victory":false,"max_hp_per_floor":[80,80,80,80,80,80,80,80,80],"card_choices":[{"not_picked":["Flex","Disarm"],"picked":"Thunderclap","floor":1},{"not_picked":["Body Slam","Replay:Undeath\u0027s Touch","Life Link"],"picked":"SKIP","floor":2},{"not_picked":["ReplayReversal","True Grit"],"picked":"Limit Break","floor":4},{"not_picked":["Shrug It Off","ReplayTheSpireMod:Muscle Training"],"picked":"Perfected Strike","floor":5}],"player_experience":3209474,"relics_obtained":[],"event_choices":[{"damage_healed":0,"gold_gain":100,"player_choice":"Pray","damage_taken":0,"max_hp_gain":0,"max_hp_loss":0,"event_name":"Golden Shrine","floor":3,"gold_loss":0}],"is_beta":false,"boss_relics":[],"items_purged_floors":[],"is_endless":false,"potions_floor_spawned":[5],"killed_by":"3 Sentries","ascension_level":9}}