{"host":"8injpn8qs0kr8sd6","time":1613819978,"event":{"mods":["Act Like it!","BaseMod","Downfall","KinomotoSakuraMod(ƒæ÷Æ±æ”£)","Marisa£®ÏF”Í°°ƒß¿Ì…≥£©","Minty Spire (QoL Compilation)","Quick Restart","Reimu£®≤©¿ˆ¡È√Œ£©","StSLib","°æ“≈ŒÔø®≈∆°øREMEMod"],"gold_per_floor":[99,112,112,287,302,302,302,402,414,143,163,163,175,175,189,284,284,284,300,314,327,19,32,32,32,32,32,43,43,43,243,258,258,258,258],"floor_reached":33,"language":"ZHS","playtime":1292,"items_purged":["downfall:Malfunctioning"],"score":239,"play_id":"f8852bdf-fbc3-461c-b174-8f50f6f472d7","local_time":"20210220191938","is_ascension_mode":false,"campfire_choices":[{"data":"REME_HeartOfCthun","floor":1.0,"key":"SMITH"},{"data":"sneckomod:UnknownRareSkill","floor":6.0,"key":"SMITH"}],"circlet_count":0,"master_deck":["sneckomod:SnekBite","sneckomod:Unknown+1","REME_HeartOfCthun+1","sneckomod:UnknownUncommonAttack+1","Doubt","sneckomod:UnknownWeak","sneckomod:UnknownVulnerable","LessonLearned","sneckomod:UnknownRarePower","sneckomod:Unknown0Cost","sneckomod:UnknownUncommonSkill","sneckomod:UnknownRareAttack","sneckomod:SlitherStrike","sneckomod:UnknownExhaust","Tantrum","sneckomod:Nope","sneckomod:SoulDraw","sneckomod:UnknownUncommonAttack+1","sneckomod:UnendingSupply","sneckomod:UnknownBlock","REME_LeechingPoison+1","sneckomod:CheapStock","sneckomod:UnknownCommonSkill","downfall:Bewildered","downfall:Haunted"],"relics":["sneckomod:SneckoSoul","REME_ComplimentaryCards","Sundial","Blue Candle","Medical Kit","Eternal Feather","Pandora\u0027s Box","Mummified Hand","sneckomod:BabySnecko"],"acts_visited":["Exordium","TheCity"],"potions_floor_usage":[28,33],"damage_taken":[{"damage":1.0,"enemies":"Cultist","floor":2.0,"turns":3.0},{"damage":0.0,"enemies":"Small Slimes","floor":5.0,"turns":2.0},{"damage":5.0,"enemies":"2 Louse","floor":9.0,"turns":2.0},{"damage":6.0,"enemies":"downfall:FleeingMerchant","floor":10.0,"turns":4.0},{"damage":0.0,"enemies":"Exordium Wildlife","floor":11.0,"turns":2.0},{"damage":10.0,"enemies":"downfall:LooterAlt","floor":13.0,"turns":3.0},{"damage":8.0,"enemies":"Large Slime","floor":15.0,"turns":3.0},{"damage":18.0,"enemies":"WA_ARCHETYPE_RETAIN","floor":16.0,"turns":4.0},{"damage":7.0,"enemies":"Chosen","floor":19.0,"turns":3.0},{"damage":21.0,"enemies":"downfall:LooterAlt2","floor":20.0,"turns":2.0},{"damage":0.0,"enemies":"Snecko","floor":21.0,"turns":2.0},{"damage":31,"enemies":"downfall:FleeingMerchant","floor":22,"turns":4},{"damage":30,"enemies":"Shelled Parasite and Fungi","floor":23,"turns":3},{"damage":0,"enemies":"Centurion and Healer","floor":28,"turns":2},{"damage":3,"enemies":"Cultist and Chosen","floor":32,"turns":4},{"damage":16,"enemies":"IC_MUSHROOM_ARCHETYPE","floor":33,"turns":1}],"seed_played":"2370508649020974816","potions_obtained":[{"floor":9.0,"key":"LiquidBronze"},{"floor":11.0,"key":"ZuzhouPotion:ReiMu"},{"floor":13.0,"key":"Regen Potion"},{"floor":16.0,"key":"GrandPatriotsElixir:ReiMu"},{"floor":19.0,"key":"sneckomod:CheatPotion"},{"floor":20.0,"key":"REME_GoldPotion"},{"floor":23,"key":"SkillPotion"},{"floor":32,"key":"Regen Potion"}],"is_trial":false,"path_per_floor":["R","M","T","?","M","R","T","?","M","$","M","R","M","?","M","B",null,"R","M","M","M","$","M","T","?","R","?","M","?","?","?","M","B"],"character_chosen":"THE_SNECKO","items_purchased":["Medical Kit","sneckomod:UnknownWeak","Mummified Hand","sneckomod:UnendingSupply"],"campfire_rested":0,"item_purchase_floors":[10,10,22,22],"current_hp_per_floor":[90,89,89,89,89,89,89,89,84,78,78,78,68,61,58,40,90,90,83,62,62,31,1,1,1,13,13,13,13,13,13,10,0,0,0],"gold":258,"neow_bonus":"THREE_RARE_CARDS","is_daily":false,"chose_seed":false,"campfire_upgraded":2,"win_rate":0.0,"timestamp":1613819978,"path_taken":["R","M","?","?","M","R","T","?","M","$","M","R","M","?","M","BOSS","R","M","M","M","$","M","T","?","R","?","M","?","?","?","M","BOSS"],"items_purchased_type":["Relic","Card","Relic","Card"],"build_version":"2020-12-22","purchased_purges":1,"victory":false,"max_hp_per_floor":[90,90,90,90,90,90,90,90,90,90,90,90,90,90,90,90,90,90,90,90,90,90,90,90,90,90,90,90,90,90,90,90,90,90,90],"card_choices":[{"not_picked":["sneckomod:Unknown3Cost","sneckomod:SerpentMind"],"picked":"sneckomod:UnknownRareSkill","floor":0.0},{"not_picked":["sneckomod:UnknownUncommonAttack","sneckomod:UnknownCommonAttack","sneckomod:QuickBite"],"picked":"SKIP","floor":2.0},{"not_picked":["sneckomod:UnknownCommonAttack","sneckomod:QuickBite"],"picked":"sneckomod:UnknownUncommonAttack","floor":2.0},{"not_picked":["sneckomod:DiceBlock","sneckomod:SlitherStrike","sneckomod:UnknownClassSPELL_COLOR"],"picked":"SKIP","floor":5.0},{"not_picked":["sneckomod:WideSting","sneckomod:UnknownExhaust","sneckomod:ImprovisedAttack"],"picked":"SKIP","floor":9.0},{"not_picked":["sneckomod:WideSting","sneckomod:SerpentIdol","sneckomod:UnknownBlock"],"picked":"SKIP","floor":10.0},{"not_picked":["sneckomod:DangerNoodle","sneckomod:QuickBite"],"picked":"sneckomod:UnknownVulnerable","floor":11.0},{"not_picked":["sneckomod:WideSting","sneckomod:UnknownBlock","sneckomod:Unknown1Cost"],"picked":"SKIP","floor":13.0},{"not_picked":["sneckomod:UnknownUncommonAttack","sneckomod:DiceCrush"],"picked":"sneckomod:UnknownClassPURPLE","floor":15.0},{"not_picked":["sneckomod:SerpentMind","sneckomod:SoulExchange"],"picked":"sneckomod:UnknownRarePower","floor":16.0},{"not_picked":["sneckomod:Unknown1Cost","sneckomod:QuickMove+1"],"picked":"sneckomod:Nope","floor":19.0},{"not_picked":["sneckomod:UnknownClassGREEN","sneckomod:QuickMove"],"picked":"sneckomod:SoulDraw","floor":20.0},{"not_picked":["sneckomod:Unknown0Cost+1","sneckomod:Nope+1"],"picked":"sneckomod:UnknownUncommonAttack+1","floor":21.0},{"not_picked":["sneckomod:UnknownWeak","sneckomod:SerpentIdol","sneckomod:SoulRoll"],"picked":"SKIP","floor":22},{"not_picked":["sneckomod:DiceBoulder","sneckomod:ImprovisedAttack","sneckomod:UnknownBlock"],"picked":"SKIP","floor":23},{"not_picked":["sneckomod:DiceBoulder","sneckomod:ImprovisedAttack"],"picked":"sneckomod:UnknownBlock","floor":23},{"not_picked":["sneckomod:UnknownClassSPELL_COLOR","sneckomod:Nope","sneckomod:UnknownWeak"],"picked":"SKIP","floor":28},{"not_picked":["sneckomod:UnknownClassGREEN","sneckomod:ImprovisedGuard","sneckomod:Unknown1Cost"],"picked":"SKIP","floor":32}],"player_experience":536019,"relics_obtained":[{"floor":3.0,"key":"Sundial"},{"floor":7.0,"key":"Blue Candle"}],"event_choices":[{"damage_healed":0.0,"max_hp_gain":0.0,"max_hp_loss":0.0,"gold_gain":0.0,"event_name":"Scrap Ooze","player_choice":"Success","floor":14.0,"gold_loss":0.0,"damage_taken":7.0,"relics_obtained":["Eternal Feather"]},{"damage_healed":0,"gold_gain":0,"cards_transformed":["sneckomod:TailWhip","sneckomod:ImprovisedAttack"],"player_choice":"Became Test Subject","damage_taken":0,"max_hp_gain":0,"max_hp_loss":0,"event_name":"Drug Dealer","floor":27,"gold_loss":0,"cards_obtained":["sneckomod:CheapStock","sneckomod:UnknownCommonSkill"]}],"is_beta":false,"boss_relics":[{"not_picked":["Fusion Hammer","Calling Bell"],"picked":"Pandora\u0027s Box"}],"items_purged_floors":[10],"is_endless":false,"potions_floor_spawned":[9,11,13,16,19,20,23,32],"killed_by":"IC_MUSHROOM_ARCHETYPE","ascension_level":0}}