{"host":"1v3mnj67s3trvm6y","time":1613795261,"event":{"mods":["BaseMod","Challenge The Spire","Minty Spire (QoL Compilation)","StSLib","The Cursed"],"gold_per_floor":[114,128,203,56,6,6,34,52,75,75,92,104,120,120,120,249,249,264,264,31,31,31,31,52,52,79,98,98,126,1,1,1,100,100,110,130,154,168,168,203,46,46,72,72,146,200,225,275,275,275,275,275,11,42,42],"floor_reached":56,"language":"ENG","playtime":2265,"items_purged":["TheCursedMod:Strike_TheCursed","TheCursedMod:Defend_TheCursed","TheCursedMod:Strike_TheCursed","TheCursedMod:Strike_TheCursed"],"score":1394,"play_id":"49c2ba57-a235-4b4a-9e5d-f59abc316d3a","local_time":"20210220132741","is_ascension_mode":false,"campfire_choices":[{"data":"TheCursedMod:CursedMace","floor":6,"key":"SMITH"},{"data":"TheCursedMod:CleanUpWorkshop","floor":15,"key":"SMITH"},{"data":"TheCursedMod:SpitefulPlan","floor":23,"key":"SMITH"},{"floor":25,"key":"RECALL"},{"floor":32,"key":"REST"},{"floor":44,"key":"REST"},{"data":"TheCursedMod:CursedRelics","floor":49,"key":"SMITH"},{"data":"TheCursedMod:SmokeScreen","floor":52,"key":"SMITH"}],"circlet_count":0,"master_deck":["TheCursedMod:Defend_TheCursed","TheCursedMod:Defend_TheCursed","TheCursedMod:CursedWand","TheCursedMod:CleanUpWorkshop+1","TheCursedMod:Dregs","TheCursedMod:CursedMace+1","TheCursedMod:ReleasedStrength","TheCursedMod:CursedStaff","TheCursedMod:Wield","TheCursedMod:Evocation","TheCursedMod:SpitefulStrike","Injury","TheCursedMod:CollectTribute+1","TheCursedMod:RapidMovement+1","TheCursedMod:SpitefulPlan+1","TheCursedMod:CursedShiv","Doubt","Necronomicurse","TheCursedMod:StingEye+1","Shame","TheCursedMod:CursedBoomerang+1","TheCursedMod:SpitefulStrike+1","TheCursedMod:CollectTribute","TheCursedMod:SmokeScreen+1","TheCursedMod:CursedBoomerang+1","TheCursedMod:Dregs","TheCursedMod:FleshFromBone","Writhe","TheCursedMod:DemonicPact+1","Pain","Parasite","Normality","TheCursedMod:WearCloak","TheCursedMod:CursedRelics+1","TheCursedMod:CircleOfFlame+1","TheCursedMod:LuckyCharm+1","TheCursedMod:RapidMovement","TheCursedMod:DemonSword","TheCursedMod:AshesToAshes"],"relics":["TheCursedMod:BlackMagic101","Pen Nib","Juzu Bracelet","Bloody Idol","Cursed Key","Kunai","Necronomicon","Tiny Chest","Du-Vu Doll","SlaversCollar","Frozen Egg 2","Membership Card","WarpedTongs","Bag of Marbles","Ornamental Fan","FossilizedHelix","Pantograph","Turnip","Bronze Scales","Sundial"],"acts_visited":["Exordium","TheCity","TheBeyond","TheEnding"],"potions_floor_usage":[13,29,29,46,47,54],"damage_taken":[{"damage":9,"enemies":"Jaw Worm","floor":1,"turns":4},{"damage":2,"enemies":"Small Slimes","floor":2,"turns":4},{"damage":29,"enemies":"3 Sentries","floor":7,"turns":8},{"damage":5,"enemies":"Cultist","floor":8,"turns":4},{"damage":2,"enemies":"Blue Slaver","floor":11,"turns":3},{"damage":6,"enemies":"Exordium Thugs","floor":12,"turns":3},{"damage":0,"enemies":"Gremlin Gang","floor":13,"turns":3},{"damage":20,"enemies":"Slime Boss","floor":16,"turns":11},{"damage":3,"enemies":"Shell Parasite","floor":18,"turns":4},{"damage":0,"enemies":"Spheric Guardian","floor":24,"turns":3},{"damage":0,"enemies":"Chosen and Byrds","floor":27,"turns":4},{"damage":12,"enemies":"Gremlin Leader","floor":29,"turns":3},{"damage":19,"enemies":"Collector","floor":33,"turns":3},{"damage":2,"enemies":"3 Shapes","floor":35,"turns":2},{"damage":0,"enemies":"3 Darklings","floor":36,"turns":3},{"damage":3,"enemies":"4 Shapes","floor":38,"turns":6},{"damage":53,"enemies":"Nemesis","floor":40,"turns":3},{"damage":4,"enemies":"2 Orb Walkers","floor":46,"turns":2},{"damage":1,"enemies":"Reptomancer","floor":47,"turns":4},{"damage":0,"enemies":"Mind Bloom Boss Battle","floor":48,"turns":2},{"damage":53,"enemies":"Awakened One","floor":50,"turns":7},{"damage":20,"enemies":"Shield and Spear","floor":54,"turns":4},{"damage":33,"enemies":"The Heart","floor":55,"turns":6}],"seed_played":"1449023339218411271","potions_obtained":[{"floor":8,"key":"AttackPotion"},{"floor":11,"key":"ColorlessPotion"},{"floor":12,"key":"SteroidPotion"},{"floor":13,"key":"Strength Potion"},{"floor":16,"key":"DistilledChaos"},{"floor":46,"key":"GamblersBrew"},{"floor":48,"key":"Fire Potion"}],"is_trial":false,"path_per_floor":["M","M","?","$","?","R","E","M","T","?","M","M","M","?","R","B",null,"M","?","$","T","?","R","M","R","T","M","?","E","$","?","R","B",null,"M","M","T","M","?","E","$","?","T","R","T","?","E","?","R","B",null,"R","$","E","B",null],"character_chosen":"THE_CURSED","items_purchased":["TheCursedMod:CursedStaff","TheCursedMod:SpitefulPlan","TheCursedMod:CursedShiv","Membership Card","Bronze Scales","TheCursedMod:LuckyCharm+1","TheCursedMod:RapidMovement","TheCursedMod:DemonSword"],"campfire_rested":2,"item_purchase_floors":[4,20,20,41,53,53,53,53],"current_hp_per_floor":[66,64,53,53,53,53,24,19,19,75,73,67,67,67,67,47,75,72,72,72,72,56,56,56,56,56,56,56,49,49,49,71,57,75,75,75,75,75,75,27,27,27,32,54,59,60,64,75,75,22,75,75,75,60,42],"gold":42,"neow_bonus":"REMOVE_CARD","is_daily":false,"chose_seed":false,"campfire_upgraded":5,"win_rate":0.0,"timestamp":1613795261,"path_taken":["M","M","?","$","?","R","E","M","T","?","M","M","M","?","R","BOSS","M","?","$","?","?","R","M","R","T","M","?","E","?","?","R","BOSS","M","M","?","M","?","E","?","?","T","R","?","?","E","?","R","BOSS","R","$","E","BOSS"],"items_purchased_type":["Card","Card","Card","Relic","Relic","Card","Card","Card"],"build_version":"2020-12-22","purchased_purges":4,"victory":true,"max_hp_per_floor":[75,75,75,75,75,75,75,75,75,75,75,75,75,75,75,75,75,75,75,75,75,75,75,75,75,75,75,75,75,75,75,75,75,75,75,75,75,75,75,75,75,75,75,75,75,75,75,75,75,75,75,75,75,75,75],"card_choices":[{"not_picked":["TheCursedMod:SpreadPlague","TheCursedMod:Evocation"],"picked":"TheCursedMod:CursedMace","floor":1},{"not_picked":["TheCursedMod:SurpriseAttack","TheCursedMod:CircleOfBlood"],"picked":"TheCursedMod:ReleasedStrength","floor":2},{"not_picked":["TheCursedMod:EmpowerCircles","TheCursedMod:Torture"],"picked":"TheCursedMod:SpitefulPray","floor":7},{"not_picked":["TheCursedMod:VitalStrike","TheCursedMod:BloodBarrier"],"picked":"TheCursedMod:Wield","floor":8},{"not_picked":["TheCursedMod:CircleOfCorruption","TheCursedMod:SpreadPlague"],"picked":"TheCursedMod:Evocation","floor":11},{"not_picked":["TheCursedMod:SurpriseAttack","TheCursedMod:CircleOfFlame"],"picked":"TheCursedMod:SpitefulStrike","floor":12},{"not_picked":["TheCursedMod:Stigma","TheCursedMod:CircleOfFocus","TheCursedMod:Stretching"],"picked":"SKIP","floor":13},{"not_picked":["TheCursedMod:DarkBarrier","TheCursedMod:DemonicPact"],"picked":"TheCursedMod:CollectTribute","floor":16},{"not_picked":["TheCursedMod:CursedSpellbook","TheCursedMod:SaltUponWound"],"picked":"TheCursedMod:RapidMovement+1","floor":18},{"not_picked":["TheCursedMod:SpitefulPray","TheCursedMod:VitalStrike"],"picked":"TheCursedMod:StingEye+1","floor":24},{"not_picked":["TheCursedMod:SurpriseAttack","TheCursedMod:CircleOfFlame"],"picked":"TheCursedMod:CursedBoomerang+1","floor":27},{"not_picked":["TheCursedMod:CursedRelics","TheCursedMod:WearCloak"],"picked":"TheCursedMod:SpitefulStrike+1","floor":29},{"not_picked":["TheCursedMod:DemonicPact","TheCursedMod:ParallelWorld"],"picked":"TheCursedMod:CollectTribute","floor":33},{"not_picked":["TheCursedMod:StingEye","TheCursedMod:Stretching"],"picked":"TheCursedMod:SmokeScreen","floor":35},{"not_picked":["TheCursedMod:CircleOfAmplification","TheCursedMod:CursedBlade"],"picked":"TheCursedMod:CursedBoomerang+1","floor":36},{"not_picked":["TheCursedMod:Stigma","TheCursedMod:VitalStrike"],"picked":"TheCursedMod:FleshFromBone","floor":38},{"not_picked":["TheCursedMod:Wield","TheCursedMod:PrepareRite"],"picked":"TheCursedMod:DemonicPact+1","floor":40},{"not_picked":["TheCursedMod:Grudge+1","TheCursedMod:Torture+1"],"picked":"TheCursedMod:WearCloak","floor":46},{"not_picked":["TheCursedMod:CursedAmulet","TheCursedMod:VitalStrike"],"picked":"TheCursedMod:CursedRelics","floor":47},{"not_picked":["TheCursedMod:TroublousMinions+1","TheCursedMod:RavingStaff"],"picked":"TheCursedMod:CircleOfFlame+1","floor":48},{"not_picked":["TheCursedMod:SpitefulPray","TheCursedMod:SurpriseAttack"],"picked":"TheCursedMod:AshesToAshes","floor":54}],"player_experience":1565816,"relics_obtained":[{"floor":7,"key":"Pen Nib"},{"floor":9,"key":"Juzu Bracelet"},{"floor":21,"key":"Kunai"},{"floor":22,"key":"Necronomicon"},{"floor":26,"key":"Tiny Chest"},{"floor":29,"key":"Du-Vu Doll"},{"floor":40,"key":"Frozen Egg 2"},{"floor":43,"key":"Bag of Marbles"},{"floor":45,"key":"Ornamental Fan"},{"floor":46,"key":"FossilizedHelix"},{"floor":47,"key":"Pantograph"},{"floor":48,"key":"Turnip"},{"floor":54,"key":"Sundial"}],"event_choices":[{"damage_healed":0,"gold_gain":75,"player_choice":"Gather Gold","damage_taken":11,"max_hp_gain":0,"max_hp_loss":0,"event_name":"World of Goop","floor":3,"gold_loss":0},{"cards_removed":["TheCursedMod:Strike_TheCursed"],"damage_healed":0,"gold_gain":0,"player_choice":"Card Removal","damage_taken":0,"max_hp_gain":0,"max_hp_loss":0,"event_name":"The Cleric","floor":5,"gold_loss":50},{"cards_removed":["TheCursedMod:SpitefulPray"],"damage_healed":56,"gold_gain":0,"player_choice":"Offered Uncommon","damage_taken":0,"max_hp_gain":0,"max_hp_loss":0,"event_name":"Bonfire Elementals","floor":10,"gold_loss":0},{"damage_healed":0,"gold_gain":0,"player_choice":"Take Wound","damage_taken":0,"relics_obtained":["Golden Idol"],"max_hp_gain":0,"max_hp_loss":0,"event_name":"Golden Idol","floor":14,"gold_loss":0,"cards_obtained":["Injury"]},{"damage_healed":0,"gold_gain":0,"player_choice":"Upgraded","damage_taken":0,"max_hp_gain":0,"max_hp_loss":0,"event_name":"Upgrade Shrine","floor":19,"gold_loss":0,"cards_upgraded":["TheCursedMod:CollectTribute"]},{"damage_healed":0,"gold_gain":0,"player_choice":"Obtained Book","damage_taken":16,"max_hp_gain":0,"max_hp_loss":0,"event_name":"Cursed Tome","floor":22,"gold_loss":0},{"damage_healed":0,"gold_gain":0,"player_choice":"Gave Idol","damage_taken":0,"relics_obtained":["Bloody Idol"],"max_hp_gain":0,"max_hp_loss":0,"event_name":"Forgotten Altar","floor":28,"relics_lost":["Golden Idol"],"gold_loss":0},{"damage_healed":0,"gold_gain":0,"player_choice":"Ignored","damage_taken":0,"max_hp_gain":0,"max_hp_loss":0,"event_name":"Ghosts","floor":31,"gold_loss":0},{"damage_healed":19,"gold_gain":0,"player_choice":"Writhe","damage_taken":0,"max_hp_gain":0,"max_hp_loss":0,"event_name":"Winding Halls","floor":39,"gold_loss":0,"cards_obtained":["Writhe"]},{"damage_healed":0,"gold_gain":0,"player_choice":"Rummage","damage_taken":0,"relics_obtained":["WarpedTongs"],"max_hp_gain":0,"max_hp_loss":0,"event_name":"Accursed Blacksmith","floor":42,"gold_loss":0,"cards_obtained":["Pain"]},{"damage_healed":0,"gold_gain":0,"player_choice":"Fight","damage_taken":0,"max_hp_gain":0,"max_hp_loss":0,"event_name":"Mysterious Sphere","floor":46,"gold_loss":0},{"damage_healed":0,"gold_gain":0,"player_choice":"Fight","damage_taken":0,"max_hp_gain":0,"max_hp_loss":0,"event_name":"MindBloom","floor":48,"gold_loss":0}],"is_beta":false,"boss_relics":[{"not_picked":["Busted Crown","Ectoplasm"],"picked":"Cursed Key"},{"not_picked":["Velvet Choker","Runic Dome"],"picked":"SlaversCollar"}],"items_purged_floors":[4,20,30,53],"is_endless":false,"potions_floor_spawned":[8,11,12,13,16,18,24,46,48],"ascension_level":0}}