{"host":"i0m6ffz3lpe3z1ky","time":1613856984,"event":{"mods":["Aspiration","BaseMod","Bestiary","BetterRewards","Colored Map","Conspire","Energized Spire","Highlight Path","Hubris","Ironclad Rager","Minty Spire (QoL Compilation)","Quick Restart","Reliquary","Shop Mod","Spicy Shops","StSLib","Thieving Mod"],"gold_per_floor":[118,128,138,167,187,187,222,234,234,251,271,286,298,322,322,423,423,436,436,453,469,487,487,505,505,505,505,522,550,324,351,351,451,451,462,462,261,122,141,172,172,205,205,205,205,205,74,101,101,101,101,101,0,33,33,33],"floor_reached":55,"language":"KOR","playtime":2254,"items_purged":["Strike_R","Strike_R","Strike_R","Strike_R"],"score":1504,"play_id":"a28a8b4e-dbad-4352-aba6-bd24e62c8e19","local_time":"20210221063624","is_ascension_mode":true,"campfire_choices":[{"data":"Demon Form","floor":6.0,"key":"SMITH"},{"data":"Heavy Blade","floor":15.0,"key":"SMITH"},{"data":"Heavy Blade+1","floor":23.0,"key":"SMITH"},{"data":"Heavy Blade+2","floor":25.0,"key":"SMITH"},{"data":"Heavy Blade+3","floor":27.0,"key":"SMITH"},{"data":"Heavy Blade+4","floor":32,"key":"SMITH"},{"data":"Heavy Blade+5","floor":41,"key":"SMITH"},{"data":"Heavy Blade+6","floor":44,"key":"SMITH"},{"data":"Heavy Blade+7","floor":46,"key":"SMITH"},{"floor":49,"key":"RECALL"},{"data":"Heavy Blade+8","floor":52,"key":"SMITH"}],"circlet_count":0,"master_deck":["AscendersBane","Strike_R","Defend_R","Defend_R","Defend_R","Defend_R","Bash","Demon Form+1","Panache","Inflame+1","Shrug It Off","Shrug It Off+1","Heavy Blade+9","DeusExMachina","Apotheosis","Dual Wield+1","Amplify+1","Madness+1","Madness+1","Footwork","Double Tap+1","Spot Weakness+1"],"relics":["Burning Blood","aspiration:Nostalgia","Cracked Core","Nunchaku","Tiny Chest","Chemical X","reliquary:Crutches","PrismaticShard","ClockworkSouvenir","TheAbacus","hubris:SlimyHat","Oddly Smooth Stone","aspiration:HatOfInfinitePower","HandDrill","reliquary:BallBearing","reliquary:CitrusReamer","reliquary:WeakTea","Pantograph","conspire:TopHat","aspiration:DSix","hubris:Reverence","InkBottle","Red Skull","hubris:FunFungus","reliquary:Tamtam","Membership Card","conspire:InfiniteJournal","conspire:GiftBox","Lee\u0027s Waffle","hubris:CuriousFeather","Boot","aspiration:Lifesprig","Bag of Preparation","Ancient Tea Set","Torii","reliquary:FingerTrap","Toy Ornithopter","Pen Nib","reliquary:TridentHead","Odd Mushroom","energizedSpire:NeverEndingSparkler","hubris:Towel","Toxic Egg 2","aspiration:HummingbirdHeart","hubris:ChampionShield","Frozen Eye","reliquary:RosewoodLute","Prayer Wheel","OrangePellets","Sling","hubris:TenFootPole","PreservedInsect","reliquary:Stiletto","Ornamental Fan","Singing Bowl","Lantern","reliquary:Buckler","Pocketwatch"],"acts_visited":["Exordium","TheCity","TheBeyond","TheEnding"],"potions_floor_usage":[42],"damage_taken":[{"damage":0.0,"enemies":"Cultist","floor":1.0,"turns":3.0},{"damage":1.0,"enemies":"Jaw Worm","floor":2.0,"turns":3.0},{"damage":0.0,"enemies":"Small Slimes","floor":3.0,"turns":3.0},{"damage":18.0,"enemies":"conspire:MimicChest","floor":4.0,"turns":4.0},{"damage":1.0,"enemies":"Blue Slaver","floor":5.0,"turns":3.0},{"damage":9.0,"enemies":"3 Sentries","floor":7.0,"turns":5.0},{"damage":1.0,"enemies":"Exordium Wildlife","floor":8.0,"turns":3.0},{"damage":12.0,"enemies":"Large Slime","floor":10.0,"turns":4.0},{"damage":2.0,"enemies":"The Mushroom Lair","floor":11.0,"turns":3.0},{"damage":0.0,"enemies":"2 Fungi Beasts","floor":12.0,"turns":2.0},{"damage":0.0,"enemies":"Exordium Thugs","floor":13.0,"turns":2.0},{"damage":0.0,"enemies":"The Guardian","floor":16.0,"turns":4.0},{"damage":1.0,"enemies":"Shell Parasite","floor":18.0,"turns":4.0},{"damage":0.0,"enemies":"Spheric Guardian","floor":20.0,"turns":2.0},{"damage":8.0,"enemies":"Centurion and Healer","floor":21.0,"turns":4.0},{"damage":0.0,"enemies":"Snake Plant","floor":22.0,"turns":2.0},{"damage":0.0,"enemies":"Snecko","floor":24.0,"turns":3.0},{"damage":1.0,"enemies":"3 Cultists","floor":28.0,"turns":4.0},{"damage":0.0,"enemies":"Gremlin Leader","floor":29.0,"turns":2.0},{"damage":1,"enemies":"Slavers","floor":31,"turns":3},{"damage":9,"enemies":"conspire:MysteriousRune","floor":33,"turns":4},{"damage":0,"enemies":"Orb Walker","floor":35,"turns":2},{"damage":0,"enemies":"3 Darklings","floor":39,"turns":1},{"damage":12,"enemies":"Reptomancer","floor":40,"turns":3},{"damage":0,"enemies":"Giant Head","floor":42,"turns":3},{"damage":0,"enemies":"Reptomancer","floor":48,"turns":2},{"damage":10,"enemies":"hubris:GrandSnecko","floor":50,"turns":6},{"damage":0,"enemies":"Shield and Spear","floor":54,"turns":1},{"damage":105,"enemies":"The Heart","floor":55,"turns":5}],"seed_played":"6311296844131807074","potions_obtained":[{"floor":28.0,"key":"Fruit Juice"},{"floor":29.0,"key":"PowerPotion"},{"floor":40,"key":"DuplicationPotion"},{"floor":42,"key":"Fruit Juice"}],"is_trial":false,"path_per_floor":["M","M","M","?","M","R","E","M","T","M","?","M","M","T","R","B",null,"M","?","M","M","M","R","M","R","T","R","M","E","$","E","R","B",null,"M","?","$","$","M","E","R","E","T","R","T","R","$","E","R","B",null,"R","$","E","B"],"character_chosen":"IRONCLAD","items_purchased":["ThievingMod:ThievingPotion","hubris:ChampionShield","Frozen Eye","reliquary:RosewoodLute","OrangePellets","Sling","hubris:TenFootPole","Spot Weakness+1","reliquary:Buckler","Weak Potion"],"campfire_rested":0,"item_purchase_floors":[0,30,30,30,37,37,38,47,53,53],"current_hp_per_floor":[87,87,87,75,80,80,79,84,84,78,82,87,87,87,87,87,87,87,87,87,87,87,87,87,87,87,87,92,92,92,92,92,92,92,92,80,80,80,86,82,82,97,97,97,97,97,97,99,99,99,99,99,99,101,0,0],"gold":33,"neow_bonus":"","is_daily":false,"chose_seed":false,"campfire_upgraded":10,"win_rate":0.0,"timestamp":1613856984,"path_taken":["M","?","M","?","M","R","E","M","T","M","?","M","M","?","R","BOSS","M","?","M","M","M","R","M","R","T","R","M","E","$","E","R","BOSS","M","?","?","$","M","E","R","E","T","R","?","R","?","E","R","BOSS","R","$","E","BOSS"],"items_purchased_type":["Potion","Relic","Relic","Relic","Relic","Relic","Relic","Card","Relic","Potion"],"build_version":"2020-12-22","purchased_purges":4,"victory":false,"max_hp_per_floor":[87,87,87,87,87,87,87,87,87,87,87,87,87,87,87,87,87,87,87,87,87,87,87,87,87,87,87,92,92,92,92,92,92,92,92,92,92,92,92,92,92,97,97,97,97,97,97,99,99,99,99,99,99,101,101,101],"card_choices":[{"not_picked":["conspire:HitWhereItHurts","Exhume"],"picked":"Demon Form","floor":0.0},{"not_picked":["Hologram","Protect","SandsOfTime"],"picked":"SKIP","floor":1.0},{"not_picked":["Skewer","WreathOfFlame"],"picked":"Shrug It Off","floor":2.0},{"not_picked":["Evaluate","Undo","Perseverance"],"picked":"SKIP","floor":3.0},{"not_picked":["Shockwave","Consume","FlyingSleeves"],"picked":"SKIP","floor":5.0},{"not_picked":["FollowUp","Venomology"],"picked":"Heavy Blade","floor":7.0},{"not_picked":["Cleave","Cold Snap","Redo"],"picked":"SKIP","floor":8.0},{"not_picked":["Cleave","FlyingSleeves","hubris:CleavingFinish"],"picked":"SKIP","floor":10.0},{"not_picked":["Scrape","Protect","Deadly Poison"],"picked":"SKIP","floor":12.0},{"not_picked":["Bane","FlurryOfBlows","Steam"],"picked":"SKIP","floor":13.0},{"not_picked":["Phantasmal Killer","Barricade"],"picked":"DeusExMachina","floor":16.0},{"not_picked":["White Noise","Darkness+1","Gash"],"picked":"SKIP","floor":18.0},{"not_picked":["Quick Slash","Conclude+1","Turbo+1"],"picked":"SKIP","floor":20.0},{"not_picked":["Ball Lightning","Flying Knee","Beam Cell"],"picked":"SKIP","floor":21.0},{"not_picked":["Armaments","Combust","Compile Driver+1"],"picked":"SKIP","floor":22.0},{"not_picked":["Distraction","Catalyst"],"picked":"Apotheosis","floor":24.0},{"not_picked":["Consecrate+1","Sanctity+1","Dual Wield+1"],"picked":"SKIP","floor":28.0},{"not_picked":["Consecrate+1","Sanctity+1"],"picked":"Dual Wield+1","floor":28.0},{"not_picked":["Stack+1","Acrobatics+1","Slice"],"picked":"SKIP","floor":29.0},{"not_picked":["Stack+1","Acrobatics+1","Slice"],"picked":"SKIP","floor":29.0},{"not_picked":["hubris:ReadiedAction+1","Endless Agony","Cold Snap+1"],"picked":"SKIP","floor":31},{"not_picked":["Violence+1","Creative AI"],"picked":"Amplify+1","floor":33},{"not_picked":["Dagger Spray","Deadly Poison+1","conspire:PoisonWeapons+1"],"picked":"SKIP","floor":35},{"not_picked":["Slice+1","PathToVictory+1","Anger"],"picked":"SKIP","floor":35},{"not_picked":["Good Instincts+1","Redo+1"],"picked":"Footwork","floor":39},{"not_picked":["Dodge and Roll+1","Combust+1","EmptyBody+1"],"picked":"SKIP","floor":39},{"not_picked":["Thunderclap+1","hubris:TrickCloak+1"],"picked":"Double Tap+1","floor":40},{"not_picked":["Flechettes+1","FollowUp+1","Protect+1"],"picked":"SKIP","floor":42},{"not_picked":["Streamline+1","Steam+1","Blur+1"],"picked":"Singing Bowl","floor":48},{"not_picked":["Protect+1","FollowUp+1","Consecrate+1"],"picked":"Singing Bowl","floor":54}],"player_experience":422189,"relics_obtained":[{"floor":4.0,"key":"Toy Ornithopter"},{"floor":7.0,"key":"Pen Nib"},{"floor":9.0,"key":"reliquary:TridentHead"},{"floor":11.0,"key":"Odd Mushroom"},{"floor":26.0,"key":"Toxic Egg 2"},{"floor":29.0,"key":"aspiration:HummingbirdHeart"},{"floor":31,"key":"Prayer Wheel"},{"floor":40,"key":"PreservedInsect"},{"floor":42,"key":"reliquary:Stiletto"},{"floor":43,"key":"Ornamental Fan"},{"floor":45,"key":"Singing Bowl"},{"floor":48,"key":"Lantern"},{"floor":54,"key":"Pocketwatch"}],"event_choices":[{"damage_healed":0.0,"max_hp_gain":0.0,"max_hp_loss":0.0,"gold_gain":0.0,"event_name":"Mushrooms","player_choice":"Fought Mushrooms","floor":11.0,"gold_loss":0.0,"damage_taken":0.0},{"damage_healed":0,"gold_gain":0,"player_choice":"Embrace Madness","damage_taken":12,"max_hp_gain":0,"max_hp_loss":0,"event_name":"Winding Halls","floor":36,"gold_loss":0,"cards_obtained":["Madness","Madness"]}],"is_beta":false,"boss_relics":[{"not_picked":["hubris:HollowSoul","reliquary:KinkedSpring"],"picked":"energizedSpire:NeverEndingSparkler"},{"not_picked":["hubris:GrandSneckoEye","energizedSpire:TabascoSauce","Fusion Hammer"]}],"items_purged_floors":[30,37,38,47],"is_endless":false,"potions_floor_spawned":[3,4,5,7,16,18,28,29,31,33,40,42],"killed_by":"The Heart","ascension_level":11}}