{"host":"u8gwyxapu65l7nuk","time":1613817665,"event":{"mods":["BaseMod","Custom Start","Minty Spire (QoL Compilation)","Relic Stats","Slay-I","StSLib"],"gold_per_floor":[118,118,138,13,88,88,88],"floor_reached":6,"language":"ENG","playtime":110,"items_purged":["Pain"],"score":36,"play_id":"8b3ad8f9-bce7-4a22-8312-aea6d172ab0f","local_time":"20210220184105","is_ascension_mode":true,"campfire_choices":[],"circlet_count":0,"master_deck":["Strike_G","Strike_G","Strike_G","Strike_G","Strike_G","Defend_G","Defend_G","Defend_G","Defend_G","Defend_G","Survivor","Neutralize","Pain","Dagger Throw","Backflip","Cloak And Dagger"],"relics":["Ring of the Snake","Ice Cream","WarpedTongs"],"acts_visited":["Exordium"],"potions_floor_usage":[],"damage_taken":[{"damage":8,"enemies":"2 Louse","floor":1,"turns":2},{"damage":4,"enemies":"Cultist","floor":3,"turns":3},{"damage":47,"enemies":"Gremlin Nob","floor":6,"turns":4}],"seed_played":"7278475875002390297","potions_obtained":[],"is_trial":false,"path_per_floor":["M","?","M","$","?","E"],"character_chosen":"THE_SILENT","items_purchased":["Cloak And Dagger"],"campfire_rested":0,"item_purchase_floors":[4],"current_hp_per_floor":[62,62,58,58,47,0,0],"gold":88,"neow_bonus":"ONE_RARE_RELIC","is_daily":false,"chose_seed":false,"campfire_upgraded":0,"win_rate":0.0,"timestamp":1613817665,"path_taken":["M","?","?","$","?","E"],"items_purchased_type":["Card"],"build_version":"2020-12-22","purchased_purges":1,"victory":false,"max_hp_per_floor":[70,70,70,70,70,70,70],"relic_stats":{"counters":[3,9],"obtain_stats":[{"Ice Cream":0,"Ring of the Snake":0,"WarpedTongs":2},{"Ice Cream":0,"Ring of the Snake":0,"WarpedTongs":1},{"Ice Cream":0,"Ring of the Snake":0,"WarpedTongs":2}],"Ring of the Snake":[6],"WarpedTongs":[7]},"card_choices":[{"not_picked":["Flying Knee","Deflect"],"picked":"Dagger Throw","floor":1},{"not_picked":["Cloak And Dagger","Deflect"],"picked":"Backflip","floor":3}],"player_experience":296403,"relics_obtained":[],"event_choices":[{"damage_healed":0,"gold_gain":0,"player_choice":"Rummage","damage_taken":0,"relics_obtained":["WarpedTongs"],"max_hp_gain":0,"max_hp_loss":0,"event_name":"Accursed Blacksmith","floor":2,"gold_loss":0,"cards_obtained":["Pain"]},{"damage_healed":0,"gold_gain":75,"player_choice":"Gather Gold","damage_taken":11,"max_hp_gain":0,"max_hp_loss":0,"event_name":"World of Goop","floor":5,"gold_loss":0}],"is_beta":false,"boss_relics":[],"items_purged_floors":[4],"is_endless":false,"potions_floor_spawned":[],"killed_by":"Gremlin Nob","ascension_level":1}}