{"host":"3z4ju2qnfrhpg6py","time":1613831499,"event":{"mods":["Act Like it!","Arknights","BaseMod","Colored Powertips","Minty Spire (QoL Compilation)","Spicy Shops","StSLib","UnlockEverythingMod","Wide Potions","noobMod","¡¾ÒÅÎï¿¨ÅÆ¡¿REMEMod"],"gold_per_floor":[115,125,125,140,4,34,49,82,107,120,120,147,147,159,159,257,257,270,280,280,153,166,199,212,225,225,251,51,76,76,96,96,199,199,210,67,78,95,108,139,139,414,490,516,516,516,534,179,179,179,179,179,90,120,120],"floor_reached":56,"language":"ZHS","playtime":2747,"items_purged":["Regret"],"score":1434,"play_id":"9cc6ac62-007c-437e-812a-62af046e3fb1","local_time":"20210220223139","is_ascension_mode":false,"campfire_choices":[{"data":"Adrenaline","floor":11,"key":"SMITH"},{"data":"Deadly Poison","floor":13,"key":"SMITH"},{"data":"Prepared","floor":15,"key":"SMITH"},{"data":"Noxious Fumes","floor":32,"key":"SMITH"},{"data":"Infinite Blades","floor":41,"key":"SMITH"},{"data":"Blade Dance","floor":46,"key":"SMITH"},{"floor":49,"key":"RECALL"},{"data":"Prepared","floor":52,"key":"SMITH"}],"circlet_count":0,"master_deck":["Strike_G+1","Strike_G","Strike_G","Strike_G","Strike_G","Defend_G","Defend_G","Defend_G","Defend_G","Survivor","Neutralize","Bane+1","Poisoned Stab","Defend_G","Flying Knee","Outmaneuver","Footwork","Cloak And Dagger","Adrenaline+1","Flying Knee","Deadly Poison+1","Prepared+1","Envenom","Slice+1","Deadly Poison","Caltrops","Blade Dance","Backflip","Sucker Punch","Noxious Fumes+1","Poisoned Stab","Outmaneuver+1","Escape Plan","Envenom","Blade Dance+1","Poisoned Stab","Infinite Blades+1","Backflip+1","Accuracy+1","Blade Dance+1","Expertise","Madness","Madness","Catalyst","After Image","Prepared+1","Noxious Fumes","Prepared","Noxious Fumes+1"],"relics":["Ring of the Serpent","REME_ComplimentaryCards","ice","NeowsBlessing","FossilizedHelix","Lantern","Odd Mushroom","Whetstone","REME_PuzzleBoxRelic","Red Mask","Tough Bandages","MealTicket","Philosopher\u0027s Stone","Juzu Bracelet","REME_LimitBreaker","Pear","Frozen Eye","Snake Skull"],"acts_visited":["Exordium","TheCity","TheBeyond","TheEnding"],"potions_floor_usage":[16,55,55],"damage_taken":[{"damage":0,"enemies":"ats:Genji","floor":1,"turns":1},{"damage":0,"enemies":"Cultist","floor":2,"turns":1},{"damage":0,"enemies":"Jaw Worm","floor":4,"turns":1},{"damage":43,"enemies":"3 Sentries","floor":6,"turns":11},{"damage":3,"enemies":"2 Fungi Beasts","floor":7,"turns":4},{"damage":40,"enemies":"Lagavulin","floor":8,"turns":9},{"damage":2,"enemies":"Exordium Thugs","floor":10,"turns":4},{"damage":0,"enemies":"The Mushroom Lair","floor":12,"turns":3},{"damage":9,"enemies":"Gremlin Gang","floor":14,"turns":3},{"damage":26,"enemies":"Hexaghost","floor":16,"turns":7},{"damage":3,"enemies":"Chosen","floor":18,"turns":3},{"damage":10,"enemies":"2 Thieves","floor":19,"turns":3},{"damage":20,"enemies":"Centurion and Healer","floor":22,"turns":3},{"damage":33,"enemies":"Gremlin Leader","floor":23,"turns":4},{"damage":13,"enemies":"Snake Plant","floor":24,"turns":3},{"damage":0,"enemies":"3 Cultists","floor":25,"turns":5},{"damage":0,"enemies":"Masked Bandits","floor":27,"turns":4},{"damage":17,"enemies":"REME_1_Revenger","floor":29,"turns":4},{"damage":0,"enemies":"Centurion and Healer","floor":31,"turns":3},{"damage":7,"enemies":"Automaton","floor":33,"turns":5},{"damage":0,"enemies":"Orb Walker","floor":35,"turns":2},{"damage":6,"enemies":"3 Darklings","floor":37,"turns":2},{"damage":0,"enemies":"Maw","floor":38,"turns":3},{"damage":7,"enemies":"4 Shapes","floor":39,"turns":3},{"damage":0,"enemies":"Giant Head","floor":40,"turns":4},{"damage":18,"enemies":"Nemesis","floor":44,"turns":3},{"damage":0,"enemies":"Jaw Worm Horde","floor":47,"turns":2},{"damage":22,"enemies":"Donu and Deca","floor":50,"turns":4},{"damage":0,"enemies":"Shield and Spear","floor":54,"turns":4},{"damage":48,"enemies":"The Heart","floor":55,"turns":5}],"seed_played":"-5009696252867367784","potions_obtained":[{"floor":4,"key":"SmokeBomb"},{"floor":7,"key":"LiquidBronze"},{"floor":8,"key":"Poison Potion"},{"floor":18,"key":"ColorlessPotion"}],"is_trial":false,"path_per_floor":["M","M","?","M","$","E","M","E","T","M","R","?","R","M","R","B",null,"M","M","?","$","M","E","M","M","T","?","$","E","?","M","R","B",null,"M","$","M","M","M","E","R","?","T","E","?","R","M","$","R","B",null,"R","$","E","B",null],"character_chosen":"THE_SILENT","items_purchased":["Outmaneuver","Footwork","Caltrops","Blade Dance","Poisoned Stab","Tough Bandages","Poisoned Stab","Infinite Blades","Catalyst","After Image","Frozen Eye","Prepared","Noxious Fumes","Prepared"],"campfire_rested":0,"item_purchase_floors":[5,5,21,21,28,28,36,36,48,48,48,48,53,53],"current_hp_per_floor":[70,70,70,70,70,27,24,52,52,50,50,50,50,41,41,15,90,87,77,77,77,57,24,11,11,11,11,11,114,114,114,114,107,129,129,130,124,129,125,125,125,125,125,117,97,97,97,112,112,90,163,163,163,163,115],"gold":120,"neow_bonus":"THREE_ENEMY_KILL","is_daily":false,"chose_seed":false,"campfire_upgraded":7,"win_rate":0.0,"timestamp":1613831499,"path_taken":["M","M","?","?","?","E","M","E","T","M","R","?","R","?","R","BOSS","M","M","?","$","M","E","?","?","T","?","?","E","?","?","R","BOSS","M","?","M","?","M","E","R","?","T","E","?","R","M","$","R","BOSS","R","$","E","BOSS"],"items_purchased_type":["Card","Card","Card","Card","Card","Relic","Card","Card","Card","Card","Relic","Card","Card","Card"],"build_version":"2020-12-22","purchased_purges":1,"victory":true,"max_hp_per_floor":[70,70,70,70,70,70,70,71,71,74,74,76,76,78,78,90,90,92,96,96,96,99,108,114,118,118,120,120,123,123,124,124,129,129,130,130,133,134,145,146,146,146,146,157,157,157,157,157,157,163,163,163,163,167,240],"card_choices":[{"not_picked":["Deflect","Dagger Spray"],"picked":"Bane","floor":1},{"not_picked":["Flying Knee","Deflect"],"picked":"Poisoned Stab","floor":2},{"not_picked":["Dagger Spray","Slice"],"picked":"Flying Knee","floor":4},{"not_picked":["Eviscerate","Slice"],"picked":"Cloak And Dagger","floor":6},{"not_picked":["Tactician","Poisoned Stab"],"picked":"Adrenaline","floor":7},{"not_picked":["Riddle With Holes","Tactician"],"picked":"Flying Knee","floor":8},{"not_picked":["Dodge and Roll","Terror"],"picked":"Deadly Poison","floor":10},{"not_picked":["Flying Knee","Backflip"],"picked":"Prepared","floor":14},{"not_picked":["Phantasmal Killer","Glass Knife"],"picked":"Envenom","floor":16},{"not_picked":["All Out Attack","Cloak And Dagger"],"picked":"Slice+1","floor":18},{"not_picked":["Deflect","Dagger Throw"],"picked":"Deadly Poison","floor":19},{"not_picked":["Deflect","Cloak And Dagger","PiercingWail"],"picked":"SKIP","floor":22},{"not_picked":["Flechettes","Terror"],"picked":"Backflip","floor":23},{"not_picked":["Expertise+1","Tactician"],"picked":"Sucker Punch","floor":24},{"not_picked":["Outmaneuver","Backstab+1"],"picked":"Noxious Fumes","floor":25},{"not_picked":["Slice","Flying Knee+1"],"picked":"Outmaneuver+1","floor":29},{"not_picked":["Poisoned Stab","Deflect+1"],"picked":"Escape Plan","floor":31},{"not_picked":["REME_CopyPotion","Die Die Die"],"picked":"Envenom","floor":33},{"not_picked":["Cloak And Dagger+1","Poisoned Stab+1"],"picked":"Blade Dance+1","floor":35},{"not_picked":["Flying Knee","Blur+1"],"picked":"Backflip+1","floor":37},{"not_picked":["Prepared","Malaise"],"picked":"Accuracy+1","floor":38},{"not_picked":["Outmaneuver+1","Eviscerate","Endless Agony+1"],"picked":"SKIP","floor":39},{"not_picked":["Deadly Poison","Backflip"],"picked":"Blade Dance","floor":40},{"not_picked":["Leg Sweep","Sucker Punch"],"picked":"Expertise","floor":44},{"not_picked":["Blur","Flying Knee","Heel Hook+1"],"picked":"SKIP","floor":47},{"not_picked":["Well Laid Plans","Calculated Gamble"],"picked":"Noxious Fumes+1","floor":54}],"player_experience":24138,"relics_obtained":[{"floor":6,"key":"FossilizedHelix"},{"floor":8,"key":"Lantern"},{"floor":12,"key":"Odd Mushroom"},{"floor":23,"key":"Whetstone"},{"floor":26,"key":"REME_PuzzleBoxRelic"},{"floor":27,"key":"Red Mask"},{"floor":29,"key":"MealTicket"},{"floor":40,"key":"Juzu Bracelet"},{"floor":43,"key":"REME_LimitBreaker"},{"floor":44,"key":"Pear"},{"floor":54,"key":"Snake Skull"}],"event_choices":[{"cards_removed":["Defend_G"],"damage_healed":0,"gold_gain":0,"player_choice":"Offered Basic","damage_taken":0,"max_hp_gain":0,"max_hp_loss":0,"event_name":"Bonfire Elementals","floor":3,"gold_loss":0},{"damage_healed":0,"gold_gain":0,"player_choice":"Fought Mushrooms","damage_taken":0,"max_hp_gain":0,"max_hp_loss":0,"event_name":"Mushrooms","floor":12,"gold_loss":0},{"damage_healed":0,"gold_gain":0,"player_choice":"Got Potions","damage_taken":0,"max_hp_gain":0,"max_hp_loss":0,"event_name":"Lab","floor":20,"gold_loss":0},{"damage_healed":0,"gold_gain":0,"player_choice":"Fought Bandits","damage_taken":0,"max_hp_gain":0,"max_hp_loss":0,"event_name":"Masked Bandits","floor":27,"gold_loss":0},{"damage_healed":0,"gold_gain":0,"player_choice":"Bought 0 Potions","damage_taken":0,"max_hp_gain":0,"max_hp_loss":0,"event_name":"The Woman in Blue","floor":30,"gold_loss":0},{"damage_healed":0,"gold_gain":275,"player_choice":"Desecrate","damage_taken":0,"max_hp_gain":0,"max_hp_loss":0,"event_name":"Golden Shrine","floor":42,"gold_loss":0,"cards_obtained":["Regret"]},{"damage_healed":0,"gold_gain":0,"player_choice":"Embrace Madness","damage_taken":20,"max_hp_gain":0,"max_hp_loss":0,"event_name":"Winding Halls","floor":45,"gold_loss":0,"cards_obtained":["Madness","Madness"]}],"is_beta":false,"boss_relics":[{"not_picked":["Black Star","Runic Dome"],"picked":"Ring of the Serpent"},{"not_picked":["REME_DuelDisc","HoveringKite"],"picked":"Philosopher\u0027s Stone"}],"items_purged_floors":[48],"is_endless":false,"potions_floor_spawned":[4,7,8,12,18,19,29,31,35,37,44,47],"ascension_level":0}}