{"host":"bakf0s4odzu8z5xt","time":1613849823,"event":{"mods":["2.2 Compatiblity","BaseMod","Downfall","Friendly Minions","Minty Spire (QoL Compilation)","StSLib"],"gold_per_floor":[99,117,131,142,153,178,205,236,236,248,283,300,300,300,313,313,313,313],"floor_reached":16,"language":"ENG","playtime":957,"items_purged":[],"score":143,"play_id":"9286bf0c-9c9c-420f-afdc-4a45b968f972","local_time":"20210220133703","is_ascension_mode":true,"campfire_choices":[{"data":"bronze:Goto","floor":1,"key":"SMITH"},{"floor":9,"key":"REST"},{"data":"bronze:CloningBeam","floor":13,"key":"SMITH"}],"circlet_count":0,"master_deck":["bronze:Strike","bronze:Strike+1","bronze:Strike","bronze:Strike+1","bronze:Defend","bronze:Defend","bronze:Defend","bronze:Defend","bronze:Replicate","bronze:Goto+1","bronze:CloningBeam+1","bronze:DelayedSlice","bronze:FollowUp","bronze:BugBarrage","bronze:ForceShield","bronze:Break","bronze:FineTuning"],"relics":["bronze:BronzeCore","Whetstone","Smiling Mask","Tiny Chest","Art of War","Mummified Hand","HornCleat"],"acts_visited":["Exordium"],"potions_floor_usage":[5,12,15,16],"damage_taken":[{"damage":1,"enemies":"Cultist","floor":2,"turns":4},{"damage":2,"enemies":"Jaw Worm","floor":3,"turns":3},{"damage":2,"enemies":"2 Louse","floor":4,"turns":2},{"damage":0,"enemies":"Gremlin Gang","floor":5,"turns":2},{"damage":20,"enemies":"3 Sentries","floor":6,"turns":6},{"damage":14,"enemies":"Lagavulin","floor":8,"turns":5},{"damage":0,"enemies":"2 Fungi Beasts","floor":10,"turns":3},{"damage":11,"enemies":"3 Sentries","floor":11,"turns":8},{"damage":0,"enemies":"3 Louse","floor":12,"turns":1},{"damage":0,"enemies":"Lots of Slimes","floor":15,"turns":1},{"damage":41,"enemies":"WA_ARCHETYPE_RETAIN","floor":16,"turns":7}],"seed_played":"1743695210148224584","potions_obtained":[{"floor":2,"key":"Explosive Potion"},{"floor":10,"key":"FearPotion"},{"floor":11,"key":"GamblersBrew"},{"floor":12,"key":"Energy Potion"}],"is_trial":false,"path_per_floor":["R","M","M","M","M","E","T","E","R","M","E","M","R","T","M","B"],"character_chosen":"THE_AUTOMATON","items_purchased":[],"campfire_rested":1,"item_purchase_floors":[],"current_hp_per_floor":[70,69,67,65,65,45,45,31,52,52,41,41,41,41,41,0,0,0],"gold":313,"neow_bonus":"RANDOM_COMMON_RELIC","is_daily":false,"chose_seed":false,"campfire_upgraded":2,"win_rate":0.0,"timestamp":1613849823,"path_taken":["R","M","M","?","?","E","T","E","R","M","E","M","R","?","M","BOSS"],"items_purchased_type":[],"build_version":"2020-12-22","purchased_purges":0,"victory":false,"max_hp_per_floor":[70,70,70,70,70,70,70,70,70,70,70,70,70,70,70,70,70,70],"card_choices":[{"not_picked":["bronze:ClassDefault","bronze:Repair"],"picked":"bronze:CloningBeam","floor":2},{"not_picked":["bronze:Branch","bronze:DigitalCarnage"],"picked":"bronze:DelayedSlice","floor":3},{"not_picked":["bronze:CloningBeam","bronze:MaxOutput","bronze:WildBeam"],"picked":"SKIP","floor":4},{"not_picked":["bronze:BugBarrage","bronze:Overload","bronze:Iterate"],"picked":"SKIP","floor":5},{"not_picked":["bronze:Turbo","bronze:ChildClass"],"picked":"bronze:FollowUp","floor":6},{"not_picked":["bronze:Constructor","bronze:WhirlingStrike"],"picked":"bronze:BugBarrage","floor":8},{"not_picked":["bronze:Constructor","bronze:Deprecate"],"picked":"bronze:ForceShield","floor":10},{"not_picked":["bronze:Fortify","bronze:NullPointer"],"picked":"bronze:Break","floor":11},{"not_picked":["bronze:OilSpill","bronze:Invalidate"],"picked":"bronze:FineTuning","floor":12},{"not_picked":["bronze:Philosophize","bronze:ForLoop","bronze:NullPointer"],"picked":"SKIP","floor":15}],"player_experience":2235009,"relics_obtained":[{"floor":6,"key":"Smiling Mask"},{"floor":7,"key":"Tiny Chest"},{"floor":8,"key":"Art of War"},{"floor":11,"key":"Mummified Hand"},{"floor":14,"key":"HornCleat"}],"event_choices":[],"is_beta":false,"boss_relics":[],"items_purged_floors":[],"is_endless":false,"potions_floor_spawned":[2,10,11,12],"killed_by":"WA_ARCHETYPE_RETAIN","ascension_level":3}}