{"host":"za9ilm1uiwmpmin1","time":1613801141,"event":{"mods":["AchievementEnabler","Act Like it!","BaseMod","Dota2Spire","Downfall","Friendly Minions","Gensokyo","KomeijiMod","Lobotomy","LobotomyExtend","Marisa£®ÏF”Í°°ƒß¿Ì…≥£©","Minty Spire (QoL Compilation)","MostiFishMod","StSLib","TestMod","Waifu the Spire"],"gold_per_floor":[109,122,122,122,138,169,181,181,230,262,276,304,304,120,120,194,194,209,809,809,809,353,353,385,399,473,473,503,335,345,376,376,753,753,773,773,673,690,705,730,730,755,755,755,789,363,379,414,414,414,414,414,414,113,148,148],"floor_reached":57,"language":"ZHS","playtime":2252,"items_purged":["Injury","champ:Strike","Gensokyo:AllTheWorldsEvil"],"score":2868,"play_id":"3ae72876-ea4b-4158-9ff6-eb36f3ece4f8","local_time":"20210220140541","is_ascension_mode":true,"campfire_choices":[{"data":"champ:GladiatorForm","floor":8.0,"key":"SMITH"},{"data":"champ:Strike","floor":15.0,"key":"PURGE"},{"data":"1","floor":23,"key":"LIFT"},{"data":"2","floor":27,"key":"LIFT"},{"data":"3","floor":32,"key":"LIFT"},{"floor":41,"key":"RECALL"},{"data":"champ:ShieldThrow","floor":49,"key":"SMITH"},{"data":"champ:EnchantCrown","floor":53,"key":"SMITH"}],"circlet_count":0,"master_deck":["champ:Strike","champ:Defend","champ:Defend","champ:Defend","champ:Defend","champ:Taunt+1","champ:GladiatorForm+1","champ:Duel","champ:HoldFirm","champ:RageSigil+1","champ:ShieldThrow+1","champ:EnchantCrown+1"],"relics":["DaveBox","testmod-TestBox","testmod-AssaultLearning","BirthdayGift-Icosahedron","Coffee Dripper","SynthV:TestCard","LetterFromLob","Gensokyo:Mercy","Kunai","PreservedInsect","Peace Pipe","testmod-CardMagician","HoshigumaDish","testmod-Laevatain","Girya","Gensokyo:SongOfSouls","Dota2Spire:MonkeyKingBar","hexamod:BolsterEngine","testmod-IntensifyImprint","Dota2Spire:Vanguard","Question Card","Dota2Spire:AghanimScepter","TheAbacus","Dota2Spire:UrnOfShadows","JellyFishMachine","testmod-Muramasa","Dota2Spire:BlackKingBar","Dota2Spire:Dagon","Bird Faced Urn","Medical Kit","MealTicket","Bag of Preparation","Dota2Spire:LotusOrb"],"acts_visited":["Exordium","Gensokyo:Gensokyo","Gensokyo:Gensokyoer","TheEnding"],"potions_floor_usage":[33,56,56],"damage_taken":[{"damage":0.0,"enemies":"Gensokyo:2_Kodama","floor":1.0,"turns":2.0},{"damage":0.0,"enemies":"Gensokyo:3_Fairies","floor":2.0,"turns":2.0},{"damage":0.0,"enemies":"Gensokyo:Gryphon","floor":5.0,"turns":2.0},{"damage":0.0,"enemies":"Gensokyo:Cirno","floor":6.0,"turns":5.0},{"damage":0.0,"enemies":"Gensokyo:CorruptedTreant","floor":7.0,"turns":3.0},{"damage":8.0,"enemies":"Gensokyo:Aya","floor":10.0,"turns":3.0},{"damage":0.0,"enemies":"Gensokyo:VengefulSpirit","floor":11.0,"turns":2.0},{"damage":0.0,"enemies":"Gensokyo:Mamizou","floor":12.0,"turns":4.0},{"damage":25.0,"enemies":"Gensokyo:Yukari","floor":16.0,"turns":6.0},{"damage":30,"enemies":"Gensokyo:CosmicMonolith","floor":18,"turns":5},{"damage":0,"enemies":"Gensokyo:CosmicMonolith","floor":19,"turns":5},{"damage":0,"enemies":"Gensokyo:Reisen","floor":24,"turns":3},{"damage":0,"enemies":"Gensokyo:2_Gloops","floor":25,"turns":2},{"damage":0,"enemies":"Gensokyo:Tenshi","floor":28,"turns":2},{"damage":5,"enemies":"Gensokyo:Swordslinger","floor":30,"turns":2},{"damage":5,"enemies":"Gensokyo:Koishi","floor":31,"turns":3},{"damage":20,"enemies":"Gensokyo:Eternal_Rivals","floor":33,"turns":5},{"damage":0,"enemies":"Gensokyo:AncientGuardian","floor":35,"turns":2},{"damage":0,"enemies":"Gensokyo:3_Boulders","floor":38,"turns":2},{"damage":0,"enemies":"Gensokyo:SeedOfUnknown","floor":39,"turns":2},{"damage":25,"enemies":"Gensokyo:Kasen","floor":40,"turns":2},{"damage":34,"enemies":"Gensokyo:Marisa","floor":42,"turns":2},{"damage":0,"enemies":"Gensokyo:Doremy","floor":45,"turns":2},{"damage":27,"enemies":"Gensokyo:Rafflesia","floor":47,"turns":2},{"damage":0,"enemies":"Gensokyo:Marisa","floor":48,"turns":2},{"damage":0,"enemies":"Gensokyo:Shinki","floor":50,"turns":4},{"damage":0,"enemies":"Shield and Spear","floor":55,"turns":3},{"damage":0,"enemies":"The Heart","floor":56,"turns":2}],"seed_played":"8947879438520680385","potions_obtained":[{"floor":19,"key":"AttackPotion"},{"floor":24,"key":"Fire Potion"},{"floor":25,"key":"SkillPotion"},{"floor":28,"key":"testmod-TestPotion"},{"floor":35,"key":"FearPotion"},{"floor":42,"key":"DuplicationPotion"}],"is_trial":false,"path_per_floor":["M","M","?","?","M","E","M","R","T","E","M","E","?","COS","R","B",null,"M","?","?","?","$","R","E","M","T","R","E","COS","M","E","R","B",null,"M","?","$","M","M","E","R","E","T","?","E","$","M","E","R","B",null,null,"R","$","E","B",null],"character_chosen":"THE_CHAMP","items_purchased":["Dota2Spire:MonkeyKingBar","hexamod:BolsterEngine","Medical Kit","champ:EnchantCrown","Bag of Preparation","Dota2Spire:LotusOrb"],"campfire_rested":0,"item_purchase_floors":[22,22,46,46,54,54],"current_hp_per_floor":[81,81,81,81,81,81,81,81,81,74,75,81,46,46,46,47,73,74,75,75,75,75,75,76,77,77,77,78,78,81,81,81,81,81,81,81,81,81,81,81,81,68,68,68,69,69,81,81,81,81,81,81,81,81,81,81],"gold":148,"neow_bonus":"BOSS_RELIC","is_daily":false,"chose_seed":false,"campfire_upgraded":3,"win_rate":0.0,"timestamp":1613801141,"path_taken":["M","M","?","?","?","E","M","R","T","E","M","E","?","COS","R","BOSS","M","?","?","?","?","R","E","?","T","R","E","COS","M","E","R","BOSS","M","?","$","M","M","E","R","E","T","?","E","$","M","E","R","BOSS","R","$","E","BOSS"],"items_purchased_type":["Relic","Relic","Relic","Card","Relic","Relic"],"build_version":"2020-12-22","purchased_purges":3,"victory":true,"max_hp_per_floor":[81,81,81,81,81,81,81,81,81,81,81,81,81,81,81,81,81,81,81,81,81,81,81,81,81,81,81,81,81,81,81,81,81,81,81,81,81,81,81,81,81,81,81,81,81,81,81,81,81,81,81,81,81,81,81,81],"card_choices":[{"not_picked":["champ:Shatter","champ:FlashCut","champ:BladeFlurry"],"picked":"SKIP","floor":1.0},{"not_picked":["champ:ArenaPreparation","champ:RecklessLeap","champ:PerfectedStrike","champ:ShieldSigil","champ:BerserkersShout"],"picked":"SKIP","floor":2.0},{"not_picked":["champ:TornadoPunch","champ:EnGarde","champ:ShieldSigil","champ:Parry","champ:PerfectedStrike"],"picked":"SKIP","floor":5.0},{"not_picked":["champ:HeartStrike","champ:IgnorePain","champ:PerfectedStrike","champ:AdrenalArmor","champ:Circumvent"],"picked":"SKIP","floor":6.0},{"not_picked":["champ:AdrenalArmor","champ:TornadoPunch","champ:FalseCounter","champ:Haymaker"],"picked":"champ:GladiatorForm","floor":7.0},{"not_picked":["champ:DefensiveShout","champ:PerfectedStrike","champ:TornadoPunch","champ:ViciousMockery","champ:RecklessLeap"],"picked":"SKIP","floor":10.0},{"not_picked":["champ:GutPunch","champ:IronFortress","champ:DefensiveShout","champ:PreemptiveStrike","champ:CrookedStrike"],"picked":"SKIP","floor":11.0},{"not_picked":["champ:GladiatorForm","champ:FalseCounter","champ:Circumvent","champ:FancyFootwork"],"picked":"champ:Duel","floor":12.0},{"not_picked":["champ:Backstep","champ:PreciseThrust+1","champ:FlashCut","champ:BladeFlurry","champ:FalseCounter"],"picked":"SKIP","floor":18},{"not_picked":["champ:Duel","champ:DancingMaster","champ:BladeFlurry","champ:PerfectedStrike","champ:FlashCut"],"picked":"SKIP","floor":24},{"not_picked":["champ:TornadoPunch","champ:Endure+1","champ:Duel+1","champ:HeartStrike","champ:StanceDance"],"picked":"SKIP","floor":25},{"not_picked":["champ:BerserkerStyle","champ:BladeFlurry","champ:ViciousMockery+1","champ:StrikeOfGenius","champ:BerserkersShout","champ:Shatter"],"picked":"SKIP","floor":28},{"not_picked":["champ:Backstep","champ:Improvising","champ:DefensiveShout","champ:PreciseThrust","champ:FlashCut+1","champ:CrownThrow"],"picked":"SKIP","floor":30},{"not_picked":["champ:BringItOn","champ:BladeFlurry","champ:RisingSlash","champ:PerfectedStrike","champ:DancingMaster"],"picked":"champ:HoldFirm","floor":31},{"not_picked":["champ:EnGarde","champ:DefensiveStyle","champ:FanOfKnives","champ:SwordSigil+1","champ:FocusedBerserking","champ:FlashCut"],"picked":"SKIP","floor":35},{"not_picked":["champ:TornadoPunch","champ:BringItOn","champ:PreciseThrust","champ:FalseCounter","champ:FanOfKnives","champ:Shatter"],"picked":"SKIP","floor":38},{"not_picked":["champ:StanceDance","champ:ShieldSigil","champ:Shatter+1","champ:Haymaker","champ:ArenaPreparation"],"picked":"champ:RageSigil+1","floor":39},{"not_picked":["champ:Shatter","champ:GutPunch+1","champ:BladeFlurry","champ:FalseCounter","champ:DefensiveShout","champ:MurderStrike"],"picked":"SKIP","floor":40},{"not_picked":["champ:AdrenalArmor","champ:SwordSigil","champ:Shatter+1","champ:PreciseThrust","champ:BringItOn"],"picked":"champ:ShieldThrow","floor":42},{"not_picked":["champ:Haymaker","champ:BringItOn","champ:ViciousMockery","champ:Circumvent","champ:EnGarde","champ:Shatter+1"],"picked":"SKIP","floor":45},{"not_picked":["champ:FlashCut","champ:HeartStrike","champ:Shatter+1","champ:Haymaker","champ:DeathBlow","champ:EnchantSword"],"picked":"SKIP","floor":47},{"not_picked":["champ:EndlessRage","champ:Haymaker","champ:Encircle+1","champ:FlashCut","champ:CrownThrow","champ:BringItOn"],"picked":"SKIP","floor":48},{"not_picked":["champ:EnGarde","champ:CrownThrow","champ:EndlessRage+1","champ:FlashCut","champ:BerserkersShout+1","champ:Endure"],"picked":"SKIP","floor":55}],"player_experience":1295871,"relics_obtained":[{"floor":1.0,"key":"SynthV:TestCard"},{"floor":1.0,"key":"LetterFromLob"},{"floor":6.0,"key":"Kunai"},{"floor":10.0,"key":"PreservedInsect"},{"floor":12.0,"key":"Peace Pipe"},{"floor":19,"key":"testmod-Laevatain"},{"floor":19,"key":"Girya"},{"floor":24,"key":"Dota2Spire:Vanguard"},{"floor":26,"key":"Question Card"},{"floor":28,"key":"Dota2Spire:AghanimScepter"},{"floor":31,"key":"Dota2Spire:UrnOfShadows"},{"floor":40,"key":"testmod-Muramasa"},{"floor":42,"key":"Dota2Spire:BlackKingBar"},{"floor":43,"key":"Dota2Spire:Dagon"},{"floor":45,"key":"Bird Faced Urn"},{"floor":48,"key":"MealTicket"}],"event_choices":[],"is_beta":false,"boss_relics":[{"not_picked":["ExusiaiGun","FixedStarFall"],"picked":"testmod-CardMagician"},{"not_picked":["Philosopher\u0027s Stone","SacredBark"],"picked":"JellyFishMachine"}],"items_purged_floors":[22,37,46],"is_endless":false,"potions_floor_spawned":[10,11,16,19,24,25,28,35,40,42,48],"ascension_level":14}}