{"host":"wshey5htrz8rni6u","time":1613826401,"event":{"mods":["2.2 Compatiblity","BaseMod","Block Reminder","Colored Map","Colored Powertips","Current Relic Mod","Curses Come First","Dark Map","Key Reminder","Keyboard Shortcuts","Minty Spire (QoL Compilation)","Potion Indicator Mod","Quick Restart","Random Character Button","Relic Sorter","Relic Stats","StSLib","SuperFastMode","Unceasing Turn Reminder","UnlockEverythingMod","Weighted Paths"],"gold_per_floor":[112,187,187,187,197,197,227,286,367,367,397,411,439,454,454,550,550,564,564,587,353,353,378,392,392,392,425,441,441,461,492,492,595,595,607,618,226,245,295,295,327,327,351,382,228,246,246,346,346,346,346,346,51,84,84],"floor_reached":56,"language":"ENG","playtime":3980,"items_purged":["Riddle With Holes+1"],"score":1791,"play_id":"442cf53c-e15a-41ae-a973-bcec0e05d3fc","local_time":"20210220050641","is_ascension_mode":true,"campfire_choices":[{"data":"Neutralize","floor":6,"key":"SMITH"},{"floor":10,"key":"REST"},{"data":"Well Laid Plans","floor":15,"key":"SMITH"},{"data":"Burst","floor":25,"key":"SMITH"},{"floor":32,"key":"REST"},{"floor":40,"key":"REST"},{"floor":42,"key":"REST"},{"floor":49,"key":"RECALL"},{"data":"Tools of the Trade","floor":52,"key":"SMITH"}],"circlet_count":0,"master_deck":["Defend_G","Defend_G","Defend_G","Defend_G","Survivor","Neutralize+1","Accuracy+1","Leg Sweep+1","Deadly Poison+1","PiercingWail","Corpse Explosion","Well Laid Plans+1","Blade Dance","Adrenaline","Blade Dance","Corpse Explosion","Burst+1","Necronomicurse","Infinite Blades","Blade Dance","Ghostly","Ghostly","Ghostly","Ghostly","Ghostly","Tools of the Trade+1","Leg Sweep","Tools of the Trade+1","Reflex","Underhanded Strike","Escape Plan","Wraith Form v2+1","Backflip","Accuracy+1","Tactician","Leg Sweep+1","PiercingWail+1","Tactician","Deflect","Footwork+1","Cloak And Dagger","Predator","Noxious Fumes+1","Accuracy+1","Night Terror","Night Terror","Blade Dance"],"relics":["Astrolabe","Tiny Chest","Mercury Hourglass","Bottled Tornado","Singing Bowl","Akabeko","Sozu","Necronomicon","Snake Skull","Juzu Bracelet","Frozen Egg 2","PreservedInsect","Bag of Marbles","Empty Cage","Kunai","Orrery","Du-Vu Doll","MealTicket","Art of War","Bronze Scales","Bottled Flame","DollysMirror","StrikeDummy"],"acts_visited":["Exordium","TheCity","TheBeyond","TheEnding"],"potions_floor_usage":[55,55,55],"damage_taken":[{"damage":0,"enemies":"2 Louse","floor":1,"turns":4},{"damage":0,"enemies":"Jaw Worm","floor":5,"turns":4},{"damage":1,"enemies":"Lagavulin","floor":7,"turns":8},{"damage":14,"enemies":"Gremlin Nob","floor":8,"turns":5},{"damage":8,"enemies":"3 Sentries","floor":11,"turns":4},{"damage":0,"enemies":"Small Slimes","floor":12,"turns":3},{"damage":1,"enemies":"Lagavulin","floor":13,"turns":7},{"damage":0,"enemies":"Exordium Wildlife","floor":14,"turns":2},{"damage":5,"enemies":"The Guardian","floor":16,"turns":7},{"damage":0,"enemies":"Spheric Guardian","floor":18,"turns":4},{"damage":0,"enemies":"Slavers","floor":23,"turns":4},{"damage":0,"enemies":"3 Byrds","floor":24,"turns":1},{"damage":3,"enemies":"Gremlin Leader","floor":27,"turns":5},{"damage":3,"enemies":"Snake Plant","floor":28,"turns":4},{"damage":0,"enemies":"Centurion and Healer","floor":30,"turns":4},{"damage":14,"enemies":"Book of Stabbing","floor":31,"turns":5},{"damage":2,"enemies":"Champ","floor":33,"turns":9},{"damage":0,"enemies":"Orb Walker","floor":35,"turns":4},{"damage":2,"enemies":"3 Shapes","floor":36,"turns":3},{"damage":24,"enemies":"3 Darklings","floor":38,"turns":3},{"damage":0,"enemies":"Mind Bloom Boss Battle","floor":39,"turns":5},{"damage":4,"enemies":"Reptomancer","floor":41,"turns":4},{"damage":0,"enemies":"Nemesis","floor":44,"turns":5},{"damage":9,"enemies":"Transient","floor":46,"turns":5},{"damage":4,"enemies":"Donu and Deca","floor":50,"turns":6},{"damage":3,"enemies":"Shield and Spear","floor":54,"turns":4},{"damage":24,"enemies":"The Heart","floor":55,"turns":9}],"seed_played":"-6470148956543626345","potions_obtained":[{"floor":5,"key":"Dexterity Potion"},{"floor":8,"key":"ColorlessPotion"},{"floor":12,"key":"SteroidPotion"},{"floor":13,"key":"LiquidBronze"}],"is_trial":false,"path_per_floor":["M","?","?","?","M","R","E","?","T","R","E","M","E","M","R","B",null,"M","?","T","$","?","E","M","R","T","E","M","?","M","E","R","B",null,"M","M","$","M","?","R","E","R","T","E","$","M","T","?","R","B",null,"R","$","E","B",null],"character_chosen":"THE_SILENT","items_purchased":["Snake Skull","Infinite Blades","Blade Dance","Kunai","Orrery","Noxious Fumes+1","Night Terror","DollysMirror"],"campfire_rested":4,"item_purchase_floors":[21,21,21,37,37,45,53,53],"current_hp_per_floor":[63,52,52,45,45,45,44,30,30,51,43,43,42,42,42,37,62,64,48,48,48,36,36,36,36,36,33,30,30,30,16,26,24,33,33,31,31,7,7,17,15,26,26,26,38,29,29,29,29,25,35,35,38,35,11],"gold":84,"neow_bonus":"BOSS_RELIC","is_daily":false,"chose_seed":false,"campfire_upgraded":4,"win_rate":0.0,"timestamp":1613826401,"path_taken":["M","?","?","?","M","R","E","?","T","R","E","M","E","?","R","BOSS","M","?","?","$","?","E","M","R","T","E","M","?","M","E","R","BOSS","M","M","$","M","?","R","E","R","T","E","$","M","?","?","R","BOSS","R","$","E","BOSS"],"items_purchased_type":["Relic","Card","Card","Relic","Relic","Card","Card","Relic"],"build_version":"2020-12-13","purchased_purges":1,"victory":true,"max_hp_per_floor":[70,70,70,70,70,70,70,70,70,70,70,70,70,70,70,70,70,72,72,72,72,36,36,36,36,36,36,36,36,36,36,36,36,36,36,36,36,36,36,36,38,38,38,38,38,38,38,38,38,38,38,38,38,38,38],"relic_stats":{"Singing Bowl":4,"counters":[27,127],"Astrolabe":["Accuracy","Leg Sweep","Deadly Poison"],"Snake Skull":[48],"PreservedInsect":232,"Juzu Bracelet":1,"Mercury Hourglass":[379],"Sozu":7,"Bronze Scales":[192],"Tiny Chest":2,"MealTicket":15,"Necronomicon":[19],"Art of War":[9],"Kunai":[24],"obtain_stats":[{"Singing Bowl":11,"Snake Skull":21,"Juzu Bracelet":23,"Bottled Tornado":9,"Empty Cage":34,"Sozu":17,"DollysMirror":53,"Tiny Chest":7,"MealTicket":41,"Necronomicon":19,"Kunai":37,"Ring of the Snake":0,"Astrolabe":0,"PreservedInsect":27,"Frozen Egg 2":26,"Akabeko":13,"Mercury Hourglass":8,"keyreminder:keyreminder":20,"Du-Vu Doll":39,"Bottled Flame":47,"Bronze Scales":44,"Orrery":37,"Bag of Marbles":31,"Art of War":43,"StrikeDummy":54},{"Singing Bowl":5,"Snake Skull":10,"Juzu Bracelet":11,"Bottled Tornado":4,"Empty Cage":17,"Sozu":9,"DollysMirror":25,"Tiny Chest":3,"MealTicket":22,"Necronomicon":10,"Kunai":19,"Ring of the Snake":0,"Astrolabe":0,"PreservedInsect":13,"Frozen Egg 2":12,"Akabeko":7,"Mercury Hourglass":4,"keyreminder:keyreminder":10,"Du-Vu Doll":21,"Bottled Flame":24,"Bronze Scales":23,"Orrery":19,"Bag of Marbles":16,"Art of War":22,"StrikeDummy":26},{"Singing Bowl":25,"Snake Skull":48,"Juzu Bracelet":52,"Bottled Tornado":21,"Empty Cage":80,"Sozu":44,"DollysMirror":114,"Tiny Chest":16,"MealTicket":98,"Necronomicon":48,"Kunai":87,"Ring of the Snake":0,"Astrolabe":0,"PreservedInsect":58,"Frozen Egg 2":53,"Akabeko":35,"Mercury Hourglass":21,"keyreminder:keyreminder":48,"Du-Vu Doll":94,"Bottled Flame":108,"Bronze Scales":103,"Orrery":87,"Bag of Marbles":71,"Art of War":98,"StrikeDummy":118}]},"card_choices":[{"not_picked":["Expertise","Dodge and Roll"],"picked":"PiercingWail","floor":1},{"not_picked":["Terror","PiercingWail"],"picked":"Well Laid Plans","floor":5},{"not_picked":["Poisoned Stab","Sucker Punch"],"picked":"Bane","floor":7},{"not_picked":["Accuracy","Eviscerate"],"picked":"Blade Dance","floor":8},{"not_picked":["Acrobatics","Deadly Poison"],"picked":"Flying Knee","floor":11},{"not_picked":["Blade Dance","Prepared"],"picked":"Adrenaline","floor":12},{"not_picked":["PiercingWail","Leg Sweep"],"picked":"Blade Dance","floor":13},{"not_picked":["Dodge and Roll","Bouncing Flask"],"picked":"Corpse Explosion","floor":14},{"not_picked":["Envenom","Phantasmal Killer"],"picked":"Burst","floor":16},{"not_picked":["Underhanded Strike","Flying Knee","Distraction"],"picked":"Singing Bowl","floor":18},{"not_picked":["Malaise","Bane+1"],"picked":"Tools of the Trade","floor":23},{"not_picked":["Blade Dance","Underhanded Strike"],"picked":"Leg Sweep","floor":24},{"not_picked":["Flying Knee","Quick Slash"],"picked":"Riddle With Holes+1","floor":27},{"not_picked":["Masterful Stab","Setup"],"picked":"Tools of the Trade+1","floor":28},{"not_picked":["Tactician","Backstab"],"picked":"Underhanded Strike","floor":30},{"not_picked":["Concentrate","Deadly Poison"],"picked":"Escape Plan","floor":31},{"not_picked":["Die Die Die","Storm of Steel"],"picked":"Wraith Form v2+1","floor":33},{"not_picked":["Dodge and Roll","Slice"],"picked":"Backflip","floor":35},{"not_picked":["Poisoned Stab","Acrobatics"],"picked":"Accuracy+1","floor":36},{"not_picked":["Glass Knife","All Out Attack"],"picked":"Tactician","floor":37},{"not_picked":["Backstab","Masterful Stab+1"],"picked":"Leg Sweep+1","floor":37},{"not_picked":["Sucker Punch+1","Deflect"],"picked":"PiercingWail+1","floor":37},{"not_picked":["Prepared+1","Riddle With Holes+1"],"picked":"Tactician","floor":37},{"not_picked":["Bane","Flying Knee+1"],"picked":"Deflect","floor":37},{"not_picked":["Prepared+1","PiercingWail"],"picked":"Footwork+1","floor":38},{"not_picked":["Deflect+1","Setup"],"picked":"Cloak And Dagger","floor":39},{"not_picked":["Concentrate+1","Bullet Time","Deflect"],"picked":"Singing Bowl","floor":41},{"not_picked":["Flechettes+1","Venomology"],"picked":"Predator","floor":44},{"not_picked":["Dodge and Roll+1","Quick Slash+1"],"picked":"Accuracy+1","floor":46},{"not_picked":["Sucker Punch+1","Deadly Poison+1"],"picked":"Blade Dance","floor":54}],"player_experience":154690,"relics_obtained":[{"floor":7,"key":"Tiny Chest"},{"floor":8,"key":"Mercury Hourglass"},{"floor":9,"key":"Bottled Tornado"},{"floor":11,"key":"Singing Bowl"},{"floor":13,"key":"Akabeko"},{"floor":19,"key":"Necronomicon"},{"floor":23,"key":"Juzu Bracelet"},{"floor":26,"key":"Frozen Egg 2"},{"floor":27,"key":"PreservedInsect"},{"floor":31,"key":"Bag of Marbles"},{"floor":39,"key":"Du-Vu Doll"},{"floor":41,"key":"MealTicket"},{"floor":43,"key":"Art of War"},{"floor":44,"key":"Bronze Scales"},{"floor":47,"key":"Bottled Flame"},{"floor":54,"key":"StrikeDummy"}],"event_choices":[{"damage_healed":0,"gold_gain":75,"player_choice":"Gather Gold","damage_taken":11,"max_hp_gain":0,"max_hp_loss":0,"event_name":"World of Goop","floor":2,"gold_loss":0},{"damage_healed":0,"gold_gain":0,"cards_transformed":["Strike_G"],"player_choice":"Change","damage_taken":0,"max_hp_gain":0,"max_hp_loss":0,"event_name":"Living Wall","floor":3,"gold_loss":0,"cards_obtained":["Corpse Explosion"]},{"cards_removed":["Strike_G"],"damage_healed":0,"gold_gain":0,"player_choice":"Card Removal","damage_taken":7,"max_hp_gain":0,"max_hp_loss":0,"event_name":"Golden Wing","floor":4,"gold_loss":0},{"damage_healed":0,"gold_gain":0,"player_choice":"Searched \u00271\u0027 times","damage_taken":0,"max_hp_gain":0,"max_hp_loss":0,"event_name":"Dead Adventurer","floor":8,"gold_loss":0},{"damage_healed":0,"gold_gain":0,"player_choice":"Obtained Book","damage_taken":16,"max_hp_gain":0,"max_hp_loss":0,"event_name":"Cursed Tome","floor":19,"gold_loss":0},{"damage_healed":0,"gold_gain":0,"player_choice":"Became a Ghost","damage_taken":0,"max_hp_gain":0,"max_hp_loss":36,"event_name":"Ghosts","floor":22,"gold_loss":0,"cards_obtained":["Ghostly","Ghostly","Ghostly","Ghostly","Ghostly"]},{"damage_healed":0,"gold_gain":0,"cards_transformed":["Defend_G","Flying Knee"],"player_choice":"Became Test Subject","damage_taken":0,"max_hp_gain":0,"max_hp_loss":0,"event_name":"Drug Dealer","floor":29,"gold_loss":0,"cards_obtained":["Concentrate","Reflex"]},{"damage_healed":0,"gold_gain":0,"player_choice":"Fight","damage_taken":0,"max_hp_gain":0,"max_hp_loss":0,"event_name":"MindBloom","floor":39,"gold_loss":0},{"damage_healed":0,"gold_gain":100,"player_choice":"Pray","damage_taken":0,"max_hp_gain":0,"max_hp_loss":0,"event_name":"Golden Shrine","floor":48,"gold_loss":0}],"is_beta":false,"boss_relics":[{"not_picked":["Tiny House","HoveringKite"],"picked":"Sozu"},{"not_picked":["Runic Dome","SacredBark"],"picked":"Empty Cage"}],"items_purged_floors":[45],"is_endless":false,"potions_floor_spawned":[5,8,12,13,18,30,31,36,38,41,44],"ascension_level":8}}