{"host":"lklj3eidp7g5an38","time":1613828454,"event":{"mods":["AchievementEnabler","BaseMod","Colored Map","Colored Powertips","Curses Come First","DeckTracker","Highlight Path","Minty Spire (QoL Compilation)","Relic Stats","StSLib"],"gold_per_floor":[113,123,123,123,10,41,41,66,91,115,145,157,189,228,240,328,340,364,301,36,46,46,46,77,77,77,106,31,31,131,166,166,242,242,255,271,271,271,287,287,322,94,118,147,147,147,166,183,183,183,183],"floor_reached":50,"language":"ENG","playtime":5568,"items_purged":["Defend_B"],"score":1154,"play_id":"a799f3c1-24a2-4036-ba7a-1a9bc810161d","local_time":"20210220134054","is_ascension_mode":true,"campfire_choices":[{"floor":7,"key":"REST"},{"floor":12,"key":"REST"},{"floor":15,"key":"REST"},{"data":"Fission","floor":23,"key":"SMITH"},{"data":"Defragment","floor":25,"key":"SMITH"},{"data":"Capacitor","floor":29,"key":"SMITH"},{"data":"Hologram","floor":32,"key":"SMITH"},{"data":"Aggregate","floor":40,"key":"SMITH"},{"data":"Consume","floor":45,"key":"SMITH"},{"floor":46,"key":"RECALL"},{"data":"Coolheaded","floor":49,"key":"SMITH"}],"circlet_count":0,"master_deck":["AscendersBane","Strike_B+1","Strike_B","Defend_B+1","Zap+1","Dualcast","Static Discharge","Barrage+1","Cold Snap","Conserve Battery","Defragment+1","Coolheaded+1","Aggregate+1","Glacier","Multi-Cast","Doom and Gloom","Fission+1","Capacitor+1","Hologram+1","Glacier","All For One","White Noise","Self Repair","Force Field","Multi-Cast","Lockon+1","Thunder Strike+1","Self Repair+1","Static Discharge+1","Madness","Madness","Meteor Strike","Compile Driver","Consume+1"],"relics":["Cracked Core","Turnip","War Paint","Bottled Lightning","MawBank","WingedGreaves","Snecko Eye","OrangePellets","MealTicket","Ornamental Fan","Du-Vu Doll","Ginger","Bottled Tornado","Toy Ornithopter","Astrolabe","Letter Opener","Medical Kit","Anchor"],"acts_visited":["Exordium","TheCity","TheBeyond"],"potions_floor_usage":[6,8,27,50],"damage_taken":[{"damage":10,"enemies":"Small Slimes","floor":1,"turns":4},{"damage":1,"enemies":"Cultist","floor":2,"turns":3},{"damage":27,"enemies":"Gremlin Nob","floor":6,"turns":4},{"damage":12,"enemies":"3 Sentries","floor":8,"turns":5},{"damage":0,"enemies":"2 Louse","floor":10,"turns":3},{"damage":2,"enemies":"Blue Slaver","floor":11,"turns":3},{"damage":11,"enemies":"Large Slime","floor":13,"turns":6},{"damage":16,"enemies":"Gremlin Nob","floor":14,"turns":4},{"damage":1,"enemies":"Hexaghost","floor":16,"turns":13},{"damage":10,"enemies":"Chosen","floor":18,"turns":4},{"damage":4,"enemies":"2 Thieves","floor":21,"turns":4},{"damage":7,"enemies":"Slavers","floor":24,"turns":3},{"damage":28,"enemies":"Gremlin Leader","floor":27,"turns":7},{"damage":0,"enemies":"Colosseum Slavers","floor":30,"turns":4},{"damage":0,"enemies":"Colosseum Nobs","floor":30,"turns":3},{"damage":27,"enemies":"Book of Stabbing","floor":31,"turns":5},{"damage":1,"enemies":"Champ","floor":33,"turns":10},{"damage":0,"enemies":"3 Shapes","floor":35,"turns":4},{"damage":0,"enemies":"Orb Walker","floor":36,"turns":2},{"damage":12,"enemies":"3 Darklings","floor":39,"turns":5},{"damage":26,"enemies":"Reptomancer","floor":41,"turns":7},{"damage":0,"enemies":"Giant Head","floor":44,"turns":5},{"damage":31,"enemies":"Writhing Mass","floor":47,"turns":7},{"damage":0,"enemies":"Jaw Worm Horde","floor":48,"turns":3},{"damage":87,"enemies":"Time Eater","floor":50,"turns":6}],"seed_played":"6218169626283394387","potions_obtained":[{"floor":2,"key":"GamblersBrew"},{"floor":6,"key":"DistilledChaos"},{"floor":10,"key":"Explosive Potion"},{"floor":14,"key":"Dexterity Potion"},{"floor":27,"key":"FairyPotion"},{"floor":33,"key":"DuplicationPotion"}],"is_trial":false,"path_per_floor":["M","M","?","?","$","E","R","E","T","M","M","R","M","E","R","B",null,"M","?","$","M","?","R","E","R","T","E","$","R","?","E","R","B",null,"M","M","?","?","M","R","E","$","T","E","R","R","M","M","R","B"],"character_chosen":"DEFECT","items_purchased":["Cold Snap","Conserve Battery","OrangePellets","Capacitor","Hologram","Medical Kit","Compile Driver"],"campfire_rested":3,"item_purchase_floors":[5,5,20,20,20,42,42],"current_hp_per_floor":[54,53,32,32,32,5,26,14,14,14,12,33,22,6,27,26,60,50,50,50,46,46,46,39,39,39,11,26,26,26,28,28,34,62,71,71,58,58,63,63,47,62,62,71,71,71,57,71,71,0,0],"gold":183,"neow_bonus":"ONE_RARE_RELIC","is_daily":false,"chose_seed":false,"campfire_upgraded":7,"win_rate":0.0,"timestamp":1613828454,"path_taken":["M","M","?","?","$","E","R","E","T","?","M","R","M","E","R","BOSS","M","?","$","M","?","R","E","R","T","E","$","R","?","E","R","BOSS","M","M","?","?","?","R","E","$","T","E","R","R","M","M","R","BOSS"],"items_purchased_type":["Card","Card","Relic","Card","Card","Relic","Card"],"build_version":"2020-12-22","purchased_purges":1,"victory":false,"max_hp_per_floor":[71,71,71,71,71,71,71,71,71,71,71,71,71,71,71,71,71,71,71,71,71,71,71,71,71,71,71,71,71,71,71,71,71,71,71,71,71,71,71,71,71,71,71,71,71,71,71,71,71,71,71],"relic_stats":{"counters":[25,124],"Astrolabe":["Lockon","Thunder Strike","Self Repair"],"Ginger":[9],"Letter Opener":[67],"War Paint":["Defend_B","Zap"],"MawBank":132,"Medical Kit":[0],"OrangePellets":[16],"Ornamental Fan":[64],"Snecko Eye":[59,54,55,51],"MealTicket":30,"Turnip":[4],"obtain_stats":[{"Astrolabe":34,"Ginger":30,"Letter Opener":41,"War Paint":6,"Bottled Tornado":30,"MawBank":9,"Medical Kit":42,"Du-Vu Doll":27,"OrangePellets":20,"Anchor":44,"Ornamental Fan":26,"Snecko Eye":17,"MealTicket":24,"Turnip":0,"WingedGreaves":14,"Bottled Lightning":8,"Cracked Core":0,"Toy Ornithopter":31},{"Astrolabe":17,"Ginger":15,"Letter Opener":21,"War Paint":3,"Bottled Tornado":15,"MawBank":4,"Medical Kit":21,"Du-Vu Doll":13,"OrangePellets":10,"Anchor":22,"Ornamental Fan":12,"Snecko Eye":9,"MealTicket":12,"Turnip":0,"WingedGreaves":8,"Bottled Lightning":4,"Cracked Core":0,"Toy Ornithopter":16},{"Astrolabe":85,"Ginger":70,"Letter Opener":103,"War Paint":11,"Bottled Tornado":70,"MawBank":16,"Medical Kit":103,"Du-Vu Doll":63,"OrangePellets":49,"Anchor":108,"Ornamental Fan":56,"Snecko Eye":45,"MealTicket":56,"Turnip":0,"WingedGreaves":32,"Bottled Lightning":16,"Cracked Core":0,"Toy Ornithopter":75}],"Toy Ornithopter":5},"card_choices":[{"not_picked":["Auto Shields","Chill"],"picked":"Static Discharge","floor":1},{"not_picked":["Steam","Gash"],"picked":"Barrage","floor":2},{"not_picked":["Sweeping Beam","Consume"],"picked":"Defragment","floor":6},{"not_picked":["Chaos","Streamline"],"picked":"Coolheaded","floor":8},{"not_picked":["Turbo","Chaos"],"picked":"Aggregate","floor":10},{"not_picked":["Rebound","Sweeping Beam"],"picked":"Glacier","floor":11},{"not_picked":["Hologram","Go for the Eyes"],"picked":"Multi-Cast","floor":13},{"not_picked":["Static Discharge","Redo"],"picked":"Doom and Gloom","floor":14},{"not_picked":["Core Surge","Echo Form"],"picked":"Fission","floor":16},{"not_picked":["Stack","Rebound","Beam Cell"],"picked":"SKIP","floor":18},{"not_picked":["Gash","Beam Cell+1"],"picked":"Glacier","floor":21},{"not_picked":["Steam Power","Beam Cell"],"picked":"All For One","floor":24},{"not_picked":["FTL","Compile Driver"],"picked":"White Noise","floor":27},{"not_picked":["Coolheaded","Beam Cell"],"picked":"Self Repair","floor":30},{"not_picked":["Compile Driver","Sweeping Beam"],"picked":"Force Field","floor":31},{"not_picked":["Core Surge","Thunder Strike"],"picked":"Multi-Cast","floor":33},{"not_picked":["Force Field","Lockon","Rebound"],"picked":"SKIP","floor":35},{"not_picked":["Conserve Battery","Gash"],"picked":"Static Discharge+1","floor":36},{"not_picked":["Ball Lightning+1","Beam Cell","Steam Power"],"picked":"SKIP","floor":39},{"not_picked":["Self Repair","Genetic Algorithm+1","Storm"],"picked":"SKIP","floor":41},{"not_picked":["Conserve Battery","Chaos"],"picked":"Consume","floor":44},{"not_picked":["FTL+1","Melter","Aggregate"],"picked":"SKIP","floor":47},{"not_picked":["Ball Lightning","Stack","Steam"],"picked":"SKIP","floor":48}],"player_experience":963380,"relics_obtained":[{"floor":6,"key":"War Paint"},{"floor":8,"key":"Bottled Lightning"},{"floor":9,"key":"MawBank"},{"floor":14,"key":"WingedGreaves"},{"floor":24,"key":"MealTicket"},{"floor":26,"key":"Ornamental Fan"},{"floor":27,"key":"Du-Vu Doll"},{"floor":30,"key":"Ginger"},{"floor":30,"key":"Bottled Tornado"},{"floor":31,"key":"Toy Ornithopter"},{"floor":41,"key":"Letter Opener"},{"floor":44,"key":"Anchor"}],"event_choices":[{"damage_healed":0,"gold_gain":0,"player_choice":"Entered Light","damage_taken":21,"max_hp_gain":0,"max_hp_loss":0,"event_name":"Shining Light","floor":3,"gold_loss":0,"cards_upgraded":["Strike_B","Barrage"]},{"cards_removed":["Normality"],"damage_healed":0,"gold_gain":0,"player_choice":"Purged","damage_taken":0,"max_hp_gain":0,"max_hp_loss":0,"event_name":"Purifier","floor":4,"gold_loss":0},{"cards_removed":["Strike_B"],"damage_healed":0,"gold_gain":0,"player_choice":"Gave Gold","damage_taken":0,"max_hp_gain":0,"max_hp_loss":0,"event_name":"Beggar","floor":19,"gold_loss":75},{"damage_healed":0,"gold_gain":0,"player_choice":"Ignored","damage_taken":0,"max_hp_gain":0,"max_hp_loss":0,"event_name":"The Mausoleum","floor":22,"gold_loss":0},{"damage_healed":0,"gold_gain":0,"player_choice":"Fight","damage_taken":0,"max_hp_gain":0,"max_hp_loss":0,"event_name":"Colosseum","floor":30,"gold_loss":0},{"damage_healed":0,"gold_gain":0,"player_choice":"Fought Nobs","damage_taken":0,"max_hp_gain":0,"max_hp_loss":0,"event_name":"Colosseum","floor":30,"gold_loss":0},{"damage_healed":0,"gold_gain":0,"player_choice":"Embrace Madness","damage_taken":13,"max_hp_gain":0,"max_hp_loss":0,"event_name":"Winding Halls","floor":37,"gold_loss":0,"cards_obtained":["Madness","Madness"]},{"damage_healed":0,"gold_gain":0,"player_choice":"1 cards matched","damage_taken":0,"max_hp_gain":0,"max_hp_loss":0,"event_name":"Match and Keep!","floor":38,"gold_loss":0,"cards_obtained":["Meteor Strike"]}],"is_beta":false,"boss_relics":[{"not_picked":["Tiny House","Runic Dome"],"picked":"Snecko Eye"},{"not_picked":["Busted Crown","Velvet Choker"],"picked":"Astrolabe"}],"items_purged_floors":[28],"is_endless":false,"potions_floor_spawned":[2,6,10,14,24,27,30,33,36,39,47],"killed_by":"Time Eater","ascension_level":17}}