{"host":"cc6r8m2qe4jvlwua","time":1613860461,"event":{"mods":["BaseMod","Hubris","Marisa????????","Minty Spire (QoL Compilation)","Morshu Shopkeeper","Replay The Spire","Spicy Shops","StSLib","The Cursed","The Marked","The Necromancer"],"gold_per_floor":[109,109,59,72,72,72,103,103,157,49,65,65,15,47,47,47,47],"floor_reached":16,"language":"ENG","playtime":502,"items_purged":["Strike_P","Defend_P"],"score":117,"play_id":"e8bc2b6c-3a6f-4cba-817c-2cd8d2017710","local_time":"20210220163421","is_ascension_mode":true,"campfire_choices":[{"data":"Eruption","floor":6,"key":"SMITH"},{"data":"EmptyMind","floor":8,"key":"SMITH"},{"data":"Tantrum","floor":12,"key":"SMITH"},{"floor":15,"key":"REST"}],"circlet_count":0,"master_deck":["Strike_P+1","Defend_P","Defend_P","Defend_P","Eruption+1","Vigilance","CutThroughFate+1","EmptyMind+1","LikeWater","Tantrum+1","Replay:ManipulateFuture"],"relics":["PureWater","White Beast Statue","Smiling Mask","Juzu Bracelet"],"acts_visited":["Exordium"],"potions_floor_usage":[16],"damage_taken":[{"damage":0,"enemies":"Jaw Worm","floor":1,"turns":3},{"damage":5,"enemies":"2 Louse","floor":4,"turns":2},{"damage":8,"enemies":"Lagavulin","floor":7,"turns":6},{"damage":0,"enemies":"Small Slimes","floor":11,"turns":2},{"damage":10,"enemies":"Gremlin Nob","floor":14,"turns":3},{"damage":56,"enemies":"Slime Boss","floor":16,"turns":5}],"seed_played":"1803113647839214550","potions_obtained":[{"floor":11,"key":"Swift Potion"},{"floor":14,"key":"Ancient Potion"}],"is_trial":false,"path_per_floor":["M","?","?","M","?","R","E","R","T","$","M","R","$","E","R","B"],"character_chosen":"WATCHER","items_purchased":["LikeWater"],"campfire_rested":1,"item_purchase_floors":[10],"current_hp_per_floor":[72,58,58,53,53,53,45,45,45,45,45,45,45,35,56,0,0],"gold":47,"neow_bonus":"REMOVE_CARD","is_daily":false,"chose_seed":false,"campfire_upgraded":3,"win_rate":0.0,"timestamp":1613860461,"path_taken":["M","?","?","M","?","R","E","R","T","?","M","R","$","E","R","BOSS"],"items_purchased_type":["Card"],"build_version":"2020-12-22","purchased_purges":2,"victory":false,"max_hp_per_floor":[72,72,72,72,72,72,72,72,72,72,72,72,72,72,72,72,72],"card_choices":[{"not_picked":["Prostrate","Replay:Battleflow"],"picked":"CutThroughFate","floor":1},{"not_picked":["Conclude","Replay:Hum","Consecrate"],"picked":"SKIP","floor":4},{"not_picked":["Wireheading","ReachHeaven"],"picked":"EmptyMind","floor":7},{"not_picked":["Replay:BluntJabs","ClearTheMind"],"picked":"Tantrum","floor":11},{"not_picked":["EmptyFist","Replay:BluntJabs"],"picked":"Replay:ManipulateFuture","floor":14}],"player_experience":270350,"relics_obtained":[{"floor":7,"key":"White Beast Statue"},{"floor":9,"key":"Smiling Mask"},{"floor":14,"key":"Juzu Bracelet"}],"event_choices":[{"damage_healed":0,"gold_gain":0,"player_choice":"Entered Light","damage_taken":14,"max_hp_gain":0,"max_hp_loss":0,"event_name":"Shining Light","floor":2,"gold_loss":0,"cards_upgraded":["CutThroughFate","Strike_P"]},{"cards_removed":["Strike_P"],"damage_healed":0,"gold_gain":0,"player_choice":"Card Removal","damage_taken":0,"max_hp_gain":0,"max_hp_loss":0,"event_name":"The Cleric","floor":3,"gold_loss":50},{"damage_healed":0,"gold_gain":0,"player_choice":"Ignored","damage_taken":0,"max_hp_gain":0,"max_hp_loss":0,"event_name":"Liars Game","floor":5,"gold_loss":0}],"is_beta":false,"boss_relics":[],"items_purged_floors":[10,13],"is_endless":false,"potions_floor_spawned":[11,14],"killed_by":"Slime Boss","ascension_level":2}}