{"host":"eaiphzh066bwqdh7","time":1613783929,"event":{"mods":["AchievementEnabler","Aspiration","BaseMod","Better Note","Colored Powertips","Halation","Highlight Path","Hubris","Infinite Spire","Minty Spire (QoL Compilation)","Quick Restart","Reliquary","Replay The Spire","StSLib"],"gold_per_floor":[111,111,10,110,124,124,140,140,140,140,140,155,155,155,155,253,253,264,264,281,281,281,281],"floor_reached":22,"language":"ENG","playtime":438,"items_purged":["Defend_P"],"score":206,"play_id":"780861df-6e83-44b6-8f79-292374f00a65","local_time":"20210219201849","is_ascension_mode":true,"campfire_choices":[{"data":"PathToVictory","floor":6,"key":"SMITH"},{"data":"Vigilance","floor":8,"key":"SMITH"},{"data":"Eruption","floor":11,"key":"SMITH"},{"data":"WindmillStrike","floor":13,"key":"SMITH"},{"data":"Defend_P","floor":15,"key":"SMITH"}],"circlet_count":0,"master_deck":["Strike_P+1","Strike_P+1","Strike_P+1","Strike_P+1","Defend_P+1","Defend_P+1","Defend_P+1","Eruption+1","Vigilance+1","PathToVictory+1","WindmillStrike+1","Devotion","PathToVictory+1","Devotion"],"relics":["PureWater","Replay:Kaleidoscope","Gremlin Horn"],"acts_visited":["Exordium","TheCity"],"potions_floor_usage":[16,20],"damage_taken":[{"damage":5,"enemies":"Jaw Worm","floor":1,"turns":5},{"damage":0,"enemies":"Small Slimes","floor":5,"turns":3},{"damage":0,"enemies":"Cultist","floor":7,"turns":2},{"damage":1,"enemies":"Looter","floor":12,"turns":3},{"damage":63,"enemies":"The Guardian","floor":16,"turns":9},{"damage":18,"enemies":"Spheric Guardian","floor":18,"turns":4},{"damage":40,"enemies":"3 Byrds","floor":20,"turns":6},{"damage":21,"enemies":"Snecko","floor":22,"turns":3}],"seed_played":"-5195501512244712742","potions_obtained":[{"floor":7,"key":"LiquidMemories"},{"floor":16,"key":"SteroidPotion"}],"is_trial":false,"path_per_floor":["M","?","$","?","M","R","M","R","T","?","R","M","R","?","R","B",null,"M","?","M","?","M"],"character_chosen":"WATCHER","items_purchased":["PathToVictory"],"campfire_rested":0,"item_purchase_floors":[3],"current_hp_per_floor":[67,67,67,67,67,67,67,67,67,67,67,66,66,66,66,3,72,54,54,14,14,0,0],"gold":281,"neow_bonus":"ONE_RARE_RELIC","is_daily":false,"chose_seed":false,"campfire_upgraded":5,"win_rate":0.0,"timestamp":1613783929,"path_taken":["M","?","$","?","M","R","?","R","T","?","R","M","R","?","R","BOSS","M","?","?","?","M"],"items_purchased_type":["Card"],"build_version":"2020-12-22","purchased_purges":1,"victory":false,"max_hp_per_floor":[72,72,72,72,72,72,72,72,72,72,72,72,72,72,72,72,72,72,72,72,72,72,72],"card_choices":[{"not_picked":["FollowUp","Halt","EmptyMind"],"picked":"SKIP","floor":1},{"not_picked":["FollowUp","CrushJoints","ThirdEye"],"picked":"SKIP","floor":5},{"not_picked":["Replay:DivineShield","BowlingBash","ClearTheMind"],"picked":"SKIP","floor":7},{"not_picked":["Tantrum","EmptyFist"],"picked":"WindmillStrike","floor":12},{"not_picked":["Establishment","Wish"],"picked":"Devotion","floor":16},{"not_picked":["Replay:ManipulateFuture+1","FlyingSleeves"],"picked":"PathToVictory+1","floor":18},{"not_picked":["WheelKick","Adaptation","JustLucky"],"picked":"SKIP","floor":20}],"player_experience":327921,"relics_obtained":[{"floor":9,"key":"Gremlin Horn"}],"event_choices":[{"cards_removed":["Amnesia"],"damage_healed":0,"gold_gain":0,"player_choice":"Forget","damage_taken":0,"max_hp_gain":0,"max_hp_loss":0,"event_name":"Living Wall","floor":2,"gold_loss":0},{"damage_healed":0,"gold_gain":100,"player_choice":"Pray","damage_taken":0,"max_hp_gain":0,"max_hp_loss":0,"event_name":"Golden Shrine","floor":4,"gold_loss":0},{"damage_healed":0,"gold_gain":0,"player_choice":"Ignored","damage_taken":0,"max_hp_gain":0,"max_hp_loss":0,"event_name":"Liars Game","floor":10,"gold_loss":0},{"damage_healed":0,"gold_gain":0,"player_choice":"Copied","damage_taken":0,"max_hp_gain":0,"max_hp_loss":0,"event_name":"Duplicator","floor":19,"gold_loss":0,"cards_obtained":["Devotion"]},{"damage_healed":0,"gold_gain":0,"player_choice":"Simplicity","damage_taken":0,"max_hp_gain":0,"max_hp_loss":0,"event_name":"Back to Basics","floor":21,"gold_loss":0,"cards_upgraded":["Strike_P","Strike_P","Strike_P","Strike_P","Defend_P","Defend_P"]}],"is_beta":false,"boss_relics":[{"not_picked":["reliquary:Ember","Runic Dome","reliquary:WritOfMandamus"]}],"items_purged_floors":[3],"is_endless":false,"potions_floor_spawned":[7,16],"killed_by":"Snecko","ascension_level":4}}