{"host":"81vb4cbob60wa1na","time":1613804407,"event":{"mods":["BaseMod","Dio Mod","Downfall","GifTheSpireLib","Hermit","Highlight Path","Minty Spire (QoL Compilation)","StSLib","The Bug Knight","The Cursed","The Disciple"],"gold_per_floor":[118,133,208,208,53,53,93,118,141,87,87,103,123,83,83,207,207,221,245,160,173,173,173,133,133,213,213,238,163,262,276,276,401,401,422,442,442,214,214,214,214,214,214,238,238,238],"floor_reached":45,"language":"ENG","playtime":1425,"items_purged":[],"score":452,"play_id":"2c2373a4-5c1b-477f-a3c3-73f1502283b2","local_time":"20210220020007","is_ascension_mode":true,"campfire_choices":[{"data":"Eviscerate","floor":6.0,"key":"SMITH"},{"data":"Acrobatics","floor":11.0,"key":"SMITH"},{"data":"Calculated Gamble","floor":15.0,"key":"SMITH"},{"floor":23.0,"key":"REST"},{"floor":25.0,"key":"REST"},{"data":"Eviscerate","floor":27.0,"key":"SMITH"},{"floor":32.0,"key":"REST"},{"floor":40,"key":"REST"},{"data":"Panacea","floor":42,"key":"SMITH"}],"circlet_count":0,"master_deck":["Strike_G+1","Strike_G","Strike_G","Strike_G","Strike_G","Defend_G","Defend_G","Defend_G","Defend_G","Defend_G","Survivor","Neutralize","Acrobatics+1","Eviscerate+1","All Out Attack+1","Dagger Throw","Eviscerate+1","Acrobatics","Backstab","Dagger Throw","Calculated Gamble+1","Adrenaline+1","Distraction+1","Backflip","Dagger Throw+1","Die Die Die","Tactician","Panacea+1"],"relics":["Ring of the Serpent","Golden Idol","MealTicket","Whetstone","Potion Belt","Singing Bowl","Mummified Hand","Black Star","Centennial Puzzle","White Beast Statue","Nunchaku"],"acts_visited":["TheBeyond"],"potions_floor_usage":[35,45],"damage_taken":[{"damage":1.0,"enemies":"Small Slimes","floor":1.0,"turns":3.0},{"damage":4.0,"enemies":"Jaw Worm","floor":2.0,"turns":4.0},{"damage":13.0,"enemies":"3 Sentries","floor":7.0,"turns":8.0},{"damage":0.0,"enemies":"2 Louse","floor":8.0,"turns":1.0},{"damage":9.0,"enemies":"Blue Slaver","floor":12.0,"turns":2.0},{"damage":0.0,"enemies":"2 Fungi Beasts","floor":13.0,"turns":2.0},{"damage":34.0,"enemies":"Hexaghost","floor":16.0,"turns":8.0},{"damage":25.0,"enemies":"2 Thieves","floor":18.0,"turns":4.0},{"damage":5.0,"enemies":"Shell Parasite","floor":19.0,"turns":1.0},{"damage":18.0,"enemies":"Snake Plant","floor":21.0,"turns":4.0},{"damage":20.0,"enemies":"Centurion and Healer","floor":28.0,"turns":4.0},{"damage":12.0,"enemies":"Chosen and Byrds","floor":31.0,"turns":3.0},{"damage":48.0,"enemies":"Automaton","floor":33.0,"turns":7.0},{"damage":35,"enemies":"3 Shapes","floor":35,"turns":2},{"damage":29,"enemies":"3 Darklings","floor":36,"turns":3},{"damage":32,"enemies":"Jaw Worm Horde","floor":44,"turns":2},{"damage":32,"enemies":"4 Shapes","floor":45,"turns":1}],"seed_played":"-5466809248931945278","potions_obtained":[{"floor":2.0,"key":"ColorlessPotion"},{"floor":8.0,"key":"Energy Potion"},{"floor":16.0,"key":"LiquidBronze"},{"floor":18.0,"key":"Explosive Potion"},{"floor":28.0,"key":"PowerPotion"},{"floor":31.0,"key":"Strength Potion"},{"floor":33.0,"key":"LiquidMemories"},{"floor":44,"key":"LiquidBronze"}],"is_trial":false,"path_per_floor":["M","M","?","?","$","R","E","M","T","$","R","M","M","$","R","B",null,"M","M","?","M","?","R","?","R","T","R","M","?","?","M","R","B",null,"M","M","?","$","?","R","T","R","T","M","M"],"character_chosen":"THE_SILENT","items_purchased":["MealTicket","Acrobatics","Calculated Gamble","Tactician","Centennial Puzzle"],"campfire_rested":4,"item_purchase_floors":[5,10,14,38,38],"current_hp_per_floor":[69,65,54,54,54,54,41,41,41,56,56,47,47,62,62,28,70,45,40,40,24,24,45,45,66,66,66,46,46,46,36,58,10,74,41,14,14,29,29,52,52,52,52,22,0,0],"gold":238,"neow_bonus":"THREE_CARDS","is_daily":false,"chose_seed":false,"campfire_upgraded":5,"win_rate":0.0,"timestamp":1613804407,"path_taken":["M","M","?","?","?","R","E","M","T","$","R","M","M","$","R","BOSS","M","M","?","M","?","R","?","R","T","R","?","?","?","M","R","BOSS","M","M","?","$","?","R","?","R","T","M","M"],"items_purchased_type":["Relic","Card","Card","Card","Relic"],"build_version":"2020-12-22","purchased_purges":0,"victory":false,"max_hp_per_floor":[70,70,70,70,70,70,70,70,70,70,70,70,70,70,70,70,70,70,70,70,72,72,72,72,72,72,72,72,72,72,74,74,74,74,76,78,78,78,78,78,78,78,78,80,80,80],"card_choices":[{"not_picked":["Dodge and Roll","Slice"],"picked":"Acrobatics","floor":0.0},{"not_picked":["Cloak And Dagger","Well Laid Plans"],"picked":"Eviscerate","floor":1.0},{"not_picked":["Acrobatics","Blade Dance"],"picked":"All Out Attack","floor":2.0},{"not_picked":["Bane","Accuracy"],"picked":"Dagger Throw","floor":7.0},{"not_picked":["Slice","Backflip"],"picked":"Eviscerate","floor":8.0},{"not_picked":["Caltrops","Slice"],"picked":"Backstab","floor":12.0},{"not_picked":["Dodge and Roll","Dagger Spray"],"picked":"Dagger Throw","floor":13.0},{"not_picked":["Malaise","Glass Knife"],"picked":"Adrenaline","floor":16.0},{"not_picked":["Blade Dance","Dagger Spray"],"picked":"Distraction+1","floor":18.0},{"not_picked":["PiercingWail","Slice"],"picked":"Backflip","floor":19.0},{"not_picked":["Corpse Explosion","Backstab","Caltrops"],"picked":"Singing Bowl","floor":21.0},{"not_picked":["Bane","Poisoned Stab"],"picked":"Dagger Throw+1","floor":28.0},{"not_picked":["Poisoned Stab","Deadly Poison","Quick Slash+1"],"picked":"Singing Bowl","floor":31.0},{"not_picked":["Venomology","A Thousand Cuts"],"picked":"Die Die Die","floor":33.0},{"not_picked":["Concentrate","Acrobatics","Leg Sweep+1"],"picked":"Singing Bowl","floor":35},{"not_picked":["Deflect+1","PiercingWail+1","Dagger Throw"],"picked":"Singing Bowl","floor":36},{"not_picked":["Thinking Ahead","Mind Blast"],"picked":"Panacea","floor":39},{"not_picked":["Escape Plan","PiercingWail","Outmaneuver"],"picked":"Singing Bowl","floor":44}],"player_experience":315568,"relics_obtained":[{"floor":7.0,"key":"Whetstone"},{"floor":9.0,"key":"Potion Belt"},{"floor":26.0,"key":"Mummified Hand"},{"floor":41,"key":"White Beast Statue"},{"floor":43,"key":"Nunchaku"}],"event_choices":[{"damage_healed":0.0,"max_hp_gain":0.0,"max_hp_loss":0.0,"gold_gain":75.0,"event_name":"World of Goop","player_choice":"Gather Gold","floor":3.0,"gold_loss":0.0,"damage_taken":11.0},{"damage_healed":0.0,"max_hp_gain":0.0,"max_hp_loss":0.0,"gold_gain":0.0,"event_name":"Golden Idol","player_choice":"Take Wound","floor":4.0,"gold_loss":0.0,"damage_taken":0.0,"relics_obtained":["Golden Idol"],"cards_obtained":["Injury"]},{"damage_healed":0.0,"max_hp_gain":0.0,"max_hp_loss":0.0,"gold_gain":0.0,"event_name":"Addict","player_choice":"Obtained Relic","floor":20.0,"gold_loss":85.0,"damage_taken":0.0,"relics_obtained":["Singing Bowl"]},{"damage_healed":0.0,"max_hp_gain":0.0,"max_hp_loss":0.0,"gold_gain":0.0,"event_name":"Ghosts","player_choice":"Ignored","floor":22.0,"gold_loss":0.0,"damage_taken":0.0},{"damage_healed":0.0,"max_hp_gain":0.0,"max_hp_loss":0.0,"gold_gain":0.0,"event_name":"Designer","player_choice":"Upgrade","floor":24.0,"gold_loss":40.0,"damage_taken":0.0,"cards_upgraded":["Adrenaline"]},{"cards_removed":["Injury"],"damage_healed":0.0,"max_hp_gain":0.0,"max_hp_loss":0.0,"gold_gain":0.0,"event_name":"Beggar","player_choice":"Gave Gold","floor":29.0,"gold_loss":75.0,"damage_taken":0.0},{"damage_healed":0.0,"max_hp_gain":0.0,"max_hp_loss":0.0,"gold_gain":99.0,"event_name":"Nest","player_choice":"Stole From Cult","floor":30.0,"gold_loss":0.0,"damage_taken":0.0},{"damage_healed":0,"gold_gain":0,"player_choice":"Ignored","damage_taken":0,"max_hp_gain":0,"max_hp_loss":0,"event_name":"Mysterious Sphere","floor":37,"gold_loss":0},{"damage_healed":0,"gold_gain":0,"player_choice":"Memory 1","damage_taken":0,"max_hp_gain":0,"max_hp_loss":0,"event_name":"SensoryStone","floor":39,"gold_loss":0}],"is_beta":false,"boss_relics":[{"not_picked":["Coffee Dripper","Philosopher\u0027s Stone"],"picked":"Ring of the Serpent"},{"not_picked":["Runic Pyramid","Astrolabe"],"picked":"Black Star"}],"items_purged_floors":[],"is_endless":false,"potions_floor_spawned":[2,8,16,18,28,31,33,44],"killed_by":"4 Shapes","ascension_level":2}}