{"host":"cc6r8m2qe4jvlwua","time":1613862876,"event":{"mods":["BaseMod","Hubris","Marisa????????","Minty Spire (QoL Compilation)","Morshu Shopkeeper","Replay The Spire","Spicy Shops","StSLib","The Cursed","The Marked","The Necromancer"],"gold_per_floor":[213,229,248,267,267,267,297,297,297,307,307,307],"floor_reached":11,"language":"ENG","playtime":491,"items_purged":[],"score":86,"play_id":"99553ea0-9530-4c8a-ab0f-ffee3b8e18e7","local_time":"20210220171436","is_ascension_mode":true,"campfire_choices":[{"data":"Zap","floor":6,"key":"SMITH"},{"data":"hubris:Ukulele","floor":8,"key":"SMITH"}],"circlet_count":0,"master_deck":["Strike_B","Strike_B","Defend_B","Defend_B","Defend_B","Defend_B","Zap+1","Dualcast","Double Energy","hubris:Ukulele+1","Self Repair","hubris:Prefetch"],"relics":["Cracked Core","Replay:PocketPolymizer","Bird Faced Urn"],"acts_visited":["Exordium"],"potions_floor_usage":[2],"damage_taken":[{"damage":1,"enemies":"Cultist","floor":1,"turns":3},{"damage":0,"enemies":"2 Louse","floor":2,"turns":2},{"damage":3,"enemies":"Small Slimes","floor":3,"turns":2},{"damage":10,"enemies":"Exordium Thugs","floor":4,"turns":4},{"damage":25,"enemies":"Lagavulin","floor":7,"turns":6},{"damage":25,"enemies":"Exordium Wildlife","floor":10,"turns":6},{"damage":40,"enemies":"Gremlin Nob","floor":11,"turns":3}],"seed_played":"-3406120163835993321","potions_obtained":[{"floor":1,"key":"AttackPotion"}],"is_trial":false,"path_per_floor":["M","M","M","M","?","R","E","R","T","M","E"],"character_chosen":"DEFECT","items_purchased":[],"campfire_rested":0,"item_purchase_floors":[],"current_hp_per_floor":[74,74,71,61,61,61,36,36,36,20,0,0],"gold":307,"neow_bonus":"HUNDRED_GOLD","is_daily":false,"chose_seed":false,"campfire_upgraded":2,"win_rate":0.0,"timestamp":1613862876,"path_taken":["M","?","M","?","?","R","E","R","T","?","E"],"items_purchased_type":[],"build_version":"2020-12-22","purchased_purges":0,"victory":false,"max_hp_per_floor":[75,75,75,75,75,75,75,75,75,75,75,75],"card_choices":[{"not_picked":["Barrage","Conserve Battery"],"picked":"Double Energy","floor":1},{"not_picked":["Melter","Gash"],"picked":"hubris:Ukulele","floor":2},{"not_picked":["Stack","BootSequence","Steam"],"picked":"SKIP","floor":3},{"not_picked":["Sweeping Beam","Crystallizer","Steam"],"picked":"SKIP","floor":4},{"not_picked":["Seek","Force Field"],"picked":"Self Repair","floor":7},{"not_picked":["Beam Cell","Gash","Panic Button"],"picked":"SKIP","floor":10}],"player_experience":272729,"relics_obtained":[{"floor":7,"key":"Replay:PocketPolymizer"},{"floor":9,"key":"Bird Faced Urn"}],"event_choices":[{"cards_removed":["Strike_B"],"damage_healed":0,"gold_gain":0,"player_choice":"Purged","damage_taken":0,"max_hp_gain":0,"max_hp_loss":0,"event_name":"Purifier","floor":5,"gold_loss":0}],"is_beta":false,"boss_relics":[],"items_purged_floors":[],"is_endless":false,"potions_floor_spawned":[1],"killed_by":"Gremlin Nob","ascension_level":3}}