{"host":"bf5upntvbdompq33","time":1613791114,"event":{"mods":["BaseMod","Bestiary","Colored Map","Colored Powertips","Curses Come First","Highlight Path","Minty Spire (QoL Compilation)","StSLib","ojb\u0027s Info Mod"],"gold_per_floor":[16,16,16,37,56,97,97,133,212,235,256,6,6,46,46,174,174,192,192,19,0,0,0,31,54,54,68,68,68,68,99,99,220,220,236,236,236,251,0,0,38,38,113,138,156,497,497,497],"floor_reached":47,"language":"ENG","playtime":2649,"items_purged":["Strike_B","Normality"],"score":952,"play_id":"aa863ab8-20bb-4d16-8d59-47ed191d2635","local_time":"20210219201834","is_ascension_mode":true,"campfire_choices":[{"floor":7,"key":"REST"},{"data":"Static Discharge","floor":15,"key":"SMITH"},{"data":"Chaos","floor":23,"key":"SMITH"},{"floor":28,"key":"REST"},{"data":"Zap","floor":30,"key":"SMITH"},{"data":"Electrodynamics","floor":32,"key":"SMITH"},{"data":"Coolheaded","floor":40,"key":"SMITH"},{"floor":42,"key":"REST"}],"circlet_count":0,"master_deck":["AscendersBane","Strike_B","Defend_B","Defend_B","Defend_B","Zap+1","Dualcast","Hologram","Gash","Steam Power","Doom and Gloom","Electrodynamics+1","BootSequence","Static Discharge+1","Ball Lightning","Ball Lightning","Biased Cognition","Compile Driver","Ball Lightning","Chaos+1","Thunder Strike","Cold Snap","Auto Shields","Conserve Battery","Amplify","CurseOfTheBell","Coolheaded+1","Madness","Madness+1","Capacitor+1","Injury","Loop+1","Conserve Battery+1"],"relics":["Cracked Core","Golden Idol","Du-Vu Doll","PreservedInsect","Eternal Feather","Lee\u0027s Waffle","Sundial","Cursed Key","Nilry\u0027s Codex","DataDisk","InkBottle","Darkstone Periapt","Calipers","Calling Bell","MealTicket","Frozen Egg 2","Torii","Bag of Preparation","The Courier","Old Coin"],"acts_visited":["Exordium","TheCity","TheBeyond"],"potions_floor_usage":[6,6,16,25,33,33,44],"damage_taken":[{"damage":1,"enemies":"Cultist","floor":1,"turns":3},{"damage":4,"enemies":"Jaw Worm","floor":4,"turns":4},{"damage":12,"enemies":"Small Slimes","floor":5,"turns":2},{"damage":25,"enemies":"3 Sentries","floor":6,"turns":7},{"damage":9,"enemies":"Gremlin Nob","floor":8,"turns":3},{"damage":6,"enemies":"Blue Slaver","floor":10,"turns":3},{"damage":2,"enemies":"Looter","floor":11,"turns":3},{"damage":2,"enemies":"3 Sentries","floor":14,"turns":3},{"damage":27,"enemies":"The Guardian","floor":16,"turns":7},{"damage":9,"enemies":"Shell Parasite","floor":18,"turns":3},{"damage":0,"enemies":"Slavers","floor":24,"turns":2},{"damage":24,"enemies":"2 Thieves","floor":25,"turns":3},{"damage":22,"enemies":"Snake Plant","floor":27,"turns":3},{"damage":21,"enemies":"Book of Stabbing","floor":31,"turns":3},{"damage":35,"enemies":"Automaton","floor":33,"turns":6},{"damage":0,"enemies":"Orb Walker","floor":35,"turns":3},{"damage":0,"enemies":"3 Shapes","floor":38,"turns":3},{"damage":61,"enemies":"Giant Head","floor":41,"turns":7},{"damage":21,"enemies":"Transient","floor":44,"turns":5},{"damage":50,"enemies":"Spire Growth","floor":45,"turns":3},{"damage":1,"enemies":"Nemesis","floor":46,"turns":5},{"damage":18,"enemies":"Maw","floor":47,"turns":2}],"seed_played":"1716117227840893860","potions_obtained":[{"floor":1,"key":"ColorlessPotion"},{"floor":5,"key":"Fire Potion"},{"floor":10,"key":"PotionOfCapacity"},{"floor":11,"key":"Energy Potion"},{"floor":18,"key":"GamblersBrew"},{"floor":31,"key":"Fire Potion"},{"floor":33,"key":"ColorlessPotion"},{"floor":35,"key":"Strength Potion"}],"is_trial":false,"path_per_floor":["M","?","?","M","M","E","R","E","T","M","M","$","?","E","R","B",null,"M","?","$","?","?","R","E","M","T","M","R","$","R","E","R","B",null,"M","?","?","M","$","R","E","R","T","M","M","E","M"],"character_chosen":"DEFECT","items_purchased":["Lee\u0027s Waffle","Ball Lightning","DataDisk","Ball Lightning","Bag of Preparation"],"campfire_rested":3,"item_purchase_floors":[12,12,20,20,39],"current_hp_per_floor":[67,67,67,63,51,26,46,37,37,31,29,76,81,79,81,54,74,65,49,49,49,49,61,61,37,37,15,51,51,63,42,57,22,72,72,61,61,61,76,87,26,70,76,55,5,4,0,0],"gold":497,"neow_bonus":"REMOVE_TWO","is_daily":false,"chose_seed":false,"campfire_upgraded":5,"win_rate":0.0,"timestamp":1613791114,"path_taken":["M","?","?","M","M","E","R","E","T","M","M","$","?","E","R","BOSS","M","?","$","?","?","R","E","M","T","M","R","?","R","E","R","BOSS","M","?","?","M","$","R","E","R","T","M","M","E","?"],"items_purchased_type":["Relic","Card","Relic","Card","Relic"],"build_version":"2020-12-22","purchased_purges":2,"victory":false,"max_hp_per_floor":[75,75,69,69,69,69,69,69,69,69,69,76,81,81,81,81,81,81,81,81,81,81,81,81,81,81,81,81,81,81,81,81,81,87,87,87,87,87,87,87,87,87,93,93,93,93,93,93],"card_choices":[{"not_picked":["Self Repair","Coolheaded"],"picked":"Hologram","floor":1},{"not_picked":["Steam","Coolheaded"],"picked":"Gash","floor":4},{"not_picked":["Sweeping Beam","Hologram"],"picked":"Steam Power","floor":5},{"not_picked":["Hologram","Barrage"],"picked":"Doom and Gloom","floor":6},{"not_picked":["Gash","Barrage"],"picked":"Electrodynamics","floor":8},{"not_picked":["Doom and Gloom","Go for the Eyes"],"picked":"BootSequence","floor":10},{"not_picked":["Turbo","Redo"],"picked":"Static Discharge","floor":11},{"not_picked":["FTL","Steam"],"picked":"Ball Lightning","floor":14},{"not_picked":["All For One","Meteor Strike"],"picked":"Biased Cognition","floor":16},{"not_picked":["Hologram","Turbo"],"picked":"Compile Driver","floor":18},{"not_picked":["Redo","Gash"],"picked":"Thunder Strike","floor":24},{"not_picked":["Chaos","Scrape"],"picked":"Cold Snap","floor":25},{"not_picked":["Sweeping Beam","Aggregate"],"picked":"Auto Shields","floor":27},{"not_picked":["Consume","Melter"],"picked":"Conserve Battery","floor":31},{"not_picked":["Meteor Strike","All For One"],"picked":"Amplify","floor":33},{"not_picked":["Steam","Scrape+1"],"picked":"Coolheaded","floor":35},{"not_picked":["Sweeping Beam","Steam+1"],"picked":"Capacitor+1","floor":38},{"not_picked":["Streamline","Compile Driver+1","Recycle"],"picked":"SKIP","floor":41},{"not_picked":["Leap","Multi-Cast"],"picked":"Loop+1","floor":44},{"not_picked":["Hologram","Self Repair+1"],"picked":"Conserve Battery+1","floor":45},{"not_picked":["Chaos","Cold Snap","Compile Driver"],"picked":"SKIP","floor":46}],"player_experience":1652221,"relics_obtained":[{"floor":6,"key":"Du-Vu Doll"},{"floor":8,"key":"PreservedInsect"},{"floor":9,"key":"Eternal Feather"},{"floor":14,"key":"Sundial"},{"floor":19,"key":"Nilry\u0027s Codex"},{"floor":24,"key":"InkBottle"},{"floor":26,"key":"Darkstone Periapt"},{"floor":31,"key":"Calipers"},{"floor":34,"key":"MealTicket"},{"floor":34,"key":"Frozen Egg 2"},{"floor":34,"key":"Torii"},{"floor":41,"key":"The Courier"},{"floor":46,"key":"Old Coin"}],"event_choices":[{"cards_removed":["Strike_B"],"damage_healed":0,"gold_gain":0,"player_choice":"Forget","damage_taken":0,"max_hp_gain":0,"max_hp_loss":0,"event_name":"Living Wall","floor":2,"gold_loss":0},{"damage_healed":0,"gold_gain":0,"player_choice":"Lose Max HP","damage_taken":0,"relics_obtained":["Golden Idol"],"max_hp_gain":0,"max_hp_loss":6,"event_name":"Golden Idol","floor":3,"gold_loss":0},{"damage_healed":0,"gold_gain":0,"player_choice":"Donut","damage_taken":0,"max_hp_gain":5,"max_hp_loss":0,"event_name":"Big Fish","floor":13,"gold_loss":0},{"damage_healed":0,"gold_gain":0,"player_choice":"Obtained Book","damage_taken":16,"max_hp_gain":0,"max_hp_loss":0,"event_name":"Cursed Tome","floor":19,"gold_loss":0},{"damage_healed":0,"gold_gain":0,"player_choice":"Paid Fearfully","damage_taken":0,"max_hp_gain":0,"max_hp_loss":0,"event_name":"Masked Bandits","floor":21,"gold_loss":19},{"damage_healed":0,"gold_gain":0,"player_choice":"Read","damage_taken":0,"max_hp_gain":0,"max_hp_loss":0,"event_name":"The Library","floor":22,"gold_loss":0,"cards_obtained":["Chaos"]},{"damage_healed":0,"gold_gain":0,"player_choice":"Embrace Madness","damage_taken":11,"max_hp_gain":0,"max_hp_loss":0,"event_name":"Winding Halls","floor":36,"gold_loss":0,"cards_obtained":["Madness","Madness"]},{"damage_healed":0,"gold_gain":0,"player_choice":"Upgraded","damage_taken":0,"max_hp_gain":0,"max_hp_loss":0,"event_name":"Upgrade Shrine","floor":37,"gold_loss":0,"cards_upgraded":["Madness"]}],"is_beta":false,"boss_relics":[{"not_picked":["Nuclear Battery","Sozu"],"picked":"Cursed Key"},{"not_picked":["SlaversCollar","Coffee Dripper"],"picked":"Calling Bell"}],"items_purged_floors":[12,39],"is_endless":false,"potions_floor_spawned":[1,5,10,11,14,18,31,33,35,41],"killed_by":"Maw","ascension_level":12}}