{"host":"w97dq1whmpm6b2tc","time":1613854539,"event":{"mods":["BaseMod","Challenge The Spire","Downfall","Minty Spire (QoL Compilation)","StSLib"],"gold_per_floor":[99,116,116,129,229,239,239,239,239,239],"floor_reached":8,"language":"ENG","playtime":332,"items_purged":[],"score":48,"play_id":"02356c88-1d56-4257-92b0-498d6bffc0b6","local_time":"20210220225539","is_ascension_mode":true,"campfire_choices":[{"floor":1.0,"key":"RECALL"}],"circlet_count":0,"master_deck":["Guardian:Strike_Guardian","Guardian:Strike_Guardian","Guardian:Strike_Guardian","Guardian:Strike_Guardian","Guardian:Defend_Guardian","Guardian:Defend_Guardian","Guardian:Defend_Guardian","Guardian:Defend_Guardian","Guardian:CurlUp","Guardian:TwinSlam","Guardian:PiercingHide","Guardian:Gem_Green","Guardian:Gem_Green"],"relics":["Guardian:ModeShifter","Calipers","WingedGreaves"],"acts_visited":["Exordium"],"potions_floor_usage":[],"damage_taken":[{"damage":6.0,"enemies":"2 Louse","floor":2.0,"turns":3.0},{"damage":1,"enemies":"Cultist","floor":4,"turns":4},{"damage":4,"enemies":"Jaw Worm","floor":6,"turns":4},{"damage":17,"enemies":"Gremlin Nob","floor":8,"turns":6}],"seed_played":"216283241529422034","potions_obtained":[{"floor":2.0,"key":"Dexterity Potion"}],"is_trial":false,"path_per_floor":["R","M","?","M","?","M","T","E"],"character_chosen":"GUARDIAN","items_purchased":[],"campfire_rested":0,"item_purchase_floors":[],"current_hp_per_floor":[56,50,55,54,54,50,50,33,33,33],"gold":239,"neow_bonus":"ONE_RARE_RELIC","is_daily":false,"chose_seed":false,"campfire_upgraded":0,"win_rate":0.0,"timestamp":1613854539,"path_taken":["R","M","?","M","?","M","T","E"],"items_purchased_type":[],"build_version":"2020-12-22","purchased_purges":0,"victory":false,"max_hp_per_floor":[80,80,85,85,85,85,85,85,85,85],"card_choices":[{"not_picked":["Guardian:Repulse","Guardian:VentSteam"],"picked":"Guardian:PiercingHide","floor":2.0},{"not_picked":["Guardian:PolyBeam","Guardian:TemporalStrike"],"picked":"Guardian:Gem_Green","floor":4},{"not_picked":["Guardian:TemporalShield","Guardian:TimeCapacitor"],"picked":"Guardian:Gem_Green","floor":6}],"player_experience":3793645,"relics_obtained":[{"floor":7,"key":"WingedGreaves"}],"event_choices":[{"damage_healed":0,"gold_gain":0,"player_choice":"Donut","damage_taken":0,"max_hp_gain":5,"max_hp_loss":0,"event_name":"Big Fish","floor":3,"gold_loss":0}],"is_beta":false,"boss_relics":[],"items_purged_floors":[],"is_endless":false,"potions_floor_spawned":[2],"killed_by":"Gremlin Nob","ascension_level":1}}