{"host":"81iaqqr1ryudmr11","time":1613811160,"event":{"mods":["BaseMod","Highlight Path","Minty Spire (QoL Compilation)","Relic Stats"],"gold_per_floor":[114,35,35,35,101,101,127,141,193,225,252,302,331,342,342,441,441,456,473,557,607,624,624,191,223,223,257,267,6,19,84,84,181,181,196,246,24,91,141,169,232,261,261,281,165,190,190,202,202,202,202,202,14,45,45],"floor_reached":56,"language":"ENG","playtime":4964,"items_purged":["Fire Breathing"],"score":1842,"play_id":"6a724036-ddaf-4225-8a9a-f8b776197e3c","local_time":"20210220095240","is_ascension_mode":true,"campfire_choices":[{"floor":6.0,"key":"REST"},{"floor":15.0,"key":"REST"},{"floor":23.0,"key":"REST"},{"floor":32.0,"key":"REST"},{"floor":47,"key":"RECALL"},{"floor":49,"key":"REST"},{"floor":52,"key":"REST"}],"circlet_count":0,"master_deck":["AscendersBane","Defend_R","Defend_R","Defend_R+1","Bash+1","Inflame","Dropkick","Clothesline","Ghostly Armor+1","Ghostly Armor","Demon Form","Spot Weakness","Limit Break","Thunderclap+1","Demon Form+1","Warcry+1","Bite+1","Bite","Bite","Bite","Bite","True Grit","Impervious","Battle Trance","Feed","Offering","Sword Boomerang+1","Armaments+1"],"relics":["Fusion Hammer","SsserpentHead","Art of War","Nunchaku","War Paint","Ice Cream","Incense Burner","Astrolabe","Red Mask","Matryoshka","Lizard Tail","Omamori","Bag of Marbles","Torii","Whetstone","Busted Crown","Membership Card","Ginger","Toxic Egg 2","Ancient Tea Set","Lee\u0027s Waffle","Mercury Hourglass","Toy Ornithopter","Pen Nib"],"acts_visited":["Exordium","TheCity","TheBeyond","TheEnding"],"potions_floor_usage":[38,41,46,50,53,54],"damage_taken":[{"damage":0.0,"enemies":"Cultist","floor":1.0,"turns":3.0},{"damage":12.0,"enemies":"Jaw Worm","floor":5.0,"turns":2.0},{"damage":20.0,"enemies":"Lagavulin","floor":7.0,"turns":5.0},{"damage":0.0,"enemies":"2 Louse","floor":8.0,"turns":3.0},{"damage":28.0,"enemies":"Gremlin Nob","floor":10.0,"turns":4.0},{"damage":2.0,"enemies":"Lagavulin","floor":13.0,"turns":6.0},{"damage":10.0,"enemies":"Gremlin Gang","floor":14.0,"turns":5.0},{"damage":20.0,"enemies":"Slime Boss","floor":16.0,"turns":9.0},{"damage":10.0,"enemies":"Shell Parasite","floor":18.0,"turns":5.0},{"damage":16.0,"enemies":"Spheric Guardian","floor":19.0,"turns":4.0},{"damage":33.0,"enemies":"Masked Bandits","floor":20.0,"turns":5.0},{"damage":8.0,"enemies":"Shelled Parasite and Fungi","floor":22.0,"turns":4.0},{"damage":1.0,"enemies":"Gremlin Leader","floor":25.0,"turns":6.0},{"damage":31.0,"enemies":"Slavers","floor":27.0,"turns":4.0},{"damage":8.0,"enemies":"Cultist and Chosen","floor":28.0,"turns":6.0},{"damage":2.0,"enemies":"Centurion and Healer","floor":30.0,"turns":6.0},{"damage":8.0,"enemies":"Snake Plant","floor":31.0,"turns":6.0},{"damage":27.0,"enemies":"Automaton","floor":33.0,"turns":7.0},{"damage":15,"enemies":"Orb Walker","floor":35,"turns":4},{"damage":16,"enemies":"3 Darklings","floor":38,"turns":6},{"damage":51,"enemies":"Nemesis","floor":40,"turns":7},{"damage":6,"enemies":"Jaw Worm Horde","floor":41,"turns":3},{"damage":40,"enemies":"Giant Head","floor":42,"turns":7},{"damage":1,"enemies":"Spire Growth","floor":44,"turns":3},{"damage":25,"enemies":"Reptomancer","floor":46,"turns":6},{"damage":25,"enemies":"Sphere and 2 Shapes","floor":48,"turns":5},{"damage":87,"enemies":"Time Eater","floor":50,"turns":8},{"damage":45,"enemies":"Shield and Spear","floor":54,"turns":6},{"damage":127,"enemies":"The Heart","floor":55,"turns":8}],"seed_played":"-6671492838589219119","potions_obtained":[{"floor":13.0,"key":"BlessingOfTheForge"},{"floor":14.0,"key":"FearPotion"},{"floor":16.0,"key":"Energy Potion"},{"floor":20.0,"key":"EntropicBrew"},{"floor":22.0,"key":"ColorlessPotion"},{"floor":25.0,"key":"SkillPotion"},{"floor":27.0,"key":"Weak Potion"},{"floor":28.0,"key":"SteroidPotion"},{"floor":35,"key":"Fire Potion"},{"floor":44,"key":"FairyPotion"},{"floor":48,"key":"ColorlessPotion"}],"is_trial":false,"path_per_floor":["M","$","?","?","M","R","E","M","T","E","?","T","E","M","R","B",null,"M","M","?","?","M","R","$","E","T","E","M","$","M","M","R","B",null,"M","?","$","M","?","E","M","E","T","M","$","E","R","M","R","B",null,"R","$","E","B",null],"character_chosen":"IRONCLAD","items_purchased":["Inflame","Matryoshka","True Grit","LiquidMemories","Impervious","Whetstone","Membership Card","Offering","Lee\u0027s Waffle","LiquidMemories","Armaments+1","Fruit Juice","Toy Ornithopter","LiquidMemories"],"campfire_rested":6,"item_purchase_floors":[2,24,24,24,29,29,37,37,45,45,53,53,53,53],"current_hp_per_floor":[72,72,72,72,60,80,60,60,60,32,32,32,30,20,44,24,66,56,40,7,7,7,23,23,36,36,13,17,17,27,28,44,31,50,44,59,59,54,54,16,21,37,37,44,78,68,68,55,80,8,65,84,89,70,18],"gold":45,"neow_bonus":"BOSS_RELIC","is_daily":false,"chose_seed":false,"campfire_upgraded":0,"win_rate":0.0,"timestamp":1613811160,"path_taken":["M","?","?","?","?","R","E","M","T","E","?","?","E","M","R","BOSS","M","M","?","?","M","R","$","E","T","E","M","?","M","?","R","BOSS","M","?","$","?","?","E","?","E","T","M","$","E","R","M","R","BOSS","R","$","E","BOSS"],"items_purchased_type":["Card","Relic","Card","Potion","Card","Relic","Relic","Card","Relic","Potion","Card","Potion","Relic","Potion"],"build_version":"2020-12-22","purchased_purges":1,"victory":true,"max_hp_per_floor":[80,80,80,80,80,80,80,80,80,80,80,80,80,80,80,80,80,80,80,80,56,56,56,56,56,56,56,56,56,56,56,56,56,56,59,59,59,62,62,65,68,71,71,71,78,81,81,84,84,84,84,84,89,89,89],"relic_stats":{"Lee\u0027s Waffle":34,"Torii":78,"counters":[29,153],"Astrolabe":["Thunderclap","Demon Form","Reckless Charge"],"Pen Nib":[1],"Whetstone":["Bite","Bash"],"Ginger":[9],"War Paint":["Defend_R","Ghostly Armor"],"Mercury Hourglass":[78],"SsserpentHead":550,"Nunchaku":[24],"Lizard Tail":34,"Busted Crown":18,"Art of War":[13],"obtain_stats":[{"Ice Cream":12,"Torii":27,"Incense Burner":13,"Whetstone":29,"Ginger":40,"Ancient Tea Set":43,"Burning Blood":0,"SsserpentHead":4,"Nunchaku":9,"Lizard Tail":25,"Matryoshka":24,"Fusion Hammer":0,"Red Mask":20,"Toxic Egg 2":42,"Lee\u0027s Waffle":45,"Astrolabe":17,"Pen Nib":54,"Omamori":26,"War Paint":10,"Mercury Hourglass":46,"Busted Crown":34,"Art of War":7,"Bag of Marbles":26,"Membership Card":37,"Toy Ornithopter":53},{"Ice Cream":5,"Torii":14,"Incense Burner":6,"Whetstone":15,"Ginger":21,"Ancient Tea Set":23,"Burning Blood":0,"SsserpentHead":1,"Nunchaku":4,"Lizard Tail":13,"Matryoshka":12,"Fusion Hammer":0,"Red Mask":11,"Toxic Egg 2":23,"Lee\u0027s Waffle":24,"Astrolabe":8,"Pen Nib":28,"Omamori":13,"War Paint":5,"Mercury Hourglass":25,"Busted Crown":18,"Art of War":3,"Bag of Marbles":13,"Membership Card":19,"Toy Ornithopter":27},{"Ice Cream":17,"Torii":65,"Incense Burner":23,"Whetstone":71,"Ginger":107,"Ancient Tea Set":117,"Burning Blood":0,"SsserpentHead":3,"Nunchaku":13,"Lizard Tail":61,"Matryoshka":55,"Fusion Hammer":0,"Red Mask":51,"Toxic Egg 2":117,"Lee\u0027s Waffle":120,"Astrolabe":37,"Pen Nib":145,"Omamori":61,"War Paint":17,"Mercury Hourglass":126,"Busted Crown":90,"Art of War":10,"Bag of Marbles":61,"Membership Card":94,"Toy Ornithopter":139}],"Toy Ornithopter":5},"card_choices":[{"not_picked":["Clash","Headbutt","Anger"],"picked":"SKIP","floor":1.0},{"not_picked":["Body Slam","Feel No Pain"],"picked":"Clothesline","floor":5.0},{"not_picked":["Disarm","Headbutt"],"picked":"Ghostly Armor","floor":7.0},{"not_picked":["Rampage","Anger"],"picked":"Fire Breathing","floor":8.0},{"not_picked":["Fire Breathing","Anger"],"picked":"Ghostly Armor","floor":10.0},{"not_picked":["Cleave","Shockwave"],"picked":"Demon Form","floor":13.0},{"not_picked":["Inflame","Body Slam"],"picked":"Spot Weakness","floor":14.0},{"not_picked":["Bludgeon","Offering"],"picked":"Limit Break","floor":16.0},{"not_picked":["Pommel Strike+1","Flex","Body Slam"],"picked":"SKIP","floor":18.0},{"not_picked":["Heavy Blade+1","Rampage"],"picked":"Warcry+1","floor":19.0},{"not_picked":["Body Slam","Wild Strike","Headbutt"],"picked":"SKIP","floor":22.0},{"not_picked":["Headbutt","Warcry","Immolate"],"picked":"SKIP","floor":25.0},{"not_picked":["Sentinel","Clash","Rampage"],"picked":"SKIP","floor":27.0},{"not_picked":["Rupture+1","Disarm","Flex"],"picked":"SKIP","floor":28.0},{"not_picked":["Heavy Blade+1","Second Wind","Infernal Blade"],"picked":"SKIP","floor":30.0},{"not_picked":["True Grit+1","Power Through"],"picked":"Battle Trance","floor":31.0},{"not_picked":["Juggernaut","Bludgeon"],"picked":"Feed","floor":33.0},{"not_picked":["Sword Boomerang"],"picked":"SKIP","floor":35},{"not_picked":["Entrench+1"],"picked":"SKIP","floor":38},{"not_picked":["Headbutt+1"],"picked":"SKIP","floor":40},{"not_picked":["Body Slam"],"picked":"SKIP","floor":41},{"not_picked":["Shockwave+1"],"picked":"SKIP","floor":42},{"not_picked":[],"picked":"Sword Boomerang+1","floor":44},{"not_picked":["Juggernaut"],"picked":"SKIP","floor":46},{"not_picked":["Sword Boomerang"],"picked":"SKIP","floor":48},{"not_picked":["Havoc+1"],"picked":"SKIP","floor":54}],"player_experience":232406,"relics_obtained":[{"floor":7.0,"key":"Art of War"},{"floor":9.0,"key":"Nunchaku"},{"floor":10.0,"key":"War Paint"},{"floor":12.0,"key":"Ice Cream"},{"floor":13.0,"key":"Incense Burner"},{"floor":20.0,"key":"Red Mask"},{"floor":25.0,"key":"Lizard Tail"},{"floor":26.0,"key":"Omamori"},{"floor":26.0,"key":"Bag of Marbles"},{"floor":27.0,"key":"Torii"},{"floor":40,"key":"Ginger"},{"floor":42,"key":"Toxic Egg 2"},{"floor":43,"key":"Ancient Tea Set"},{"floor":46,"key":"Mercury Hourglass"},{"floor":54,"key":"Pen Nib"}],"event_choices":[{"damage_healed":0.0,"max_hp_gain":0.0,"max_hp_loss":0.0,"gold_gain":0.0,"cards_transformed":["Strike_R"],"event_name":"Living Wall","player_choice":"Change","floor":3.0,"gold_loss":0.0,"damage_taken":0.0,"cards_obtained":["Dropkick"]},{"damage_healed":0.0,"max_hp_gain":0.0,"max_hp_loss":0.0,"gold_gain":0.0,"event_name":"FaceTrader","player_choice":"Trade","floor":4.0,"gold_loss":0.0,"damage_taken":0.0,"relics_obtained":["SsserpentHead"]},{"damage_healed":0.0,"max_hp_gain":0.0,"max_hp_loss":0.0,"gold_gain":0.0,"event_name":"World of Goop","player_choice":"Left Gold","floor":11.0,"gold_loss":23.0,"damage_taken":0.0},{"damage_healed":0.0,"max_hp_gain":0.0,"max_hp_loss":0.0,"gold_gain":0.0,"event_name":"Masked Bandits","player_choice":"Fought Bandits","floor":20.0,"gold_loss":0.0,"damage_taken":0.0},{"damage_healed":0.0,"max_hp_gain":0.0,"max_hp_loss":24.0,"gold_gain":0.0,"event_name":"Vampires","player_choice":"Became a vampire","floor":21.0,"gold_loss":0.0,"damage_taken":0.0,"cards_obtained":["Bite","Bite","Bite","Bite","Bite"]},{"cards_removed":["Reckless Charge"],"damage_healed":15,"gold_gain":0,"player_choice":"Offered Uncommon","damage_taken":0,"max_hp_gain":0,"max_hp_loss":0,"event_name":"Bonfire Elementals","floor":36,"gold_loss":0},{"damage_healed":0,"gold_gain":0,"player_choice":"0 cards matched","damage_taken":0,"max_hp_gain":0,"max_hp_loss":0,"event_name":"Match and Keep!","floor":39,"gold_loss":0,"cards_obtained":[]}],"is_beta":false,"boss_relics":[{"not_picked":["Cursed Key","Empty Cage"],"picked":"Astrolabe"},{"not_picked":["Snecko Eye","Black Star"],"picked":"Busted Crown"}],"items_purged_floors":[24],"is_endless":false,"potions_floor_spawned":[13,14,16,20,22,25,27,28,35,44,48],"ascension_level":11}}