{"host":"97k3n5kp0psabqmo","time":1613794224,"event":{"mods":["BaseMod","Colored Powertips","Minty Spire (QoL Compilation)"],"gold_per_floor":[112,112,37,52,227,253,253,266,266,266,38,51,85,105,105,105,105],"floor_reached":16,"language":"ENG","playtime":407,"items_purged":["Defend_R"],"score":169,"play_id":"a0d70acc-6262-4c37-884a-e2e79a8664da","local_time":"20210219231024","is_ascension_mode":true,"campfire_choices":[{"data":"Shrug It Off","floor":7,"key":"SMITH"},{"floor":10,"key":"RECALL"},{"data":"Bash","floor":15,"key":"SMITH"}],"circlet_count":0,"master_deck":["Strike_R","Strike_R","Strike_R","Strike_R+1","Strike_R","Defend_R","Defend_R","Defend_R","Bash+1","Shrug It Off+1","Shrug It Off+1","Doubt","Armaments+1","Perfected Strike+1","Battle Trance+1","Disarm+1"],"relics":["Burning Blood","NeowsBlessing","Toxic Egg 2","White Beast Statue","Membership Card","Toy Ornithopter","Whetstone"],"acts_visited":["Exordium"],"potions_floor_usage":[14],"damage_taken":[{"damage":0,"enemies":"Jaw Worm","floor":1,"turns":1},{"damage":0,"enemies":"Cultist","floor":4,"turns":1},{"damage":0,"enemies":"3 Sentries","floor":6,"turns":2},{"damage":0,"enemies":"2 Louse","floor":8,"turns":3},{"damage":16,"enemies":"2 Fungi Beasts","floor":12,"turns":4},{"damage":39,"enemies":"Lagavulin","floor":13,"turns":14},{"damage":10,"enemies":"Exordium Thugs","floor":14,"turns":6},{"damage":11,"enemies":"Slime Boss","floor":16,"turns":4}],"seed_played":"1624352536986722126","potions_obtained":[{"floor":12,"key":"Ancient Potion"},{"floor":13,"key":"Regen Potion"},{"floor":14,"key":"Fire Potion"}],"is_trial":false,"path_per_floor":["M","?","$","M","?","E","R","M","T","R","$","M","E","M","R","B"],"character_chosen":"IRONCLAD","items_purchased":["Membership Card","Toy Ornithopter"],"campfire_rested":0,"item_purchase_floors":[11,11],"current_hp_per_floor":[80,80,80,80,80,80,80,80,80,80,80,70,37,53,53,42,42],"gold":105,"neow_bonus":"THREE_ENEMY_KILL","is_daily":false,"chose_seed":false,"campfire_upgraded":2,"win_rate":0.0,"timestamp":1613794224,"path_taken":["M","?","$","?","?","E","R","M","T","R","$","M","E","M","R","BOSS"],"items_purchased_type":["Relic","Relic"],"build_version":"2020-12-22","purchased_purges":1,"victory":false,"max_hp_per_floor":[80,80,80,80,80,80,80,80,80,80,80,80,80,80,80,80,80],"card_choices":[{"not_picked":["Wild Strike","Pummel"],"picked":"Shrug It Off","floor":1},{"not_picked":["Metallicize","Shockwave"],"picked":"Shrug It Off","floor":4},{"not_picked":["Rupture","Flex+1","Uppercut"],"picked":"SKIP","floor":6},{"not_picked":["Thunderclap","Twin Strike"],"picked":"Armaments+1","floor":8},{"not_picked":["Searing Blow","Clothesline"],"picked":"Perfected Strike","floor":12},{"not_picked":["Thunderclap","Second Wind+1"],"picked":"Battle Trance+1","floor":13},{"not_picked":["Clash","Blood for Blood"],"picked":"Disarm+1","floor":14}],"player_experience":101460,"relics_obtained":[{"floor":6,"key":"Toxic Egg 2"},{"floor":9,"key":"White Beast Statue"},{"floor":13,"key":"Whetstone"}],"event_choices":[{"damage_healed":0,"gold_gain":0,"player_choice":"Upgraded","damage_taken":0,"max_hp_gain":0,"max_hp_loss":0,"event_name":"Upgrade Shrine","floor":2,"gold_loss":0,"cards_upgraded":["Shrug It Off"]},{"damage_healed":0,"gold_gain":175,"player_choice":"AGREE","damage_taken":0,"max_hp_gain":0,"max_hp_loss":0,"event_name":"Liars Game","floor":5,"gold_loss":0,"cards_obtained":["Doubt"]}],"is_beta":false,"boss_relics":[],"items_purged_floors":[3],"is_endless":false,"potions_floor_spawned":[12,13,14],"killed_by":"Slime Boss","ascension_level":5}}