{"host":"zq15pup7vna0uxo1","time":1613855051,"event":{"mods":["BaseMod","Bestiary","Colored Map","Downfall","Infinite Spire","Minty Spire (QoL Compilation)","Replay The Spire","Robot Space Explorer","StSLib"],"gold_per_floor":[110,110,124,124,140,174,174,209,209,243,243,243,243,254,254,349,349,369,380,98,109,109,135,135,155,204,217,217,217,247,272,272,368,368,379,379,398,198,217,217,251,264,264,290,307,307,307,321,321,321],"floor_reached":51,"language":"ENG","playtime":3044,"items_purged":["Strike_G","Strike_G","Strike_G"],"score":732,"play_id":"73d165aa-0d4a-40c3-a02a-b556c337e409","local_time":"20210220220411","is_ascension_mode":true,"campfire_choices":[{"floor":7,"key":"REST"},{"floor":11,"key":"REST"},{"data":"Bane","floor":13,"key":"SMITH"},{"floor":15,"key":"REST"},{"floor":24,"key":"REST"},{"floor":29,"key":"REST"},{"data":"Adrenaline","floor":32,"key":"SMITH"},{"data":"Atom Bomb","floor":40,"key":"SMITH"},{"floor":47,"key":"REST"},{"data":"Backflip","floor":47,"key":"SMITH"},{"floor":49,"key":"REST"},{"data":"Poison Darts","floor":49,"key":"SMITH"}],"circlet_count":0,"master_deck":["Strike_G","Strike_G+1","Defend_G","Defend_G","Defend_G","Defend_G","Defend_G","Survivor","Neutralize","Noxious Fumes+1","Bane+1","Neutralize","Adrenaline+1","Deadly Poison","Backflip+1","Poisoned Stab","Footwork+1","Poison Darts+1","Bane","Outmaneuver","infinitespire:Collect","infinitespire:Oblivion","Deadly Poison","Acrobatics","Bane","Atom Bomb+1","Deflect+1","Toxin Wave+1","Toxin Wave+1","Replay:Poison Smokescreen","Deadly Poison"],"relics":["Ring of the Snake","Smiling Mask","Replay:Bottled Steam","Pen Nib","Boot","Strawberry","Philosopher\u0027s Stone","Blood Vial","Prayer Wheel","Dream Catcher","Gremlin Food","Art of War","Red Mask","Replay:Grab Bag","Busted Crown","Sozu","Runic Pyramid","Regal Pillow","Lantern","infinitespire:Magic Flask","infinitespire:Satchel","Potion Belt"],"acts_visited":["Exordium","TheCity","TheBeyond"],"potions_floor_usage":[10,16,18,21,23,31,41],"damage_taken":[{"damage":3,"enemies":"2 Louse","floor":1,"turns":3},{"damage":5,"enemies":"Small Slimes","floor":3,"turns":4},{"damage":4,"enemies":"Cultist","floor":5,"turns":3},{"damage":45,"enemies":"3 Sentries","floor":6,"turns":7},{"damage":14,"enemies":"Lagavulin","floor":8,"turns":7},{"damage":14,"enemies":"3 Sentries","floor":10,"turns":5},{"damage":11,"enemies":"Exordium Thugs","floor":14,"turns":4},{"damage":23,"enemies":"Hexaghost","floor":16,"turns":8},{"damage":25,"enemies":"Shell Parasite","floor":18,"turns":4},{"damage":18,"enemies":"3 Byrds","floor":19,"turns":4},{"damage":14,"enemies":"Snecko","floor":21,"turns":3},{"damage":28,"enemies":"Gremlin Leader","floor":23,"turns":5},{"damage":8,"enemies":"Snake Plant","floor":25,"turns":4},{"damage":4,"enemies":"Sentry and Sphere","floor":27,"turns":4},{"damage":0,"enemies":"Replay:Snechameleon","floor":30,"turns":4},{"damage":3,"enemies":"Masked Bandits","floor":31,"turns":3},{"damage":48,"enemies":"Collector","floor":33,"turns":6},{"damage":8,"enemies":"3 Shapes","floor":35,"turns":2},{"damage":5,"enemies":"Orb Walker","floor":37,"turns":2},{"damage":10,"enemies":"Maw","floor":39,"turns":5},{"damage":34,"enemies":"Reptomancer","floor":41,"turns":4},{"damage":5,"enemies":"Spire Growth","floor":42,"turns":3},{"damage":11,"enemies":"Giant Head","floor":44,"turns":6},{"damage":9,"enemies":"Jaw Worm Horde","floor":45,"turns":3},{"damage":10,"enemies":"Maw","floor":48,"turns":5},{"damage":80,"enemies":"Replay:Hell Engine","floor":50,"turns":7}],"seed_played":"5890795413815797129","potions_obtained":[{"floor":3,"key":"SmokeBomb"},{"floor":6,"key":"SpeedPotion"},{"floor":8,"key":"Strength Potion"},{"floor":14,"key":"PowerPotion"},{"floor":16,"key":"PowerPotion"},{"floor":19,"key":"Toxic Potion"},{"floor":23,"key":"Swift Potion"},{"floor":31,"key":"SpeedPotion"},{"floor":33,"key":"Poison Potion"}],"is_trial":false,"path_per_floor":["M","?","M","?","M","E","R","E","T","E","R","T","R","M","R","B",null,"M","M","$","M","AVR","E","R","M","T","M","?","R","E","?","R","B",null,"M","?","M","$","M","R","E","M","T","E","M","T","R","M","R","B",null],"character_chosen":"THE_SILENT","items_purchased":["Blood Vial","Regen Potion","Regal Pillow"],"campfire_rested":7,"item_purchase_floors":[20,20,38],"current_hp_per_floor":[74,74,69,69,65,20,43,29,29,15,38,45,45,34,59,36,84,59,41,41,29,29,18,43,37,37,35,35,60,62,61,61,15,84,76,76,73,73,65,65,33,30,30,21,14,14,54,46,84,4],"gold":321,"neow_bonus":"TEN_PERCENT_HP_BONUS","is_daily":false,"chose_seed":false,"campfire_upgraded":5,"win_rate":0.0,"timestamp":1613855051,"path_taken":["M","?","M","?","?","E","R","E","T","E","R","?","R","M","R","BOSS","M","M","$","M","AVR","E","R","M","T","M","?","R","E","?","R","BOSS","M","?","?","$","M","R","E","M","T","E","M","?","R","M","R","BOSS"],"items_purchased_type":["Relic","Potion","Relic"],"build_version":"2020-12-22","purchased_purges":3,"victory":true,"max_hp_per_floor":[77,77,77,77,77,77,77,77,77,77,77,84,84,84,84,84,84,84,84,84,84,84,84,84,84,84,84,84,84,84,84,84,84,84,84,84,84,84,84,84,84,84,84,84,84,84,84,84,84,84],"card_choices":[{"not_picked":["Deflect","All Out Attack"],"picked":"Noxious Fumes","floor":1},{"not_picked":["Prepared","ReplayTheSpireMod:Speed Training"],"picked":"Bane","floor":3},{"not_picked":["Blade Dance","ReplayTheSpireMod:Tripwire"],"picked":"Deadly Poison","floor":5},{"not_picked":["Bullet Time","ReplayTheSpireMod:Tripwire"],"picked":"Backflip","floor":6},{"not_picked":["Underhanded Strike","ReplayTheSpireMod:Scrap Shanks"],"picked":"Poisoned Stab","floor":8},{"not_picked":["Predator","Cloak And Dagger"],"picked":"Footwork","floor":10},{"not_picked":["Escape Plan","ReplayTheSpireMod:Tripwire","Skewer"],"picked":"SKIP","floor":14},{"not_picked":["ReplayTheSpireMod:From All Sides","Bullet Time"],"picked":"Poison Darts","floor":16},{"not_picked":["ReplayTheSpireMod:Tripwire","PiercingWail"],"picked":"Bane","floor":18},{"not_picked":["Dash","Leg Sweep"],"picked":"Outmaneuver","floor":19},{"not_picked":["Hidden Blade","Flying Knee","Backflip+1"],"picked":"SKIP","floor":21},{"not_picked":["Flying Knee+1","Finisher"],"picked":"Deadly Poison","floor":23},{"not_picked":["Backstab","Accuracy+1"],"picked":"Acrobatics","floor":24},{"not_picked":["Finisher","Blade Dance"],"picked":"Bane","floor":25},{"not_picked":["PiercingWail","Draining Mist","Calculated Gamble+1"],"picked":"SKIP","floor":25},{"not_picked":["Backflip+1","ReplayTheSpireMod:Scrap Shanks"],"picked":"Atom Bomb","floor":27},{"not_picked":["Calculated Gamble","Predator+1","Escape Plan"],"picked":"SKIP","floor":27},{"not_picked":["Deadly Poison","Footwork"],"picked":"Deflect+1","floor":29},{"not_picked":["Deflect+1","Draining Mist"],"picked":"Toxin Wave+1","floor":30},{"not_picked":["Blur+1","Poisoned Stab"],"picked":"Toxin Wave+1","floor":31},{"not_picked":[],"picked":"Replay:Poison Smokescreen","floor":35},{"not_picked":["Choke"],"picked":"SKIP","floor":35},{"not_picked":["Underhanded Strike+1"],"picked":"SKIP","floor":37},{"not_picked":["Blur"],"picked":"SKIP","floor":37},{"not_picked":["Caltrops+1"],"picked":"SKIP","floor":39},{"not_picked":["Deflect"],"picked":"SKIP","floor":39},{"not_picked":["ReplayTheSpireMod:From All Sides"],"picked":"SKIP","floor":41},{"not_picked":["Sucker Punch"],"picked":"SKIP","floor":42},{"not_picked":["Acrobatics"],"picked":"SKIP","floor":42},{"not_picked":["ReplayTheSpireMod:From All Sides"],"picked":"SKIP","floor":44},{"not_picked":["Quick Slash"],"picked":"SKIP","floor":45},{"not_picked":["Slice+1"],"picked":"SKIP","floor":45},{"not_picked":[],"picked":"Deadly Poison","floor":47},{"not_picked":["Blade Dance"],"picked":"SKIP","floor":48},{"not_picked":["Hidden Blade+1"],"picked":"SKIP","floor":48}],"player_experience":1220493,"relics_obtained":[{"floor":6,"key":"Smiling Mask"},{"floor":8,"key":"Replay:Bottled Steam"},{"floor":9,"key":"Pen Nib"},{"floor":10,"key":"Boot"},{"floor":12,"key":"Strawberry"},{"floor":23,"key":"Dream Catcher"},{"floor":26,"key":"Gremlin Food"},{"floor":30,"key":"Art of War"},{"floor":31,"key":"Red Mask"},{"floor":41,"key":"Lantern"},{"floor":43,"key":"infinitespire:Magic Flask"},{"floor":44,"key":"infinitespire:Satchel"},{"floor":46,"key":"Potion Belt"}],"event_choices":[{"damage_healed":0,"gold_gain":0,"player_choice":"Grow","damage_taken":0,"max_hp_gain":0,"max_hp_loss":0,"event_name":"Living Wall","floor":2,"gold_loss":0,"cards_upgraded":["Noxious Fumes"]},{"damage_healed":0,"gold_gain":0,"player_choice":"2 cards matched","damage_taken":0,"max_hp_gain":0,"max_hp_loss":0,"event_name":"Match and Keep!","floor":4,"gold_loss":0,"cards_obtained":["Neutralize","Adrenaline"]},{"damage_healed":0,"gold_gain":0,"player_choice":"Fought Bandits","damage_taken":0,"max_hp_gain":0,"max_hp_loss":0,"event_name":"Masked Bandits","floor":31,"gold_loss":0},{"damage_healed":0,"gold_gain":0,"player_choice":"Upgraded","damage_taken":0,"max_hp_gain":0,"max_hp_loss":0,"event_name":"Upgrade Shrine","floor":36,"gold_loss":0,"cards_upgraded":["Footwork"]}],"is_beta":false,"boss_relics":[{"not_picked":["Painkiller Herb","Calling Bell"],"picked":"Philosopher\u0027s Stone"},{"not_picked":["Replay:Drink Me","ChewingGum"],"picked":"Replay:Grab Bag"},{"not_picked":["Cursed Key","Coffee Dripper"],"picked":"Busted Crown"},{"not_picked":["Runic Dome","ReplayTheSpireMod:DimensionalGlitch"],"picked":"Sozu"},{"not_picked":["Pandora\u0027s Box","WristBlade"],"picked":"Runic Pyramid"}],"items_purged_floors":[20,22,38],"is_endless":false,"potions_floor_spawned":[3,6,8,14,16,19,23,31,33,39,41,44,48],"ascension_level":3}}