{"host":"onfdonezo2qmaex3","time":1613813566,"event":{"mods":["2.2 Compatiblity","AchievementEnabler","Act Like it!","Aspiration","BaseMod","Colored Powertips","Downfall","Friendly Minions","Gensokyo","Hallownest","Hermit","Highlight Path","Jorbs\u0027s Wanderer Trilogy","Marisa????????","Marked Mod","Minty Spire (QoL Compilation)","Quick Restart","Reliquary","Shop Mod","StSLib","The Disciple","The Hayseed","The Hierophant","The Marked","The Runesmith"],"gold_per_floor":[114,214,214,227,240,240,240],"floor_reached":6,"language":"ENG","playtime":232,"items_purged":[],"score":186,"play_id":"9847f103-fdad-4f38-b0b3-aeb4f9f9ee25","local_time":"20210220103246","is_ascension_mode":false,"campfire_choices":[],"circlet_count":0,"master_deck":["hermit:Strike_Hermit","hermit:Strike_Hermit","hermit:Strike_Hermit","hermit:Strike_Hermit","hermit:Defend_Hermit","hermit:Defend_Hermit","hermit:Defend_Hermit","hermit:Defend_Hermit","hermit:Snapshot","hermit:Covet","hermit:HoleUp","downfall:Haunted","downfall:Haunted","Injury","hermit:FinalCanter","Writhe","Pain"],"relics":["hermit:Momento","Darkstone Periapt","Gensokyo:LunaticRedEyes"],"acts_visited":["Gensokyo:Gensokyo"],"potions_floor_usage":[],"damage_taken":[{"damage":1,"enemies":"Gensokyo:3_Fairies","floor":1,"turns":4},{"damage":0,"enemies":"Gensokyo:Python","floor":4,"turns":2},{"damage":1,"enemies":"Gensokyo:2_Kodama","floor":5,"turns":3},{"damage":0,"enemies":"Gensokyo:Cirno","floor":6,"turns":3}],"seed_played":"1271918476451637224","potions_obtained":[{"floor":1,"key":"LiquidBronze"},{"floor":4,"key":"DistilledChaos"}],"is_trial":false,"path_per_floor":["M","?","?","M","M","E"],"character_chosen":"HERMIT","items_purchased":[],"campfire_rested":0,"item_purchase_floors":[],"current_hp_per_floor":[81,105,111,111,110,110,110],"gold":240,"neow_bonus":"TEN_PERCENT_HP_BONUS","is_daily":false,"chose_seed":false,"campfire_upgraded":0,"win_rate":0.0,"timestamp":1613813566,"path_taken":["M","?","?","M","M","E"],"items_purchased_type":[],"build_version":"2020-12-22","purchased_purges":0,"victory":false,"max_hp_per_floor":[82,106,112,112,112,112,112],"card_choices":[{"not_picked":["hermit:Vantage","hermit:WideOpen"],"picked":"hermit:HoleUp","floor":1},{"not_picked":["hermit:BodyArmor","hermit:Desperado","hermit:Snipe"],"picked":"SKIP","floor":4},{"not_picked":["hermit:Virtue","hermit:ItchyTrigger","hermit:HoleUp"],"picked":"SKIP","floor":5}],"player_experience":215300,"relics_obtained":[],"event_choices":[],"is_beta":false,"boss_relics":[],"items_purged_floors":[],"is_endless":false,"potions_floor_spawned":[1,4],"killed_by":"Gensokyo:Cirno","ascension_level":0}}