{"host":"89iuq2p5kwriuwfq","time":1613846537,"event":{"mods":["BaseMod","Curses Come First","Custom Start","Minty Spire (QoL Compilation)","Permanent Neow","StSLib"],"gold_per_floor":[110,110,110,56,74,104,122,136,136,161,161,181,212,222,222,295,295,308,52,52,66,82,115,149,174,174,185,201,216,216,247,247,324,324,339,339,0,18,34,64,126,166,178,216,228,260,288,310,322,334,346,358,370,148,176,176],"floor_reached":57,"language":"ENG","playtime":3663,"items_purged":[],"score":3792,"play_id":"8c667822-cc51-441e-99df-1221cf9e8b97","local_time":"20210220184217","is_ascension_mode":true,"campfire_choices":[{"data":"Defragment","floor":11,"key":"SMITH"},{"data":"Coolheaded","floor":15,"key":"SMITH"},{"data":"Heatsinks","floor":30,"key":"SMITH"},{"data":"Storm","floor":32,"key":"SMITH"},{"floor":45,"key":"RECALL"},{"floor":49,"key":"REST"},{"floor":53,"key":"REST"}],"circlet_count":0,"master_deck":["Rainbow+1","Amplify+1","Amplify+1","Echo Form+1","Force Field+1","Force Field+1","Coolheaded+1","Coolheaded+1","Self Repair+1","Storm+1","Storm+1","Creative AI+1","Creative AI+1","Defragment+1","Defragment+1","Capacitor+1","Capacitor+1","Consume+1","Consume+1","Coolheaded+1","Consume+1","Defragment+1","Meteor Strike+1","Heatsinks+1","Seek+1","Defragment+1","Buffer","Coolheaded"],"relics":["Cracked Core","Runic Capacitor","Symbiotic Virus","FrozenCore","Nuclear Battery","Bird Faced Urn","Bottled Tornado","Mummified Hand","Inserter","Cables","Cracked Core","DataDisk","Unceasing Top","StrikeDummy","Mercury Hourglass","Darkstone Periapt","Busted Crown","WingedGreaves","Bottled Lightning","Lizard Tail","Centennial Puzzle","SacredBark","Mark of the Bloom","Red Mask","MawBank","Blue Candle","War Paint","PreservedInsect","Shuriken"],"acts_visited":["Exordium","TheCity","TheBeyond","TheEnding"],"potions_floor_usage":[],"damage_taken":[{"damage":2,"enemies":"Jaw Worm","floor":1,"turns":2},{"damage":1,"enemies":"2 Louse","floor":5,"turns":2},{"damage":0,"enemies":"Lagavulin","floor":6,"turns":2},{"damage":0,"enemies":"Cultist","floor":7,"turns":3},{"damage":0,"enemies":"2 Fungi Beasts","floor":8,"turns":2},{"damage":0,"enemies":"Gremlin Nob","floor":10,"turns":3},{"damage":0,"enemies":"3 Louse","floor":12,"turns":2},{"damage":0,"enemies":"Lagavulin","floor":13,"turns":3},{"damage":0,"enemies":"Red Slaver","floor":14,"turns":3},{"damage":0,"enemies":"The Guardian","floor":16,"turns":3},{"damage":9,"enemies":"Shell Parasite","floor":18,"turns":2},{"damage":0,"enemies":"Spheric Guardian","floor":21,"turns":3},{"damage":0,"enemies":"Snake Plant","floor":22,"turns":2},{"damage":10,"enemies":"Gremlin Leader","floor":23,"turns":2},{"damage":0,"enemies":"Book of Stabbing","floor":24,"turns":2},{"damage":22,"enemies":"Slavers","floor":25,"turns":2},{"damage":0,"enemies":"3 Cultists","floor":27,"turns":2},{"damage":0,"enemies":"Centurion and Healer","floor":28,"turns":3},{"damage":0,"enemies":"Snake Plant","floor":29,"turns":2},{"damage":0,"enemies":"Book of Stabbing","floor":31,"turns":1},{"damage":0,"enemies":"Collector","floor":33,"turns":1},{"damage":0,"enemies":"3 Shapes","floor":35,"turns":1},{"damage":0,"enemies":"3 Darklings","floor":38,"turns":1},{"damage":0,"enemies":"Transient","floor":39,"turns":2},{"damage":0,"enemies":"Nemesis","floor":40,"turns":1},{"damage":0,"enemies":"Reptomancer","floor":42,"turns":3},{"damage":0,"enemies":"Nemesis","floor":44,"turns":1},{"damage":0,"enemies":"Spire Growth","floor":46,"turns":1},{"damage":0,"enemies":"Jaw Worm Horde","floor":47,"turns":1},{"damage":0,"enemies":"4 Shapes","floor":48,"turns":1},{"damage":11,"enemies":"Awakened One","floor":50,"turns":3},{"damage":0,"enemies":"Time Eater","floor":51,"turns":2},{"damage":0,"enemies":"Shield and Spear","floor":55,"turns":1},{"damage":24,"enemies":"The Heart","floor":56,"turns":4}],"seed_played":"-5074901797836014615","potions_obtained":[{"floor":5,"key":"Weak Potion"},{"floor":8,"key":"Energy Potion"}],"is_trial":true,"path_per_floor":["M","?","?","$","M","E","M","M","T","E","R","M","E","M","R","B",null,"M","$","?","M","M","E","E","E","T","M","M","M","R","E","R","B",null,"M","?","?","M","M","E","?","E","T","E","R","M","M","M","R","B","B",null,"R","$","E","B",null],"character_chosen":"DEFECT","items_purchased":["Coolheaded","Heatsinks","Seek","Buffer","Coolheaded"],"campfire_rested":2,"item_purchase_floors":[4,19,19,54,54],"current_hp_per_floor":[71,71,71,71,71,71,71,71,71,71,71,71,71,71,71,71,71,71,71,71,71,71,71,71,67,67,71,71,71,71,71,71,71,71,71,71,71,71,71,71,71,71,71,71,71,71,71,71,71,60,60,60,60,60,60,36],"gold":176,"neow_bonus":"","is_daily":false,"chose_seed":false,"campfire_upgraded":4,"win_rate":0.0,"timestamp":1613846537,"path_taken":["M","?","?","?","M","E","M","M","T","E","R","M","E","M","R","BOSS","M","$","?","M","M","E","E","E","T","M","?","M","R","E","R","BOSS","M","?","?","M","M","E","?","E","T","E","R","M","?","M","R","BOSS","BOSS","R","$","E","BOSS"],"items_purchased_type":["Card","Card","Card","Card","Card"],"build_version":"2020-12-22","purchased_purges":0,"victory":true,"max_hp_per_floor":[71,71,71,71,71,71,71,71,71,71,71,71,71,71,71,71,71,71,71,71,71,71,71,71,71,71,71,71,71,71,71,71,71,71,71,71,71,71,71,71,71,71,71,71,71,71,71,71,71,71,71,71,71,71,71,71],"card_choices":[{"not_picked":["Blizzard","Loop","Hello World"],"picked":"SKIP","floor":1},{"not_picked":["White Noise","Chaos","Rebound"],"picked":"SKIP","floor":5},{"not_picked":["Barrage","Leap","FTL"],"picked":"SKIP","floor":6},{"not_picked":["Barrage","Beam Cell"],"picked":"Consume","floor":7},{"not_picked":["Loop","Coolheaded"],"picked":"Defragment","floor":8},{"not_picked":["Reinforced Body","Double Energy","Leap"],"picked":"SKIP","floor":10},{"not_picked":["Static Discharge","Cold Snap","Sunder"],"picked":"SKIP","floor":12},{"not_picked":["Go for the Eyes","Capacitor","White Noise"],"picked":"SKIP","floor":13},{"not_picked":["Hologram","Rebound","Conserve Battery"],"picked":"SKIP","floor":14},{"not_picked":["Electrodynamics","Multi-Cast"],"picked":"Meteor Strike","floor":16},{"not_picked":["Steam"],"picked":"SKIP","floor":18},{"not_picked":[],"picked":"Defragment","floor":21},{"not_picked":["Auto Shields"],"picked":"SKIP","floor":22},{"not_picked":["Cold Snap+1"],"picked":"SKIP","floor":23},{"not_picked":["Gash"],"picked":"SKIP","floor":24},{"not_picked":["Coolheaded"],"picked":"SKIP","floor":25},{"not_picked":["Turbo"],"picked":"SKIP","floor":27},{"not_picked":["Genetic Algorithm"],"picked":"SKIP","floor":28},{"not_picked":["Blizzard+1"],"picked":"SKIP","floor":29},{"not_picked":["Rip and Tear"],"picked":"SKIP","floor":31},{"not_picked":["Barrage"],"picked":"SKIP","floor":35},{"not_picked":["Leap"],"picked":"SKIP","floor":38},{"not_picked":["Barrage"],"picked":"SKIP","floor":39},{"not_picked":["Redo+1"],"picked":"SKIP","floor":40},{"not_picked":["Skim"],"picked":"SKIP","floor":42},{"not_picked":["Sweeping Beam"],"picked":"SKIP","floor":44},{"not_picked":["Leap"],"picked":"SKIP","floor":46},{"not_picked":["Consume"],"picked":"SKIP","floor":47},{"not_picked":["Rebound"],"picked":"SKIP","floor":48},{"not_picked":["Creative AI"],"picked":"SKIP","floor":55}],"player_experience":749413,"relics_obtained":[{"floor":6,"key":"Unceasing Top"},{"floor":9,"key":"StrikeDummy"},{"floor":10,"key":"Mercury Hourglass"},{"floor":13,"key":"Darkstone Periapt"},{"floor":23,"key":"WingedGreaves"},{"floor":24,"key":"Bottled Lightning"},{"floor":25,"key":"Lizard Tail"},{"floor":31,"key":"Centennial Puzzle"},{"floor":40,"key":"MawBank"},{"floor":42,"key":"Blue Candle"},{"floor":43,"key":"War Paint"},{"floor":44,"key":"PreservedInsect"},{"floor":55,"key":"Shuriken"}],"event_choices":[{"damage_healed":0,"gold_gain":0,"player_choice":"Ignored","damage_taken":0,"max_hp_gain":0,"max_hp_loss":0,"event_name":"Liars Game","floor":2,"gold_loss":0},{"damage_healed":0,"gold_gain":0,"player_choice":"Grow","damage_taken":0,"max_hp_gain":0,"max_hp_loss":0,"event_name":"Living Wall","floor":3,"gold_loss":0,"cards_upgraded":["Capacitor"]},{"cards_removed":["Self Repair"],"damage_healed":0,"gold_gain":0,"player_choice":"Offered Uncommon","damage_taken":0,"max_hp_gain":0,"max_hp_loss":0,"event_name":"Bonfire Elementals","floor":20,"gold_loss":0},{"damage_healed":0,"gold_gain":0,"player_choice":"Upgrade","damage_taken":0,"relics_obtained":["Mark of the Bloom"],"max_hp_gain":0,"max_hp_loss":0,"event_name":"MindBloom","floor":36,"gold_loss":0,"cards_upgraded":["Rainbow","Amplify","Amplify","Echo Form","Force Field","Force Field","Coolheaded","Self Repair","Storm","Creative AI","Creative AI","Defragment","Capacitor","Consume","Consume","Coolheaded","Consume","Defragment","Meteor Strike","Seek","Defragment"]},{"damage_healed":0,"gold_gain":0,"player_choice":"Paid","damage_taken":0,"relics_obtained":["Red Mask"],"max_hp_gain":0,"max_hp_loss":0,"event_name":"Tomb of Lord Red Mask","floor":37,"gold_loss":339},{"damage_healed":0,"gold_gain":50,"player_choice":"Pray","damage_taken":0,"max_hp_gain":0,"max_hp_loss":0,"event_name":"Golden Shrine","floor":41,"gold_loss":0}],"is_beta":false,"boss_relics":[{"not_picked":["Tiny House","Sozu"],"picked":"Busted Crown"},{"not_picked":["Snecko Eye","Empty Cage"],"picked":"SacredBark"}],"items_purged_floors":[],"is_endless":false,"potions_floor_spawned":[1,5,8,13,21,23,25,28,29,39,40,42,55],"ascension_level":20}}