{"host":"gaqyve1328ta0etl","time":1613816141,"event":{"mods":["BaseMod","Colored Map","Colored Powertips","Duelist Mod","Googly Eyes","Hero for Fun","Minty Spire (QoL Compilation)","Shop Mod","StSLib","SuperFastMode","The Hierophant","The Runesmith"],"gold_per_floor":[13,31,31,44,17,17,36,36,36,36,52,70,70,86,86,161,161,174,184,29,43,93,93,8,8,8,21,37,37,37,53,53,131,131,143,143,157,183,183,183,210,223,298,298,324,344,344,360,360,360],"floor_reached":51,"language":"ENG","playtime":2581,"items_purged":[],"score":1489,"play_id":"c6564cb2-d38e-482d-9551-fd0533c895a9","local_time":"20210220021541","is_ascension_mode":true,"campfire_choices":[{"data":"theDuelist:PotAvarice","floor":6,"key":"SMITH"},{"floor":10,"key":"REST"},{"data":"1","floor":13,"key":"LIFT"},{"data":"theDuelist:LegendaryOcean","floor":15,"key":"SMITH"},{"floor":23,"key":"REST"},{"floor":29,"key":"REST"},{"data":"2","floor":32,"key":"LIFT"},{"data":"3","floor":40,"key":"LIFT"},{"floor":44,"key":"REST"},{"floor":47,"key":"REST"},{"data":"theDuelist:Monokeros","floor":49,"key":"SMITH"}],"circlet_count":0,"master_deck":["theDuelist:Nameless:Magic:GridRod","theDuelist:SevenColoredFish","theDuelist:SevenColoredFish","theDuelist:AquaSpirit","AscendersBane","theDuelist:IslandTurtle","theDuelist:IslandTurtle","theDuelist:RevivalJam","theDuelist:DiamondDust","theDuelist:ArmoredStarfish","theDuelist:AegisOceanDragon+1","theDuelist:LeviairSeaDragon","theDuelist:PotAvarice+1","theDuelist:OhFish+1","theDuelist:GilfordLegend","theDuelist:LegendaryOcean+1","theDuelist:LostBlueBreaker","theDuelist:Monokeros+1","theDuelist:GamecieltheSeaTurtleKaiju","theDuelist:GamecieltheSeaTurtleKaiju","theDuelist:BlizzardThunderbird","theDuelist:GishkiShadow","theDuelist:FishRain","theDuelist:Fissure+1","theDuelist:WaterHazard"],"relics":["theDuelist:MillenniumPuzzle","theDuelist:CardPoolRelic","theDuelist:CardPoolBasicRelic","theDuelist:BoosterPackPoolRelic","theDuelist:CardPoolAddRelic","theDuelist:CardPoolMinusRelic","theDuelist:CardPoolSaveRelic","theDuelist:CardPoolOptionsRelic","theDuelist:MillenniumPrayerbook","Girya","Busted Crown","Thread and Needle","Paper Crane","Empty Cage","Strawberry","theDuelist:BoosterPackHealer","theDuelist:GiftAnubis","Unceasing Top"],"acts_visited":["Exordium","TheCity","TheBeyond"],"potions_floor_usage":[5,16,50],"damage_taken":[{"damage":10,"enemies":"Small Slimes","floor":1,"turns":4},{"damage":0,"enemies":"Cultist","floor":2,"turns":4},{"damage":0,"enemies":"2 Louse","floor":4,"turns":2},{"damage":0,"enemies":"Exordium Thugs","floor":5,"turns":5},{"damage":16,"enemies":"Blue Slaver","floor":7,"turns":6},{"damage":4,"enemies":"Exordium Wildlife","floor":11,"turns":4},{"damage":0,"enemies":"2 Fungi Beasts","floor":12,"turns":4},{"damage":0,"enemies":"Blue Slaver","floor":14,"turns":4},{"damage":43,"enemies":"Slime Boss","floor":16,"turns":6},{"damage":11,"enemies":"Spheric Guardian","floor":18,"turns":4},{"damage":19,"enemies":"Shell Parasite","floor":19,"turns":4},{"damage":4,"enemies":"Sentry and Sphere","floor":21,"turns":8},{"damage":0,"enemies":"3 Cultists","floor":27,"turns":5},{"damage":12,"enemies":"Snecko","floor":28,"turns":7},{"damage":0,"enemies":"Shelled Parasite and Fungi","floor":31,"turns":7},{"damage":37,"enemies":"Collector","floor":33,"turns":10},{"damage":0,"enemies":"Orb Walker","floor":35,"turns":4},{"damage":0,"enemies":"3 Shapes","floor":37,"turns":8},{"damage":0,"enemies":"Giant Head","floor":41,"turns":8},{"damage":23,"enemies":"Sphere and 2 Shapes","floor":42,"turns":5},{"damage":0,"enemies":"Nemesis","floor":45,"turns":7},{"damage":18,"enemies":"4 Shapes","floor":46,"turns":6},{"damage":4,"enemies":"Transient","floor":48,"turns":6},{"damage":0,"enemies":"Time Eater","floor":50,"turns":7}],"seed_played":"2520309221108304943","potions_obtained":[{"floor":4,"key":"Block Potion"},{"floor":7,"key":"FairyPotion"},{"floor":11,"key":"theDuelist:SealedPackB"},{"floor":19,"key":"theDuelist:WhiteBottle"}],"is_trial":false,"path_per_floor":["M","M","?","M","M","R","M","T","T","R","M","M","R","M","R","B",null,"M","M","$","M","?","R","?","?","T","M","M","R","?","M","R","B",null,"M","?","M","T","?","R","E","M","T","R","E","M","R","M","R","B",null],"character_chosen":"THE_DUELIST","items_purchased":["theDuelist:Monokeros"],"campfire_rested":5,"item_purchase_floors":[20],"current_hp_per_floor":[53,53,53,53,53,53,37,37,37,58,54,54,54,54,54,11,55,44,25,25,21,21,42,42,42,42,42,30,51,51,51,51,14,56,56,56,56,63,63,63,63,44,44,67,71,53,76,76,76,76],"gold":360,"neow_bonus":"TRANSFORM_TWO_CARDS","is_daily":false,"chose_seed":false,"campfire_upgraded":3,"win_rate":0.0,"timestamp":1613816141,"path_taken":["M","M","?","?","M","R","M","?","T","R","M","?","R","M","R","BOSS","M","M","$","?","?","R","?","?","T","?","M","R","?","M","R","BOSS","M","?","M","?","?","R","E","M","T","R","E","?","R","M","R","BOSS"],"items_purchased_type":["Card"],"build_version":"2020-12-22","purchased_purges":0,"victory":true,"max_hp_per_floor":[70,70,70,70,70,70,70,70,70,70,70,70,70,70,70,70,70,70,70,70,70,70,70,70,70,70,70,70,70,70,70,70,70,70,70,70,70,77,77,77,77,77,77,77,77,77,77,77,77,77],"card_choices":[{"not_picked":["theDuelist:TorrentialTribute","theDuelist:OhFish","theDuelist:GraydleParasite","theDuelist:FishDepthCharge"],"picked":"theDuelist:AegisOceanDragon","floor":1},{"not_picked":["theDuelist:GraydleSlimeJr","theDuelist:GishkiAvance","theDuelist:AbyssWarrior","theDuelist:MermaidKnight"],"picked":"theDuelist:LeviairSeaDragon","floor":2},{"not_picked":["theDuelist:EvigishkiGustkraken","theDuelist:Monokeros","theDuelist:LiquidBeast","theDuelist:AtlanteanAttackSquad"],"picked":"theDuelist:GishkiAriel","floor":4},{"not_picked":["theDuelist:GilfordLegend","theDuelist:Salvage","theDuelist:GishkiMarker","theDuelist:AquamirrorCycle"],"picked":"theDuelist:PotAvarice","floor":5},{"not_picked":["theDuelist:GraydleEagle","theDuelist:ArmoredStarfish","theDuelist:CallAtlanteans","theDuelist:DepthShark"],"picked":"theDuelist:OhFish","floor":7},{"not_picked":["theDuelist:Salvage","theDuelist:FreezingBeast","theDuelist:PotGreed","theDuelist:PotDichotomy"],"picked":"theDuelist:GilfordLegend","floor":11},{"not_picked":["theDuelist:Hyosube","theDuelist:HighTideGyojin","theDuelist:AmphibiousBugroth","theDuelist:TerrorkingSalmon","theDuelist:Dorover"],"picked":"SKIP","floor":12},{"not_picked":["theDuelist:MermaidKnight","theDuelist:GraydleAlligator","theDuelist:IslandTurtle","theDuelist:ArmoredStarfish"],"picked":"theDuelist:LegendaryOcean","floor":14},{"not_picked":["theDuelist:SplashCapture","theDuelist:DewlorenTigerKing","theDuelist:ColdEnchanter","theDuelist:AquaactressArowana"],"picked":"theDuelist:LostBlueBreaker","floor":16},{"not_picked":["theDuelist:BigEye","theDuelist:Ameba","theDuelist:BlueBloodedOni"],"picked":"SKIP","floor":18},{"not_picked":["theDuelist:SevenColoredFish+1","theDuelist:CastleWalls","theDuelist:AegisOceanDragon+1"],"picked":"SKIP","floor":19},{"not_picked":["theDuelist:OneForOne+1","theDuelist:SphereKuriboh"],"picked":"theDuelist:GamecieltheSeaTurtleKaiju","floor":21},{"not_picked":["theDuelist:Uminotaurus","theDuelist:LeviaDragon","theDuelist:HyperancientShark"],"picked":"SKIP","floor":27},{"not_picked":["theDuelist:EvigishkiMerrowgeist","theDuelist:GishkiEmilia","theDuelist:LegendaryOcean"],"picked":"SKIP","floor":28},{"not_picked":["theDuelist:GishkiAvance","theDuelist:Dewdark","theDuelist:GiantTurtle+1"],"picked":"SKIP","floor":31},{"not_picked":["theDuelist:SplashCapture","theDuelist:SeaLordAmulet"],"picked":"theDuelist:GamecieltheSeaTurtleKaiju","floor":33},{"not_picked":["theDuelist:KoakiMeiruIce","theDuelist:LeviairSeaDragon"],"picked":"theDuelist:BlizzardThunderbird","floor":35},{"not_picked":["theDuelist:GishkiBeast","theDuelist:GishkiMollusk"],"picked":"theDuelist:GishkiShadow","floor":37},{"not_picked":["theDuelist:AbyssWarrior","theDuelist:KoakiMeiruIce"],"picked":"theDuelist:FishRain","floor":41},{"not_picked":["theDuelist:HydraViper","theDuelist:EvigishkiMerrowgeist","theDuelist:SpikedGillman"],"picked":"SKIP","floor":42},{"not_picked":["theDuelist:LightningVortex","theDuelist:BattleOx"],"picked":"theDuelist:Fissure+1","floor":45},{"not_picked":["theDuelist:GilfordLegend","theDuelist:PotAvarice","theDuelist:BigEye+1"],"picked":"SKIP","floor":46},{"not_picked":["theDuelist:FishKicks+1","theDuelist:Wetlands"],"picked":"theDuelist:WaterHazard","floor":48}],"player_experience":2222330,"relics_obtained":[{"floor":8,"key":"theDuelist:MillenniumPrayerbook"},{"floor":9,"key":"Girya"},{"floor":26,"key":"Paper Crane"},{"floor":38,"key":"Strawberry"},{"floor":41,"key":"theDuelist:BoosterPackHealer"},{"floor":43,"key":"theDuelist:GiftAnubis"},{"floor":45,"key":"Unceasing Top"}],"event_choices":[{"damage_healed":0,"gold_gain":0,"player_choice":"Upgraded","damage_taken":0,"max_hp_gain":0,"max_hp_loss":0,"event_name":"Upgrade Shrine","floor":3,"gold_loss":0,"cards_upgraded":["theDuelist:AegisOceanDragon"]},{"damage_healed":0,"gold_gain":50,"player_choice":"Stole From Cult","damage_taken":0,"max_hp_gain":0,"max_hp_loss":0,"event_name":"Nest","floor":22,"gold_loss":0},{"damage_healed":0,"gold_gain":0,"player_choice":"Obtained Relic","damage_taken":0,"relics_obtained":["Thread and Needle"],"max_hp_gain":0,"max_hp_loss":0,"event_name":"Addict","floor":24,"gold_loss":85},{"damage_healed":0,"gold_gain":0,"player_choice":"Forge","damage_taken":0,"max_hp_gain":0,"max_hp_loss":0,"event_name":"Accursed Blacksmith","floor":25,"gold_loss":0,"cards_upgraded":["theDuelist:OhFish"]},{"damage_healed":0,"gold_gain":0,"player_choice":"Ignored","damage_taken":0,"max_hp_gain":0,"max_hp_loss":0,"event_name":"Ghosts","floor":30,"gold_loss":0},{"damage_healed":0,"gold_gain":0,"player_choice":"Traded Gishki Ariel for Grid Rod","duelist":true,"damage_taken":0,"max_hp_gain":0,"max_hp_loss":0,"event_name":"Card Trader","floor":36,"gold_loss":0},{"damage_healed":0,"gold_gain":0,"player_choice":"Leave","duelist":true,"damage_taken":0,"max_hp_gain":0,"max_hp_loss":0,"event_name":"Millennium Items","floor":39,"gold_loss":0}],"is_beta":false,"boss_relics":[{"not_picked":["Mark of Pain","Astrolabe"],"picked":"Busted Crown"},{"not_picked":["SacredBark","theDuelist:HauntedRelic"],"picked":"Empty Cage"}],"items_purged_floors":[],"is_endless":false,"potions_floor_spawned":[4,7,11,14,19,33,37,42,46],"ascension_level":17}}