{"host":"7108daw7adv7mxyd","time":1613854290,"event":{"mods":["BaseMod","Minty Spire (QoL Compilation)","StSLib"],"gold_per_floor":[114,133,83,83,83,115,133,166,166,166,178,178,63,76,76,176,176,191,209,308,319,319,352,352,352],"floor_reached":24,"language":"ENG","playtime":1180,"items_purged":["Strike_P"],"score":260,"play_id":"bf8e2e5b-e782-4e5c-9bbe-bb967a9dbacf","local_time":"20210220155130","is_ascension_mode":true,"campfire_choices":[{"floor":10,"key":"REST"},{"floor":12,"key":"REST"},{"floor":15,"key":"REST"}],"circlet_count":0,"master_deck":["Strike_P","Strike_P","Defend_P","Defend_P","Eruption","Vigilance+1","PathToVictory","EmptyBody","PathToVictory","FearNoEvil","Consecrate","Alpha"],"relics":["PureWater","Darkstone Periapt","Yang","Eternal Feather","Snecko Eye","Tiny Chest"],"acts_visited":["Exordium","TheCity"],"potions_floor_usage":[8,11,16,18,19],"damage_taken":[{"damage":4,"enemies":"Small Slimes","floor":1,"turns":4},{"damage":1,"enemies":"Jaw Worm","floor":2,"turns":5},{"damage":13,"enemies":"Lagavulin","floor":6,"turns":5},{"damage":2,"enemies":"2 Louse","floor":7,"turns":2},{"damage":48,"enemies":"3 Sentries","floor":8,"turns":17},{"damage":5,"enemies":"Gremlin Gang","floor":11,"turns":8},{"damage":11,"enemies":"Lots of Slimes","floor":14,"turns":4},{"damage":90,"enemies":"Slime Boss","floor":16,"turns":15},{"damage":0,"enemies":"3 Byrds","floor":18,"turns":3},{"damage":27,"enemies":"Spheric Guardian","floor":19,"turns":5},{"damage":18,"enemies":"Shelled Parasite and Fungi","floor":21,"turns":5},{"damage":17,"enemies":"Gremlin Leader","floor":23,"turns":4},{"damage":19,"enemies":"Snake Plant","floor":24,"turns":2}],"seed_played":"4330283820338675677","potions_obtained":[{"floor":6,"key":"DistilledChaos"},{"floor":7,"key":"FairyPotion"},{"floor":8,"key":"SpeedPotion"},{"floor":14,"key":"Weak Potion"},{"floor":16,"key":"Weak Potion"},{"floor":18,"key":"Ambrosia"},{"floor":23,"key":"SpeedPotion"}],"is_trial":false,"path_per_floor":["M","M","?","?","?","E","M","E","T","R","M","R","$","M","R","B",null,"M","M","?","M","?","E","M"],"character_chosen":"WATCHER","items_purchased":["FearNoEvil"],"campfire_rested":3,"item_purchase_floors":[13],"current_hp_per_floor":[68,67,67,72,72,59,57,9,9,38,33,62,62,51,77,12,77,77,50,50,32,32,15,0,0],"gold":352,"neow_bonus":"UPGRADE_CARD","is_daily":false,"chose_seed":false,"campfire_upgraded":0,"win_rate":0.0,"timestamp":1613854290,"path_taken":["M","M","?","?","?","E","?","E","T","R","M","R","$","M","R","BOSS","M","?","?","M","?","E","?"],"items_purchased_type":["Card"],"build_version":"2020-12-22","purchased_purges":1,"victory":false,"max_hp_per_floor":[72,72,72,77,77,77,77,77,77,77,77,77,77,77,77,77,77,77,77,77,77,77,77,77,77],"card_choices":[{"not_picked":["JustLucky","WaveOfTheHand","Sanctity"],"picked":"SKIP","floor":1},{"not_picked":["ClearTheMind","ForeignInfluence"],"picked":"PathToVictory","floor":2},{"not_picked":["Protect","ThirdEye"],"picked":"EmptyBody","floor":6},{"not_picked":["DeceiveReality","Perseverance","JustLucky"],"picked":"SKIP","floor":7},{"not_picked":["WaveOfTheHand","CarveReality","Collect"],"picked":"SKIP","floor":8},{"not_picked":["ForeignInfluence","FlyingSleeves"],"picked":"PathToVictory","floor":11},{"not_picked":["CrushJoints","WaveOfTheHand"],"picked":"Consecrate","floor":14},{"not_picked":["Brilliance","Wish"],"picked":"Alpha","floor":16},{"not_picked":["ThirdEye","Consecrate","WreathOfFlame"],"picked":"SKIP","floor":18},{"not_picked":["Fasting2","EmptyBody+1","WindmillStrike"],"picked":"SKIP","floor":19},{"not_picked":["Conclude+1","Halt+1","ClearTheMind"],"picked":"SKIP","floor":21},{"not_picked":["Brilliance","FlyingSleeves","JustLucky"],"picked":"SKIP","floor":23}],"player_experience":317221,"relics_obtained":[{"floor":6,"key":"Darkstone Periapt"},{"floor":8,"key":"Yang"},{"floor":9,"key":"Eternal Feather"},{"floor":23,"key":"Tiny Chest"}],"event_choices":[{"cards_removed":["Strike_P"],"damage_healed":0,"gold_gain":0,"player_choice":"Card Removal","damage_taken":0,"max_hp_gain":0,"max_hp_loss":0,"event_name":"The Cleric","floor":3,"gold_loss":50},{"damage_healed":0,"gold_gain":0,"player_choice":"Donut","damage_taken":0,"max_hp_gain":5,"max_hp_loss":0,"event_name":"Big Fish","floor":4,"gold_loss":0},{"cards_removed":["Defend_P"],"damage_healed":0,"gold_gain":0,"player_choice":"Purged","damage_taken":0,"max_hp_gain":0,"max_hp_loss":0,"event_name":"Purifier","floor":5,"gold_loss":0},{"damage_healed":0,"gold_gain":99,"player_choice":"Stole From Cult","damage_taken":0,"max_hp_gain":0,"max_hp_loss":0,"event_name":"Nest","floor":20,"gold_loss":0},{"cards_removed":["Defend_P"],"damage_healed":0,"gold_gain":0,"player_choice":"Purged","damage_taken":0,"max_hp_gain":0,"max_hp_loss":0,"event_name":"Purifier","floor":22,"gold_loss":0}],"is_beta":false,"boss_relics":[{"not_picked":["SlaversCollar","Sozu"],"picked":"Snecko Eye"}],"items_purged_floors":[13],"is_endless":false,"potions_floor_spawned":[6,7,8,14,16,18,23],"killed_by":"Snake Plant","ascension_level":3}}