{"host":"rg29p8m4aqjozpzt","time":1613838862,"event":{"mods":["100% Spire Juice","Aspiration","Bartender","BaseMod","Beaked The Cultist","Better Altar","Better Match","Better Sensory Stone","Better Skull","Better Third Choice","BetterRewards","Chen","Colored Powertips","Conspire","Downfall","Friendly Minions","Hermit","Hubris","JesterMod","Magitek Elite","Minty Spire (QoL Compilation)","Permanent Neow","Prisma Mod","QueenMod","Quick Restart","Relic Filter","Reorder Act Four","Shade Mod","StSLib","SuperFastMode","The Alterego","The Marked","The Runesmith","Unceasing Turn Reminder"],"gold_per_floor":[113,113,128,146,161,161,3,3,51,27,27,16,16,88,88,185,185,200,29,43,43,55,81,100,100,100,100,111,122,122,137,137,137,137,137],"floor_reached":33,"language":"ENG","playtime":2536,"items_purged":["hexamod:Strike","hexamod:Defend","hexamod:Strike"],"score":334,"play_id":"51121b4a-a088-4fe7-8af5-5e23d2613c4e","local_time":"20210220173422","is_ascension_mode":false,"campfire_choices":[{"data":"hexamod:Float","floor":6,"key":"SMITH"},{"data":"hexamod:GhostOfSpirePast","floor":8,"key":"SMITH"},{"data":"hexamod:FastForward","floor":11,"key":"SMITH"},{"data":"hexamod:Hexaguard","floor":15,"key":"SMITH"},{"data":"hexamod:GhostOfSpireFuture","floor":25,"key":"SMITH"},{"data":"hexamod:ForkedFlame","floor":32,"key":"SMITH"}],"circlet_count":0,"master_deck":["hexamod:Strike","hexamod:Strike","hexamod:Defend","hexamod:Defend","hexamod:Defend","hexamod:Sear","hexamod:Float+1","hexamod:RadiantFlame","hexamod:NecessarySacrifice+1","hexamod:FourthSeal","hexamod:FourthSeal","hexamod:PhantomCloak","hexamod:Hexaguard+1","hexamod:GhostOfSpirePast+1","hexamod:ThirdSeal","hexamod:PhantomFireball","hexamod:FastForward+1","hexamod:ThirdSeal","hexamod:StepThrough","hexamod:VolcanoVisage","hexamod:ForkedFlame+1","hexamod:HexaLevel","hexamod:Hexaguard+1","hexamod:InspiringFlames","hexamod:Firestarter+1","hexamod:StepThrough","hexamod:SpectralAdrenaline","hexamod:FirstSeal","hexamod:FastForward","hexamod:FastForward","hexamod:Rewind","hexamod:GhostOfSpireFuture+1","hexamod:RetreatToShadows","hexamod:Rewind","hexamod:GhostOfSpirePast+1","hexamod:FastForward","hexamod:AdvancingGuard","hexamod:Rewind"],"relics":["hexamod:SpiritBrand","Question Card","Tiny Chest","Bag of Preparation","Gremlin Horn","hexamod:IceCube","Bronze Scales","hexamod:InflammatoryLetter"],"acts_visited":["Exordium","TheCity"],"potions_floor_usage":[0,5,12,12,12,16,22,22,23,23,24,24,28,28,29,31,31,31,33,33,33],"damage_taken":[{"damage":1,"enemies":"Jaw Worm","floor":1,"turns":4},{"damage":1,"enemies":"Cultist","floor":3,"turns":4},{"damage":19,"enemies":"Small Slimes","floor":4,"turns":4},{"damage":5,"enemies":"Looter","floor":5,"turns":3},{"damage":18,"enemies":"Exordium Thugs","floor":12,"turns":6},{"damage":14,"enemies":"The Guardian","floor":16,"turns":8},{"damage":7,"enemies":"Shell Parasite","floor":18,"turns":4},{"damage":0,"enemies":"Chosen","floor":20,"turns":5},{"damage":10,"enemies":"Snecko","floor":22,"turns":5},{"damage":5,"enemies":"Book of Stabbing","floor":23,"turns":5},{"damage":28,"enemies":"Shelled Parasite and Fungi","floor":24,"turns":4},{"damage":19,"enemies":"Snake Plant","floor":28,"turns":4},{"damage":15,"enemies":"Centurion and Healer","floor":29,"turns":7},{"damage":0,"enemies":"Snecko","floor":31,"turns":6},{"damage":35,"enemies":"Automaton","floor":33,"turns":6}],"seed_played":"275120228309411554","potions_obtained":[{"floor":1,"key":"FairyPotion"},{"floor":3,"key":"EntropicBrew"},{"floor":5,"key":"hexamod:EctoCoolerPotion"},{"floor":12,"key":"PowerPotion"},{"floor":18,"key":"hexamod:DoubleChargePotion"},{"floor":18,"key":"Energy Potion"},{"floor":20,"key":"Block Potion"},{"floor":22,"key":"Weak Potion"},{"floor":22,"key":"bronze:BurnAndBuffPotion"},{"floor":23,"key":"AttackPotion"},{"floor":23,"key":"sneckomod:MuddlingPotion"},{"floor":24,"key":"Fruit Juice"},{"floor":28,"key":"Regen Potion"},{"floor":28,"key":"sneckomod:MuddlingPotion"},{"floor":29,"key":"LiquidMemories"},{"floor":29,"key":"hexamod:EctoCoolerPotion"},{"floor":31,"key":"SkillPotion"},{"floor":31,"key":"LiquidMemories"},{"floor":31,"key":"PowerPotion"}],"is_trial":false,"path_per_floor":["M","?","M","M","M","R","$","R","T","$","R","M","?","T","R","B",null,"M","$","M","?","M","E","M","R","T","?","M","M","T","M","R","B"],"character_chosen":"THE_SPIRIT","items_purchased":["Question Card","hexamod:RadiantFlame","Tiny Chest","hexamod:NecessarySacrifice","hexamod:FourthSeal","EntropicBrew","hexamod:ThirdSeal","hexamod:PhantomFireball","hexamod:FastForward","hexamod:InspiringFlames"],"campfire_rested":0,"item_purchase_floors":[0,0,0,0,0,0,7,7,10,19],"current_hp_per_floor":[37,41,40,21,16,16,16,16,16,16,16,21,21,21,21,7,70,63,63,63,56,46,48,27,27,27,27,20,27,27,34,34,0,0,0],"gold":137,"neow_bonus":"","is_daily":false,"chose_seed":false,"campfire_upgraded":6,"win_rate":0.0,"timestamp":1613838862,"path_taken":["M","?","?","M","M","R","$","R","T","$","R","M","?","?","R","BOSS","M","$","M","?","M","E","M","R","T","?","?","M","?","M","R","BOSS"],"items_purchased_type":["Relic","Card","Relic","Card","Card","Potion","Card","Card","Card","Card"],"build_version":"2020-12-22","purchased_purges":3,"victory":false,"max_hp_per_floor":[70,70,70,70,70,70,70,70,70,70,70,70,70,70,70,70,70,70,70,70,70,70,70,70,70,70,70,75,75,75,75,75,75,75,75],"card_choices":[{"not_picked":["hexamod:NightmareStrike","hexamod:BurningTouch","hexamod:Firestarter"],"picked":"hexamod:FourthSeal","floor":1},{"not_picked":["hexamod:Incineration","hexamod:GhostLash","hexamod:NightmareStrike"],"picked":"hexamod:PhantomCloak","floor":3},{"not_picked":["hexamod:ShieldOfDarkness","hexamod:SwordOfDarkness","hexamod:BacktrackSmack"],"picked":"hexamod:Hexaguard","floor":4},{"not_picked":["hexamod:HauntingEcho","hexamod:GhostShield","hexamod:BurningTouch"],"picked":"hexamod:GhostOfSpirePast","floor":5},{"not_picked":["hexamod:Haunt","hexamod:HeatShield","hexamod:DynamicBlow"],"picked":"hexamod:ThirdSeal","floor":12},{"not_picked":["hexamod:ShieldOfDarkness","hexamod:HeatMetal","hexamod:WildfireWeapon"],"picked":"hexamod:StepThrough","floor":12},{"not_picked":["hexamod:UnlimitedPower","hexamod:GhostflameInferno","hexamod:HexaLevel"],"picked":"hexamod:VolcanoVisage","floor":16},{"not_picked":["hexamod:ParanormalForm","hexamod:SixthSeal","hexamod:GhostflameInferno"],"picked":"hexamod:ForkedFlame","floor":16},{"not_picked":["hexamod:ParanormalForm","hexamod:UnleashSpirits","hexamod:UnlimitedPower"],"picked":"hexamod:HexaLevel","floor":16},{"not_picked":["hexamod:NightmareGuise","hexamod:Incineration+1","hexamod:SpectersWail"],"picked":"hexamod:Hexaguard+1","floor":18},{"not_picked":["hexamod:HeatMetal","hexamod:NightmareGuise+1","hexamod:BacktrackSmack","hexamod:ThirdSeal"],"picked":"SKIP","floor":18},{"not_picked":["hexamod:ThirdSeal","hexamod:SpectersWail","hexamod:FifthSeal","hexamod:GhostShield+1"],"picked":"SKIP","floor":18},{"not_picked":["hexamod:NightmareGuise","hexamod:SpectralAdrenaline","hexamod:HeatCrush"],"picked":"hexamod:Firestarter+1","floor":20},{"not_picked":["hexamod:ThermalTransfer+1","hexamod:ShieldOfDarkness","hexamod:BacktrackSmack+1"],"picked":"hexamod:StepThrough","floor":20},{"not_picked":["hexamod:SecondSeal","hexamod:NightmareGuise","hexamod:ShieldOfDarkness"],"picked":"hexamod:SpectralAdrenaline","floor":20},{"not_picked":["hexamod:SoulSteal","hexamod:SwordOfDarkness","hexamod:GhostLash"],"picked":"hexamod:FastForward","floor":22},{"not_picked":["hexamod:SkipABeat","hexamod:RadiantFlame+1","hexamod:Hexaguard"],"picked":"hexamod:FastForward","floor":22},{"not_picked":["hexamod:ShieldOfDarkness","hexamod:SpectralAdrenaline","hexamod:GhostOfSpirePast"],"picked":"hexamod:Rewind","floor":23},{"not_picked":["hexamod:TurnItUp","hexamod:GhostLash","hexamod:SearingWound","hexamod:SecondSeal"],"picked":"SKIP","floor":23},{"not_picked":["hexamod:SpectersWail","hexamod:GhostLash","hexamod:HeatMetal"],"picked":"hexamod:GhostOfSpireFuture","floor":24},{"not_picked":["hexamod:RainOfEmbers","hexamod:GhostShield","hexamod:ThermalTransfer"],"picked":"hexamod:RetreatToShadows","floor":24},{"not_picked":["hexamod:BurningTouch","hexamod:ShieldOfDarkness","hexamod:BacktrackSmack"],"picked":"hexamod:Rewind","floor":24},{"not_picked":["hexamod:GhostShield","hexamod:RetreatToShadows+1","hexamod:HeatMetal+1"],"picked":"hexamod:GhostOfSpirePast+1","floor":28},{"not_picked":["hexamod:SpectersWail","hexamod:RadiantFlame","hexamod:GhostShield"],"picked":"hexamod:FastForward","floor":28},{"not_picked":["hexamod:NightmareGuise+1","hexamod:GhostLash","hexamod:FourthSeal"],"picked":"hexamod:AdvancingGuard","floor":29},{"not_picked":["hexamod:HexaLevel","hexamod:SwordOfDarkness","hexamod:RadiantFlame"],"picked":"hexamod:Rewind","floor":29},{"not_picked":["hexamod:ShieldOfDarkness","hexamod:GhostLash","hexamod:NightmareGuise","hexamod:BacktrackSmack"],"picked":"SKIP","floor":29},{"not_picked":["hexamod:SpectralAdrenaline","hexamod:HeatShield","hexamod:NightmareGuise+1","hexamod:InspiringFlames"],"picked":"SKIP","floor":31},{"not_picked":["hexamod:FastForward","hexamod:SwordOfDarkness+1","hexamod:Hexaguard","hexamod:HeatMetal"],"picked":"SKIP","floor":31},{"not_picked":["hexamod:Hexaguard","hexamod:DynamicBlow","hexamod:Firestarter","hexamod:Incineration+1"],"picked":"SKIP","floor":31}],"player_experience":1561886,"relics_obtained":[{"floor":9,"key":"Bag of Preparation"},{"floor":14,"key":"Gremlin Horn"},{"floor":23,"key":"Bronze Scales"},{"floor":30,"key":"hexamod:InflammatoryLetter"}],"event_choices":[{"damage_healed":4,"gold_gain":0,"player_choice":"LEAVE ","damage_taken":0,"relics_obtained":[],"max_hp_gain":0,"max_hp_loss":0,"event_name":"betterSkull:BetterSkull","floor":2,"gold_loss":0,"cards_upgraded":[]}],"is_beta":false,"boss_relics":[{"not_picked":["aspiration:FutureDiary","SlaversCollar"],"picked":"hexamod:IceCube"}],"items_purged_floors":[0,0,19],"is_endless":false,"potions_floor_spawned":[3,4,5,18,22,23,31],"killed_by":"Automaton","ascension_level":0}}