{"host":"gobyjzz6xbwq9f9i","time":1613862901,"event":{"mods":["AchievementEnabler","BaseMod","Bestiary","Colored Map","Minty Spire (QoL Compilation)","Relic Stats","ojb\u0027s Info Mod"],"gold_per_floor":[113,126,136,155,165,192,192,226,249,249,275,287,287,362,362,462,462,472,472,397,414,426,426,459,459,509,535,535,535,547,565,565,660,660,672,672,692,222,222,247,247,280,329,344,344,344,355,382,382,382],"floor_reached":51,"language":"ENG","playtime":2161,"items_purged":["Writhe"],"score":1268,"play_id":"1dbb0259-1312-4236-8b0a-d882c959ca93","local_time":"20210220151501","is_ascension_mode":true,"campfire_choices":[{"data":"Uppercut","floor":7.0,"key":"SMITH"},{"data":"Flex","floor":13,"key":"SMITH"},{"data":"Pommel Strike","floor":15,"key":"SMITH"},{"data":"Offering","floor":23,"key":"SMITH"},{"data":"Fiend Fire","floor":25,"key":"SMITH"},{"data":"Pommel Strike","floor":29,"key":"SMITH"},{"data":"Fiend Fire","floor":32,"key":"SMITH"},{"floor":41,"key":"REST"},{"data":"Dark Shackles","floor":45,"key":"SMITH"},{"floor":49,"key":"REST"}],"circlet_count":0,"master_deck":["AscendersBane","Strike_R","Strike_R","Strike_R","Strike_R","Defend_R","Defend_R","Defend_R","Defend_R","Bash","Pommel Strike+1","Pommel Strike+1","Offering+1","Uppercut+1","Seeing Red","Anger","Headbutt","Flex+1","Fiend Fire+1","Thunderclap+1","Sword Boomerang+1","Burning Pact+1","Writhe","Blood for Blood+1","Fiend Fire+1","Impervious","Armaments+1","Dark Shackles+1","Flex+1","Normality","Reaper"],"relics":["Burning Blood","CaptainsWheel","Paper Frog","Strawberry","Juzu Bracelet","Cursed Key","Bag of Preparation","Oddly Smooth Stone","Pear","Toy Ornithopter","Runic Pyramid","ClockworkSouvenir","Akabeko","Bronze Scales","Boot","Anchor","Ornamental Fan"],"acts_visited":["Exordium","TheCity","TheBeyond"],"potions_floor_usage":[11,22,33,40,47,50],"damage_taken":[{"damage":5.0,"enemies":"Small Slimes","floor":1.0,"turns":4.0},{"damage":8.0,"enemies":"2 Louse","floor":2.0,"turns":3.0},{"damage":1.0,"enemies":"Cultist","floor":3.0,"turns":3.0},{"damage":15.0,"enemies":"Lots of Slimes","floor":4.0,"turns":4.0},{"damage":18.0,"enemies":"Exordium Wildlife","floor":5.0,"turns":3.0},{"damage":31.0,"enemies":"3 Sentries","floor":6.0,"turns":7.0},{"damage":11,"enemies":"Lagavulin","floor":8,"turns":6},{"damage":6,"enemies":"Gremlin Nob","floor":11,"turns":2},{"damage":4,"enemies":"2 Fungi Beasts","floor":12,"turns":3},{"damage":22,"enemies":"The Guardian","floor":16,"turns":7},{"damage":23,"enemies":"2 Thieves","floor":18,"turns":4},{"damage":1,"enemies":"Spheric Guardian","floor":21,"turns":4},{"damage":6,"enemies":"Chosen and Byrds","floor":22,"turns":3},{"damage":21,"enemies":"Slavers","floor":24,"turns":4},{"damage":6,"enemies":"Gremlin Leader","floor":27,"turns":3},{"damage":17,"enemies":"Centurion and Healer","floor":30,"turns":3},{"damage":6,"enemies":"Cultist and Chosen","floor":31,"turns":3},{"damage":42,"enemies":"Champ","floor":33,"turns":7},{"damage":0,"enemies":"Orb Walker","floor":35,"turns":2},{"damage":30,"enemies":"3 Darklings","floor":37,"turns":4},{"damage":33,"enemies":"Nemesis","floor":40,"turns":5},{"damage":13,"enemies":"Giant Head","floor":42,"turns":5},{"damage":0,"enemies":"Sphere and 2 Shapes","floor":44,"turns":2},{"damage":1,"enemies":"4 Shapes","floor":47,"turns":4},{"damage":23,"enemies":"Nemesis","floor":48,"turns":5},{"damage":104,"enemies":"Awakened One","floor":50,"turns":11}],"seed_played":"-7372355885268826146","potions_obtained":[{"floor":2.0,"key":"FearPotion"},{"floor":5.0,"key":"FearPotion"},{"floor":6.0,"key":"BloodPotion"},{"floor":16,"key":"SpeedPotion"},{"floor":22,"key":"LiquidBronze"},{"floor":24,"key":"Fire Potion"},{"floor":27,"key":"DuplicationPotion"},{"floor":35,"key":"Swift Potion"},{"floor":42,"key":"ElixirPotion"},{"floor":47,"key":"Explosive Potion"}],"is_trial":false,"path_per_floor":["M","M","M","M","M","E","R","E","T","?","E","M","R","?","R","B",null,"M","?","?","M","M","R","E","R","T","E","?","R","M","M","R","B",null,"M","?","M","$","?","E","R","E","T","M","R","?","M","E","R","B",null],"character_chosen":"IRONCLAD","items_purchased":["ClockworkSouvenir","Dark Shackles","Akabeko"],"campfire_rested":2,"item_purchase_floors":[38,38,38],"current_hp_per_floor":[81,79,84,75,63,38,38,33,40,71,71,73,73,64,64,48,83,66,66,66,71,90,90,75,75,75,85,85,85,74,74,74,43,90,96,96,72,72,72,50,80,73,73,79,79,79,89,72,100,20],"gold":382,"neow_bonus":"TEN_PERCENT_HP_BONUS","is_daily":false,"chose_seed":false,"campfire_upgraded":8,"win_rate":0.0,"timestamp":1613862901,"path_taken":["M","M","M","M","M","E","R","E","T","?","E","M","R","?","R","BOSS","M","?","?","M","M","R","E","R","T","E","?","R","M","M","R","BOSS","M","?","M","$","?","E","R","E","T","M","R","?","M","E","R","BOSS"],"items_purchased_type":["Relic","Card","Relic"],"build_version":"2020-12-22","purchased_purges":1,"victory":true,"max_hp_per_floor":[88,88,88,88,88,88,88,88,95,95,95,95,95,95,95,95,95,95,95,95,95,95,95,95,95,95,105,105,105,105,105,105,105,105,105,105,105,105,100,100,100,100,100,100,100,100,100,100,100,100],"relic_stats":{"counters":[26,111],"Ornamental Fan":[16],"Bronze Scales":[82],"Juzu Bracelet":1,"Bag of Preparation":[24],"Cursed Key":2,"Boot":[4],"obtain_stats":[{"Pear":27,"Oddly Smooth Stone":26,"Juzu Bracelet":11,"Bag of Preparation":24,"Cursed Key":17,"Boot":42,"Burning Blood":0,"Akabeko":38,"ClockworkSouvenir":38,"CaptainsWheel":6,"Anchor":43,"Ornamental Fan":48,"Strawberry":9,"Bronze Scales":40,"Toy Ornithopter":28,"Paper Frog":8,"Runic Pyramid":34},{"Pear":15,"Oddly Smooth Stone":14,"Juzu Bracelet":8,"Bag of Preparation":14,"Cursed Key":10,"Boot":22,"Burning Blood":0,"Akabeko":20,"ClockworkSouvenir":20,"CaptainsWheel":6,"Anchor":22,"Ornamental Fan":25,"Strawberry":7,"Bronze Scales":21,"Toy Ornithopter":15,"Paper Frog":7,"Runic Pyramid":18},{"Pear":60,"Oddly Smooth Stone":57,"Juzu Bracelet":32,"Bag of Preparation":57,"Cursed Key":42,"Boot":89,"Burning Blood":0,"Akabeko":79,"ClockworkSouvenir":79,"CaptainsWheel":24,"Anchor":89,"Ornamental Fan":100,"Strawberry":30,"Bronze Scales":84,"Toy Ornithopter":60,"Paper Frog":30,"Runic Pyramid":73}],"Burning Blood":156,"Toy Ornithopter":15},"card_choices":[{"not_picked":["Heavy Blade","Fire Breathing"],"picked":"Pommel Strike","floor":1.0},{"not_picked":["True Grit","Dark Embrace"],"picked":"Pommel Strike","floor":2.0},{"not_picked":["Clothesline","Feel No Pain"],"picked":"Offering","floor":3.0},{"not_picked":["Heavy Blade","Clothesline"],"picked":"Uppercut","floor":4.0},{"not_picked":["Havoc","True Grit"],"picked":"Seeing Red","floor":5.0},{"not_picked":["Wild Strike","True Grit"],"picked":"Anger","floor":6.0},{"not_picked":["Wild Strike","Blood for Blood"],"picked":"Headbutt","floor":8},{"not_picked":["Sword Boomerang","Pummel","Thunderclap"],"picked":"SKIP","floor":11},{"not_picked":["Headbutt","Warcry"],"picked":"Flex","floor":12},{"not_picked":["Corruption","Feed"],"picked":"Fiend Fire","floor":16},{"not_picked":["Uppercut","Twin Strike","Armaments"],"picked":"SKIP","floor":18},{"not_picked":["Perfected Strike","Dark Embrace"],"picked":"Thunderclap+1","floor":21},{"not_picked":["Thunderclap","Shrug It Off"],"picked":"Sword Boomerang+1","floor":22},{"not_picked":["Headbutt","Flex"],"picked":"Burning Pact+1","floor":24},{"not_picked":["Havoc","True Grit","Twin Strike"],"picked":"SKIP","floor":27},{"not_picked":["Flex","Thunderclap"],"picked":"Blood for Blood+1","floor":30},{"not_picked":["Power Through","Perfected Strike"],"picked":"Fiend Fire","floor":31},{"not_picked":["Barricade","Exhume"],"picked":"Impervious","floor":33},{"not_picked":["Havoc+1","Perfected Strike","Clash+1"],"picked":"SKIP","floor":35},{"not_picked":["Dual Wield+1","Warcry"],"picked":"Armaments+1","floor":37},{"not_picked":["Searing Blow+1","Pommel Strike"],"picked":"Flex+1","floor":40},{"not_picked":["Flame Barrier","Warcry","Power Through"],"picked":"SKIP","floor":42},{"not_picked":["Armaments+1","Uppercut+1","Dropkick"],"picked":"SKIP","floor":44},{"not_picked":["Hemokinesis","Searing Blow+1"],"picked":"Reaper","floor":47},{"not_picked":["Juggernaut","Dropkick","Pommel Strike"],"picked":"SKIP","floor":48}],"player_experience":1369507,"relics_obtained":[{"floor":6.0,"key":"CaptainsWheel"},{"floor":8,"key":"Paper Frog"},{"floor":9,"key":"Strawberry"},{"floor":11,"key":"Juzu Bracelet"},{"floor":24,"key":"Bag of Preparation"},{"floor":26,"key":"Oddly Smooth Stone"},{"floor":27,"key":"Pear"},{"floor":40,"key":"Bronze Scales"},{"floor":42,"key":"Boot"},{"floor":43,"key":"Anchor"},{"floor":48,"key":"Ornamental Fan"}],"event_choices":[{"damage_healed":31,"gold_gain":0,"player_choice":"Banana","damage_taken":0,"max_hp_gain":0,"max_hp_loss":0,"event_name":"Big Fish","floor":10,"gold_loss":0},{"damage_healed":0,"gold_gain":75,"player_choice":"Touch","damage_taken":9,"max_hp_gain":0,"max_hp_loss":0,"event_name":"FaceTrader","floor":14,"gold_loss":0},{"damage_healed":0,"gold_gain":0,"player_choice":"Ignored","damage_taken":0,"max_hp_gain":0,"max_hp_loss":0,"event_name":"N\u0027loth","floor":19,"gold_loss":0},{"cards_removed":["Strike_R"],"damage_healed":0,"gold_gain":0,"player_choice":"Gave Gold","damage_taken":0,"max_hp_gain":0,"max_hp_loss":0,"event_name":"Beggar","floor":20,"gold_loss":75},{"damage_healed":0,"gold_gain":0,"player_choice":"Opened","damage_taken":0,"relics_obtained":["Toy Ornithopter"],"max_hp_gain":0,"max_hp_loss":0,"event_name":"The Mausoleum","floor":28,"gold_loss":0,"cards_obtained":["Writhe"]},{"damage_healed":0,"gold_gain":0,"player_choice":"Ignored","damage_taken":0,"max_hp_gain":0,"max_hp_loss":0,"event_name":"Mysterious Sphere","floor":36,"gold_loss":0},{"damage_healed":0,"gold_gain":0,"player_choice":"Max HP","damage_taken":0,"max_hp_gain":0,"max_hp_loss":5,"event_name":"Winding Halls","floor":39,"gold_loss":0},{"damage_healed":0,"gold_gain":0,"player_choice":"Ignored","damage_taken":0,"max_hp_gain":0,"max_hp_loss":0,"event_name":"Tomb of Lord Red Mask","floor":46,"gold_loss":0}],"is_beta":false,"boss_relics":[{"not_picked":["Fusion Hammer","Tiny House"],"picked":"Cursed Key"},{"not_picked":["SacredBark","Sozu"],"picked":"Runic Pyramid"}],"items_purged_floors":[38],"is_endless":false,"potions_floor_spawned":[2,5,6,16,22,24,27,35,42,47],"ascension_level":10}}