{"host":"i8x3uekhioq8aaet","time":1613818880,"event":{"mods":["AchievementEnabler","BaseMod","Colored Map","Colored Powertips","DeckTracker","Minty Spire (QoL Compilation)","Relic Sorter","StSLib"],"gold_per_floor":[111,111,111,61,61,61,79,93,145,20,20,40,56,74,74,74,74],"floor_reached":16,"language":"ZHT","playtime":374,"items_purged":["Vigilance"],"score":92,"play_id":"63da5080-a2fa-4758-bf6f-f6e87cd330c2","local_time":"20210220190120","is_ascension_mode":false,"campfire_choices":[{"floor":6,"key":"REST"},{"floor":15,"key":"REST"}],"circlet_count":0,"master_deck":["Strike_P","Strike_P","Strike_P+1","Strike_P+1","Defend_P","Defend_P","Defend_P","Defend_P","PathToVictory"],"relics":["SlaversCollar"],"acts_visited":["Exordium"],"potions_floor_usage":[14,16,16],"damage_taken":[{"damage":23,"enemies":"Small Slimes","floor":1,"turns":4},{"damage":6,"enemies":"2 Louse","floor":7,"turns":3},{"damage":11,"enemies":"Jaw Worm","floor":8,"turns":3},{"damage":14,"enemies":"Blue Slaver","floor":12,"turns":3},{"damage":9,"enemies":"Large Slime","floor":13,"turns":7},{"damage":0,"enemies":"Gremlin Gang","floor":14,"turns":3},{"damage":55,"enemies":"Hexaghost","floor":16,"turns":10}],"seed_played":"-8596276565571623101","potions_obtained":[{"floor":1,"key":"Regen Potion"},{"floor":7,"key":"EssenceOfSteel"},{"floor":12,"key":"Explosive Potion"}],"is_trial":false,"path_per_floor":["M","?","?","?","T","R","M","M","T","$","$","M","M","M","R","B"],"character_chosen":"WATCHER","items_purchased":["PathToVictory"],"campfire_rested":2,"item_purchase_floors":[10],"current_hp_per_floor":[49,49,35,35,35,56,50,39,39,39,39,25,16,16,37,0,0],"gold":74,"neow_bonus":"BOSS_RELIC","is_daily":false,"chose_seed":false,"campfire_upgraded":0,"win_rate":0.0,"timestamp":1613818880,"path_taken":["M","?","?","?","?","R","M","M","T","?","$","M","M","M","R","BOSS"],"items_purchased_type":["Card"],"build_version":"2020-12-22","purchased_purges":1,"victory":false,"max_hp_per_floor":[72,72,72,72,72,72,72,72,72,72,72,72,72,72,72,72,72],"card_choices":[{"not_picked":["EmptyBody","Evaluate","Indignation"],"picked":"SKIP","floor":1},{"not_picked":["Swivel","FearNoEvil","DeceiveReality"],"picked":"SKIP","floor":7},{"not_picked":["EmptyFist","FollowUp","Protect"],"picked":"SKIP","floor":8},{"not_picked":["FlyingSleeves","FlurryOfBlows","EmptyFist"],"picked":"SKIP","floor":12},{"not_picked":["ForeignInfluence","Tantrum","SpiritShield"],"picked":"SKIP","floor":13},{"not_picked":["CutThroughFate","WaveOfTheHand","Crescendo"],"picked":"SKIP","floor":14}],"player_experience":340392,"relics_obtained":[],"event_choices":[{"damage_healed":0,"gold_gain":0,"player_choice":"Ignored","damage_taken":0,"max_hp_gain":0,"max_hp_loss":0,"event_name":"Liars Game","floor":2,"gold_loss":0},{"damage_healed":0,"gold_gain":0,"player_choice":"Entered Light","damage_taken":14,"max_hp_gain":0,"max_hp_loss":0,"event_name":"Shining Light","floor":3,"gold_loss":0,"cards_upgraded":["Strike_P","Strike_P"]},{"cards_removed":["Eruption"],"damage_healed":0,"gold_gain":0,"player_choice":"Card Removal","damage_taken":0,"max_hp_gain":0,"max_hp_loss":0,"event_name":"The Cleric","floor":4,"gold_loss":50}],"is_beta":false,"boss_relics":[],"items_purged_floors":[10],"is_endless":false,"potions_floor_spawned":[1,7,12],"killed_by":"Hexaghost","ascension_level":0}}