{"host":"56xwnffi6e9z5l58","time":1613793979,"event":{"mods":["Aspiration","BaseMod","Better Match","Better Note","Better Sensory Stone","BetterRewards","Colored Map","Colored Powertips","Conspire","Downfall","GifTheSpireLib","Hermit","Highlight Path","Hubris","Infinite Spire","Key Reminder","Minty Spire (QoL Compilation)","Permanent Neow","Quick Restart","Rare Cards Sparkle","Replay The Spire","StSLib","Stuff the Spire","SuperFastMode","Unceasing Turn Reminder"],"gold_per_floor":[0,18,33,44,144,176,201,201,201,201,201,164,164,181,199,199,199,199],"floor_reached":16,"language":"ENG","playtime":477,"items_purged":["bronze:Strike"],"score":125,"play_id":"b0a6a056-15c1-4067-b87c-7a5a2dea98ef","local_time":"20210220120619","is_ascension_mode":false,"campfire_choices":[{"data":"bronze:BurnOut","floor":1,"key":"SMITH"},{"floor":8,"key":"REST"},{"data":"bronze:Format","floor":10,"key":"SMITH"},{"data":"bronze:Boost","floor":13,"key":"SMITH"}],"circlet_count":0,"master_deck":["bronze:Strike","bronze:Defend","bronze:Defend","bronze:Replicate","bronze:Goto","bronze:BurnOut+1","bronze:SpaghettiCode","bronze:OilSpill","bronze:InfiniteBeams+1","bronze:Boost+1","bronze:Philosophize","bronze:Iterate","bronze:Format+1","bronze:DarkDash","bronze:Repulsor","bronze:BronzeArmor"],"relics":["bronze:BronzeCore","ReplayTheSpireMod:Lightbulb","Smiling Mask","hubris:Icosahedron"],"acts_visited":["Exordium"],"potions_floor_usage":[5,14,16,16],"damage_taken":[{"damage":12,"enemies":"2 Louse","floor":2,"turns":3},{"damage":12,"enemies":"Jaw Worm","floor":3,"turns":4},{"damage":15,"enemies":"Small Slimes","floor":4,"turns":4},{"damage":13,"enemies":"downfall:Heads","floor":5,"turns":6},{"damage":0,"enemies":"Gremlin Nob","floor":6,"turns":3},{"damage":5,"enemies":"downfall:FleeingMerchant","floor":12,"turns":4},{"damage":28,"enemies":"Exordium Thugs","floor":14,"turns":5},{"damage":2,"enemies":"downfall:LooterAlt","floor":15,"turns":3},{"damage":6,"enemies":"IC_STATUS_ARCHETYPE","floor":16,"turns":2}],"seed_played":"7244743917499987638","potions_obtained":[{"floor":3,"key":"Strength Potion"},{"floor":5,"key":"champ:CounterPotion"},{"floor":6,"key":"champ:CounterPotion"},{"floor":14,"key":"AttackPotion"}],"is_trial":false,"path_per_floor":["R_BF","M","M","M","?","E","T","R","?","R","?","$","R","M","M","B"],"character_chosen":"THE_AUTOMATON","items_purchased":["bronze:Repulsor"],"campfire_rested":1,"item_purchase_floors":[12],"current_hp_per_floor":[70,58,46,31,18,18,18,39,39,39,39,34,34,6,4,0,0,0],"gold":199,"neow_bonus":"TRANSFORM_TWO_CARDS","is_daily":false,"chose_seed":false,"campfire_upgraded":3,"win_rate":0.0,"timestamp":1613793979,"path_taken":["R_BF","M","M","M","?","E","T","R","?","R","?","$","R","?","M","BOSS"],"items_purchased_type":["Card"],"build_version":"2020-12-22","purchased_purges":1,"victory":false,"max_hp_per_floor":[70,70,70,70,70,70,70,70,70,70,70,70,70,70,70,70,70,70],"card_choices":[{"not_picked":["bronze:BugBarrage","bronze:CloningBeam"],"picked":"bronze:OilSpill","floor":2},{"not_picked":["bronze:ChildClass","bronze:DigitalCarnage"],"picked":"bronze:InfiniteBeams","floor":3},{"not_picked":["bronze:Overheat","bronze:Separator"],"picked":"bronze:Boost","floor":4},{"not_picked":["bronze:Turbo","bronze:CutThrough"],"picked":"bronze:Philosophize","floor":5},{"not_picked":["bronze:Philosophize","bronze:ForLoop"],"picked":"bronze:Format","floor":6},{"not_picked":["bronze:Deprecate","bronze:Format"],"picked":"bronze:DarkDash","floor":12},{"not_picked":["bronze:BitShift","bronze:CutThrough"],"picked":"bronze:BronzeArmor","floor":14},{"not_picked":["bronze:BitShift","bronze:Deprecate","bronze:BuggyMess"],"picked":"SKIP","floor":15}],"player_experience":1050167,"relics_obtained":[{"floor":6,"key":"ReplayTheSpireMod:Lightbulb"},{"floor":7,"key":"Smiling Mask"}],"event_choices":[{"cards_removed":["bronze:Strike"],"damage_healed":0,"gold_gain":0,"player_choice":"Give","damage_taken":0,"max_hp_gain":0,"max_hp_loss":0,"event_name":"betterNote:BetterNote","floor":11,"gold_loss":0,"cards_obtained":["None"]}],"is_beta":false,"boss_relics":[],"items_purged_floors":[12],"is_endless":false,"potions_floor_spawned":[3,5,6,14],"killed_by":"IC_STATUS_ARCHETYPE","ascension_level":0}}