{"host":"elacvoo1ojii4e8w","time":1613792175,"event":{"mods":["Aspiration","Bard","BaseMod","BetterRewards","Challenge The Spire","Colored Map","Colored Powertips","Conspire","Downfall","Energized Spire","Friendly Minions","GifTheSpireLib","Halation","Highlight Path","Hubris","Infinite Spire","Mad Scientist","Marisa????????","Minty Spire (QoL Compilation)","Quick Restart","Relic Sorter","Reliquary","Replay The Spire","Spikes Relics","StS++","StSLib","Stuff the Spire","The Blackbeard","The Disciple","The Gatherer","The Jungle","The Marked","The Runesmith","The Servant 0.9.4","The Valiant","Unceasing Turn Reminder"],"gold_per_floor":[99,24,24,104,120,20,20,20,47,47,32,44,57,57,75,172,172,172,184,184,284,284,284,284,284],"floor_reached":23,"language":"ENG","playtime":1500,"items_purged":[],"score":210,"play_id":"1c197cda-1aaf-4681-8efc-df6e24872d87","local_time":"20210219213615","is_ascension_mode":false,"campfire_choices":[{"data":"hexamod:FastForward","floor":1,"key":"SMITH"},{"floor":6,"key":"REST"},{"data":"hexamod:Float","floor":8,"key":"SMITH"},{"floor":10,"key":"REST"},{"floor":18,"key":"DIG"}],"circlet_count":0,"master_deck":["hexamod:Strike","hexamod:Strike","hexamod:Strike","hexamod:Strike","hexamod:Defend","hexamod:Defend","hexamod:Defend","hexamod:Defend","hexamod:Sear","hexamod:Float+1","hexamod:FastForward+1","hexamod:FifthSeal","hexamod:RainOfEmbers","hexamod:RainOfEmbers","hexamod:FirstSeal","hexamod:SpectersWail","hexamod:GhostShield","hexamod:FourthSeal","hexamod:TimeWarp","hexamod:ThirdSeal","hexamod:InspiringFlames","hexamod:Rewind","hexamod:StepThrough+1","Double Tap","hexamod:BurningTouch","Demon Form","hexamod:EmpoweredFlame","hexamod:HeatCrush","hexamod:ThermalTransfer","hexamod:GhostLash+1"],"relics":["m_ScarletBlood","infinitespire:Cubic Diamond","downfall:HeartBlessingBlue","ReplayTheSpireMod:Ninjato","infinitespire:ShieldingShard","Sandwich","downfall:RedIOU","hubris:AstralHammer","hubris:DisguiseKit"],"acts_visited":["Exordium","TheCity"],"potions_floor_usage":[19,19,23],"damage_taken":[{"damage":0,"enemies":"downfall:FleeingMerchant","floor":2,"turns":4},{"damage":13,"enemies":"Cultist","floor":5,"turns":4},{"damage":39,"enemies":"3 Sentries","floor":9,"turns":8},{"damage":7,"enemies":"downfall:FleeingMerchant","floor":11,"turns":4},{"damage":0,"enemies":"conspire:RoseBush","floor":12,"turns":3},{"damage":0,"enemies":"Jaw Worm","floor":13,"turns":3},{"damage":4,"enemies":"Exordium Wildlife","floor":15,"turns":4},{"damage":52,"enemies":"DF_ARCHETYPE_STREAMLINE","floor":16,"turns":8},{"damage":28,"enemies":"conspire:FuzzyDice","floor":19,"turns":6},{"damage":22,"enemies":"Colosseum Nobs","floor":21,"turns":4},{"damage":42,"enemies":"Nightmare","floor":23,"turns":3}],"seed_played":"-5998859975328910937","potions_obtained":[{"floor":12,"key":"StSpp:InhibitionPotion"},{"floor":15,"key":"Fruit Juice"},{"floor":16,"key":"Milkshake"},{"floor":19,"key":"StSpp:SecondWindPotion"},{"floor":21,"key":"DistilledChaos"},{"floor":21,"key":"Adrenaline Potion"}],"is_trial":false,"path_per_floor":["R","$","?","T","M","R","T","R","E","R","$","M","M","?","M","B",null,"R_BF","M","?","?","?","NM"],"character_chosen":"THE_SPIRIT","items_purchased":["hexamod:RainOfEmbers"],"campfire_rested":2,"item_purchase_floors":[2],"current_hp_per_floor":[70,70,70,70,57,80,80,80,48,72,65,65,65,65,68,23,80,80,57,57,35,35,0,0,0],"gold":284,"neow_bonus":"THREE_CARDS","is_daily":false,"chose_seed":false,"campfire_upgraded":2,"win_rate":0.0,"timestamp":1613792175,"path_taken":["R","?","?","?","M","R","T","R","E","R","$","?","M","?","M","BOSS","R_BF","M","?","?","?","NM"],"items_purchased_type":["Card"],"build_version":"2020-12-22","purchased_purges":0,"victory":false,"max_hp_per_floor":[70,70,70,70,70,80,80,80,80,80,80,80,80,80,80,80,80,80,85,85,85,85,85,85,85],"card_choices":[{"not_picked":["hexamod:Firestarter","hexamod:ShieldOfDarkness"],"picked":"hexamod:FastForward","floor":0},{"not_picked":["hexamod:SwordOfDarkness","hexamod:GhostOfSpirePast"],"picked":"hexamod:FifthSeal","floor":2},{"not_picked":["hexamod:SecondSeal","hexamod:FourthSeal"],"picked":"hexamod:FirstSeal","floor":5},{"not_picked":["hexamod:Haunt","Pummel"],"picked":"hexamod:SpectersWail","floor":5},{"not_picked":["hexamod:PhantomCloak","hexamod:Haunt"],"picked":"hexamod:GhostShield","floor":9},{"not_picked":["hexamod:SecondSeal","hexamod:FirstSeal"],"picked":"hexamod:FourthSeal","floor":11},{"not_picked":["hexamod:BurningTouch","hexamod:GhostOfSpireFuture"],"picked":"hexamod:TimeWarp","floor":11},{"not_picked":["hexamod:FourthSeal","hexamod:SecondSeal"],"picked":"hexamod:ThirdSeal","floor":12},{"not_picked":["hexamod:BurningTouch","hexamod:AdvancingGuard"],"picked":"hexamod:InspiringFlames","floor":12},{"not_picked":["hexamod:InspiringFlames","hexamod:Haunt"],"picked":"hexamod:AdvancingGuard","floor":13},{"not_picked":["hexamod:Hexaguard","hexamod:NightmareGuise"],"picked":"hexamod:Rewind","floor":13},{"not_picked":["hexamod:FourthSeal","hexamod:ShieldOfDarkness"],"picked":"Double Tap","floor":15},{"not_picked":["Flex","Heavy Blade"],"picked":"hexamod:BurningTouch","floor":15},{"not_picked":["hexamod:UnleashSpirits","hexamod:FifthSeal"],"picked":"Demon Form","floor":16},{"not_picked":["hexamod:CatchUp","hexamod:SpectersWail"],"picked":"hexamod:EmpoweredFlame","floor":19},{"not_picked":["hexamod:ExtraCrispy","hexamod:HeatShield"],"picked":"hexamod:HeatCrush","floor":19},{"not_picked":["hexamod:BurningTouch","hexamod:FastForward+1"],"picked":"hexamod:ThermalTransfer","floor":21},{"not_picked":["hexamod:GhostShield","hexamod:ShieldOfDarkness"],"picked":"hexamod:GhostLash+1","floor":21}],"player_experience":67484,"relics_obtained":[{"floor":7,"key":"ReplayTheSpireMod:Ninjato"},{"floor":9,"key":"infinitespire:ShieldingShard"},{"floor":18,"key":"infinitespire:Lucky Rock"},{"floor":21,"key":"hubris:AstralHammer"},{"floor":21,"key":"hubris:DisguiseKit"}],"event_choices":[],"is_beta":false,"boss_relics":[{"not_picked":["reliquary:KinkedSpring","Runic Pyramid"],"picked":"Sandwich"}],"items_purged_floors":[],"is_endless":false,"potions_floor_spawned":[12,15,16,21],"killed_by":"Nightmare","ascension_level":0}}