{"host":"u0qetpmu4y58k1tf","time":1613787120,"event":{"mods":["100% Spire Juice","AchievementEnabler","Act Like it!","BaseMod","CapriCore","Colored Map","Colored Powertips","Hermit","Koishi","Marisa£¨Ùöéë¡¡Øª×âÞÞ£©","Minty Spire (QoL Compilation)","Quick Restart","Reliquary","Replay The Spire","StSLib","Td1madao Mod","The Bug Knight","The Cursed","The Dragon Tamer","The Gatherer","The Hierophant","The Immortal","The Jungle","The Runesmith","WarShipGirlsR/??á´Ò³R mod"],"gold_per_floor":[116,116,1,1,1,1,32,45,45,80,0,29,41,66,66,169,169,180,180,197,5,15,15,15],"floor_reached":23,"language":"KOR","playtime":1022,"items_purged":["Strike_G","Regret"],"score":303,"play_id":"1b86bb5e-3a8d-4aa4-aef0-fcbecbb41f9e","local_time":"20210220111200","is_ascension_mode":true,"campfire_choices":[{"floor":6,"key":"DIG"}],"circlet_count":0,"master_deck":["Strike_G","Strike_G","Strike_G","Defend_G","Defend_G","Defend_G","Defend_G","Defend_G","Survivor","Neutralize","Sneak Up","Hidden Blade+1","A Thousand Cuts+1","Finisher","Blade Dance","Prepared","Escape Plan","A Thousand Cuts","A Thousand Cuts","PiercingWail","Neutralize","Sneak Up","Adrenaline","Madness","Acrobatics+1"],"relics":["Ring of the Snake","NeowsBlessing","Shovel","reliquary:RoseTintedGlasses","Peace Pipe","The Courier","Durian","HornCleat","reliquary:TuningFork","reliquary:RedCape"],"acts_visited":["Exordium","TheCity"],"potions_floor_usage":[12,14,16,16],"damage_taken":[{"damage":0,"enemies":"Small Slimes","floor":1,"turns":1},{"damage":0,"enemies":"Gremlin Nob","floor":7,"turns":1},{"damage":0,"enemies":"Cultist","floor":8,"turns":1},{"damage":37,"enemies":"3 Sentries","floor":10,"turns":9},{"damage":10,"enemies":"Gremlin Nob","floor":12,"turns":3},{"damage":0,"enemies":"Jaw Worm","floor":13,"turns":3},{"damage":6,"enemies":"3 Sentries","floor":14,"turns":7},{"damage":14,"enemies":"Hexaghost","floor":16,"turns":9},{"damage":8,"enemies":"Shell Parasite","floor":18,"turns":6},{"damage":20,"enemies":"3 Cultists","floor":20,"turns":4},{"damage":16,"enemies":"Centurion and Healer","floor":22,"turns":4},{"damage":23,"enemies":"Gremlin Leader","floor":23,"turns":3}],"seed_played":"8331102273681584116","potions_obtained":[{"floor":10,"key":"SkillPotion"},{"floor":12,"key":"Toxic Potion"},{"floor":13,"key":"EssenceOfSteel"},{"floor":14,"key":"DuplicationPotion"}],"is_trial":false,"path_per_floor":["M","?","$","?","?","R","E","M","T","E","$","E","M","E","R_BF","B",null,"M","?","M","$","M","E"],"character_chosen":"THE_SILENT","items_purchased":["Hidden Blade+1","Adrenaline","Madness"],"campfire_rested":0,"item_purchase_floors":[3,21,21],"current_hp_per_floor":[70,67,67,67,67,67,67,67,67,35,35,25,25,19,41,27,63,55,55,35,35,19,0,0],"gold":15,"neow_bonus":"THREE_ENEMY_KILL","is_daily":false,"chose_seed":false,"campfire_upgraded":0,"win_rate":0.0,"timestamp":1613787120,"path_taken":["M","?","$","?","?","R","E","M","T","E","$","E","M","E","R_BF","BOSS","M","?","M","$","M","E"],"items_purchased_type":["Card","Card","Card"],"build_version":"2020-12-22","purchased_purges":2,"victory":false,"max_hp_per_floor":[70,70,70,70,70,70,70,70,70,75,75,75,75,75,75,75,75,75,75,75,75,75,75,75],"card_choices":[{"not_picked":["Deflect","PiercingWail"],"picked":"Sneak Up","floor":1},{"not_picked":["Slice","Outmaneuver"],"picked":"A Thousand Cuts","floor":7},{"not_picked":["Cloak And Dagger","Heel Hook"],"picked":"Finisher","floor":8},{"not_picked":["ReplayTheSpireMod:The Works","Caltrops"],"picked":"Blade Dance","floor":10},{"not_picked":["Cloak And Dagger","Corpse Explosion"],"picked":"Prepared","floor":12},{"not_picked":["PiercingWail","Predator"],"picked":"Escape Plan","floor":13},{"not_picked":["Quick Slash","Masterful Stab"],"picked":"A Thousand Cuts","floor":14},{"not_picked":["Glass Knife","Malaise"],"picked":"A Thousand Cuts","floor":16},{"not_picked":["Outmaneuver","Backflip"],"picked":"PiercingWail","floor":18},{"not_picked":["Deadly Poison","Dagger Throw+1","Crippling Poison+1"],"picked":"SKIP","floor":20},{"not_picked":["Dodge and Roll","Atom Bomb"],"picked":"Acrobatics+1","floor":22}],"player_experience":165732,"relics_obtained":[{"floor":6,"key":"Peace Pipe"},{"floor":7,"key":"The Courier"},{"floor":10,"key":"Durian"},{"floor":12,"key":"HornCleat"},{"floor":14,"key":"reliquary:TuningFork"}],"event_choices":[{"damage_healed":0,"gold_gain":0,"player_choice":"Success","damage_taken":3,"relics_obtained":["Shovel"],"max_hp_gain":0,"max_hp_loss":0,"event_name":"Scrap Ooze","floor":2,"gold_loss":0},{"damage_healed":0,"gold_gain":0,"player_choice":"Box","damage_taken":0,"relics_obtained":["reliquary:RoseTintedGlasses"],"max_hp_gain":0,"max_hp_loss":0,"event_name":"Big Fish","floor":5,"gold_loss":0,"cards_obtained":["Regret"]},{"damage_healed":0,"gold_gain":0,"player_choice":"2 cards matched","damage_taken":0,"max_hp_gain":0,"max_hp_loss":0,"event_name":"Match and Keep!","floor":19,"gold_loss":0,"cards_obtained":["Neutralize","Sneak Up"]}],"is_beta":false,"boss_relics":[{"not_picked":["Replay:Bronze Core","HoveringKite"],"picked":"reliquary:RedCape"}],"items_purged_floors":[3,11],"is_endless":false,"potions_floor_spawned":[10,12,13,14],"killed_by":"Gremlin Leader","ascension_level":5}}