{"host":"8d3fefv2347kqkpz","time":1613810883,"event":{"mods":["AchievementEnabler","BaseMod","Better Vampires","BetterRewards","Colored Map","Colored Powertips","Downfall","Emptier Cage","Highlight Path","Marked Mod","Minty Spire (QoL Compilation)","Permanent Neow","Quick Restart","Rare Cards Sparkle","Relic Stats","Say the Spire","Spicy Shops","StSLib","Waifu the Spire"],"gold_per_floor":[17,33,45,45,45,79,154,177,177,221,230,245,245,258,258,364,409,426,448,110,123,38,38,38],"floor_reached":23,"language":"ZHS","playtime":961,"items_purged":["Storm","Beam Cell"],"score":203,"play_id":"ca3c23c9-6b37-4f3b-b939-c9c592607bcd","local_time":"20210220164803","is_ascension_mode":false,"campfire_choices":[{"data":"Barrage","floor":13,"key":"SMITH"},{"floor":15,"key":"REST"}],"circlet_count":0,"master_deck":["Zap","Dualcast","Melter","Auto Shields","Gash","Cold Snap","BootSequence","Glacier","Barrage+1","Reboot","Glacier","Redo","Consume","Buffer","Capacitor","Secret Technique"],"relics":["Cracked Core","CeramicFish","Thread and Needle","Singing Bowl","Pandora\u0027s Box","Dead Branch"],"acts_visited":["Exordium","TheCity"],"potions_floor_usage":[16,16],"damage_taken":[{"damage":0,"enemies":"Cultist","floor":1,"turns":3},{"damage":7,"enemies":"2 Louse","floor":2,"turns":3},{"damage":0,"enemies":"Small Slimes","floor":3,"turns":3},{"damage":5,"enemies":"3 Sentries","floor":6,"turns":9},{"damage":0,"enemies":"Exordium Thugs","floor":8,"turns":3},{"damage":26,"enemies":"Gremlin Nob","floor":10,"turns":9},{"damage":0,"enemies":"2 Fungi Beasts","floor":12,"turns":3},{"damage":1,"enemies":"Lots of Slimes","floor":14,"turns":4},{"damage":7,"enemies":"Hexaghost","floor":16,"turns":12},{"damage":0,"enemies":"Shell Parasite","floor":18,"turns":5},{"damage":0,"enemies":"Spheric Guardian","floor":19,"turns":3},{"damage":6,"enemies":"3 Cultists","floor":21,"turns":12},{"damage":71,"enemies":"Gremlin Leader","floor":23,"turns":12}],"seed_played":"-7920747827465548907","potions_obtained":[{"floor":1,"key":"ColorlessPotion"},{"floor":8,"key":"PowerPotion"},{"floor":12,"key":"Strength Potion"},{"floor":14,"key":"PowerPotion"},{"floor":16,"key":"Weak Potion"},{"floor":18,"key":"Weak Potion"},{"floor":21,"key":"DistilledChaos"}],"is_trial":false,"path_per_floor":["M","M","M","$","?","E","?","M","T","E","?","M","R","M","R","B",null,"M","M","$","M","?","E"],"character_chosen":"DEFECT","items_purchased":["Secret Technique"],"campfire_rested":1,"item_purchase_floors":[20],"current_hp_per_floor":[75,68,68,68,61,56,45,45,45,19,19,21,21,22,45,38,79,81,81,81,77,77,6,6],"gold":38,"neow_bonus":"TRANSFORM_TWO_CARDS","is_daily":false,"chose_seed":false,"campfire_upgraded":1,"win_rate":0.0,"timestamp":1613810883,"path_taken":["M","M","?","$","?","E","?","M","T","E","?","M","R","M","R","BOSS","M","M","$","?","?","E"],"items_purchased_type":["Card"],"build_version":"2020-12-22","purchased_purges":2,"victory":false,"max_hp_per_floor":[75,75,75,75,75,75,75,75,75,75,75,77,77,79,79,79,79,81,81,81,83,83,83,83],"relic_stats":{"Singing Bowl":8,"counters":[13,81],"CeramicFish":108,"Dead Branch":[3],"Pandora\u0027s Box":["Glacier","Redo","Consume","Buffer","Beam Cell"],"obtain_stats":[{"Singing Bowl":10,"CeramicFish":5,"Dead Branch":22,"Thread and Needle":6,"Pandora\u0027s Box":17,"Cracked Core":0},{"Singing Bowl":6,"CeramicFish":3,"Dead Branch":12,"Thread and Needle":4,"Pandora\u0027s Box":9,"Cracked Core":0},{"Singing Bowl":30,"CeramicFish":9,"Dead Branch":69,"Thread and Needle":18,"Pandora\u0027s Box":49,"Cracked Core":0}]},"card_choices":[{"not_picked":["Chill","Stack"],"picked":"Gash","floor":1},{"not_picked":["Rip and Tear","Rebound","Compile Driver"],"picked":"SKIP","floor":2},{"not_picked":["Melter","Hello World"],"picked":"Cold Snap","floor":3},{"not_picked":["Barrage","Beam Cell"],"picked":"BootSequence","floor":6},{"not_picked":["Leap","Rip and Tear"],"picked":"Glacier","floor":8},{"not_picked":["Streamline","Reinforced Body"],"picked":"Barrage","floor":10},{"not_picked":["Steam","Go for the Eyes","Stack"],"picked":"Singing Bowl","floor":12},{"not_picked":["Auto Shields","Reprogram","Chaos"],"picked":"Singing Bowl","floor":14},{"not_picked":["Multi-Cast","Biased Cognition"],"picked":"Reboot","floor":16},{"not_picked":["Cold Snap","Barrage+1","Leap"],"picked":"Singing Bowl","floor":18},{"not_picked":["Gash+1","Compile Driver"],"picked":"Capacitor","floor":19},{"not_picked":["Conserve Battery","Coolheaded","Ball Lightning"],"picked":"Singing Bowl","floor":21}],"player_experience":495232,"relics_obtained":[{"floor":6,"key":"Thread and Needle"},{"floor":10,"key":"Singing Bowl"}],"event_choices":[{"damage_healed":0,"gold_gain":0,"player_choice":"Success","damage_taken":7,"relics_obtained":["CeramicFish"],"max_hp_gain":0,"max_hp_loss":0,"event_name":"Scrap Ooze","floor":5,"gold_loss":0},{"damage_healed":0,"gold_gain":75,"player_choice":"Gather Gold","damage_taken":11,"max_hp_gain":0,"max_hp_loss":0,"event_name":"World of Goop","floor":7,"gold_loss":0},{"damage_healed":0,"gold_gain":0,"cards_transformed":["Strike_B"],"player_choice":"Transformed","damage_taken":0,"max_hp_gain":0,"max_hp_loss":0,"event_name":"Transmorgrifier","floor":11,"gold_loss":0,"cards_obtained":["Storm"]},{"damage_healed":0,"gold_gain":0,"player_choice":"Obtained Relic","damage_taken":0,"relics_obtained":["Dead Branch"],"max_hp_gain":0,"max_hp_loss":0,"event_name":"Addict","floor":22,"gold_loss":85}],"is_beta":false,"boss_relics":[{"not_picked":["Black Star","Velvet Choker"],"picked":"Pandora\u0027s Box"}],"items_purged_floors":[20,20],"is_endless":false,"potions_floor_spawned":[1,8,12,14,16,18,21],"killed_by":"Gremlin Leader","ascension_level":0}}