{"host":"mb4cisebr17g8vuz","time":1613786347,"event":{"mods":["AchievementEnabler","BaseMod","Colored Map","Colored Powertips","Minty Spire (QoL Compilation)","SuperFastMode","everything is the same but u backflip on backflip"],"gold_per_floor":[20,20,36,48,13,48,48,77,77,94,94,94,106,118,130,142,142],"floor_reached":16,"language":"KOR","playtime":431,"items_purged":[],"score":215,"play_id":"cee7d86c-bd9c-42f0-8cdf-f2c0451fa9ca","local_time":"20210219205907","is_ascension_mode":true,"campfire_choices":[{"data":"Inflame","floor":7.0,"key":"SMITH"},{"data":"Seeing Red","floor":11,"key":"SMITH"},{"floor":15,"key":"REST"}],"circlet_count":0,"master_deck":["AscendersBane","Strike_R","Strike_R","Strike_R","Defend_R","Defend_R","Defend_R","Bash","Inflame+1","Feed","Dropkick","Seeing Red+1","Power Through"],"relics":["Burning Blood","Bird Faced Urn","Dead Branch","Ginger","MawBank"],"acts_visited":["Exordium"],"potions_floor_usage":[14],"damage_taken":[{"damage":10.0,"enemies":"Small Slimes","floor":1.0,"turns":4.0},{"damage":7.0,"enemies":"Cultist","floor":3.0,"turns":4.0},{"damage":19.0,"enemies":"Jaw Worm","floor":4.0,"turns":4.0},{"damage":11.0,"enemies":"Gremlin Nob","floor":6.0,"turns":3.0},{"damage":64.0,"enemies":"3 Sentries","floor":8.0,"turns":16.0},{"damage":4,"enemies":"2 Fungi Beasts","floor":10,"turns":4},{"damage":4,"enemies":"Exordium Thugs","floor":14,"turns":2},{"damage":46,"enemies":"The Guardian","floor":16,"turns":9}],"seed_played":"-7888516070758197570","potions_obtained":[{"floor":4.0,"key":"Dexterity Potion"},{"floor":10,"key":"SmokeBomb"}],"is_trial":false,"path_per_floor":["M","?","M","M","?","E","R","E","T","M","R","?","$","M","R","B"],"character_chosen":"IRONCLAD","items_purchased":[],"campfire_rested":1,"item_purchase_floors":[],"current_hp_per_floor":[64,64,66,56,76,71,71,18,18,24,24,13,13,17,42,0,0],"gold":142,"neow_bonus":"REMOVE_TWO","is_daily":false,"chose_seed":false,"campfire_upgraded":2,"win_rate":0.0,"timestamp":1613786347,"path_taken":["M","?","?","M","?","E","R","E","T","M","R","?","$","?","R","BOSS"],"items_purchased_type":[],"build_version":"2020-12-22","purchased_purges":0,"victory":false,"max_hp_per_floor":[75,75,78,81,81,81,81,84,84,84,84,84,84,84,84,84,84],"card_choices":[{"not_picked":["Perfected Strike","Havoc"],"picked":"Inflame","floor":1.0},{"not_picked":["Seeing Red","Inflame"],"picked":"Dropkick","floor":3.0},{"not_picked":["Iron Wave","Warcry"],"picked":"Seeing Red","floor":4.0},{"not_picked":["Flex","Bloodletting"],"picked":"Power Through","floor":6.0},{"not_picked":["Juggernaut","Twin Strike","Rampage"],"picked":"SKIP","floor":8.0},{"not_picked":["Wild Strike","Body Slam","Headbutt"],"picked":"SKIP","floor":10}],"player_experience":256579,"relics_obtained":[{"floor":6.0,"key":"Bird Faced Urn"},{"floor":8.0,"key":"Dead Branch"},{"floor":9.0,"key":"Ginger"}],"event_choices":[{"damage_healed":0.0,"max_hp_gain":0.0,"max_hp_loss":0.0,"gold_gain":0.0,"cards_transformed":["Strike_R"],"event_name":"Transmorgrifier","player_choice":"Transformed","floor":2.0,"gold_loss":0.0,"damage_taken":0.0,"cards_obtained":["Feed"]},{"damage_healed":20.0,"max_hp_gain":0.0,"max_hp_loss":0.0,"gold_gain":0.0,"event_name":"The Cleric","player_choice":"Healed","floor":5.0,"gold_loss":35.0,"damage_taken":0.0},{"damage_healed":0,"gold_gain":0,"player_choice":"Success","damage_taken":11,"relics_obtained":["MawBank"],"max_hp_gain":0,"max_hp_loss":0,"event_name":"Scrap Ooze","floor":12,"gold_loss":0}],"is_beta":false,"boss_relics":[],"items_purged_floors":[],"is_endless":false,"potions_floor_spawned":[4,10,14],"killed_by":"The Guardian","ascension_level":19}}