{"host":"x730sfaw5rd1mxd8","time":1613782477,"event":{"mods":["BaseMod","BetterRewards","Colored Powertips","Downfall","Highlight Path","Minty Spire (QoL Compilation)","Relic Sorter","Relic Stats","Replay The Spire","StSLib"],"gold_per_floor":[99,116,116,129,140,167,192,292,292,312,322,322,322,44,63,167,167,167,181,198,198,198,218,218,128,28,40,40,52,78,90,105,209,209,109,55,55,70,86,100,100,0,31,31,31,48,82,99,113,113],"floor_reached":51,"language":"ENG","playtime":4417,"items_purged":["Guardian:Strike_Guardian","Guardian:Strike_Guardian"],"score":858,"play_id":"7504ae2d-0253-4d82-ac5f-69f66c88bddf","local_time":"20210219195437","is_ascension_mode":false,"campfire_choices":[{"data":"Guardian:CurlUp","floor":1,"key":"SMITH"},{"data":"Guardian:BodySlam","floor":9,"key":"SMITH"},{"data":"Guardian:TwinSlam","floor":12,"key":"SMITH"},{"data":"Guardian:RollAttack","floor":18,"key":"SMITH"},{"data":"Guardian:StasisField","floor":26,"key":"SMITH"},{"data":"Guardian:CrystalBeam","floor":28,"key":"SMITH"},{"floor":35,"key":"RECALL"},{"data":"Guardian:PrismaticBarrier","floor":44,"key":"SMITH"}],"circlet_count":0,"master_deck":["Guardian:Strike_Guardian+1","Guardian:Strike_Guardian+1","Guardian:Defend_Guardian","Guardian:Defend_Guardian","Guardian:Defend_Guardian","Guardian:Defend_Guardian","Guardian:CurlUp+1","Guardian:TwinSlam+1","Guardian:BodySlam+1","Guardian:ChargeCore","Guardian:PiercingHide","Guardian:TimeSifter+1","Guardian:SpikerProtocol+1","Guardian:RollAttack+1","Guardian:CrystalBeam+1","Guardian:EvasiveProtocol","Guardian:StasisField+1","Guardian:Recover+1","Guardian:ArmoredProtocol","Guardian:Harden+1","Guardian:Planning","Guardian:StasisStrike+1","Guardian:RevengeProtocol","Guardian:PrismaticBarrier+1","Guardian:EvasiveProtocol+1"],"relics":["Guardian:ModeShifterPlus","Nunchaku","ReplayFunnel","Guide Book","downfall:HeartBlessingBlue","Whetstone","Painkiller Herb","downfall:HeartBlessingGreen","Replay:WaspNest","Vajra","Snack Pack","Centennial Puzzle","CeramicFish"],"acts_visited":["Exordium","TheCity","TheBeyond"],"potions_floor_usage":[6,6,20,30],"damage_taken":[{"damage":1,"enemies":"Jaw Worm","floor":2,"turns":4},{"damage":1,"enemies":"Cultist","floor":4,"turns":4},{"damage":2,"enemies":"Small Slimes","floor":5,"turns":3},{"damage":8,"enemies":"Gremlin Nob","floor":6,"turns":5},{"damage":10,"enemies":"Exordium Thugs","floor":10,"turns":4},{"damage":11,"enemies":"Large Slime","floor":11,"turns":4},{"damage":0,"enemies":"downfall:FleeingMerchant","floor":14,"turns":4},{"damage":5,"enemies":"downfall:LooterAlt","floor":15,"turns":3},{"damage":19,"enemies":"SI_SHIV_ARCHETYPE","floor":16,"turns":8},{"damage":5,"enemies":"downfall:LooterAlt2","floor":19,"turns":3},{"damage":0,"enemies":"3 Byrds","floor":20,"turns":2},{"damage":0,"enemies":"Snake Plant","floor":23,"turns":3},{"damage":0,"enemies":"downfall:FleeingMerchant","floor":25,"turns":4},{"damage":0,"enemies":"Chosen and Byrds","floor":27,"turns":4},{"damage":0,"enemies":"Centurion and Healer","floor":29,"turns":5},{"damage":9,"enemies":"Slavers","floor":30,"turns":4},{"damage":0,"enemies":"3 Cultists","floor":31,"turns":4},{"damage":0,"enemies":"Shelled Parasite and Fungi","floor":32,"turns":3},{"damage":0,"enemies":"WA_ARCHETYPE_CALM","floor":33,"turns":16},{"damage":0,"enemies":"downfall:FleeingMerchant","floor":36,"turns":4},{"damage":0,"enemies":"3 Darklings","floor":38,"turns":3},{"damage":0,"enemies":"Orb Walker","floor":39,"turns":4},{"damage":0,"enemies":"Spire Growth","floor":40,"turns":4},{"damage":0,"enemies":"Giant Head","floor":43,"turns":5},{"damage":0,"enemies":"Jaw Worm Horde","floor":46,"turns":4},{"damage":0,"enemies":"Nemesis","floor":47,"turns":5},{"damage":0,"enemies":"3 Darklings","floor":48,"turns":4},{"damage":0,"enemies":"Writhing Mass","floor":49,"turns":4},{"damage":24,"enemies":"IC_BLOCK_ARCHETYPE","floor":50,"turns":9}],"seed_played":"5262995041567392083","potions_obtained":[{"floor":2,"key":"Block Potion"},{"floor":5,"key":"Block Potion"},{"floor":6,"key":"Explosive Potion"},{"floor":11,"key":"LiquidMemories"},{"floor":16,"key":"SpeedPotion"},{"floor":27,"key":"hexamod:SoulburnPotion"},{"floor":29,"key":"Fire Potion"},{"floor":30,"key":"LiquidMemories"},{"floor":39,"key":"Weak Potion"}],"is_trial":false,"path_per_floor":["R","M","?","M","M","E","T","?","R","M","M","R","?","$","M","B",null,"R","M","M","?","?","M","T","$","R","M","R","M","E","M","M","B",null,"T","T","?","?","?","?","T","T","E","T","?","?","E","?","?","B",null],"character_chosen":"GUARDIAN","items_purchased":["Guardian:Gem_Crimson","Guardian:SpikerProtocol","Guide Book","Replay:WaspNest","Vajra"],"campfire_rested":0,"item_purchase_floors":[14,14,14,36,36],"current_hp_per_floor":[88,87,87,86,84,76,76,76,76,66,55,55,55,55,50,31,88,88,83,83,83,83,83,83,83,93,93,93,93,84,84,84,84,98,98,98,98,98,98,98,98,98,98,98,98,98,98,98,98,76],"gold":113,"neow_bonus":"TEN_PERCENT_HP_BONUS","is_daily":false,"chose_seed":false,"campfire_upgraded":7,"win_rate":0.0,"timestamp":1613782477,"path_taken":["R","M","?","M","M","E","T","?","R","?","M","R","?","$","M","BOSS","R","M","M","?","?","M","T","$","R","M","R","M","E","M","M","BOSS","T","T","?","?","?","?","T","?","E","T","?","?","E","?","?","BOSS"],"items_purchased_type":["Card","Card","Relic","Relic","Relic"],"build_version":"2020-12-22","purchased_purges":2,"victory":true,"max_hp_per_floor":[88,88,88,88,88,88,88,88,88,88,88,88,88,88,88,88,88,88,88,88,88,88,88,88,88,98,98,98,98,98,98,98,98,98,98,98,98,98,98,98,98,98,98,98,98,98,98,98,98,98],"relic_stats":{"Nunchaku":[18],"Centennial Puzzle":[3],"counters":[29,133],"CeramicFish":0,"Whetstone":["Guardian:Strike_Guardian","Guardian:Strike_Guardian"],"obtain_stats":[{"ReplayFunnel":7,"Guardian:ModeShifterPlus":17,"Guide Book":14,"CeramicFish":47,"Guardian:ModeShifter":0,"Vajra":36,"Painkiller Herb":34,"downfall:HeartBlessingGreen":35,"Replay:WaspNest":36,"Whetstone":30,"Nunchaku":6,"Centennial Puzzle":43,"downfall:HeartBlessingBlue":26,"Snack Pack":41},{"ReplayFunnel":4,"Guardian:ModeShifterPlus":9,"Guide Book":7,"CeramicFish":26,"Guardian:ModeShifter":0,"Vajra":20,"Painkiller Herb":19,"downfall:HeartBlessingGreen":19,"Replay:WaspNest":20,"Whetstone":16,"Nunchaku":4,"Centennial Puzzle":24,"downfall:HeartBlessingBlue":13,"Snack Pack":23},{"ReplayFunnel":16,"Guardian:ModeShifterPlus":39,"Guide Book":28,"CeramicFish":116,"Guardian:ModeShifter":0,"Vajra":91,"Painkiller Herb":87,"downfall:HeartBlessingGreen":87,"Replay:WaspNest":91,"Whetstone":64,"Nunchaku":16,"Centennial Puzzle":107,"downfall:HeartBlessingBlue":51,"Snack Pack":102}]},"card_choices":[{"not_picked":["Guardian:FloatingOrbs","Guardian:BronzeArmor"],"picked":"Guardian:BodySlam","floor":2},{"not_picked":["Guardian:TemporalStrike","Guardian:VentSteam"],"picked":"Guardian:ChargeCore","floor":4},{"not_picked":["Guardian:PrismaticBarrier","Guardian:CrystalBeam"],"picked":"Guardian:Gem_Cyan","floor":5},{"not_picked":["Guardian:Incinerate","Guardian:Planning"],"picked":"Guardian:PiercingHide","floor":6},{"not_picked":["Guardian:Reroute","Guardian:Planning"],"picked":"Guardian:Gem_White","floor":10},{"not_picked":["Guardian:TemporalStrike","Guardian:Gem_Green"],"picked":"Guardian:Gem_White","floor":11},{"not_picked":["Guardian:Suspension","Guardian:Gem_Blue"],"picked":"Guardian:TimeSifter","floor":14},{"not_picked":["Guardian:Suspension","Guardian:Gem_Blue"],"picked":"Guardian:RollAttack","floor":15},{"not_picked":["Guardian:FastForward","Guardian:SphericShield"],"picked":"Guardian:Gem_Orange","floor":16},{"not_picked":["Guardian:TemporalShield","Guardian:PiercingHide"],"picked":"Guardian:CrystalBeam","floor":19},{"not_picked":["Guardian:WalkerClaw+1","Guardian:PolyBeam"],"picked":"Guardian:EvasiveProtocol","floor":20},{"not_picked":["Guardian:SpikerProtocol","Guardian:Gem_Cyan"],"picked":"Guardian:Recover+1","floor":23},{"not_picked":["Guardian:ChargeCore","Guardian:BronzeArmor"],"picked":"Guardian:Gem_Red","floor":25},{"not_picked":["Guardian:TemporalShield+1","Guardian:VentSteam"],"picked":"Guardian:Gem_Yellow","floor":27},{"not_picked":["Guardian:Recover+1","Guardian:Gem_Green"],"picked":"Guardian:ArmoredProtocol","floor":29},{"not_picked":["Guardian:Clone","Guardian:BronzeArmor"],"picked":"Guardian:Harden+1","floor":30},{"not_picked":["Guardian:SpikerProtocol","Guardian:Emergency"],"picked":"Guardian:Planning","floor":31},{"not_picked":["Guardian:PrimingBeam","Guardian:Reroute","Guardian:Gem_Red"],"picked":"SKIP","floor":32},{"not_picked":["Guardian:AncientConstruct","Guardian:SphericShield"],"picked":"Guardian:StasisStrike","floor":33},{"not_picked":["Guardian:PiercingHide","Guardian:Gem_Crimson","Guardian:WalkerClaw"],"picked":"SKIP","floor":36},{"not_picked":["Guardian:Planning","Guardian:CrystalBeam+1"],"picked":"Guardian:RevengeProtocol","floor":38},{"not_picked":["Guardian:Clone","Guardian:ChargeCore"],"picked":"Guardian:PrismaticBarrier","floor":39},{"not_picked":["Guardian:VentSteam","Guardian:Suspension"],"picked":"Guardian:EvasiveProtocol+1","floor":40},{"not_picked":["Guardian:SentryBeam","Guardian:Reroute"],"picked":"Guardian:Gem_Orange","floor":43},{"not_picked":["Guardian:Recover+1","Guardian:Planning","Guardian:EvasiveProtocol+1"],"picked":"SKIP","floor":46},{"not_picked":["Guardian:ShieldSpikes","Guardian:WalkerClaw+1","Guardian:Gem_Blue"],"picked":"SKIP","floor":47},{"not_picked":["Guardian:BronzeArmor+1","Guardian:ChargeCore+1","Guardian:Emergency"],"picked":"SKIP","floor":48},{"not_picked":["Guardian:EvasiveProtocol","Guardian:ShieldCharger","Guardian:GuardianWhirl+1"],"picked":"SKIP","floor":49}],"player_experience":4218705,"relics_obtained":[{"floor":6,"key":"Nunchaku"},{"floor":7,"key":"ReplayFunnel"},{"floor":30,"key":"Whetstone"},{"floor":41,"key":"Snack Pack"},{"floor":43,"key":"Centennial Puzzle"},{"floor":47,"key":"CeramicFish"}],"event_choices":[{"damage_healed":0,"gold_gain":0,"player_choice":"Ignored","damage_taken":0,"max_hp_gain":0,"max_hp_loss":0,"event_name":"NoteForYourself","floor":13,"gold_loss":0},{"damage_healed":0,"gold_gain":0,"player_choice":"Read","damage_taken":0,"max_hp_gain":0,"max_hp_loss":0,"event_name":"The Library","floor":21,"gold_loss":0,"cards_obtained":["Guardian:StasisField"]},{"damage_healed":0,"gold_gain":0,"player_choice":"Ignored","damage_taken":0,"max_hp_gain":0,"max_hp_loss":0,"event_name":"Ghosts","floor":22,"gold_loss":0}],"is_beta":false,"boss_relics":[{"not_picked":["Replay:Ancient Bell","Honey Jar"],"picked":"Guardian:ModeShifterPlus"},{"not_picked":["Replay:Wanted Poster","SacredBark"],"picked":"Painkiller Herb"}],"items_purged_floors":[25,42],"is_endless":false,"potions_floor_spawned":[2,5,6,11,16,27,29,30,31,32,33,39,43,46,47,48],"ascension_level":0}}