{"host":"7tncuco8wmu6m2y5","time":1613848584,"event":{"mods":["AchievementEnabler","BaseMod","Better Note","Card Forge","Colored Map","Colored Powertips","Minty Spire (QoL Compilation)","Permanent Neow","Quick Restart","Rare Cards Sparkle","Remove Card Discount Mod","Spire Birthday Party","StSLib","SuperFastMode","The IronCluck","everything is the same but u backflip on backflip"],"gold_per_floor":[114,129,304,52,2,32,47,77,77,107,122,122,137,152,152,252,302,317,317,329,29,44,74,89,104,129,228,243,243,258,273,273,373,373,388,403,103,103,118,148,148,163,238,268,283,283,298,313,313,313],"floor_reached":51,"language":"ENG","playtime":3139,"items_purged":["Doubt"],"score":905,"play_id":"ad24c814-7cb8-4ffc-87b5-d771d7baf095","local_time":"20210220191624","daily_mods":["Shiny","Red Cards","DeadlyEvents"],"is_ascension_mode":false,"campfire_choices":[{"floor":15.0,"key":"REST"},{"floor":32.0,"key":"REST"},{"data":"1","floor":41,"key":"LIFT"},{"data":"2","floor":46,"key":"LIFT"},{"data":"3","floor":49,"key":"LIFT"}],"circlet_count":0,"master_deck":["Double Tap+1","Demon Form+1","Bludgeon+1","Feed+1","Limit Break+1","Barricade+1","Fiend Fire+1","Berserk+1","Impervious+1","Juggernaut+1","Reaper+1","Exhume+1","Immolate+1","Multi-Cast+1","Hyperbeam+1","Thunder Strike+1","Biased Cognition+1","Machine Learning+1","Electrodynamics+1","Buffer+1","Rainbow+1","Seek+1","Echo Form+1","All For One+1","Reboot+1","Amplify+1","Creative AI+1","Fission+1","Core Surge+1","Impervious+1","Adrenaline+1","Capacitor+1","Defragment+1","Electrodynamics+1","Fusion+1","Rainbow+1","Self Repair+1","Zap+1","Discovery+1","Finesse+1","Beam Cell+1","Genetic Algorithm+1","Self Repair+1","Bandage Up+1","Loop+1","Parasite"],"relics":["Cracked Core","Hammer of Thor","Seething Fire","Anvil of the Gods","Singing Bowl","Anchor","Gambling Chip","Oddly Smooth Stone","Whetstone","Strawberry","Mercury Hourglass","Tiny House","Red Mask","Bird Faced Urn","Matryoshka","Letter Opener","Centennial Puzzle","Busted Crown","Girya","MealTicket","Blood Vial","Ornamental Fan","Boot"],"acts_visited":["Exordium","TheCity","TheBeyond"],"potions_floor_usage":[33],"damage_taken":[{"damage":0.0,"enemies":"Cultist","floor":1.0,"turns":2.0},{"damage":11.0,"enemies":"Jaw Worm","floor":2.0,"turns":2.0},{"damage":0.0,"enemies":"3 Sentries","floor":6.0,"turns":3.0},{"damage":0.0,"enemies":"Small Slimes","floor":7.0,"turns":1.0},{"damage":0.0,"enemies":"Gremlin Nob","floor":8.0,"turns":2.0},{"damage":5.0,"enemies":"3 Sentries","floor":10.0,"turns":3.0},{"damage":0.0,"enemies":"Looter","floor":11.0,"turns":2.0},{"damage":0.0,"enemies":"2 Fungi Beasts","floor":13.0,"turns":1.0},{"damage":0.0,"enemies":"Large Slime","floor":14.0,"turns":3.0},{"damage":49.0,"enemies":"Hexaghost","floor":16.0,"turns":4.0},{"damage":0.0,"enemies":"Spheric Guardian","floor":18.0,"turns":3.0},{"damage":37.0,"enemies":"Masked Bandits","floor":20.0,"turns":4.0},{"damage":0.0,"enemies":"Chosen","floor":22.0,"turns":2.0},{"damage":43.0,"enemies":"Slavers","floor":23.0,"turns":5.0},{"damage":0.0,"enemies":"Snecko","floor":24.0,"turns":2.0},{"damage":13.0,"enemies":"Snake Plant","floor":25.0,"turns":3.0},{"damage":6.0,"enemies":"Cultist and Chosen","floor":28.0,"turns":3.0},{"damage":10.0,"enemies":"Centurion and Healer","floor":30.0,"turns":4.0},{"damage":18.0,"enemies":"Shelled Parasite and Fungi","floor":31.0,"turns":4.0},{"damage":20,"enemies":"Collector","floor":33,"turns":5},{"damage":0,"enemies":"3 Shapes","floor":35,"turns":1},{"damage":0,"enemies":"Orb Walker","floor":36,"turns":2},{"damage":2,"enemies":"Writhing Mass","floor":39,"turns":5},{"damage":30,"enemies":"Nemesis","floor":40,"turns":5},{"damage":25,"enemies":"Maw","floor":42,"turns":6},{"damage":0,"enemies":"Giant Head","floor":44,"turns":7},{"damage":13,"enemies":"Jaw Worm Horde","floor":45,"turns":3},{"damage":0,"enemies":"3 Darklings","floor":47,"turns":2},{"damage":0,"enemies":"Sphere and 2 Shapes","floor":48,"turns":3},{"damage":92,"enemies":"Time Eater","floor":50,"turns":8}],"seed_played":"3618718455484561711","potions_obtained":[{"floor":10.0,"key":"CultistPotion"},{"floor":11.0,"key":"ColorlessPotion"},{"floor":13.0,"key":"BlessingOfTheForge"},{"floor":17.0,"key":"CultistPotion"},{"floor":18.0,"key":"Dexterity Potion"},{"floor":22.0,"key":"DuplicationPotion"},{"floor":30.0,"key":"DuplicationPotion"},{"floor":33,"key":"Weak Potion"},{"floor":39,"key":"SkillPotion"},{"floor":44,"key":"DuplicationPotion"}],"is_trial":false,"path_per_floor":["M","M","?","$","?","E","M","E","T","E","M","T","M","M","R","B",null,"M","?","?","$","M","E","M","M","T","?","M","$","M","M","R","B",null,"M","M","$","?","M","E","R","M","T","E","M","R","M","M","R","B",null],"character_chosen":"DEFECT","items_purchased":["Singing Bowl","Bird Faced Urn","Girya"],"campfire_rested":2,"item_purchase_floors":[4,21,37],"current_hp_per_floor":[75,64,64,64,64,77,79,81,81,83,87,87,89,91,94,47,103,105,105,90,90,96,81,99,115,115,115,117,117,119,121,121,105,123,125,127,127,127,129,131,131,133,133,135,126,126,134,141,141,117],"gold":313,"neow_bonus":"","is_daily":true,"chose_seed":false,"campfire_upgraded":0,"win_rate":0.0,"timestamp":1613848584,"path_taken":["M","M","?","$","?","E","M","?","T","?","M","?","?","M","R","BOSS","M","?","?","$","M","E","?","M","T","?","M","$","?","M","R","BOSS","M","M","$","?","M","E","R","?","T","E","M","R","M","?","R","BOSS"],"items_purchased_type":["Relic","Relic","Relic"],"build_version":"2020-12-22","purchased_purges":1,"victory":true,"max_hp_per_floor":[75,75,75,75,75,77,79,81,81,88,90,90,92,94,94,96,103,105,105,107,107,109,111,113,115,115,115,117,117,119,121,121,123,123,125,127,127,127,129,131,131,133,133,135,137,137,139,141,141,141],"card_choices":[{"not_picked":["Gash","Cold Snap","Intimidate"],"picked":"SKIP","floor":1.0},{"not_picked":["Clothesline","Dual Wield","Entrench"],"picked":"SKIP","floor":2.0},{"not_picked":["Heatsinks","FTL","Dark Embrace"],"picked":"Singing Bowl","floor":6.0},{"not_picked":["Sword Boomerang","True Grit","Intimidate"],"picked":"Singing Bowl","floor":7.0},{"not_picked":["Biased Cognition","Dual Wield","Conserve Battery"],"picked":"Singing Bowl","floor":8.0},{"not_picked":["Doom and Gloom","Pommel Strike"],"picked":"Loop","floor":10.0},{"not_picked":["Clash","Havoc","Reprogram"],"picked":"Singing Bowl","floor":11.0},{"not_picked":["Redo","Havoc","Go for the Eyes"],"picked":"Singing Bowl","floor":13.0},{"not_picked":["Rampage","Cleave","Turbo"],"picked":"Singing Bowl","floor":14.0},{"not_picked":["Core Surge","Buffer","Biased Cognition"],"picked":"Singing Bowl","floor":16.0},{"not_picked":["Conserve Battery","Sweeping Beam","Warcry"],"picked":"Singing Bowl","floor":17.0},{"not_picked":["Beam Cell","Seeing Red","Battle Trance+1"],"picked":"Singing Bowl","floor":18.0},{"not_picked":["Whirlwind","Genetic Algorithm","Hemokinesis"],"picked":"Singing Bowl","floor":20.0},{"not_picked":["BootSequence","Havoc+1","Force Field"],"picked":"Singing Bowl","floor":22.0},{"not_picked":["Burning Pact","Headbutt","Streamline"],"picked":"Singing Bowl","floor":23.0},{"not_picked":["Redo+1","Sweeping Beam+1","Heavy Blade"],"picked":"Singing Bowl","floor":24.0},{"not_picked":["Flex+1","Burning Pact","Sword Boomerang"],"picked":"Singing Bowl","floor":25.0},{"not_picked":["Pommel Strike","Gash","Skim"],"picked":"Singing Bowl","floor":28.0},{"not_picked":["Sentinel","Steam","Stack"],"picked":"Singing Bowl","floor":30.0},{"not_picked":["Wild Strike","Force Field","Carnage"],"picked":"Singing Bowl","floor":31.0},{"not_picked":["Creative AI","Offering","Core Surge"],"picked":"Singing Bowl","floor":33},{"not_picked":["Twin Strike"],"picked":"Singing Bowl","floor":35},{"not_picked":["Thunderclap+1"],"picked":"Singing Bowl","floor":36},{"not_picked":["Intimidate+1"],"picked":"Singing Bowl","floor":39},{"not_picked":["Rebound+1"],"picked":"Singing Bowl","floor":40},{"not_picked":["Rage"],"picked":"Singing Bowl","floor":42},{"not_picked":["Heatsinks+1"],"picked":"Singing Bowl","floor":44},{"not_picked":["Chill+1"],"picked":"Singing Bowl","floor":45},{"not_picked":["Compile Driver+1"],"picked":"Singing Bowl","floor":47},{"not_picked":["Self Repair"],"picked":"Singing Bowl","floor":48}],"player_experience":292331,"relics_obtained":[{"floor":6.0,"key":"Gambling Chip"},{"floor":8.0,"key":"Oddly Smooth Stone"},{"floor":9.0,"key":"Whetstone"},{"floor":10.0,"key":"Strawberry"},{"floor":12.0,"key":"Mercury Hourglass"},{"floor":20.0,"key":"Red Mask"},{"floor":23.0,"key":"Matryoshka"},{"floor":26.0,"key":"Letter Opener"},{"floor":26.0,"key":"Centennial Puzzle"},{"floor":40,"key":"MealTicket"},{"floor":43,"key":"Blood Vial"},{"floor":43,"key":"Ornamental Fan"},{"floor":44,"key":"Boot"}],"event_choices":[{"damage_healed":0.0,"max_hp_gain":0.0,"max_hp_loss":0.0,"gold_gain":175.0,"event_name":"Liars Game","player_choice":"AGREE","floor":3.0,"gold_loss":0.0,"damage_taken":0.0,"cards_obtained":["Doubt"]},{"damage_healed":0.0,"max_hp_gain":0.0,"max_hp_loss":0.0,"gold_gain":0.0,"event_name":"WeMeetAgain","player_choice":"Paid Gold","floor":5.0,"gold_loss":50.0,"damage_taken":0.0,"relics_obtained":["Anchor"]},{"damage_healed":0.0,"max_hp_gain":0.0,"max_hp_loss":0.0,"gold_gain":0.0,"event_name":"Ghosts","player_choice":"Ignored","floor":19.0,"gold_loss":0.0,"damage_taken":0.0},{"damage_healed":0.0,"max_hp_gain":0.0,"max_hp_loss":0.0,"gold_gain":0.0,"event_name":"Masked Bandits","player_choice":"Fought Bandits","floor":20.0,"gold_loss":0.0,"damage_taken":0.0},{"damage_healed":0.0,"max_hp_gain":0.0,"max_hp_loss":0.0,"gold_gain":99.0,"event_name":"Nest","player_choice":"Stole From Cult","floor":27.0,"gold_loss":0.0,"damage_taken":0.0},{"cards_removed":["Meteor Strike"],"damage_healed":0,"gold_gain":0,"player_choice":"Removed Attack","damage_taken":0,"max_hp_gain":0,"max_hp_loss":0,"event_name":"Falling","floor":38,"gold_loss":0}],"is_beta":false,"boss_relics":[{"not_picked":["Runic Dome","Empty Cage"],"picked":"Tiny House"},{"not_picked":["Astrolabe","Cursed Key"],"picked":"Busted Crown"}],"items_purged_floors":[4],"is_endless":false,"potions_floor_spawned":[10,11,13,14,18,22,24,30,33,39,44,45,47],"ascension_level":0}}