{"host":"f9ntswufr8mq3t4y","time":1613848377,"event":{"mods":["AchievementEnabler","BaseMod","Best Route Mod","Block Reminder","Colored Map","Colored Powertips","Curses Come First","DeckTracker","Displayed Cursed Tome","Highlight Path","Minty Spire (QoL Compilation)","Permanent Neow","Quick Restart","Slay-I","StSLib"],"gold_per_floor":[112,124,142,162,175,175,186,186,186,206,218,218,218,218,218],"floor_reached":14,"language":"ENG","playtime":896,"items_purged":[],"score":105,"play_id":"53ed00c8-dfff-4ffd-8289-0459695d8b2d","local_time":"20210220221257","is_ascension_mode":true,"campfire_choices":[{"data":"Eruption","floor":6,"key":"SMITH"},{"data":"Vigilance","floor":8,"key":"SMITH"},{"floor":13,"key":"REST"}],"circlet_count":0,"master_deck":["Strike_P","Strike_P","Strike_P","Strike_P","Defend_P","Defend_P","Defend_P","Defend_P","Eruption+1","Vigilance+1","DeusExMachina","Protect","Halt","Tantrum","FollowUp","EmptyFist","Worship","Conclude"],"relics":["PureWater","Pantograph","Odd Mushroom","Golden Idol"],"acts_visited":["Exordium"],"potions_floor_usage":[],"damage_taken":[{"damage":2,"enemies":"Cultist","floor":1,"turns":5},{"damage":0,"enemies":"Small Slimes","floor":2,"turns":2},{"damage":1,"enemies":"Jaw Worm","floor":3,"turns":5},{"damage":8,"enemies":"Red Slaver","floor":4,"turns":5},{"damage":3,"enemies":"Looter","floor":5,"turns":3},{"damage":11,"enemies":"3 Louse","floor":7,"turns":3},{"damage":20,"enemies":"The Mushroom Lair","floor":10,"turns":4},{"damage":0,"enemies":"Gremlin Gang","floor":11,"turns":4},{"damage":25,"enemies":"3 Sentries","floor":14,"turns":3}],"seed_played":"-7240450276684991159","potions_obtained":[{"floor":2,"key":"LiquidBronze"},{"floor":7,"key":"FearPotion"},{"floor":11,"key":"BlessingOfTheForge"}],"is_trial":false,"path_per_floor":["M","M","M","M","M","R","M","R","T","?","M","?","R","E"],"character_chosen":"WATCHER","items_purchased":[],"campfire_rested":1,"item_purchase_floors":[],"current_hp_per_floor":[63,63,62,54,51,51,40,40,40,20,20,4,23,0,0],"gold":218,"neow_bonus":"THREE_RARE_CARDS","is_daily":false,"chose_seed":false,"campfire_upgraded":2,"win_rate":0.0,"timestamp":1613848377,"path_taken":["M","M","M","M","M","R","M","R","T","?","M","?","R","E"],"items_purchased_type":[],"build_version":"2020-12-22","purchased_purges":0,"victory":false,"max_hp_per_floor":[65,65,65,65,65,65,65,65,65,65,65,65,65,65,65],"card_choices":[{"not_picked":["ConjureBlade","Omniscience"],"picked":"DeusExMachina","floor":0},{"not_picked":["JustLucky","PathToVictory"],"picked":"Protect","floor":1},{"not_picked":["Crescendo","Prostrate"],"picked":"Halt","floor":2},{"not_picked":["MentalFortress","Swivel"],"picked":"Tantrum","floor":3},{"not_picked":["FlurryOfBlows","DevaForm"],"picked":"FollowUp","floor":4},{"not_picked":["FlurryOfBlows","FlyingSleeves"],"picked":"EmptyFist","floor":5},{"not_picked":["Pray","ForeignInfluence"],"picked":"Worship","floor":7},{"not_picked":["Crescendo","CarveReality"],"picked":"Conclude","floor":10},{"not_picked":["ClearTheMind","Meditate","FollowUp"],"picked":"SKIP","floor":11}],"player_experience":454194,"relics_obtained":[{"floor":9,"key":"Pantograph"},{"floor":10,"key":"Odd Mushroom"}],"event_choices":[{"damage_healed":0,"gold_gain":0,"player_choice":"Fought Mushrooms","damage_taken":0,"max_hp_gain":0,"max_hp_loss":0,"event_name":"Mushrooms","floor":10,"gold_loss":0},{"damage_healed":0,"gold_gain":0,"player_choice":"Take Damage","damage_taken":16,"relics_obtained":["Golden Idol"],"max_hp_gain":0,"max_hp_loss":0,"event_name":"Golden Idol","floor":12,"gold_loss":0}],"is_beta":false,"boss_relics":[],"items_purged_floors":[],"is_endless":false,"potions_floor_spawned":[2,7,11],"killed_by":"3 Sentries","ascension_level":5}}