{"host":"yrr8h8i6xyokjw1v","time":1613833590,"event":{"mods":["Act Like it!","Ascension Reborn","BaseMod","BetterRewards","Downfall","Duelist Mod","Gensokyo","Hermit","Hubris","Minty Spire (QoL Compilation)","READ ME - Guardian Mod","Replay The Spire","Ruina","StSLib","The Animator","The Bug Knight","The Construct","The Cursed","The Disciple","The Marked","The Mystic","The Necromancer","The Problem Sleuth","The Runesmith","The Servant 0.9.4","TheFirefly"],"gold_per_floor":[115,78,78,96,96,96,114,69,69,96,116,116,129,145,145,264,364,379,491,491,20,43,43,43,43],"floor_reached":24,"language":"ENG","playtime":1543,"items_purged":[],"score":196,"play_id":"be05713f-6dd9-436a-bb32-440bae9ea296","local_time":"20210220150630","is_ascension_mode":true,"campfire_choices":[{"floor":6,"key":"RECALL"},{"floor":15,"key":"REST"},{"floor":23,"key":"REST"}],"circlet_count":0,"master_deck":["Strike_S","Strike_S","Strike_S","Strike_S","Defend_S","Defend_S","Defend_S","Defend_S","KidneyShot+1","Exchange","Crow Ritual","ShatteredReality","Comet","BottledTime","GearUp","FanOfKnives","Spin","Reset","DoubleEdge","ReturningBlade","Hightail","FlawlessForm","SurpressingFire+1","ruina:LoveAndHate","SurpressingFire+1","InstantArmor","Rearm"],"relics":["Uniform","Counterbalance","Blue Doll","Golden Idol","Replay:Wanted Poster","Membership Card","Ancient Tea Set"],"acts_visited":["Exordium","ruina:Briah"],"potions_floor_usage":[11,16],"damage_taken":[{"damage":14,"enemies":"Jaw Worm","floor":1,"turns":8},{"damage":0,"enemies":"Small Slimes","floor":4,"turns":3},{"damage":0,"enemies":"Cultist","floor":7,"turns":4},{"damage":33,"enemies":"Lagavulin","floor":10,"turns":7},{"damage":11,"enemies":"Exordium Thugs","floor":11,"turns":2},{"damage":0,"enemies":"Blue Slaver","floor":13,"turns":3},{"damage":0,"enemies":"3 Louse","floor":14,"turns":3},{"damage":14,"enemies":"The Guardian","floor":16,"turns":16},{"damage":10,"enemies":"ruina:2_Scarecrows","floor":18,"turns":4},{"damage":24,"enemies":"ruina:BadWolf","floor":22,"turns":8},{"damage":47,"enemies":"ruina:Woodsman","floor":24,"turns":2}],"seed_played":"2967822072611583705","potions_obtained":[{"floor":4,"key":"Explosive Potion"},{"floor":14,"key":"Dexterity Potion"},{"floor":16,"key":"Weak Potion"}],"is_trial":false,"path_per_floor":["M","$","?","M","?","R","M","$","T","E","M","?","M","M","R","B",null,"M","?","?","$","M","R","M"],"character_chosen":"THE_SERVANT","items_purchased":["Comet","Spin","ruina:LoveAndHate","SurpressingFire+1","InstantArmor","Membership Card","Ancient Tea Set"],"campfire_rested":2,"item_purchase_floors":[2,8,21,21,21,21,21],"current_hp_per_floor":[45,45,45,45,45,45,45,45,45,12,1,1,1,1,17,3,55,45,45,53,53,29,47,0,0],"gold":43,"neow_bonus":"RANDOM_COLORLESS_2","is_daily":false,"chose_seed":false,"campfire_upgraded":0,"win_rate":0.0,"timestamp":1613833590,"path_taken":["M","$","?","M","?","R","M","$","T","E","M","?","M","M","R","BOSS","M","?","?","?","?","R","M"],"items_purchased_type":["Card","Card","Card","Card","Card","Relic","Relic"],"build_version":"2020-12-22","purchased_purges":0,"victory":false,"max_hp_per_floor":[59,59,59,59,59,59,59,59,59,59,59,55,55,55,55,55,55,55,55,63,63,63,63,63,63],"card_choices":[{"not_picked":["Magnetism","Secret Weapon"],"picked":"Crow Ritual","floor":0},{"not_picked":["Rewind","DualDimension"],"picked":"ShatteredReality","floor":1},{"not_picked":["Revamp","Ricochet"],"picked":"BottledTime","floor":4},{"not_picked":["TimeWarp","Starlight"],"picked":"FanOfKnives","floor":7},{"not_picked":["Ricochet","BottledTime"],"picked":"Reset","floor":10},{"not_picked":["Alleviate","Spin"],"picked":"DoubleEdge","floor":11},{"not_picked":["WasteNot","Desolation"],"picked":"ReturningBlade","floor":13},{"not_picked":["Rearm","DualDimension"],"picked":"Hightail","floor":14},{"not_picked":["Sunlight","FloweringNight"],"picked":"FlawlessForm","floor":16},{"not_picked":["ShatteredReality","Gouge"],"picked":"SurpressingFire+1","floor":18},{"not_picked":["WasteNot","Foresight+1"],"picked":"Rearm","floor":22}],"player_experience":123380,"relics_obtained":[{"floor":9,"key":"Counterbalance"},{"floor":10,"key":"Blue Doll"}],"event_choices":[{"damage_healed":0,"gold_gain":0,"player_choice":"Lose Max HP","damage_taken":0,"relics_obtained":["Golden Idol"],"max_hp_gain":0,"max_hp_loss":4,"event_name":"Golden Idol","floor":12,"gold_loss":0}],"is_beta":false,"boss_relics":[{"not_picked":["Cursed Key","hubris:CrackedHourglass"],"picked":"Replay:Wanted Poster"}],"items_purged_floors":[],"is_endless":false,"potions_floor_spawned":[4,14,16],"killed_by":"ruina:Woodsman","ascension_level":0}}