{"host":"6r341r9cz00j2qc1","time":1613795355,"event":{"mods":["BaseMod","Better Third Choice","Downfall","Hermit","Lobotomy","LobotomyExtend","Minty Spire (QoL Compilation)","Replay The Spire","Shop Mod","StSLib"],"gold_per_floor":[118,118,118,129,129,129,147,179,230,192,157,183,183,196,196,299,299,311,110,124,224,234,268,268,280,303,303,303,313,83,95,95,199,199,216,236,250,270,289,333,348,370,370,370,411,321,321,340,340,340,340,340,340,13,44,44],"floor_reached":57,"language":"ENG","playtime":3549,"items_purged":["downfall:Haunted","Strike_P"],"score":1721,"play_id":"e8a42bc5-41e7-459a-bae9-d72f0fed6453","local_time":"20210220052915","is_ascension_mode":false,"campfire_choices":[{"data":"Eruption","floor":6,"key":"SMITH"},{"floor":13,"key":"REST"},{"data":"Evaluate","floor":15,"key":"SMITH"},{"data":"EmptyFist","floor":32,"key":"SMITH"},{"floor":47,"key":"RECALL"},{"floor":49,"key":"REST"},{"data":"Ragnarok","floor":53,"key":"SMITH"}],"circlet_count":0,"master_deck":["Strike_P","Strike_P","Defend_P","Defend_P","Defend_P","Defend_P","Eruption+1","Vigilance","Regret","FlurryOfBlows","Voices","EmptyFist+1","Evaluate+1","FlurryOfBlows","Tantrum+1","Halt","EmptyBody","Devotion+1","downfall:Haunted","Hallucinations","Spreading Infection","Delirium","FlurryOfBlows+1","MentalFortress","Ragnarok+1","EmptyFist+1","EmptyBody","ReachHeaven","FlurryOfBlows+1","EmptyBody+1","Fasting2+1","Specialist+1"],"relics":["PureWater","Bag of Preparation","LetterFromLob","Ring of Panic","Ring of Fury","Du-Vu Doll","PreservedInsect","Akabeko","Black Star","Sling","Darkstone Periapt","Strawberry","Gremlin Horn","Frozen Egg 2","Guide Book","SlaversCollar","CeramicFish","Toxic Egg 2","Bag of Marbles","Replay:WaspNest","Anchor","Toolbox","Replay:Wax Seal","Chameleon Ring"],"acts_visited":["Exordium","TheCity","TheBeyond","TheEnding"],"potions_floor_usage":[20,23,23,38,40,42,42,42,45,50,56,56],"damage_taken":[{"damage":0,"enemies":"2 Louse","floor":1,"turns":2},{"damage":5,"enemies":"Cultist","floor":4,"turns":2},{"damage":3,"enemies":"Jaw Worm","floor":7,"turns":2},{"damage":22,"enemies":"Lagavulin","floor":8,"turns":5},{"damage":14,"enemies":"3 Sentries","floor":12,"turns":3},{"damage":0,"enemies":"2 Fungi Beasts","floor":14,"turns":2},{"damage":61,"enemies":"The Guardian","floor":16,"turns":10},{"damage":4,"enemies":"Shell Parasite","floor":18,"turns":2},{"damage":3,"enemies":"Chosen","floor":20,"turns":3},{"damage":41,"enemies":"Centurion and Healer","floor":22,"turns":4},{"damage":25,"enemies":"Slavers","floor":23,"turns":3},{"damage":29,"enemies":"Snake Plant","floor":25,"turns":4},{"damage":43,"enemies":"Chosen and Byrds","floor":29,"turns":7},{"damage":6,"enemies":"Snecko","floor":31,"turns":4},{"damage":8,"enemies":"Pondfish","floor":33,"turns":6},{"damage":0,"enemies":"3 Darklings","floor":35,"turns":2},{"damage":9,"enemies":"3 Shapes","floor":36,"turns":1},{"damage":4,"enemies":"Maw","floor":37,"turns":4},{"damage":11,"enemies":"Transient","floor":38,"turns":5},{"damage":3,"enemies":"Jaw Worm Horde","floor":39,"turns":2},{"damage":0,"enemies":"Giant Head","floor":40,"turns":2},{"damage":0,"enemies":"Sphere and 2 Shapes","floor":41,"turns":1},{"damage":28,"enemies":"Writhing Mass","floor":42,"turns":4},{"damage":0,"enemies":"Nemesis","floor":45,"turns":1},{"damage":0,"enemies":"3 Darklings","floor":48,"turns":1},{"damage":84,"enemies":"Awakened One","floor":50,"turns":8},{"damage":0,"enemies":"Shield and Spear","floor":55,"turns":1},{"damage":104,"enemies":"The Heart","floor":56,"turns":5}],"seed_played":"4944466134634411534","potions_obtained":[{"floor":4,"key":"Regen Potion"},{"floor":7,"key":"SneckoOil"},{"floor":20,"key":"Fruit Juice"},{"floor":22,"key":"Slimebound:ThreeZeroPotion"},{"floor":25,"key":"Reflective Coating"},{"floor":33,"key":"EntropicBrew"},{"floor":35,"key":"Strength Potion"},{"floor":37,"key":"FearPotion"},{"floor":38,"key":"SpeedPotion"},{"floor":42,"key":"Strength Potion"},{"floor":48,"key":"Fire Potion"}],"is_trial":false,"path_per_floor":["M","?","?","M","?","R","M","E","T","$","?","E","R","M","R","B",null,"M","$","M","?","M","E","?","M","T","M","?","M","$","M","R","B",null,"M","M","M","M","M","E","M","M","T","?","E","?","R","M","R","B",null,null,"R","$","E","B",null],"character_chosen":"WATCHER","items_purchased":["Tantrum","Sling","FearPotion","Guide Book","Specialist+1","Toolbox"],"campfire_rested":2,"item_purchase_floors":[10,19,19,30,54,54],"current_hp_per_floor":[72,72,72,67,67,67,64,42,42,42,60,46,67,67,67,6,72,68,68,70,105,64,46,46,17,17,17,129,86,86,80,80,72,129,129,120,116,105,102,102,102,74,74,74,74,74,74,74,112,28,28,129,129,129,129,25],"gold":44,"neow_bonus":"RANDOM_EVENT","is_daily":false,"chose_seed":false,"campfire_upgraded":4,"win_rate":0.0,"timestamp":1613795355,"path_taken":["M","?","?","?","?","R","M","E","T","?","?","E","R","M","R","BOSS","M","$","M","?","M","E","?","?","T","M","?","?","?","M","R","BOSS","M","M","?","M","M","E","M","?","T","?","E","?","R","M","R","BOSS","R","$","E","BOSS"],"items_purchased_type":["Card","Relic","Potion","Relic","Card","Relic"],"build_version":"2020-12-22","purchased_purges":2,"victory":true,"max_hp_per_floor":[72,72,72,72,72,72,72,72,72,72,72,72,72,72,72,72,72,72,72,77,112,112,119,119,119,119,119,129,129,129,129,129,129,129,129,129,129,129,129,129,129,129,129,129,129,129,129,129,129,129,129,129,129,129,129,129],"card_choices":[{"not_picked":["ClearTheMind","Protect"],"picked":"FlurryOfBlows","floor":1},{"not_picked":["CrushJoints","Prostrate"],"picked":"EmptyFist","floor":4},{"not_picked":["Consecrate","BowlingBash"],"picked":"Evaluate","floor":7},{"not_picked":["Prostrate","DeusExMachina"],"picked":"FlurryOfBlows","floor":8},{"not_picked":["PathToVictory","ThirdEye"],"picked":"Halt","floor":12},{"not_picked":["Replay:BluntJabs","FollowUp"],"picked":"EmptyBody","floor":14},{"not_picked":["Blasphemy","LessonLearned"],"picked":"Devotion","floor":16},{"not_picked":["Replay:ManipulateFuture","Replay:Cycle+1","Halt"],"picked":"SKIP","floor":18},{"not_picked":["Evaluate+1","Fasting2","Protect"],"picked":"SKIP","floor":20},{"not_picked":["Halt","Vengeance"],"picked":"FlurryOfBlows","floor":22},{"not_picked":["Wallop","CutThroughFate"],"picked":"MentalFortress","floor":23},{"not_picked":["CrushJoints","Weave","ThirdEye"],"picked":"SKIP","floor":25},{"not_picked":["DeceiveReality","Crescendo","Evaluate"],"picked":"SKIP","floor":29},{"not_picked":["Protect+1","ThirdEye","Consecrate"],"picked":"SKIP","floor":31},{"not_picked":["Scrawl","Brilliance"],"picked":"Ragnarok","floor":33},{"not_picked":["Perseverance+1","Consecrate+1"],"picked":"EmptyFist+1","floor":35},{"not_picked":["Replay:AtTheReady","Replay:Anticipation+1","Replay:Battleflow"],"picked":"SKIP","floor":36},{"not_picked":["Halt","BowlingBash+1"],"picked":"EmptyBody","floor":37},{"not_picked":["MentalFortress+1","Crescendo+1","BowlingBash+1"],"picked":"SKIP","floor":38},{"not_picked":["FearNoEvil","JustLucky"],"picked":"ReachHeaven","floor":39},{"not_picked":["ClearTheMind+1","EmptyFist+1"],"picked":"Replay:Hum+1","floor":40},{"not_picked":["Pray+1","ClearTheMind+1","Collect+1"],"picked":"SKIP","floor":41},{"not_picked":["Replay:AllIn+1","FearNoEvil+1"],"picked":"FlurryOfBlows+1","floor":42},{"not_picked":["FearNoEvil+1","Pray+1"],"picked":"EmptyBody+1","floor":45},{"not_picked":["ThirdEye+1","Replay:AtTheReady+1"],"picked":"Fasting2+1","floor":48},{"not_picked":["Replay:AtTheReady+1","CrushJoints+1","Protect+1"],"picked":"SKIP","floor":55}],"player_experience":533745,"relics_obtained":[{"floor":1,"key":"LetterFromLob"},{"floor":2,"key":"Ring of Panic"},{"floor":2,"key":"Ring of Fury"},{"floor":8,"key":"Du-Vu Doll"},{"floor":9,"key":"PreservedInsect"},{"floor":12,"key":"Akabeko"},{"floor":23,"key":"Strawberry"},{"floor":23,"key":"Gremlin Horn"},{"floor":40,"key":"CeramicFish"},{"floor":40,"key":"Toxic Egg 2"},{"floor":43,"key":"Bag of Marbles"},{"floor":45,"key":"Replay:WaspNest"},{"floor":45,"key":"Anchor"},{"floor":55,"key":"Replay:Wax Seal"},{"floor":55,"key":"Chameleon Ring"}],"event_choices":[{"damage_healed":0,"gold_gain":0,"player_choice":"Box","damage_taken":0,"relics_obtained":["Bag of Preparation"],"max_hp_gain":0,"max_hp_loss":0,"event_name":"Big Fish","floor":0,"gold_loss":0,"cards_obtained":["Regret"]},{"damage_healed":0,"gold_gain":0,"player_choice":"Bought 0 Potions","damage_taken":0,"max_hp_gain":0,"max_hp_loss":0,"event_name":"The Woman in Blue","floor":3,"gold_loss":0},{"damage_healed":67,"gold_gain":0,"player_choice":"Embrace Burn","damage_taken":0,"max_hp_gain":0,"max_hp_loss":72,"event_name":"betterThird:BetterShining","floor":5,"gold_loss":0},{"damage_healed":18,"gold_gain":0,"player_choice":"Healed","damage_taken":0,"max_hp_gain":0,"max_hp_loss":0,"event_name":"The Cleric","floor":11,"gold_loss":35},{"cards_removed":["Burn"],"damage_healed":0,"gold_gain":0,"player_choice":"Gave Card","damage_taken":0,"relics_obtained":["Frozen Egg 2"],"max_hp_gain":0,"max_hp_loss":0,"event_name":"WeMeetAgain","floor":24,"gold_loss":0},{"cards_removed":["MasterReality"],"damage_healed":102,"gold_gain":0,"player_choice":"Offered Rare","damage_taken":0,"max_hp_gain":10,"max_hp_loss":0,"event_name":"Bonfire Elementals","floor":28,"gold_loss":0},{"cards_removed":["Replay:Hum"],"damage_healed":0,"gold_gain":0,"player_choice":"Removed Skill","damage_taken":0,"max_hp_gain":0,"max_hp_loss":0,"event_name":"Falling","floor":44,"gold_loss":0},{"cards_removed":["Strike_P"],"damage_healed":0,"gold_gain":0,"player_choice":"Upgrade and Remove","damage_taken":0,"max_hp_gain":0,"max_hp_loss":0,"event_name":"Designer","floor":46,"gold_loss":90,"cards_upgraded":["FlurryOfBlows"]}],"is_beta":false,"boss_relics":[{"not_picked":["Sozu","Abe\u0027s Treasure"],"picked":"Black Star"},{"not_picked":["Coffee Dripper","Fusion Hammer"],"picked":"SlaversCollar"}],"items_purged_floors":[30,54],"is_endless":false,"potions_floor_spawned":[4,7,20,22,25,33,35,37,38,42,48],"ascension_level":0}}