{"host":"hahe3lxotqh08ugn","time":1613792519,"event":{"mods":["AchievementEnabler","BaseMod","Googly Eyes","Hermit","Minty Spire (QoL Compilation)","Quick Restart","StSLib","The Cursed","The Hierophant"],"gold_per_floor":[110,122,72,72,72,99,99,118,143,143,163,163,181,208,208,313,313,288,306,9,9,21,21,53,53,77,94,113,123,42,58,58,58,58],"floor_reached":33,"language":"ENG","playtime":2306,"items_purged":["Strike_G"],"score":388,"play_id":"33764b66-2c7b-46ac-b62b-782a3720205b","local_time":"20210219224159","is_ascension_mode":true,"campfire_choices":[{"floor":7,"key":"REST"},{"data":"Blur","floor":10,"key":"SMITH"},{"floor":12,"key":"REST"},{"data":"PiercingWail","floor":15,"key":"SMITH"},{"floor":23,"key":"REST"},{"floor":32,"key":"REST"}],"circlet_count":0,"master_deck":["Defend_G","Defend_G","Defend_G","Defend_G","Defend_G","Survivor","Neutralize+1","Quick Slash","Blur+1","Backflip","Poisoned Stab","Backstab","PiercingWail+1","Escape Plan","Escape Plan","Noxious Fumes","Bite","Bite","Bite","Bite","Bite","Terror","Escape Plan","Well Laid Plans"],"relics":["Ring of the Snake","Omamori","Anchor","Strawberry","Orichalcum","Cursed Key","Snake Skull","Bag of Preparation","Blood Vial"],"acts_visited":["Exordium","TheCity"],"potions_floor_usage":[6,16,16,18,24,24,27,33],"damage_taken":[{"damage":0,"enemies":"2 Louse","floor":1,"turns":5},{"damage":0,"enemies":"Cultist","floor":2,"turns":4},{"damage":29,"enemies":"Gremlin Nob","floor":6,"turns":5},{"damage":0,"enemies":"Jaw Worm","floor":8,"turns":5},{"damage":6,"enemies":"Gremlin Gang","floor":11,"turns":6},{"damage":0,"enemies":"Lots of Slimes","floor":13,"turns":5},{"damage":17,"enemies":"The Guardian","floor":16,"turns":29},{"damage":7,"enemies":"2 Thieves","floor":18,"turns":5},{"damage":25,"enemies":"Spheric Guardian","floor":19,"turns":10},{"damage":46,"enemies":"3 Cultists","floor":22,"turns":8},{"damage":37,"enemies":"Slavers","floor":24,"turns":9},{"damage":7,"enemies":"Centurion and Healer","floor":27,"turns":6},{"damage":12,"enemies":"Snake Plant","floor":28,"turns":4},{"damage":16,"enemies":"Shelled Parasite and Fungi","floor":29,"turns":6},{"damage":17,"enemies":"Cultist and Chosen","floor":31,"turns":7},{"damage":107,"enemies":"Automaton","floor":33,"turns":12}],"seed_played":"8672737836118299256","potions_obtained":[{"floor":2,"key":"DuplicationPotion"},{"floor":6,"key":"Explosive Potion"},{"floor":11,"key":"BlessingOfTheForge"},{"floor":16,"key":"Swift Potion"},{"floor":18,"key":"SteroidPotion"},{"floor":22,"key":"EssenceOfSteel"},{"floor":24,"key":"LiquidBronze"},{"floor":31,"key":"LiquidMemories"}],"is_trial":false,"path_per_floor":["M","M","?","?","?","E","R","M","T","R","M","R","M","T","R","B",null,"M","M","$","?","M","R","E","?","T","M","M","M","$","M","R","B"],"character_chosen":"THE_SILENT","items_purchased":["Noxious Fumes","Snake Skull","Well Laid Plans"],"campfire_rested":4,"item_purchase_floors":[20,20,30],"current_hp_per_floor":[70,70,70,55,52,23,46,46,53,53,47,72,72,72,72,55,77,70,45,45,45,19,36,17,17,17,34,34,36,36,35,52,0,0],"gold":58,"neow_bonus":"TEN_PERCENT_HP_BONUS","is_daily":false,"chose_seed":false,"campfire_upgraded":2,"win_rate":0.0,"timestamp":1613792519,"path_taken":["M","M","?","?","?","E","R","M","T","R","M","R","M","?","R","BOSS","M","?","$","?","M","R","E","?","T","M","?","M","$","M","R","BOSS"],"items_purchased_type":["Card","Relic","Card"],"build_version":"2020-12-22","purchased_purges":1,"victory":false,"max_hp_per_floor":[77,77,77,77,77,77,77,77,84,84,84,84,84,84,84,84,84,84,84,84,58,58,58,58,58,58,58,58,58,58,58,58,58,58],"card_choices":[{"not_picked":["Dagger Throw","Flechettes"],"picked":"Quick Slash","floor":1},{"not_picked":["Infinite Blades","Outmaneuver"],"picked":"Blur","floor":2},{"not_picked":["Bouncing Flask","Leg Sweep"],"picked":"Backflip","floor":6},{"not_picked":["Backflip","Bouncing Flask"],"picked":"Poisoned Stab","floor":8},{"not_picked":["Poisoned Stab","Masterful Stab"],"picked":"Backstab","floor":11},{"not_picked":["Finisher","Bane"],"picked":"PiercingWail","floor":13},{"not_picked":["Distraction","Prepared"],"picked":"Escape Plan","floor":18},{"not_picked":["Crippling Poison","Sucker Punch+1"],"picked":"Escape Plan","floor":19},{"not_picked":["Deadly Poison+1","Eviscerate","Dagger Throw"],"picked":"SKIP","floor":22},{"not_picked":["Underhanded Strike","Catalyst"],"picked":"Terror","floor":24},{"not_picked":["Bane+1","Crippling Poison","Outmaneuver"],"picked":"SKIP","floor":27},{"not_picked":["Expertise","Dagger Throw+1","Accuracy"],"picked":"SKIP","floor":28},{"not_picked":["Acrobatics","Tactician"],"picked":"Escape Plan","floor":29},{"not_picked":["Riddle With Holes+1","Dagger Spray","Flechettes"],"picked":"SKIP","floor":31}],"player_experience":290741,"relics_obtained":[{"floor":6,"key":"Anchor"},{"floor":9,"key":"Strawberry"},{"floor":14,"key":"Orichalcum"},{"floor":24,"key":"Bag of Preparation"},{"floor":26,"key":"Blood Vial"}],"event_choices":[{"cards_removed":["Strike_G"],"damage_healed":0,"gold_gain":0,"player_choice":"Card Removal","damage_taken":0,"max_hp_gain":0,"max_hp_loss":0,"event_name":"The Cleric","floor":3,"gold_loss":50},{"damage_healed":0,"gold_gain":0,"player_choice":"Entered Light","damage_taken":15,"max_hp_gain":0,"max_hp_loss":0,"event_name":"Shining Light","floor":4,"gold_loss":0,"cards_upgraded":["Neutralize","Strike_G"]},{"damage_healed":0,"gold_gain":0,"player_choice":"Success","damage_taken":3,"relics_obtained":["Omamori"],"max_hp_gain":0,"max_hp_loss":0,"event_name":"Scrap Ooze","floor":5,"gold_loss":0},{"damage_healed":0,"gold_gain":0,"player_choice":"Became a vampire","damage_taken":0,"max_hp_gain":0,"max_hp_loss":26,"event_name":"Vampires","floor":21,"gold_loss":0,"cards_obtained":["Bite","Bite","Bite","Bite","Bite"]},{"damage_healed":0,"gold_gain":0,"player_choice":"0 cards matched","damage_taken":0,"max_hp_gain":0,"max_hp_loss":0,"event_name":"Match and Keep!","floor":25,"gold_loss":0,"cards_obtained":[]}],"is_beta":false,"boss_relics":[{"not_picked":["Runic Pyramid","Coffee Dripper"],"picked":"Cursed Key"}],"items_purged_floors":[20],"is_endless":false,"potions_floor_spawned":[2,6,11,16,18,22,24,31],"killed_by":"Automaton","ascension_level":7}}