{"host":"srv5asjf43cuzsar","time":1613782640,"event":{"mods":["100% Spire Juice","2.2 Compatiblity","A Magickal Journey","AchievementEnabler","Act Like it!","Astrologer","Bartender","BaseMod","Best Route Mod","Better Third Choice","Card Forge","CatGirl Mod","Clockwork Mod","Conspire","Duelist Mod","Friendly Minions","GifTheSpireLib","Hermit","Hubris","Infinite Spire","Jorbs\u0027s Wanderer Trilogy","Luminous","Mad Scientist","Magitek Elite","Marisa????????","Minty Spire (QoL Compilation)","Pale of the Ancients","Random Character Button","Reliquary","Replay The Spire","Ruina","StSLib","The Alterego","The Animator","The Construct","The Cursed","The Druid","The Exalted","The Judge","The Jungle","The Mystic","The Necromancer","The Poker Player","The Runesmith","The Saiyan","The Senshi","The Servant 0.9.4","TheBandit","TheSwordswoman"],"gold_per_floor":[118,157,157,174,187,187,213,213,213,240,259,259,270,283,283,386,386,402,439,455,455,655,681,691,722,722,741,741,741,759,769,769,867,917,936,936,956,1056,559,559,587,587,669,684,428,440,459,37,37,37],"floor_reached":51,"language":"ENG","playtime":4643,"items_purged":[],"score":929,"play_id":"35429aa9-9f7a-442b-ad1e-66b0a9792d90","local_time":"20210220005720","is_ascension_mode":false,"campfire_choices":[{"floor":6.0,"key":"REST"},{"floor":15.0,"key":"DIG"},{"floor":29,"key":"REST"},{"floor":32,"key":"DIG"},{"floor":40,"key":"REST"},{"floor":49,"key":"REST"}],"circlet_count":0,"master_deck":["alterego_mod:Strike+1","alterego_mod:Strike+1","alterego_mod:Strike+1","alterego_mod:Strike+1","alterego_mod:Defend+1","alterego_mod:Defend+1","alterego_mod:Defend+1","alterego_mod:Defend+1","alterego_mod:Impale+1","alterego_mod:BigMeatyClaws+1","alterego_mod:BrynhildrsRune+1","animator:Defend_Overlord+1","astrologer:Defend+1","alterego_mod:ChallengeComplete+1","ReplayTheSpireMod:Splinters","alterego_mod:SakuraLabyrinth+1","alterego_mod:1TonWallop+1","alterego_mod:Birthday+1","alterego_mod:IndependentAction+1","alterego_mod:Rip+1","Parasite","alterego_mod:STier+1","alterego_mod:Undulate+1","alterego_mod:GoddessCore+1","alterego_mod:Pet+1","alterego_mod:Antipathy+1","alterego_mod:RidiculouslyBig+1","alterego_mod:Collar+1","alterego_mod:RocketPunch+1","hubris:Fate+1","alterego_mod:Smother+1","alterego_mod:Undulate+1","alterego_mod:Exercise+1","alterego_mod:ChallengeComplete+1","alterego_mod:Bounce+1","alterego_mod:SakuraLabyrinth+1","alterego_mod:Palingenesis+5","alterego_mod:MagicResistance+1","alterego_mod:DiscoLights+1","Madness+1","Madness+1","infinitespire:DeathsTouch+1","alterego_mod:AlterEgo+1","alterego_mod:Nekomimi+1","ReplayTheSpireMod:Chaos Vortex+1","alterego_mod:Mirror+1","alterego_mod:Birthday+1","Parasite","alterego_mod:BusterCard+1"],"relics":["alterego_mod:MasochisticConstitution","Hammer of Thor","Seething Fire","Anvil of the Gods","Calipers","Quantum Egg","Replay:Mystery Machine","reliquary:Sideboard","Whetstone","Lantern","construct:WeddingRing","Frozen Egg 2","infinitespire:Satchel","Replay:Baseball","Orichalcum","Question Card","alterego_mod:SomeoneToFightFor","reliquary:TatteredRug","Tiny House","conspire:GiftBox","Ancient Tea Set","Kunai","Pondfish Scales","hubris:Zylophone"],"acts_visited":["Exordium","TheCity","TheBeyond"],"potions_floor_usage":[31,33,33,38,44,50],"damage_taken":[{"damage":0.0,"enemies":"conspire:RoseBush","floor":1.0,"turns":4.0},{"damage":0.0,"enemies":"Small Slimes","floor":4.0,"turns":3.0},{"damage":4.0,"enemies":"2 Louse","floor":5.0,"turns":1.0},{"damage":0.0,"enemies":"Lagavulin","floor":7.0,"turns":8.0},{"damage":10.0,"enemies":"Gremlin Nob","floor":10.0,"turns":3.0},{"damage":8.0,"enemies":"Large Slime","floor":11.0,"turns":5.0},{"damage":4.0,"enemies":"3 Louse","floor":13.0,"turns":1.0},{"damage":9.0,"enemies":"2 Fungi Beasts","floor":14.0,"turns":3.0},{"damage":5.0,"enemies":"The Guardian","floor":16.0,"turns":8.0},{"damage":8.0,"enemies":"Spheric Guardian","floor":18.0,"turns":8.0},{"damage":6.0,"enemies":"conspire:MimicChest","floor":19.0,"turns":7.0},{"damage":21.0,"enemies":"conspire:FuzzyDice","floor":20.0,"turns":6.0},{"damage":0.0,"enemies":"Nightmare","floor":23.0,"turns":7.0},{"damage":19.0,"enemies":"Chosen and Byrds","floor":24.0,"turns":6.0},{"damage":1,"enemies":"Book of Stabbing","floor":25,"turns":6},{"damage":4,"enemies":"3 Cultists","floor":27,"turns":5},{"damage":0,"enemies":"conspire:HollyBat","floor":30,"turns":7},{"damage":0,"enemies":"Snecko","floor":31,"turns":5},{"damage":0,"enemies":"Champ","floor":33,"turns":11},{"damage":9,"enemies":"3 Shapes","floor":35,"turns":7},{"damage":0,"enemies":"Orb Walker","floor":37,"turns":1},{"damage":16,"enemies":"infinitespire:Three Voidlings","floor":38,"turns":5},{"damage":9,"enemies":"Nightmare_Alpha","floor":38,"turns":14},{"damage":13,"enemies":"Giant Head","floor":41,"turns":9},{"damage":9,"enemies":"Jaw Worm Horde","floor":44,"turns":5},{"damage":8,"enemies":"Sphere and 2 Shapes","floor":46,"turns":6},{"damage":0,"enemies":"Writhing Mass","floor":47,"turns":5},{"damage":43,"enemies":"infinitespire:MassOfShapes","floor":50,"turns":18}],"seed_played":"6416766904218098665","potions_obtained":[{"floor":7.0,"key":"Ancient Potion"},{"floor":10.0,"key":"Weak Potion"},{"floor":11.0,"key":"Adrenaline Potion"},{"floor":16.0,"key":"SkillPotion"},{"floor":18.0,"key":"PowerPotion"},{"floor":20.0,"key":"DistilledChaos"},{"floor":25,"key":"Fire Potion"},{"floor":27,"key":"Toxic Potion"},{"floor":31,"key":"Fruit Juice"},{"floor":34,"key":"Elixir"},{"floor":37,"key":"Regen Potion"},{"floor":38,"key":"Regen Potion"},{"floor":41,"key":"SteroidPotion"}],"is_trial":false,"path_per_floor":["M","?","?","M","M","R","E","?","T","E","M","?","M","M","R","B",null,"M","?","M","AVR","?","NM","M","E","T","M","?","R","M","M","R","B",null,"M","?","M","?","?","R","E","?","T","M","$","M","M","$","R","B",null],"character_chosen":"The_Alterego","items_purchased":["Pondfish Scales","hubris:Zylophone","alterego_mod:BusterCard","AttackPotion"],"campfire_rested":4,"item_purchase_floors":[45,48,48,48],"current_hp_per_floor":[70,70,70,70,67,71,71,71,71,62,55,73,70,65,65,71,76,70,75,75,75,75,78,63,73,73,77,77,85,85,90,90,90,95,96,84,84,88,88,98,89,89,89,96,96,89,96,96,101,73],"gold":37,"neow_bonus":"ONE_RARE_RELIC","is_daily":false,"chose_seed":false,"campfire_upgraded":0,"win_rate":0.0,"timestamp":1613782640,"path_taken":["M","?","?","M","M","R","E","?","T","E","M","?","M","M","R","BOSS","M","?","M","AVR","?","NM","?","E","T","M","?","R","M","M","R","BOSS","M","?","M","?","?","R","E","?","T","M","?","M","?","$","R","BOSS"],"items_purchased_type":["Relic","Relic","Card","Potion"],"build_version":"2020-12-22","purchased_purges":0,"victory":true,"max_hp_per_floor":[70,70,70,70,71,71,71,71,71,72,73,73,74,75,75,76,76,77,78,82,82,82,82,83,84,84,85,85,85,85,90,90,90,95,96,96,96,98,98,98,99,99,99,100,100,101,101,101,101,102],"card_choices":[{"not_picked":["alterego_mod:PerceptionDisorder","alterego_mod:Undulate"],"picked":"alterego_mod:ChallengeComplete","floor":1.0},{"not_picked":["alterego_mod:Mirror","alterego_mod:BustOut"],"picked":"alterego_mod:SakuraLabyrinth","floor":2.0},{"not_picked":["alterego_mod:Exercise","alterego_mod:Mirror"],"picked":"alterego_mod:1TonWallop","floor":2.0},{"not_picked":["alterego_mod:Jiggle","alterego_mod:Table"],"picked":"alterego_mod:Birthday","floor":4.0},{"not_picked":["alterego_mod:Skirt","alterego_mod:Punishment"],"picked":"alterego_mod:IndependentAction","floor":5.0},{"not_picked":["alterego_mod:PerceptionDisorder","alterego_mod:Pet"],"picked":"alterego_mod:Rip","floor":7.0},{"not_picked":["alterego_mod:MaintainEyeContact","alterego_mod:HighServant"],"picked":"alterego_mod:Antipathy","floor":10.0},{"not_picked":["alterego_mod:Punishment","alterego_mod:Undulate"],"picked":"alterego_mod:Pet","floor":11.0},{"not_picked":["alterego_mod:PurpleHair","alterego_mod:PresenceConcealment"],"picked":"alterego_mod:Undulate","floor":13.0},{"not_picked":["alterego_mod:Punishment","alterego_mod:Stockings"],"picked":"alterego_mod:GoddessCore","floor":14.0},{"not_picked":["alterego_mod:Valkyrie","alterego_mod:TrickOrTreatment"],"picked":"alterego_mod:STier","floor":16.0},{"not_picked":["alterego_mod:Bounce+1","alterego_mod:Maid"],"picked":"alterego_mod:RidiculouslyBig+1","floor":18.0},{"not_picked":["alterego_mod:Pet","alterego_mod:BustOut+1"],"picked":"alterego_mod:Collar","floor":19.0},{"not_picked":["alterego_mod:Bloomers","alterego_mod:DeftHands"],"picked":"alterego_mod:RocketPunch","floor":20.0},{"not_picked":["infinitespire:Starlight","infinitespire:UltimateForm"],"picked":"hubris:Fate","floor":23.0},{"not_picked":["alterego_mod:Birthday+1","alterego_mod:Bloomers"],"picked":"alterego_mod:Smother+1","floor":23.0},{"not_picked":["alterego_mod:TrashNCrash","alterego_mod:Smother+1"],"picked":"alterego_mod:Undulate","floor":24},{"not_picked":["alterego_mod:Birthday+1","alterego_mod:Undulate"],"picked":"alterego_mod:Exercise","floor":25},{"not_picked":["alterego_mod:RidiculouslyBig+1","alterego_mod:Undulate","alterego_mod:Alter"],"picked":"alterego_mod:ChallengeComplete+1","floor":27},{"not_picked":["alterego_mod:Smother+1","alterego_mod:Cycle","alterego_mod:Jiggle+1"],"picked":"alterego_mod:Bounce+1","floor":30},{"not_picked":["alterego_mod:MaintainEyeContact","alterego_mod:GoddessCore","alterego_mod:Skirt"],"picked":"alterego_mod:SakuraLabyrinth","floor":31},{"not_picked":["alterego_mod:Venus","alterego_mod:PainIsPleasure+1","alterego_mod:Tantrum"],"picked":"alterego_mod:Palingenesis+1","floor":33},{"not_picked":["alterego_mod:Pet","alterego_mod:PresenceConcealment+1","alterego_mod:Complex"],"picked":"alterego_mod:MagicResistance","floor":34},{"not_picked":["alterego_mod:Punishment+1","alterego_mod:Stockings","alterego_mod:Cooking+1"],"picked":"alterego_mod:DiscoLights+1","floor":35},{"not_picked":["alterego_mod:BeGentle+1","alterego_mod:MagicResistance","alterego_mod:1TonWallop","alterego_mod:Cycle"],"picked":"SKIP","floor":37},{"not_picked":["hubris:Rewind","hubris:InfiniteBlow"],"picked":"infinitespire:DeathsTouch","floor":38},{"not_picked":["alterego_mod:IdEs","alterego_mod:Palingenesis+1","alterego_mod:Weigh"],"picked":"alterego_mod:AlterEgo+1","floor":38},{"not_picked":["alterego_mod:SakuraPetals","alterego_mod:Undulate+1","alterego_mod:Cycle"],"picked":"alterego_mod:Nekomimi+1","floor":38},{"not_picked":["infinitespire:FinalStrike","infinitespire:Fortify"],"picked":"ReplayTheSpireMod:Chaos Vortex","floor":39},{"not_picked":["alterego_mod:Table","alterego_mod:GoddessCore+1","alterego_mod:Valentines+1","alterego_mod:Schoolgirl+1"],"picked":"SKIP","floor":41},{"not_picked":["alterego_mod:Punishment+1","alterego_mod:Tantrum","alterego_mod:SakuraLabyrinth"],"picked":"alterego_mod:Mirror+1","floor":44},{"not_picked":["alterego_mod:Punishment+1","alterego_mod:Clap","alterego_mod:HighServant"],"picked":"alterego_mod:Birthday","floor":46},{"not_picked":["alterego_mod:Skirt+1","alterego_mod:Swimsuit","alterego_mod:Belts","alterego_mod:Mirror"],"picked":"SKIP","floor":47}],"player_experience":532726,"relics_obtained":[{"floor":2.0,"key":"Quantum Egg"},{"floor":7.0,"key":"Replay:Mystery Machine"},{"floor":9.0,"key":"reliquary:Sideboard"},{"floor":10.0,"key":"Whetstone"},{"floor":15.0,"key":"Lantern"},{"floor":19.0,"key":"Frozen Egg 2"},{"floor":23.0,"key":"Replay:Baseball"},{"floor":25,"key":"Orichalcum"},{"floor":26,"key":"Question Card"},{"floor":32,"key":"reliquary:TatteredRug"},{"floor":38,"key":"conspire:GiftBox"},{"floor":41,"key":"Ancient Tea Set"},{"floor":43,"key":"Kunai"}],"event_choices":[{"damage_healed":70.0,"max_hp_gain":0.0,"max_hp_loss":70.0,"gold_gain":0.0,"event_name":"betterThird:BetterShining","player_choice":"Leave","floor":3.0,"gold_loss":0.0,"damage_taken":0.0},{"damage_healed":18.0,"max_hp_gain":0.0,"max_hp_loss":0.0,"gold_gain":0.0,"event_name":"Mushrooms","player_choice":"Healed and dodged fight","floor":12.0,"gold_loss":0.0,"damage_taken":0.0,"cards_obtained":["Parasite"]},{"damage_healed":0.0,"max_hp_gain":0.0,"max_hp_loss":0.0,"gold_gain":200.0,"event_name":"Wheel of Change","player_choice":"Gold","floor":22.0,"gold_loss":0.0,"damage_taken":0.0},{"damage_healed":0,"gold_gain":0,"player_choice":"Choice 2","damage_taken":0,"relics_obtained":["alterego_mod:SomeoneToFightFor"],"max_hp_gain":0,"max_hp_loss":0,"event_name":"Secret Garden","floor":28,"gold_loss":0},{"damage_healed":0,"gold_gain":0,"player_choice":"Embrace Madness","damage_taken":12,"max_hp_gain":0,"max_hp_loss":0,"event_name":"Winding Halls","floor":36,"gold_loss":0,"cards_obtained":["Madness","Madness"]},{"damage_healed":0,"gold_gain":0,"player_choice":"Ignored","damage_taken":0,"max_hp_gain":0,"max_hp_loss":0,"event_name":"Tomb of Lord Red Mask","floor":42,"gold_loss":0}],"is_beta":false,"boss_relics":[{"not_picked":["Silver_Glasses","hubris:ScarierMask"],"picked":"construct:WeddingRing"},{"not_picked":["Snecko Eye","conspire:SeveredTorchhead"],"picked":"Tiny House"}],"items_purged_floors":[],"is_endless":false,"potions_floor_spawned":[7,10,11,16,18,20,25,27,31,37,38,41],"ascension_level":0}}