{"host":"f5gffvlv6a66yqkd","time":1613830831,"event":{"mods":["2.2 Compatiblity","BaseMod","Colored Map","Custom Start","DeckTracker","Keyboard Shortcuts","Minty Spire (QoL Compilation)","Permanent Neow","Quick Restart","Relic Stats","StSLib","SuperFastMode"],"gold_per_floor":[118,118,128,145,164,164,164,164,164,164,164,164,245,266,266,357,357,380,395,275,275,313,313,346,369,369,369,385,189,189,114,114,114,114],"floor_reached":33,"language":"KOR","playtime":751,"items_purged":["Strike_B","Strike_B"],"score":556,"play_id":"06c0b682-6480-4fce-845f-16ef53fd0c1d","local_time":"20210220232031","is_ascension_mode":true,"campfire_choices":[{"data":"Chaos","floor":6.0,"key":"SMITH"},{"data":"Zap","floor":8.0,"key":"SMITH"},{"data":"Barrage","floor":12.0,"key":"SMITH"},{"data":"White Noise","floor":15.0,"key":"SMITH"},{"data":"Defragment","floor":23.0,"key":"SMITH"},{"data":"Dualcast","floor":27.0,"key":"SMITH"},{"data":"Redo","floor":30.0,"key":"SMITH"},{"data":"Double Energy","floor":32.0,"key":"SMITH"}],"circlet_count":0,"master_deck":["AscendersBane","Strike_B","Defend_B","Defend_B","Defend_B","Defend_B","Zap+1","Dualcast+1","Chaos+1","FTL","Barrage+1","Ball Lightning","White Noise+1","Electrodynamics","Skim","Defragment+1","Compile Driver","Cold Snap","Double Energy+1","Redo+1","Doom and Gloom"],"relics":["Cracked Core","Golden Idol","StrikeDummy","Meat on the Bone","Mummified Hand","Anchor","Coffee Dripper","Red Mask","Thread and Needle"],"acts_visited":["Exordium","TheCity"],"potions_floor_usage":[33],"damage_taken":[{"damage":2.0,"enemies":"Jaw Worm","floor":1.0,"turns":3.0},{"damage":0.0,"enemies":"2 Louse","floor":3.0,"turns":3.0},{"damage":3.0,"enemies":"Small Slimes","floor":4.0,"turns":3.0},{"damage":9.0,"enemies":"3 Louse","floor":5.0,"turns":3.0},{"damage":10.0,"enemies":"Gremlin Nob","floor":13.0,"turns":3.0},{"damage":0.0,"enemies":"Exordium Wildlife","floor":14.0,"turns":2.0},{"damage":34.0,"enemies":"The Guardian","floor":16.0,"turns":9.0},{"damage":1.0,"enemies":"2 Thieves","floor":18.0,"turns":2.0},{"damage":6.0,"enemies":"Spheric Guardian","floor":19.0,"turns":3.0},{"damage":12.0,"enemies":"Masked Bandits","floor":22.0,"turns":3.0},{"damage":0.0,"enemies":"Gremlin Leader","floor":24.0,"turns":5.0},{"damage":4.0,"enemies":"Shelled Parasite and Fungi","floor":25.0,"turns":3.0},{"damage":13.0,"enemies":"Snake Plant","floor":28.0,"turns":4.0},{"damage":63,"enemies":"Collector","floor":33,"turns":9}],"seed_played":"6363796000889303538","potions_obtained":[{"floor":1.0,"key":"BlessingOfTheForge"},{"floor":13.0,"key":"EssenceOfDarkness"},{"floor":18.0,"key":"ColorlessPotion"},{"floor":24.0,"key":"FocusPotion"},{"floor":28.0,"key":"FearPotion"}],"is_trial":false,"path_per_floor":["M","?","M","M","M","R","?","R","T","?","T","R","?","M","R","B",null,"M","M","$","?","?","R","E","M","T","R","M","$","R","?","R","B"],"character_chosen":"DEFECT","items_purchased":["Defragment","Redo","Doom and Gloom"],"campfire_rested":0,"item_purchase_floors":[20,29,29],"current_hp_per_floor":[62,67,67,64,55,55,55,55,55,29,29,29,31,43,43,21,57,56,50,50,50,38,38,38,46,46,46,45,45,45,45,45,0,0],"gold":114,"neow_bonus":"THREE_CARDS","is_daily":false,"chose_seed":false,"campfire_upgraded":8,"win_rate":0.0,"timestamp":1613830831,"path_taken":["M","?","M","M","M","R","?","R","T","?","?","R","?","M","R","BOSS","M","M","$","?","?","R","E","M","T","R","M","?","R","?","R","BOSS"],"items_purchased_type":["Card","Card","Card"],"build_version":"2020-12-22","purchased_purges":2,"victory":false,"max_hp_per_floor":[71,76,76,76,76,76,69,69,69,69,69,69,69,69,69,69,69,69,69,69,69,69,69,69,69,69,69,69,69,69,69,69,69,69],"relic_stats":{"counters":[14,55],"Golden Idol":78,"Mummified Hand":[17],"obtain_stats":[{"Anchor":13,"Golden Idol":7,"Mummified Hand":11,"Thread and Needle":24,"Coffee Dripper":17,"Red Mask":22,"Cracked Core":0,"StrikeDummy":9,"Meat on the Bone":10},{"Anchor":5,"Golden Idol":4,"Mummified Hand":4,"Thread and Needle":11,"Coffee Dripper":7,"Red Mask":10,"Cracked Core":0,"StrikeDummy":4,"Meat on the Bone":4},{"Anchor":15,"Golden Idol":12,"Mummified Hand":12,"Thread and Needle":39,"Coffee Dripper":26,"Red Mask":34,"Cracked Core":0,"StrikeDummy":12,"Meat on the Bone":12}],"Meat on the Bone":60},"card_choices":[{"not_picked":["Coolheaded","Streamline"],"picked":"Chaos","floor":0.0},{"not_picked":["Conserve Battery","Compile Driver"],"picked":"FTL","floor":1.0},{"not_picked":["Force Field","Leap"],"picked":"Barrage","floor":3.0},{"not_picked":["Steam","Go for the Eyes","Auto Shields"],"picked":"SKIP","floor":4.0},{"not_picked":["Redo","Tempest"],"picked":"Ball Lightning","floor":5.0},{"not_picked":["Amplify","Redo"],"picked":"White Noise","floor":13.0},{"not_picked":["Steam Power","Fusion","Hologram"],"picked":"SKIP","floor":14.0},{"not_picked":["Fission","Echo Form"],"picked":"Electrodynamics","floor":16.0},{"not_picked":["Melter","Rip and Tear+1","Redo"],"picked":"SKIP","floor":18.0},{"not_picked":["Melter","Rip and Tear+1","Redo"],"picked":"SKIP","floor":18.0},{"not_picked":["Leap","Steam Power"],"picked":"Skim","floor":19.0},{"not_picked":["Chaos","Steam Power"],"picked":"Compile Driver","floor":22.0},{"not_picked":["Heatsinks","Blizzard"],"picked":"Cold Snap","floor":24.0},{"not_picked":["Compile Driver+1","Beam Cell","Sweeping Beam"],"picked":"SKIP","floor":25.0},{"not_picked":["Darkness+1","Melter"],"picked":"Double Energy","floor":28.0}],"player_experience":1538241,"relics_obtained":[{"floor":9.0,"key":"StrikeDummy"},{"floor":11.0,"key":"Mummified Hand"},{"floor":13.0,"key":"Anchor"},{"floor":22.0,"key":"Red Mask"},{"floor":24.0,"key":"Thread and Needle"}],"event_choices":[{"damage_healed":0.0,"max_hp_gain":5.0,"max_hp_loss":0.0,"gold_gain":0.0,"event_name":"Big Fish","player_choice":"Donut","floor":2.0,"gold_loss":0.0,"damage_taken":0.0},{"damage_healed":0.0,"max_hp_gain":0.0,"max_hp_loss":7.0,"gold_gain":0.0,"event_name":"Golden Idol","player_choice":"Lose Max HP","floor":7.0,"gold_loss":0.0,"damage_taken":0.0,"relics_obtained":["Golden Idol"]},{"damage_healed":0.0,"max_hp_gain":0.0,"max_hp_loss":0.0,"gold_gain":0.0,"event_name":"Scrap Ooze","player_choice":"Success","floor":10.0,"gold_loss":0.0,"damage_taken":26.0,"relics_obtained":["Meat on the Bone"]},{"damage_healed":0.0,"max_hp_gain":0.0,"max_hp_loss":0.0,"gold_gain":0.0,"event_name":"Dead Adventurer","player_choice":"Searched \u00271\u0027 times","floor":13.0,"gold_loss":0.0,"damage_taken":0.0},{"damage_healed":0.0,"max_hp_gain":0.0,"max_hp_loss":0.0,"gold_gain":0.0,"event_name":"The Mausoleum","player_choice":"Ignored","floor":21.0,"gold_loss":0.0,"damage_taken":0.0},{"damage_healed":0.0,"max_hp_gain":0.0,"max_hp_loss":0.0,"gold_gain":0.0,"event_name":"Masked Bandits","player_choice":"Fought Bandits","floor":22.0,"gold_loss":0.0,"damage_taken":0.0},{"cards_removed":["Strike_B"],"damage_healed":0.0,"max_hp_gain":0.0,"max_hp_loss":0.0,"gold_gain":0.0,"event_name":"Beggar","player_choice":"Gave Gold","floor":31.0,"gold_loss":75.0,"damage_taken":0.0}],"is_beta":false,"boss_relics":[{"not_picked":["Cursed Key","Philosopher\u0027s Stone"],"picked":"Coffee Dripper"}],"items_purged_floors":[20,29],"is_endless":false,"potions_floor_spawned":[1,13,16,18,24,28],"killed_by":"Collector","ascension_level":20}}