{"host":"x12v7kw7hhljdyq8","time":1613851621,"event":{"mods":["BaseMod","BetterRewards","Downfall","Minty Spire (QoL Compilation)","Quick Restart","Replay The Spire","Shop Mod","StSLib","The Cursed","The Jungle","The Necromancer"],"gold_per_floor":[99,118,136,136,586,637,637,657,673,693,145,163,163,163,180,281,281,281,291,310,46,65,75,75,75,75,75,75],"floor_reached":26,"language":"ENG","playtime":1572,"items_purged":["downfall:Icky","downfall:Icky"],"score":227,"play_id":"949c49ca-0988-4369-ade6-1d07e20dd179","local_time":"20210220180701","is_ascension_mode":false,"campfire_choices":[{"floor":1,"key":"DIG"},{"data":"downfall:Icky","floor":18,"key":"PURGE"}],"circlet_count":0,"master_deck":["hexamod:Strike","hexamod:Strike","hexamod:Strike","hexamod:Defend","hexamod:Defend","hexamod:Defend","hexamod:Defend","hexamod:Sear","hexamod:Float","hexamod:EtherealExpedition","hexamod:FastForward","hexamod:Rewind","hexamod:ChargedBarrage","hexamod:ChargedBarrage","hexamod:ChargedBarrage","expansioncontent:StudyTheSpire","hexamod:HeatCrush","hexamod:Incineration","hexamod:HeatMetal","hexamod:TimeOfNeed","hexamod:FirstSeal","hexamod:SecondSeal","hexamod:SkipABeat","hexamod:ThirdSeal","hexamod:FastForward","hexamod:GhostflameBarrier","hexamod:GhostflameBarrier","hexamod:HeatCrush","hexamod:CatchUp+1","hexamod:EtherealExpedition+1","hexamod:RadiantFlame+1","Voices"],"relics":["hexamod:SpiritBrand","Calipers","Vajra","hexamod:SoulConsumer","Membership Card","Quantum Egg","Simple Rune","Cursed Key","Centennial Puzzle","Meat on the Bone"],"acts_visited":["Exordium","TheCity"],"potions_floor_usage":[16,16,21,23,23],"damage_taken":[{"damage":1,"enemies":"Jaw Worm","floor":2,"turns":4},{"damage":0,"enemies":"Small Slimes","floor":3,"turns":4},{"damage":8,"enemies":"2 Louse","floor":8,"turns":4},{"damage":16,"enemies":"2 Fungi Beasts","floor":9,"turns":6},{"damage":2,"enemies":"Blue Slaver","floor":10,"turns":3},{"damage":10,"enemies":"downfall:FleeingMerchant","floor":11,"turns":4},{"damage":9,"enemies":"Exordium Wildlife","floor":12,"turns":4},{"damage":5,"enemies":"downfall:LooterAlt","floor":15,"turns":3},{"damage":34,"enemies":"WA_ARCHETYPE_RETAIN","floor":16,"turns":6},{"damage":13,"enemies":"Shell Parasite","floor":19,"turns":3},{"damage":20,"enemies":"Spheric Guardian","floor":20,"turns":4},{"damage":5,"enemies":"downfall:FleeingMerchant","floor":21,"turns":4},{"damage":8,"enemies":"Snake Plant","floor":22,"turns":4},{"damage":15,"enemies":"Snecko","floor":23,"turns":4},{"damage":62,"enemies":"Chosen and Byrds","floor":26,"turns":8}],"seed_played":"3322011538046646198","potions_obtained":[{"floor":2,"key":"Languid Potion"},{"floor":12,"key":"Milkshake"},{"floor":19,"key":"Ancient Potion"},{"floor":20,"key":"Energy Potion"},{"floor":25,"key":"CultistPotion"}],"is_trial":false,"path_per_floor":["R","M","M","?","?","T","T","M","M","M","$","M","?","?","M","B",null,"R","M","M","$","M","M","T","?","M"],"character_chosen":"THE_SPIRIT","items_purchased":["Membership Card","Quantum Egg","expansioncontent:StudyTheSpire","Simple Rune","AttackPotion","hexamod:HeatCrush","hexamod:ThirdSeal","hexamod:FastForward","hexamod:GhostflameBarrier","Centennial Puzzle","Fire Potion","Fire Potion"],"campfire_rested":0,"item_purchase_floors":[11,11,11,11,11,11,21,21,21,21,21,21],"current_hp_per_floor":[77,76,76,76,76,76,76,72,60,58,52,43,43,68,67,37,77,77,68,59,65,57,53,53,53,0,0,0],"gold":75,"neow_bonus":"TEN_PERCENT_HP_BONUS","is_daily":false,"chose_seed":false,"campfire_upgraded":0,"win_rate":0.0,"timestamp":1613851621,"path_taken":["R","M","M","?","?","?","T","M","?","M","$","M","?","?","M","BOSS","R","M","M","$","M","M","T","?","M"],"items_purchased_type":["Relic","Relic","Card","Relic","Potion","Card","Card","Card","Card","Relic","Potion","Potion"],"build_version":"2020-12-22","purchased_purges":2,"victory":false,"max_hp_per_floor":[77,77,77,77,77,77,77,77,77,77,77,77,77,77,77,77,77,77,77,77,77,77,77,77,77,77,77,77],"card_choices":[{"not_picked":["hexamod:HeatMetal","hexamod:BacktrackSmack"],"picked":"hexamod:EtherealExpedition","floor":2},{"not_picked":["hexamod:AdvancingGuard","hexamod:NightmareStrike"],"picked":"hexamod:FastForward","floor":3},{"not_picked":["hexamod:NightmareGuise","hexamod:GhostLash"],"picked":"hexamod:Rewind","floor":8},{"not_picked":["hexamod:GhostLash","hexamod:Firestarter"],"picked":"hexamod:ChargedBarrage","floor":9},{"not_picked":["hexamod:NightmareStrike","hexamod:SpectersWail"],"picked":"hexamod:ChargedBarrage","floor":10},{"not_picked":["hexamod:RecurringNightmare","hexamod:ParanormalForm"],"picked":"hexamod:ChargedBarrage","floor":11},{"not_picked":["hexamod:ShieldOfDarkness","hexamod:BacktrackSmack"],"picked":"hexamod:Incineration","floor":12},{"not_picked":["hexamod:ThermalTransfer","hexamod:NightmareGuise"],"picked":"hexamod:HeatMetal","floor":15},{"not_picked":["hexamod:TimeWarp","hexamod:HexaLevel"],"picked":"hexamod:TimeOfNeed","floor":16},{"not_picked":["hexamod:NightmareStrike","hexamod:Again"],"picked":"hexamod:FirstSeal","floor":19},{"not_picked":["hexamod:ThermalTransfer+1","hexamod:BacktrackSmack"],"picked":"hexamod:SecondSeal","floor":20},{"not_picked":["hexamod:SpectersWail+1","hexamod:ChargedBarrage"],"picked":"hexamod:SkipABeat","floor":21},{"not_picked":["hexamod:SecondSeal","hexamod:ThirdSeal"],"picked":"hexamod:HeatCrush","floor":22},{"not_picked":["hexamod:NecessarySacrifice","hexamod:SoulSteal","hexamod:CatchUp+1"],"picked":"SKIP","floor":22},{"not_picked":["hexamod:NecessarySacrifice","hexamod:SoulSteal"],"picked":"hexamod:CatchUp+1","floor":22},{"not_picked":["hexamod:ThermalTransfer","hexamod:SoulSteal"],"picked":"hexamod:EtherealExpedition+1","floor":23},{"not_picked":["hexamod:SpectersWail","hexamod:BurningTouch"],"picked":"hexamod:RadiantFlame+1","floor":23}],"player_experience":288160,"relics_obtained":[{"floor":1,"key":"Calipers"},{"floor":6,"key":"Vajra"},{"floor":7,"key":"hexamod:SoulConsumer"},{"floor":24,"key":"Meat on the Bone"}],"event_choices":[{"damage_healed":25,"gold_gain":0,"player_choice":"Banana","damage_taken":0,"max_hp_gain":0,"max_hp_loss":0,"event_name":"Big Fish","floor":14,"gold_loss":0}],"is_beta":false,"boss_relics":[{"not_picked":["Black Star","Busted Crown"],"picked":"Cursed Key"}],"items_purged_floors":[11,21],"is_endless":false,"potions_floor_spawned":[2,12,15,19,20],"killed_by":"Chosen and Byrds","ascension_level":0}}