{"host":"wmojtwekh6s3tor5","time":1613792839,"event":{"mods":["BaseMod","Colored Map","Colored Powertips","DeckTracker","Highlight Path","Minty Spire (QoL Compilation)","Quick Restart","StSLib"],"gold_per_floor":[117,117,139,151,81,81,81,98,98,98,132,132,57,71,71,170,170,190,209,209,209],"floor_reached":20,"language":"ZHS","playtime":981,"items_purged":["Strike_P"],"score":224,"play_id":"0fd64542-a33e-462b-918a-4dfba607cae9","local_time":"20210220114719","is_ascension_mode":true,"campfire_choices":[{"data":"Wallop","floor":6.0,"key":"SMITH"},{"floor":10.0,"key":"REST"},{"data":"SignatureMove","floor":12.0,"key":"SMITH"},{"data":"EmptyFist","floor":15.0,"key":"SMITH"}],"circlet_count":0,"master_deck":["Strike_P","Strike_P","Strike_P","Defend_P","Defend_P","Eruption+1","Vigilance","Wallop+1","WreathOfFlame","SignatureMove+1","EmptyFist+1","SpiritShield+1","Adaptation+1"],"relics":["PureWater","MawBank","Toxic Egg 2","Frozen Egg 2","VioletLotus"],"acts_visited":["Exordium","TheCity"],"potions_floor_usage":[20],"damage_taken":[{"damage":0.0,"enemies":"Small Slimes","floor":1.0,"turns":1.0},{"damage":0.0,"enemies":"2 Louse","floor":3.0,"turns":1.0},{"damage":0.0,"enemies":"Jaw Worm","floor":8.0,"turns":2.0},{"damage":16.0,"enemies":"3 Sentries","floor":11.0,"turns":4.0},{"damage":0.0,"enemies":"Looter","floor":14.0,"turns":2.0},{"damage":7.0,"enemies":"The Guardian","floor":16.0,"turns":6.0},{"damage":0,"enemies":"Chosen","floor":18,"turns":4},{"damage":0,"enemies":"Spheric Guardian","floor":19,"turns":2},{"damage":8,"enemies":"3 Cultists","floor":20,"turns":4}],"seed_played":"-7717130087929833692","potions_obtained":[{"floor":8.0,"key":"EssenceOfSteel"},{"floor":11.0,"key":"Swift Potion"},{"floor":14.0,"key":"ColorlessPotion"},{"floor":18,"key":"Block Potion"}],"is_trial":false,"path_per_floor":["M","?","M","?","$","R","?","M","T","R","E","R","$","M","R","B",null,"M","M","M"],"character_chosen":"WATCHER","items_purchased":["SignatureMove"],"campfire_rested":1,"item_purchase_floors":[5],"current_hp_per_floor":[65,40,40,33,33,33,33,33,33,54,38,38,38,38,38,31,62,62,62,54,54],"gold":209,"neow_bonus":"UPGRADE_CARD","is_daily":false,"chose_seed":false,"campfire_upgraded":3,"win_rate":0.0,"timestamp":1613792839,"path_taken":["M","?","M","?","?","R","?","M","T","R","E","R","$","M","R","BOSS","M","?","M"],"items_purchased_type":["Card"],"build_version":"2020-12-22","purchased_purges":1,"victory":false,"max_hp_per_floor":[72,72,72,72,72,72,72,72,72,72,72,72,72,72,72,72,72,72,72,72,72],"card_choices":[{"not_picked":["EmptyBody","JustLucky"],"picked":"Wallop","floor":1.0},{"not_picked":["InnerPeace","EmptyBody"],"picked":"WreathOfFlame","floor":3.0},{"not_picked":["LikeWater","WheelKick","Protect"],"picked":"SKIP","floor":8.0},{"not_picked":["BowlingBash","Weave"],"picked":"EmptyFist","floor":11.0},{"not_picked":["Pray+1","Prostrate+1","JustLucky"],"picked":"SKIP","floor":14.0},{"not_picked":["Alpha+1","Blasphemy+1"],"picked":"SpiritShield+1","floor":16.0},{"not_picked":["CutThroughFate","BowlingBash"],"picked":"Adaptation+1","floor":18},{"not_picked":["FlyingSleeves","LikeWater+1","FlurryOfBlows"],"picked":"SKIP","floor":19}],"player_experience":685805,"relics_obtained":[{"floor":9.0,"key":"Toxic Egg 2"},{"floor":11.0,"key":"Frozen Egg 2"}],"event_choices":[{"damage_healed":0.0,"max_hp_gain":0.0,"max_hp_loss":0.0,"gold_gain":0.0,"event_name":"Scrap Ooze","player_choice":"Success","floor":2.0,"gold_loss":0.0,"damage_taken":25.0,"relics_obtained":["MawBank"]},{"cards_removed":["Defend_P"],"damage_healed":0.0,"max_hp_gain":0.0,"max_hp_loss":0.0,"gold_gain":0.0,"event_name":"Golden Wing","player_choice":"Card Removal","floor":4.0,"gold_loss":0.0,"damage_taken":7.0},{"cards_removed":["Defend_P"],"damage_healed":0.0,"max_hp_gain":0.0,"max_hp_loss":0.0,"gold_gain":0.0,"event_name":"Wheel of Change","player_choice":"Card Removal","floor":7.0,"gold_loss":0.0,"damage_taken":0.0}],"is_beta":false,"boss_relics":[{"not_picked":["Sozu","SlaversCollar"],"picked":"VioletLotus"}],"items_purged_floors":[13],"is_endless":false,"potions_floor_spawned":[8,11,14,18,19],"killed_by":"3 Cultists","ascension_level":6}}