{"host":"s41rn2jhghpwfrvz","time":1613786725,"event":{"mods":["BaseMod","Minty Spire (QoL Compilation)","Quick Restart","Relic Stats","SuperFastMode"],"gold_per_floor":[118,118,118,135,148,179,193,193,193,208,133,167,180,200,200,200,200],"floor_reached":16,"language":"ENG","playtime":369,"items_purged":["Anger"],"score":278,"play_id":"19bb4e5c-e59c-481a-9d35-39c666d2ffd7","local_time":"20210220040525","daily_mods":["SealedDeck","Diverse","DeadlyEvents"],"is_ascension_mode":true,"campfire_choices":[{"data":"Whirlwind","floor":8,"key":"SMITH"},{"data":"Distraction","floor":15,"key":"SMITH"}],"circlet_count":0,"master_deck":["AscendersBane","Endless Agony","Protect","Sweeping Beam","Distraction+1","Conserve Battery","Consecrate","Sweeping Beam","Whirlwind+1","Whirlwind+1","DeusExMachina"],"relics":["Burning Blood","Torii","Kunai","Ginger"],"acts_visited":["Exordium"],"potions_floor_usage":[6,7,12,16],"damage_taken":[{"damage":0,"enemies":"2 Louse","floor":1,"turns":1},{"damage":0,"enemies":"Small Slimes","floor":4,"turns":2},{"damage":0,"enemies":"Cultist","floor":5,"turns":3},{"damage":0,"enemies":"Gremlin Nob","floor":6,"turns":2},{"damage":22,"enemies":"Exordium Thugs","floor":7,"turns":3},{"damage":0,"enemies":"Blue Slaver","floor":10,"turns":3},{"damage":22,"enemies":"Lagavulin","floor":12,"turns":7},{"damage":0,"enemies":"Lots of Slimes","floor":13,"turns":1},{"damage":0,"enemies":"Exordium Wildlife","floor":14,"turns":1},{"damage":66,"enemies":"Hexaghost","floor":16,"turns":9}],"seed_played":"-407318408605699172","potions_obtained":[{"floor":1,"key":"Block Potion"},{"floor":5,"key":"DistilledChaos"},{"floor":6,"key":"Explosive Potion"},{"floor":7,"key":"Block Potion"},{"floor":14,"key":"FearPotion"}],"is_trial":true,"path_per_floor":["M","?","?","M","M","E","M","R","T","M","$","E","M","M","R","B"],"character_chosen":"IRONCLAD","items_purchased":[],"campfire_rested":0,"item_purchase_floors":[],"current_hp_per_floor":[74,74,74,75,75,75,59,59,59,65,65,49,55,61,61,0,0],"gold":200,"neow_bonus":"","is_daily":false,"chose_seed":false,"campfire_upgraded":2,"win_rate":0.0,"timestamp":1613786725,"path_taken":["M","?","?","?","M","E","M","R","T","M","$","E","M","M","R","BOSS"],"items_purchased_type":[],"build_version":"2020-12-22","purchased_purges":1,"victory":false,"max_hp_per_floor":[75,75,75,75,75,75,75,75,75,75,75,75,75,75,75,75,75],"relic_stats":{"Torii":7,"counters":[10,32],"Kunai":[13],"Ginger":[0],"obtain_stats":[{"Torii":3,"Kunai":6,"Ginger":12,"Burning Blood":0},{"Torii":1,"Kunai":4,"Ginger":7,"Burning Blood":0},{"Torii":1,"Kunai":8,"Ginger":21,"Burning Blood":0}],"Burning Blood":37},"card_choices":[{"not_picked":["Leap","Flying Knee","Skewer"],"picked":"SKIP","floor":1},{"not_picked":["Heavy Blade","Flex","Ball Lightning"],"picked":"SKIP","floor":4},{"not_picked":["Consecrate","Vengeance","Predator"],"picked":"SKIP","floor":5},{"not_picked":["Conserve Battery","Perseverance"],"picked":"DeusExMachina","floor":6},{"not_picked":["Spot Weakness","Body Slam","Wireheading"],"picked":"SKIP","floor":7},{"not_picked":["Escape Plan","Dodge and Roll","Headbutt"],"picked":"SKIP","floor":10},{"not_picked":["Sentinel","Fasting2","Double Energy"],"picked":"SKIP","floor":12},{"not_picked":["CarveReality","Cold Snap","PathToVictory"],"picked":"SKIP","floor":13},{"not_picked":["Clash","DeusExMachina","Outmaneuver"],"picked":"SKIP","floor":14}],"player_experience":1942809,"relics_obtained":[{"floor":6,"key":"Kunai"},{"floor":12,"key":"Ginger"}],"event_choices":[{"damage_healed":0,"gold_gain":0,"player_choice":"Grow","damage_taken":0,"max_hp_gain":0,"max_hp_loss":0,"event_name":"Living Wall","floor":2,"gold_loss":0,"cards_upgraded":["Whirlwind"]},{"damage_healed":0,"gold_gain":0,"player_choice":"Gave Potion","damage_taken":0,"relics_obtained":["Torii"],"max_hp_gain":0,"max_hp_loss":0,"event_name":"WeMeetAgain","floor":3,"gold_loss":0}],"is_beta":false,"boss_relics":[],"items_purged_floors":[11],"is_endless":false,"potions_floor_spawned":[1,5,6,7,14],"killed_by":"Hexaghost","ascension_level":20}}