{"host":"vzygucmp2u9s1xuv","time":1613835640,"event":{"mods":["BaseMod","Colored Map","DeckTracker","Keyboard Shortcuts","Minty Spire (QoL Compilation)","Quick Restart","StSLib","SuperFastMode"],"gold_per_floor":[114,114,114,114,130,161,178,191,191,205,223,223,239,253,253,324,324,338,338,356,356,33,33,33],"floor_reached":23,"language":"KOR","playtime":672,"items_purged":[],"score":407,"play_id":"0be7a610-f623-4997-a453-727f03cdb07f","local_time":"20210221004040","is_ascension_mode":true,"campfire_choices":[{"data":"Accuracy","floor":12.0,"key":"SMITH"},{"floor":15.0,"key":"REST"}],"circlet_count":0,"master_deck":["AscendersBane","Strike_G","Strike_G","Strike_G","Strike_G","Strike_G","Defend_G","Defend_G","Defend_G","Defend_G","Defend_G+1","Survivor","Neutralize","Backflip","Prepared","Well Laid Plans","PiercingWail","Blade Dance+1","Blade Dance","Accuracy+1","Dagger Spray+1","Choke+1","Venomology","Blade Dance","Backflip","Accuracy+1"],"relics":["Ring of the Snake","NeowsBlessing","Letter Opener","Molten Egg 2","Ice Cream","War Paint","Pen Nib"],"acts_visited":["Exordium","TheCity"],"potions_floor_usage":[23,23],"damage_taken":[{"damage":0.0,"enemies":"2 Louse","floor":1.0,"turns":1.0},{"damage":0.0,"enemies":"Small Slimes","floor":5.0,"turns":1.0},{"damage":0.0,"enemies":"Lagavulin","floor":6.0,"turns":1.0},{"damage":11.0,"enemies":"Cultist","floor":7.0,"turns":5.0},{"damage":3.0,"enemies":"Red Slaver","floor":8.0,"turns":5.0},{"damage":8.0,"enemies":"3 Louse","floor":10.0,"turns":3.0},{"damage":16.0,"enemies":"Exordium Thugs","floor":11.0,"turns":5.0},{"damage":0.0,"enemies":"Lots of Slimes","floor":13.0,"turns":2.0},{"damage":3.0,"enemies":"Gremlin Gang","floor":14.0,"turns":2.0},{"damage":38.0,"enemies":"The Guardian","floor":16.0,"turns":8.0},{"damage":22.0,"enemies":"3 Byrds","floor":18.0,"turns":6.0},{"damage":11.0,"enemies":"Chosen","floor":20.0,"turns":5.0},{"damage":22,"enemies":"Slavers","floor":23,"turns":3}],"seed_played":"-3638714086914071214","potions_obtained":[{"floor":5.0,"key":"Strength Potion"},{"floor":6.0,"key":"Dexterity Potion"}],"is_trial":false,"path_per_floor":["M","$","?","?","M","E","M","M","T","M","M","R","M","M","R","B",null,"M","T","M","?","$","E"],"character_chosen":"THE_SILENT","items_purchased":["War Paint","Pen Nib"],"campfire_rested":1,"item_purchase_floors":[22,22],"current_hp_per_floor":[59,59,59,66,66,66,55,52,52,44,28,28,28,25,44,6,51,29,29,18,18,18,0,0],"gold":33,"neow_bonus":"THREE_ENEMY_KILL","is_daily":false,"chose_seed":false,"campfire_upgraded":1,"win_rate":0.0,"timestamp":1613835640,"path_taken":["M","$","?","?","M","E","M","M","T","M","M","R","M","?","R","BOSS","M","?","M","?","$","E"],"items_purchased_type":["Relic","Relic"],"build_version":"2020-12-22","purchased_purges":0,"victory":false,"max_hp_per_floor":[66,66,66,66,66,66,66,66,66,66,66,66,66,66,66,66,66,66,66,66,66,66,66,66],"card_choices":[{"not_picked":["Flying Knee","Bane"],"picked":"Backflip","floor":1.0},{"not_picked":["Flechettes","Distraction"],"picked":"Prepared","floor":5.0},{"not_picked":["Quick Slash","Distraction"],"picked":"Well Laid Plans","floor":6.0},{"not_picked":["Bane","Crippling Poison"],"picked":"PiercingWail","floor":7.0},{"not_picked":["Outmaneuver","Bane"],"picked":"Blade Dance","floor":8.0},{"not_picked":["Dagger Throw+1","Underhanded Strike+1"],"picked":"Blade Dance","floor":10.0},{"not_picked":["Corpse Explosion","Quick Slash+1"],"picked":"Accuracy","floor":11.0},{"not_picked":["PiercingWail","Slice+1"],"picked":"Dagger Spray+1","floor":13.0},{"not_picked":["Backflip","Dodge and Roll"],"picked":"Choke+1","floor":14.0},{"not_picked":["Tools of the Trade","Envenom"],"picked":"Venomology","floor":16.0},{"not_picked":["Slice+1","Blur"],"picked":"Blade Dance","floor":18.0},{"not_picked":["Catalyst","Blur"],"picked":"Backflip","floor":20.0}],"player_experience":667603,"relics_obtained":[{"floor":6.0,"key":"Letter Opener"},{"floor":9.0,"key":"Molten Egg 2"},{"floor":19.0,"key":"Ice Cream"}],"event_choices":[{"damage_healed":0.0,"max_hp_gain":0.0,"max_hp_loss":0.0,"gold_gain":0.0,"event_name":"The Cleric","player_choice":"Leave","floor":3.0,"gold_loss":0.0,"damage_taken":0.0},{"damage_healed":7.0,"max_hp_gain":0.0,"max_hp_loss":0.0,"gold_gain":0.0,"event_name":"Wheel of Change","player_choice":"Full Heal","floor":4.0,"gold_loss":0.0,"damage_taken":0.0},{"damage_healed":0.0,"max_hp_gain":0.0,"max_hp_loss":0.0,"gold_gain":0.0,"event_name":"Duplicator","player_choice":"Copied","floor":21.0,"gold_loss":0.0,"damage_taken":0.0,"cards_obtained":["Accuracy"]}],"is_beta":false,"boss_relics":[{"not_picked":["Cursed Key","Velvet Choker","Busted Crown"]}],"items_purged_floors":[],"is_endless":false,"potions_floor_spawned":[5,6,7,10],"killed_by":"Slavers","ascension_level":17}}