{"host":"ytx76dzs4hscrr3d","time":1613843331,"event":{"mods":["2.2 Compatiblity","AchievementEnabler","BaseMod","DeckTracker","Highlight Path","Minty Spire (QoL Compilation)","Random Character Button","Reliquary","Robot Space Explorer","Spire Arcade","StSLib"],"gold_per_floor":[112,123,133,151,168,199,199,216,264,264,264,295,310,310,310,414,414,424,440,34,34,34],"floor_reached":21,"language":"ENG","playtime":2711,"items_purged":[],"score":352,"play_id":"d6182663-7a73-4a05-9a28-2f7b7bfda1bd","local_time":"20210220184851","is_ascension_mode":true,"campfire_choices":[{"floor":7.0,"key":"RECALL"},{"data":"Cold Snap","floor":10.0,"key":"SMITH"},{"data":"Zap","floor":15.0,"key":"SMITH"}],"circlet_count":0,"master_deck":["Strike_B","Strike_B","Strike_B","Strike_B","Defend_B","Defend_B","Defend_B","Defend_B","Zap+1","Dualcast","Cold Snap+1","White Noise","Stack","Steam Power","Conserve Battery","Glacier","Streamline","Go for the Eyes","Rip and Tear","Echo Form","Loop+1","Steam+1","Sweeping Beam","Blind"],"relics":["Cursed Key","reliquary:PurpleTingedLeaf","Blue Candle","reliquary:Ember","Toolbox","Omamori"],"acts_visited":["Exordium","TheCity"],"potions_floor_usage":[18,19],"damage_taken":[{"damage":0.0,"enemies":"Cultist","floor":1.0,"turns":4.0},{"damage":2.0,"enemies":"2 Louse","floor":2.0,"turns":2.0},{"damage":2.0,"enemies":"Small Slimes","floor":3.0,"turns":4.0},{"damage":7.0,"enemies":"Looter","floor":4.0,"turns":3.0},{"damage":6.0,"enemies":"Exordium Thugs","floor":5.0,"turns":5.0},{"damage":6.0,"enemies":"3 Sentries","floor":6.0,"turns":9.0},{"damage":1.0,"enemies":"Blue Slaver","floor":8.0,"turns":5.0},{"damage":32.0,"enemies":"Gremlin Nob","floor":12.0,"turns":5.0},{"damage":8.0,"enemies":"Exordium Wildlife","floor":13.0,"turns":5.0},{"damage":6.0,"enemies":"Slime Boss","floor":16.0,"turns":13.0},{"damage":39,"enemies":"3 Byrds","floor":18,"turns":6},{"damage":31,"enemies":"2 Thieves","floor":19,"turns":5},{"damage":13,"enemies":"Snecko","floor":21,"turns":4}],"seed_played":"-4735529107101337282","potions_obtained":[{"floor":1.0,"key":"Fire Potion"},{"floor":5.0,"key":"CultistPotion"},{"floor":8.0,"key":"BlessingOfTheForge"},{"floor":16.0,"key":"EssenceOfSteel"},{"floor":19,"key":"AttackPotion"}],"is_trial":false,"path_per_floor":["M","M","M","M","M","E","R","M","T","R","?","E","M","?","R","B",null,"M","M","$","M"],"character_chosen":"DEFECT","items_purchased":["Sweeping Beam","Toolbox","Omamori","Blind"],"campfire_rested":0,"item_purchase_floors":[20,20,20,20],"current_hp_per_floor":[75,73,71,64,58,52,52,53,53,53,58,29,23,23,23,20,80,41,11,11,0,0],"gold":34,"neow_bonus":"BOSS_RELIC","is_daily":false,"chose_seed":false,"campfire_upgraded":2,"win_rate":0.0,"timestamp":1613843331,"path_taken":["M","M","M","M","M","E","R","?","T","R","?","E","M","?","R","BOSS","M","?","$","M"],"items_purchased_type":["Card","Relic","Relic","Card"],"build_version":"2020-12-22","purchased_purges":0,"victory":false,"max_hp_per_floor":[75,75,75,75,75,75,75,75,75,75,80,80,80,80,80,80,80,80,80,80,80,80],"card_choices":[{"not_picked":["Force Field","Hologram"],"picked":"Cold Snap","floor":1.0},{"not_picked":["Barrage","Skim"],"picked":"White Noise","floor":2.0},{"not_picked":["Rebound","Gash"],"picked":"Stack","floor":3.0},{"not_picked":["Barrage","Self Repair"],"picked":"Steam Power","floor":4.0},{"not_picked":["Storm","Fusion"],"picked":"Conserve Battery","floor":5.0},{"not_picked":["White Noise","Self Repair"],"picked":"Glacier","floor":6.0},{"not_picked":["Rebound","Stack"],"picked":"Streamline","floor":8.0},{"not_picked":["All For One","Cold Snap"],"picked":"Go for the Eyes","floor":12.0},{"not_picked":["Stack","Turbo"],"picked":"Rip and Tear","floor":13.0},{"not_picked":["Rainbow","Reboot"],"picked":"Echo Form","floor":16.0},{"not_picked":["Coolheaded","Compile Driver"],"picked":"Loop+1","floor":18},{"not_picked":["Hello World","Recycle"],"picked":"Steam+1","floor":19}],"player_experience":399095,"relics_obtained":[{"floor":6.0,"key":"reliquary:PurpleTingedLeaf"},{"floor":12.0,"key":"Blue Candle"}],"event_choices":[{"damage_healed":0.0,"max_hp_gain":5.0,"max_hp_loss":0.0,"gold_gain":0.0,"event_name":"Big Fish","player_choice":"Donut","floor":11.0,"gold_loss":0.0,"damage_taken":0.0},{"cards_removed":["Regret"],"damage_healed":0.0,"max_hp_gain":0.0,"max_hp_loss":0.0,"gold_gain":0.0,"event_name":"Wheel of Change","player_choice":"Card Removal","floor":14.0,"gold_loss":0.0,"damage_taken":0.0}],"is_beta":false,"boss_relics":[{"not_picked":["Runic Dome","SlaversCollar"],"picked":"reliquary:Ember"}],"items_purged_floors":[],"is_endless":false,"potions_floor_spawned":[1,5,8,13,16,19],"killed_by":"Snecko","ascension_level":4}}