{"host":"i0avyit1s6jb1siw","time":1613780222,"event":{"mods":["BaseMod","DeckTracker","Dota2Spire","Minty Spire (QoL Compilation)","Quick Restart","StSLib","SuperFastMode"],"gold_per_floor":[116,15,46,80,140,140,171,171,220,220,267,267,297,334,354,354,354,354,354],"floor_reached":18,"language":"ENG","playtime":392,"items_purged":["Shame"],"score":248,"play_id":"2a1bcae0-ef60-4fb6-a17c-3eaaa8fda3d3","local_time":"20210220011702","is_ascension_mode":true,"campfire_choices":[{"data":"Noxious Fumes","floor":6.0,"key":"SMITH"},{"floor":10,"key":"REST"},{"floor":16,"key":"REST"},{"data":"Tools of the Trade","floor":17,"key":"SMITH"}],"circlet_count":0,"master_deck":["AscendersBane","Strike_G","Strike_G","Strike_G","Strike_G","Defend_G","Defend_G","Defend_G","Defend_G","Defend_G","Survivor","Neutralize","HandOfGreed","Dagger Spray","Leg Sweep","Noxious Fumes+1","Terror","Masterful Stab","Terror","Tools of the Trade+1"],"relics":["Ring of the Snake","Bottled Tornado","Orichalcum","Regal Pillow"],"acts_visited":["Exordium"],"potions_floor_usage":[7,15,18],"damage_taken":[{"damage":3.0,"enemies":"Jaw Worm","floor":1.0,"turns":3.0},{"damage":2.0,"enemies":"2 Louse","floor":3.0,"turns":3.0},{"damage":0.0,"enemies":"Cultist","floor":4.0,"turns":3.0},{"damage":4.0,"enemies":"Gremlin Gang","floor":5.0,"turns":3.0},{"damage":30,"enemies":"3 Sentries","floor":7,"turns":8},{"damage":20,"enemies":"Gremlin Nob","floor":11,"turns":4},{"damage":11,"enemies":"Exordium Thugs","floor":13,"turns":9},{"damage":0,"enemies":"Blue Slaver","floor":14,"turns":3},{"damage":0,"enemies":"Looter","floor":15,"turns":2},{"damage":38,"enemies":"Slime Boss","floor":18,"turns":7}],"seed_played":"3427024793153598458","potions_obtained":[{"floor":1.0,"key":"Dota2Spire:Clarity"},{"floor":3.0,"key":"Swift Potion"},{"floor":14,"key":"AttackPotion"},{"floor":15,"key":"SneckoOil"}],"is_trial":false,"path_per_floor":["M","$","M","M","M","R","E","?","T","R","E","?","M","M","M","R","R","B"],"character_chosen":"THE_SILENT","items_purchased":["Dagger Spray"],"campfire_rested":2,"item_purchase_floors":[2],"current_hp_per_floor":[56,56,54,54,50,50,20,13,13,32,12,12,1,1,1,35,35,0,0],"gold":354,"neow_bonus":"RANDOM_COLORLESS_2","is_daily":false,"chose_seed":false,"campfire_upgraded":2,"win_rate":0.0,"timestamp":1613780222,"path_taken":["M","$","M","M","M","R","E","?","T","R","E","?","?","M","M","R","R","BOSS"],"items_purchased_type":["Card"],"build_version":"2020-12-22","purchased_purges":1,"victory":false,"max_hp_per_floor":[66,66,66,66,66,66,66,66,66,66,66,66,66,66,66,66,66,66,66],"card_choices":[{"not_picked":["Transmutation","Magnetism"],"picked":"HandOfGreed","floor":0.0},{"not_picked":["Heel Hook","Caltrops","Backflip"],"picked":"SKIP","floor":1.0},{"not_picked":["Poisoned Stab","Finisher"],"picked":"Leg Sweep","floor":3.0},{"not_picked":["Dash","Deadly Poison"],"picked":"Noxious Fumes","floor":4.0},{"not_picked":["Expertise","Bane","Dodge and Roll"],"picked":"SKIP","floor":5.0},{"not_picked":["Acrobatics","Riddle With Holes"],"picked":"Terror","floor":7},{"not_picked":["Caltrops","Burst"],"picked":"Masterful Stab","floor":11},{"not_picked":["Endless Agony","Deflect","Acrobatics"],"picked":"SKIP","floor":13},{"not_picked":["Leg Sweep","Dodge and Roll","Flying Knee"],"picked":"SKIP","floor":14},{"not_picked":["Cloak And Dagger","Deadly Poison"],"picked":"Tools of the Trade","floor":15}],"player_experience":2476335,"relics_obtained":[{"floor":7,"key":"Bottled Tornado"},{"floor":9,"key":"Orichalcum"},{"floor":11,"key":"Regal Pillow"}],"event_choices":[{"cards_removed":["Strike_G"],"damage_healed":0,"gold_gain":0,"player_choice":"Card Removal","damage_taken":7,"max_hp_gain":0,"max_hp_loss":0,"event_name":"Golden Wing","floor":8,"gold_loss":0},{"damage_healed":0,"gold_gain":0,"player_choice":"1 cards matched","damage_taken":0,"max_hp_gain":0,"max_hp_loss":0,"event_name":"Match and Keep!","floor":12,"gold_loss":0,"cards_obtained":["Terror"]}],"is_beta":false,"boss_relics":[],"items_purged_floors":[2],"is_endless":false,"potions_floor_spawned":[1,3,14,15],"killed_by":"Slime Boss","ascension_level":20}}