{"host":"s9znsjs818tlhh47","time":1613800571,"event":{"mods":["2.2 Compatiblity","ATMod(°¢èªMod)","AchievementEnabler","Act Like it!","Arknights","BaseMod","Better Note","Better Skull","Better Third Choice","Better Vampires","Bossed Relics","Card Forge","Colored Powertips","Force Act Four","Minty Spire (QoL Compilation)","Permanent Neow","Quick Restart","StSLib","¡¾¹¦ÄÜMod¡¿»ìãçÖ®»·ÐÞ¸´²¹¶¡","¡¾ÒÅÎï¿¨ÅÆ¡¿REMEMod"],"gold_per_floor":[109,129,129,149,161,161,188,188,188,188,188,263,273,6,6,80,80,99,99,117,137,155,180,10,45,72,72,102,102,134,146,146,220,220,220,220],"floor_reached":35,"language":"ZHS","playtime":1222,"items_purged":["Strike_B","Thunder Strike+1"],"score":1120,"play_id":"9a4153e1-1f64-4b6d-a572-c61f3a0cc1b1","local_time":"20210220005611","is_ascension_mode":true,"campfire_choices":[{"floor":6,"key":"REST"},{"floor":8,"key":"REST"},{"floor":10,"key":"RECALL"},{"floor":15,"key":"REST"},{"data":"Defend_B","floor":29,"key":"SMITH"},{"data":"Defend_B","floor":32,"key":"SMITH"}],"circlet_count":0,"master_deck":["AscendersBane","Strike_B","Defend_B+1","Defend_B+1","Defend_B+1","Defend_B+1","Dualcast+1","AT_StudyProgram+1","AT_EMC2+1","Conserve Battery+1","AT_RightCognition+1","Cold Snap+1","Coolheaded+1","REME_Whirling+1","Hologram+1","Reboot+1","Self Repair+1","Coolheaded+1","Seek+1"],"relics":["Hammer of Thor","Seething Fire","Anvil of the Gods","REME_ComplimentaryCards","AT_ATBox","Empty Cage","AT_BladeRuinedKing","AT_SunfireAegis","Bag of Preparation","The Courier","Velvet Choker","Pocketwatch","Sundial","Smiling Mask","AT_ForceNature","REME_DuelDisc"],"acts_visited":["Exordium","TheCity","TheBeyond"],"potions_floor_usage":[4,22],"damage_taken":[{"damage":5.0,"enemies":"2 Louse","floor":1.0,"turns":3.0},{"damage":18.0,"enemies":"Jaw Worm","floor":2.0,"turns":6.0},{"damage":8,"enemies":"Small Slimes","floor":4,"turns":4},{"damage":0,"enemies":"3 Louse","floor":5,"turns":3},{"damage":10,"enemies":"3 Sentries","floor":7,"turns":7},{"damage":9,"enemies":"Exordium Thugs","floor":13,"turns":3},{"damage":0,"enemies":"Hexaghost","floor":16,"turns":3},{"damage":8,"enemies":"Shell Parasite","floor":18,"turns":2},{"damage":12,"enemies":"2 Thieves","floor":20,"turns":2},{"damage":0,"enemies":"Centurion and Healer","floor":21,"turns":2},{"damage":0,"enemies":"Cultist and Chosen","floor":22,"turns":3},{"damage":13,"enemies":"Gremlin Leader","floor":23,"turns":3},{"damage":29,"enemies":"Slavers","floor":25,"turns":4},{"damage":0,"enemies":"Book of Stabbing","floor":28,"turns":4},{"damage":0,"enemies":"REME_1_Revenger","floor":30,"turns":3},{"damage":0,"enemies":"3 Cultists","floor":31,"turns":3},{"damage":17,"enemies":"Collector","floor":33,"turns":7},{"damage":11,"enemies":"3 Darklings","floor":35,"turns":1}],"seed_played":"5678796203774984314","potions_obtained":[{"floor":1.0,"key":"Regen Potion"},{"floor":2.0,"key":"REME_GoldPotion"},{"floor":13,"key":"PotionOfCapacity"},{"floor":22,"key":"PotionOfCapacity"},{"floor":28,"key":"GamblersBrew"}],"is_trial":false,"path_per_floor":["M","M","?","M","M","R","E","R","T","R","?","?","M","$","R","B",null,"M","?","M","M","M","E","$","E","T","?","E","R","E","M","R","B",null,"M"],"character_chosen":"DEFECT","items_purchased":["REME_Whirling","Fruit Juice","Hologram","FairyPotion"],"campfire_rested":3,"item_purchase_floors":[14,14,14,24],"current_hp_per_floor":[59,41,20,17,17,38,28,49,49,49,26,15,6,6,27,27,60,52,52,40,40,45,32,32,3,3,76,76,76,76,76,76,69,74,63,63],"gold":220,"neow_bonus":"BOSS_RELIC","is_daily":false,"chose_seed":false,"campfire_upgraded":2,"win_rate":0.0,"timestamp":1613800571,"path_taken":["M","M","?","M","M","R","E","R","T","R","?","?","M","$","R","BOSS","M","?","M","M","M","E","?","E","T","?","E","R","E","M","R","BOSS","M"],"items_purchased_type":["Card","Potion","Card","Potion"],"build_version":"2020-12-22","purchased_purges":2,"victory":false,"max_hp_per_floor":[71,71,71,71,71,71,71,71,71,71,71,71,71,71,71,71,71,71,71,71,71,76,76,76,76,76,76,76,76,76,76,76,76,76,76,76],"card_choices":[{"not_picked":["Gash","Steam"],"picked":"AT_EMC2","floor":1.0},{"not_picked":["Stack","Hologram"],"picked":"Conserve Battery","floor":2.0},{"not_picked":["Stack","Rebound"],"picked":"Cold Snap","floor":4},{"not_picked":["Turbo","AT_WarpDrive"],"picked":"Coolheaded","floor":5},{"not_picked":["Streamline","Conserve Battery","Multi-Cast"],"picked":"SKIP","floor":7},{"not_picked":["Go for the Eyes","Doom and Gloom"],"picked":"Melter","floor":13},{"not_picked":["Creative AI","Meteor Strike"],"picked":"Reboot","floor":16},{"not_picked":["Barrage","Go for the Eyes","Stack+1"],"picked":"SKIP","floor":18},{"not_picked":["Coolheaded","AT_ThreeBodyProblem","Cold Snap+1"],"picked":"SKIP","floor":20},{"not_picked":["Redo","Ball Lightning","Recycle"],"picked":"SKIP","floor":21},{"not_picked":["Chill","Cold Snap","Beam Cell"],"picked":"SKIP","floor":22},{"not_picked":["Ball Lightning","AT_ThreeBodyProblem","Hologram"],"picked":"SKIP","floor":23},{"not_picked":["Hologram","Melter","REME_Whirling"],"picked":"SKIP","floor":25},{"not_picked":["Loop+1","Conserve Battery"],"picked":"Coolheaded+1","floor":28},{"not_picked":["AT_RightCognition","Gash","REME_Whirling+1"],"picked":"SKIP","floor":30},{"not_picked":["Fusion","Streamline+1","Cold Snap"],"picked":"SKIP","floor":31},{"not_picked":["Multi-Cast","Thunder Strike"],"picked":"Seek","floor":33}],"player_experience":340193,"relics_obtained":[{"floor":7,"key":"AT_BladeRuinedKing"},{"floor":9,"key":"AT_SunfireAegis"},{"floor":23,"key":"Pocketwatch"},{"floor":25,"key":"Sundial"},{"floor":28,"key":"Smiling Mask"},{"floor":30,"key":"AT_ForceNature"}],"event_choices":[{"damage_healed":41,"gold_gain":0,"player_choice":"Upgrade","damage_taken":21,"max_hp_gain":0,"max_hp_loss":71,"event_name":"betterThird:BetterShining","floor":3,"gold_loss":0,"cards_upgraded":["Defend_B","Defend_B"]},{"damage_healed":0,"gold_gain":1,"player_choice":"Relic Relic ","damage_taken":23,"max_hp_gain":0,"max_hp_loss":0,"event_name":"betterThird:BetterScrap","floor":11,"gold_loss":0,"cards_obtained":["Demon Form"]},{"damage_healed":0,"gold_gain":75,"player_choice":"Gold","damage_taken":11,"max_hp_gain":1,"max_hp_loss":0,"event_name":"betterThird:BetterGoop","floor":12,"gold_loss":0},{"damage_healed":0,"gold_gain":0,"player_choice":"Upgraded","damage_taken":0,"max_hp_gain":0,"max_hp_loss":0,"event_name":"Upgrade Shrine","floor":19,"gold_loss":0,"cards_upgraded":["Reboot"]},{"damage_healed":73,"gold_gain":0,"player_choice":"Full Heal","damage_taken":0,"max_hp_gain":0,"max_hp_loss":0,"event_name":"Wheel of Change","floor":27,"gold_loss":0}],"is_beta":false,"boss_relics":[{"not_picked":["Tiny House","Snecko Eye"],"picked":"Velvet Choker"},{"not_picked":["REME_DemonsWealth","Runic Dome"],"picked":"REME_DuelDisc"}],"items_purged_floors":[14,24],"is_endless":false,"potions_floor_spawned":[1,2,13,22,28,30,33],"killed_by":"3 Darklings","ascension_level":20}}