{"host":"bc298c4gavna5tx2","time":1613835956,"event":{"mods":["ATMod(阿瑾Mod)","Act Like it!","BaseMod","Challenge The Spire","Energized Spire","Lobotomy","LobotomyExtend","Minty Spire (QoL Compilation)","MostiFishMod","Quarter Circle Forward PUNCH!","Quick Restart","Replay The Spire","Spicy Shops","StSLib","The Marked","【功能Mod】混沌之环修复补丁","【功能Mod】聪明的最终Boss","【遗物卡牌】REMEMod"],"gold_per_floor":[119,119,129,129,154,192,211,211,211,234,275,51,64,64,64,155,155,174,193,113,153,172,203,203,244,269,313,313,58,102,150,150,344,344,493,126,126,242,464,524,524,563,563,624,664,757,813,863,863,988,1063,1063,52,143,168],"floor_reached":56,"language":"ZHS","playtime":2346,"items_purged":["Defend_R","Looming Evil","Doubt","Clumsy","Strike_R"],"score":2894,"play_id":"cda5bd4b-0f96-4d11-9bbb-0446fe6c48ab","local_time":"20210220234556","is_ascension_mode":true,"campfire_choices":[{"data":"MostiFishMod:RacingGame","floor":8.0,"key":"SMITH"},{"data":"AT_FamilyPortrait","floor":15.0,"key":"SMITH"},{"floor":24.0,"key":"DIG"},{"floor":32.0,"key":"RECALL"},{"floor":41.0,"key":"DIG"},{"data":"Clumsy","floor":49.0,"key":"PURGE"},{"floor":52,"key":"DIG"}],"circlet_count":0,"master_deck":["AscendersBane","Strike_R","Defend_R","Defend_R","MostiFishMod:RacingGame+1","AT_FamilyPortrait+1","REME_Fury","Rampage+1","AT_IchimonjiDouble+1","Pummel+1","MostiFishMod:UltimateDefense+3","ReplayTheSpireMod:Limb From Limb+1"],"relics":["Burning Blood","AT_ATBox","DaveBox","REME_ComplimentaryCards","ExusiaiGun","NeowsBlessing","SynthV:TestCard","LetterFromLob","AT_ForceNature","Golden Idol","MostiFishMod:Haymaker","Shovel","Gremlin Food","Replay:Ancient Bell","AT_EbonyIvory","AT_TimeSand","Calipers","Red Mask","AT_SunfireAegis","AT_GoldPhoenixTree","Torii","Ice Cream","Centennial Puzzle","AT_Manta","Ring of Fury","ReplayTheSpireMod:Ring of Exchange","Strange Spoon","AT_MibuBalloonWealth","GreenFoldingFan","qcfpunch:Necklace_of_Skulls","Prayer Wheel","DaCapo","AT_RedTearstoneRing","Golden Egg","AT_ArchangelStaff","Peace Pipe","Prayer Wheel","Prayer Wheel","qcfpunch:Lotus_Statue","Omamori","qcfpunch:Wild_Herbs_Ointment","Ornamental Fan","King of Hearts","AT_RedNoBalance","ClockworkSouvenir","REME_OnlineShoppingPlatform","Gremlin Horn"],"acts_visited":["Exordium","TheCity","TheBeyond","TheEnding"],"potions_floor_usage":[],"damage_taken":[{"damage":0.0,"enemies":"Cultist","floor":1.0,"turns":1.0},{"damage":0.0,"enemies":"2 Louse","floor":3.0,"turns":1.0},{"damage":0.0,"enemies":"Small Slimes","floor":5.0,"turns":1.0},{"damage":0.0,"enemies":"Gremlin Nob","floor":6.0,"turns":2.0},{"damage":0.0,"enemies":"Blue Slaver","floor":7.0,"turns":1.0},{"damage":0.0,"enemies":"Looter","floor":10.0,"turns":1.0},{"damage":11.0,"enemies":"Replay:BlueRogue","floor":11.0,"turns":3.0},{"damage":0.0,"enemies":"Exordium Wildlife","floor":13.0,"turns":2.0},{"damage":0.0,"enemies":"Hexaghost","floor":16.0,"turns":2.0},{"damage":11.0,"enemies":"Spheric Guardian","floor":18.0,"turns":3.0},{"damage":7.0,"enemies":"Shell Parasite","floor":19.0,"turns":2.0},{"damage":0.0,"enemies":"Masked Bandits","floor":21.0,"turns":1.0},{"damage":0.0,"enemies":"3 Cultists","floor":22.0,"turns":2.0},{"damage":19.0,"enemies":"Slavers","floor":23.0,"turns":2.0},{"damage":0.0,"enemies":"Replay:Snechameleon","floor":25.0,"turns":1.0},{"damage":3.0,"enemies":"Book of Stabbing","floor":27.0,"turns":2.0},{"damage":0.0,"enemies":"Replay:Snechameleon","floor":30.0,"turns":1.0},{"damage":0.0,"enemies":"Snecko","floor":31.0,"turns":1.0},{"damage":0.0,"enemies":"Pondfish","floor":33.0,"turns":2.0},{"damage":3.0,"enemies":"3 Darklings","floor":35.0,"turns":1.0},{"damage":3.0,"enemies":"2 Orb Walkers","floor":38.0,"turns":1.0},{"damage":3.0,"enemies":"R_Hoarder","floor":40.0,"turns":1.0},{"damage":3.0,"enemies":"Orb Walker","floor":42.0,"turns":1.0},{"damage":3.0,"enemies":"Nemesis","floor":44.0,"turns":1.0},{"damage":6.0,"enemies":"Spire Growth","floor":45.0,"turns":3.0},{"damage":6.0,"enemies":"Jaw Worm Horde","floor":46.0,"turns":2.0},{"damage":6.0,"enemies":"Mind Bloom Boss Battle","floor":47.0,"turns":2.0},{"damage":6.0,"enemies":"Awakened One","floor":50.0,"turns":6.0},{"damage":16.0,"enemies":"Malkuth","floor":51.0,"turns":2.0},{"damage":3.0,"enemies":"Yesod","floor":51.0,"turns":1.0},{"damage":6.0,"enemies":"Tiphereth","floor":51.0,"turns":2.0},{"damage":3,"enemies":"Shield and Spear","floor":54,"turns":1},{"damage":3,"enemies":"The Heart","floor":55,"turns":3}],"seed_played":"5712513061930135160","potions_obtained":[{"floor":1.0,"key":"FearPotion"},{"floor":13.0,"key":"BlessingOfTheForge"},{"floor":16.0,"key":"ColorlessPotion"},{"floor":18.0,"key":"Fruit Juice"},{"floor":19.0,"key":"Weak Potion"},{"floor":25.0,"key":"Adrenaline Potion"},{"floor":27.0,"key":"PowerPotion"},{"floor":33.0,"key":"Toxic Potion"},{"floor":35.0,"key":"Venom Potion"},{"floor":42.0,"key":"ColorlessPotion"}],"is_trial":false,"path_per_floor":["M","?","M","?","M","E","M","R","T","M","E","$","M","?","R","B",null,"M","M","?","?","M","E","R","E","T","E","?","$","E","M","R","B",null,"M","$","?","?","?","E","R","M","T","E","M","M","?","T","R","B",null,null,"R","$","E","B",null],"character_chosen":"IRONCLAD","items_purchased":["Gremlin Food","Strange Spoon","qcfpunch:Necklace_of_Skulls","Ornamental Fan","King of Hearts","AT_SilverBalance","ClockworkSouvenir","REME_OnlineShoppingPlatform"],"campfire_rested":0,"item_purchase_floors":[12,29,36,53,53,53,53,53],"current_hp_per_floor":[74,56,62,36,42,48,54,54,54,60,55,55,61,75,75,75,75,75,74,74,80,80,67,67,73,73,76,76,76,80,80,80,80,80,80,80,80,80,80,80,80,80,80,80,80,80,80,80,80,80,80,80,80,57,55],"gold":168,"neow_bonus":"THREE_ENEMY_KILL","is_daily":false,"chose_seed":false,"campfire_upgraded":2,"win_rate":0.0,"timestamp":1613835956,"path_taken":["M","?","M","?","M","E","M","R","T","M","E","$","M","?","R","BOSS","M","M","?","?","M","E","R","E","T","E","?","$","E","M","R","BOSS","M","$","?","?","?","E","R","M","T","E","M","M","?","?","R","BOSS","R","$","E","BOSS"],"items_purchased_type":["Relic","Relic","Relic","Relic","Relic","Relic","Relic","Relic"],"build_version":"2020-12-22","purchased_purges":5,"victory":true,"max_hp_per_floor":[75,75,75,75,75,75,75,75,75,75,75,75,75,75,75,75,75,80,80,80,80,80,80,80,80,80,80,80,80,80,80,80,80,80,80,80,80,80,80,80,80,80,80,80,80,80,80,80,80,80,80,80,80,84,84],"card_choices":[{"not_picked":["ReplayTheSpireMod:Strike From Hell","Armaments","Body Slam"],"picked":"SKIP","floor":1.0},{"not_picked":["Replay:Undeath\u0027s Touch","Massacre","Intimidate","Body Slam","Cleave"],"picked":"SKIP","floor":3.0},{"not_picked":["AT_ManFootWork","REME_Scribble","AT_GerminateFire","Replay:Undeath\u0027s Touch","Perfected Strike"],"picked":"SKIP","floor":5.0},{"not_picked":["ReplayTheSpireMod:Strike From Hell","MostiFishMod:WingOfPhoenix","Shrug It Off","Iron Wave","Warcry"],"picked":"SKIP","floor":6.0},{"not_picked":["Wild Strike","Rage","AT_BodySlamDance","REME_Scribble","ReplayTheSpireMod:Muscle Training"],"picked":"SKIP","floor":7.0},{"not_picked":["Perfected Strike","Cleave","Second Wind","MostiFishMod:WingOfPhoenix","Body Slam"],"picked":"SKIP","floor":10.0},{"not_picked":["Shrug It Off","Run Through","Uppercut","Blood for Blood","Double Tap"],"picked":"SKIP","floor":11.0},{"not_picked":["Shrug It Off","Iron Wave","True Grit","Disarm"],"picked":"AT_IchimonjiDouble","floor":13.0},{"not_picked":["Exhume","MostiFishMod:DarkDeal","MostiFishMod:KnuckleDown","MostiFishMod:HellRitual"],"picked":"REME_Fury","floor":16.0},{"not_picked":["CommonCold","Sickly","Regret","Pain"],"picked":"Clumsy","floor":17.0},{"not_picked":["Amnesia","CommonCold","AbeCurse","Regret"],"picked":"Clumsy","floor":17.0},{"not_picked":["Parasite","ReplayTheSpireMod:Doomed","Looming Evil","Normality"],"picked":"Doubt","floor":17.0},{"not_picked":["Headbutt","Pommel Strike","Massacre","Cleave","Infernal Blade"],"picked":"SKIP","floor":18.0},{"not_picked":["True Grit","Wild Strike","Anger","AT_BodySlamDance","Perfected Strike"],"picked":"SKIP","floor":19.0},{"not_picked":["Rage","Iron Wave","Havoc","Inflame"],"picked":"Rampage+1","floor":22.0},{"not_picked":["Replay:Undeath\u0027s Touch","Shrug It Off","Power Through","ReplayTheSpireMod:Strike From Hell","Twin Strike"],"picked":"SKIP","floor":23.0},{"not_picked":["Fiend Fire","Carnage","Life Link","ReplayTheSpireMod:Limb From Limb"],"picked":"AT_IchimonjiDouble","floor":25.0},{"not_picked":["Rampage","Double Tap","Clash","Shockwave"],"picked":"Pummel+1","floor":27.0},{"not_picked":["AT_CaressingTears","Sword Boomerang","Shockwave","Thunderclap","AT_IchimonjiDouble+1"],"picked":"SKIP","floor":30.0},{"not_picked":["Thunderclap+1","Abandon","Havoc","Heavy Blade","True Grit+1"],"picked":"SKIP","floor":31.0},{"not_picked":["MostiFishMod:HellRitual","Brutality","MostiFishMod:TemporaryOutbreak","MostiFishMod:404NotFound"],"picked":"MostiFishMod:UltimateDefense","floor":33.0},{"not_picked":["REME_SingleHolding","Clothesline","REME_Cut","ReplayTheSpireMod:Stacked","Replay:Undeath\u0027s Touch"],"picked":"SKIP","floor":35.0},{"not_picked":["Shockwave+1","Havoc","Feel No Pain","Demon Form"],"picked":"ReplayTheSpireMod:Limb From Limb+1","floor":40.0},{"not_picked":["Wild Strike+1","Warcry","Burning Pact","Sword Boomerang","Clothesline"],"picked":"SKIP","floor":42.0},{"not_picked":["Flame Barrier+1","Combust","Cleave","Second Wind","Warcry"],"picked":"SKIP","floor":42.0},{"not_picked":["Sever Soul","AT_BodySlamDance","Immolate","Headbutt","Clash"],"picked":"SKIP","floor":44.0},{"not_picked":["Anger","ReplayTheSpireMod:Corrosion Curse","Evolve","Flex","Thunderclap+1"],"picked":"SKIP","floor":45.0},{"not_picked":["Flex","ReplayTheSpireMod:Strike From Hell","Infernal Blade","Barricade","Cleave"],"picked":"SKIP","floor":45.0},{"not_picked":["ReplayTheSpireMod:Strike From Hell","REME_SingleHolding+1","Wild Strike","AT_BodySlamDance+1","ReplayTheSpireMod:Stacked"],"picked":"SKIP","floor":45.0},{"not_picked":["Infernal Blade","True Grit","Shrug It Off+1","Havoc","Replay:Undeath\u0027s Touch"],"picked":"SKIP","floor":45.0},{"not_picked":["Infernal Blade","Clash","Heavy Blade","Second Wind","Metallicize"],"picked":"SKIP","floor":46.0},{"not_picked":["MostiFishMod:#F4004","Blood for Blood","Spot Weakness","AT_DiedThrough+1","Inflame"],"picked":"SKIP","floor":46.0},{"not_picked":["Bludgeon","Cleave+1","Body Slam+1","Flex","Sever Soul"],"picked":"SKIP","floor":46.0},{"not_picked":["Flex+1","Armaments","Perfected Strike+1","Thunderclap","MostiFishMod:FireWorks"],"picked":"SKIP","floor":46.0},{"not_picked":["Rage","Body Slam+1","Ghostly Armor","Armaments","Iron Wave"],"picked":"SKIP","floor":54}],"player_experience":155322,"relics_obtained":[{"floor":1.0,"key":"SynthV:TestCard"},{"floor":1.0,"key":"LetterFromLob"},{"floor":6.0,"key":"MostiFishMod:Haymaker"},{"floor":11.0,"key":"Shovel"},{"floor":21.0,"key":"Red Mask"},{"floor":23.0,"key":"AT_GoldPhoenixTree"},{"floor":24.0,"key":"Torii"},{"floor":25.0,"key":"Ice Cream"},{"floor":26.0,"key":"Centennial Puzzle"},{"floor":27.0,"key":"AT_Manta"},{"floor":28.0,"key":"Ring of Fury"},{"floor":28.0,"key":"ReplayTheSpireMod:Ring of Exchange"},{"floor":30.0,"key":"AT_MibuBalloonWealth"},{"floor":38.0,"key":"DaCapo"},{"floor":40.0,"key":"AT_RedTearstoneRing"},{"floor":41.0,"key":"Golden Egg"},{"floor":43.0,"key":"AT_ArchangelStaff"},{"floor":44.0,"key":"Peace Pipe"},{"floor":47.0,"key":"qcfpunch:Lotus_Statue"},{"floor":48.0,"key":"Omamori"},{"floor":52,"key":"qcfpunch:Wild_Herbs_Ointment"},{"floor":54,"key":"Gremlin Horn"}],"event_choices":[{"damage_healed":0.0,"max_hp_gain":0.0,"max_hp_loss":0.0,"gold_gain":0.0,"event_name":"Scrap Ooze","player_choice":"Success","floor":2.0,"gold_loss":0.0,"damage_taken":18.0,"relics_obtained":["AT_ForceNature"]},{"damage_healed":0.0,"max_hp_gain":0.0,"max_hp_loss":0.0,"gold_gain":0.0,"event_name":"Golden Idol","player_choice":"Take Damage","floor":4.0,"gold_loss":0.0,"damage_taken":26.0,"relics_obtained":["Golden Idol"]},{"damage_healed":0.0,"max_hp_gain":0.0,"max_hp_loss":0.0,"gold_gain":0.0,"event_name":"Masked Bandits","player_choice":"Fought Bandits","floor":21.0,"gold_loss":0.0,"damage_taken":0.0},{"damage_healed":0.0,"max_hp_gain":0.0,"max_hp_loss":0.0,"gold_gain":0.0,"event_name":"Mysterious Sphere","player_choice":"Fight","floor":38.0,"gold_loss":0.0,"damage_taken":0.0},{"damage_healed":0.0,"max_hp_gain":0.0,"max_hp_loss":0.0,"gold_gain":222.0,"event_name":"Tomb of Lord Red Mask","player_choice":"Wore Mask","floor":39.0,"gold_loss":0.0,"damage_taken":0.0},{"damage_healed":0.0,"max_hp_gain":0.0,"max_hp_loss":0.0,"gold_gain":0.0,"event_name":"MindBloom","player_choice":"Fight","floor":47.0,"gold_loss":0.0,"damage_taken":0.0}],"is_beta":false,"boss_relics":[{"not_picked":["Kintsugi","FixedStarFall"],"picked":"Replay:Ancient Bell"},{"not_picked":["qcfpunch:Red_Beret","Lantern"],"picked":"AT_EbonyIvory"},{"not_picked":["REME_ArchaeologicalTools","Mummified Hand"],"picked":"AT_TimeSand"},{"not_picked":["Mango","BionicSphere"],"picked":"Calipers"},{"not_picked":["Empty Cage","Tiny House"],"picked":"GreenFoldingFan"}],"items_purged_floors":[12,29,36,53,53],"is_endless":false,"potions_floor_spawned":[1,13,16,18,19,25,27,31,33,35,38,42,45],"ascension_level":15}}