{"host":"1dhlu4qzehvrzpot","time":1613861864,"event":{"mods":["2.2 Compatiblity","AchievementEnabler","BaseMod","Block Reminder","Minty Spire (QoL Compilation)","Permanent Neow","Quick Restart","Rare Cards Sparkle","Relic Stats","Say the Spire","Slay-I","StSLib","SuperFastMode"],"gold_per_floor":[362,139,214,45,64,97,97,97,97,111,127,127,159,176,176,281,281,266,11,35,45,45,45],"floor_reached":22,"language":"ENG","playtime":460,"items_purged":[],"score":310,"play_id":"570b6ce5-e671-414b-83a6-85771de7dd26","local_time":"20210220235744","is_ascension_mode":true,"campfire_choices":[{"floor":8.0,"key":"REST"},{"floor":12.0,"key":"REST"},{"data":"Apotheosis","floor":15,"key":"SMITH"}],"circlet_count":0,"master_deck":["AscendersBane","Strike_B","Strike_B","Strike_B","Strike_B","Defend_B","Defend_B","Defend_B","Defend_B","Zap","Dualcast","Storm","Storm","Apotheosis+1","Skim","Capacitor","Static Discharge","Self Repair","Glacier","Multi-Cast","Core Surge","CurseOfTheBell","Turbo","Turbo","FTL","Consume"],"relics":["Cracked Core","PreservedInsect","Letter Opener","Pantograph","Art of War","Calling Bell","Dream Catcher","Question Card","Prayer Wheel","Mummified Hand","Juzu Bracelet"],"acts_visited":["Exordium","TheCity"],"potions_floor_usage":[13,16],"damage_taken":[{"damage":1.0,"enemies":"Cultist","floor":1.0,"turns":4.0},{"damage":10.0,"enemies":"Small Slimes","floor":5.0,"turns":3.0},{"damage":12.0,"enemies":"3 Sentries","floor":6.0,"turns":5.0},{"damage":4.0,"enemies":"Jaw Worm","floor":10.0,"turns":3.0},{"damage":16.0,"enemies":"Blue Slaver","floor":11.0,"turns":4.0},{"damage":12,"enemies":"Gremlin Nob","floor":13,"turns":3},{"damage":19,"enemies":"Exordium Wildlife","floor":14,"turns":5},{"damage":17,"enemies":"Hexaghost","floor":16,"turns":12},{"damage":34,"enemies":"2 Thieves","floor":18,"turns":4},{"damage":22,"enemies":"Chosen","floor":21,"turns":5},{"damage":35,"enemies":"3 Cultists","floor":22,"turns":4}],"seed_played":"1445627512320124824","potions_obtained":[{"floor":1.0,"key":"Strength Potion"},{"floor":5.0,"key":"GamblersBrew"},{"floor":7.0,"key":"PotionOfCapacity"},{"floor":7.0,"key":"GamblersBrew"},{"floor":14,"key":"ColorlessPotion"}],"is_trial":false,"path_per_floor":["M","$","?","$","M","E","?","R","T","M","M","R","E","M","R","B",null,"M","$","T","M","M"],"character_chosen":"DEFECT","items_purchased":["Storm","PreservedInsect","Apotheosis","Mummified Hand"],"campfire_rested":2,"item_purchase_floors":[2,2,4,19],"current_hp_per_floor":[49,49,38,38,28,16,16,38,38,34,18,40,38,26,26,44,67,43,43,43,28,0,0],"gold":45,"neow_bonus":"TWO_FIFTY_GOLD","is_daily":false,"chose_seed":false,"campfire_upgraded":1,"win_rate":0.0,"timestamp":1613861864,"path_taken":["M","$","?","$","M","E","?","R","T","M","M","R","E","M","R","BOSS","M","$","?","M","M"],"items_purchased_type":["Card","Relic","Card","Relic"],"build_version":"2020-12-22","purchased_purges":0,"victory":false,"max_hp_per_floor":[75,75,75,75,75,75,75,75,75,75,75,75,75,75,75,75,75,75,75,75,75,75,75],"relic_stats":{"Dream Catcher":0,"counters":[11,52],"Mummified Hand":[9],"Pantograph":25,"Prayer Wheel":2,"PreservedInsect":54,"Art of War":[10],"Juzu Bracelet":0,"Letter Opener":[75],"Question Card":4,"obtain_stats":[{"Calling Bell":17,"Dream Catcher":17,"Mummified Hand":19,"Pantograph":9,"Prayer Wheel":17,"PreservedInsect":2,"Art of War":13,"Juzu Bracelet":20,"Letter Opener":6,"Cracked Core":0,"Question Card":17},{"Calling Bell":8,"Dream Catcher":8,"Mummified Hand":9,"Pantograph":3,"Prayer Wheel":8,"PreservedInsect":1,"Art of War":6,"Juzu Bracelet":9,"Letter Opener":3,"Cracked Core":0,"Question Card":8},{"Calling Bell":39,"Dream Catcher":39,"Mummified Hand":43,"Pantograph":12,"Prayer Wheel":39,"PreservedInsect":4,"Art of War":22,"Juzu Bracelet":43,"Letter Opener":12,"Cracked Core":0,"Question Card":39}]},"card_choices":[{"not_picked":["Leap","Cold Snap"],"picked":"Storm","floor":1.0},{"not_picked":["Compile Driver","Cold Snap"],"picked":"Skim","floor":5.0},{"not_picked":["Stack","Redo"],"picked":"Capacitor","floor":6.0},{"not_picked":["Scrape","Fusion"],"picked":"Static Discharge","floor":10.0},{"not_picked":["Compile Driver","Beam Cell"],"picked":"Self Repair","floor":11.0},{"not_picked":["Conserve Battery","Lockon"],"picked":"Glacier","floor":13},{"not_picked":["Streamline","Lockon"],"picked":"Multi-Cast","floor":14},{"not_picked":["Hyperbeam","Multi-Cast"],"picked":"Core Surge","floor":16},{"not_picked":["Streamline+1","Beam Cell+1","Compile Driver"],"picked":"Turbo","floor":18},{"not_picked":["Rebound","Meteor Strike","Redo+1"],"picked":"Turbo","floor":18},{"not_picked":["Beam Cell","Reinforced Body","Leap"],"picked":"FTL","floor":21},{"not_picked":["Go for the Eyes","Beam Cell","Auto Shields"],"picked":"Consume","floor":21}],"player_experience":561080,"relics_obtained":[{"floor":6.0,"key":"Letter Opener"},{"floor":9.0,"key":"Pantograph"},{"floor":13,"key":"Art of War"},{"floor":17,"key":"Dream Catcher"},{"floor":17,"key":"Question Card"},{"floor":17,"key":"Prayer Wheel"},{"floor":20,"key":"Juzu Bracelet"}],"event_choices":[{"damage_healed":0.0,"max_hp_gain":0.0,"max_hp_loss":0.0,"gold_gain":75.0,"event_name":"World of Goop","player_choice":"Gather Gold","floor":3.0,"gold_loss":0.0,"damage_taken":11.0},{"damage_healed":0.0,"max_hp_gain":0.0,"max_hp_loss":0.0,"gold_gain":0.0,"event_name":"Lab","player_choice":"Got Potions","floor":7.0,"gold_loss":0.0,"damage_taken":0.0}],"is_beta":false,"boss_relics":[{"not_picked":["Nuclear Battery","Velvet Choker"],"picked":"Calling Bell"}],"items_purged_floors":[],"is_endless":false,"potions_floor_spawned":[1,5,14],"killed_by":"3 Cultists","ascension_level":12}}