{"host":"7qehwwg45m0o36in","time":1613840235,"event":{"mods":["2.2 Compatiblity","AchievementEnabler","AlwaysNeverKeys","Aspiration","BaseMod","Better Altar","Better Match","Better Skull","BetterRewards","Card Forge","Challenge The Spire","Chen","Colored Map","Colored Powertips","Conspire","Custom Start","Defuse TimeMaze Blight","Energized Spire","Exacting","Filter the Spire","GifTheSpireLib","Hermit","Hubris","Infinite Spire","Jedi Mod","Jorbs\u0027s Wanderer Trilogy","Koishi","Mimic Mod","Minty Spire (QoL Compilation)","Prisma Mod","Quick Restart","Random Character Mod","Rare Cards Sparkle","Remilia??????","Replay The Spire","Robot Space Explorer","Shop Mod","Spicy Shops","Spikes Relics","Spire Birthday Party","StSLib","Stuff the Spire","Synergy Search","The Animator","The Blackbeard","The Blue Laboratory","The Cursed","The Disciple","The Jungle","The Marked","Virulent Crown","Wandering Minibosses"],"gold_per_floor":[153,105,180,227,330,432,486,584,584,659,684,741,861,923,923,1250,1250,1317,1446,1756,1800,1883,2297,2297,2655,2655,3019,3059,3489,3543,3977,3977,4296,4296,4344,4840,4840,4840,4840,5156,5200,5538,5562,5633,5981,6413,6413,6771,6771,6783],"floor_reached":51,"language":"ENG","playtime":3027,"items_purged":[],"score":1543,"play_id":"81d900fe-5163-4334-83b3-e195ae7c3e24","local_time":"20210220175715","daily_mods":["Diverse","DeadlyEvents","Elite Swarm","Midas"],"is_ascension_mode":false,"campfire_choices":[{"floor":15,"key":"DIG"},{"floor":24,"key":"DIG"}],"circlet_count":0,"master_deck":["PrismaMod:IllyaCommonDefend+1","PrismaMod:IllyaCommonDefend+1","PrismaMod:IllyaCommonAttack+1","PrismaMod:IllyaUncommonAttack+1","PrismaMod:IllyaUncommonDefend+1","PrismaMod:IllyaStunPoison+1","PrismaMod:MiyuUncommonDexBuff+1","TheCursedMod:CircleOfFlame+1","theMarked:ComboAttacks+1","Buffer+1","PrismaMod:IllyaStunPoison+1","Seek+1","Demon Form+1","Devotion+1","theMarked:Parkour+1","Chrysalis+1","TheCursedMod:NeowsMight+1","Devotion"],"relics":["PrismaMod:PrismaRuby","Hammer of Thor","Seething Fire","Anvil of the Gods","StuffTheSpire:DarkSteelAnvil","Quantum Egg","Replay:Bandana","infinitespire:WardingShard","Oddly Smooth Stone","ReplayTheSpireMod:TigerMarble","Replay:Multitool","infinitespire:Eraser","Replay:Ringing Soul","hubris:FunFungus","jedi:crownofsimplicity","StuffTheSpire:TintedRock","StuffTheSpire:Gunfinga","Replay:Ancient Bell","aspiration:TomeofQuesting","infinitespire:CheckeredPen","SuspiciousGoo","StuffTheSpire:HeavyRock","RoseTintedShades","RoseTintedShades","aspiration:SneckoTail","Replay:Mystery Machine","jedi:kaleidoscope","hubris:Metronome","Turnip","infinitespire:Beetle Shell","ScarletDevilRocket","Happy Flower","hubris:SlimyHat","conspire:SpecialSausage","wanderingMiniBosses:LockLocket","hubris:Backtick","conspire:Dentures","hubris:Potato","hubris:Spice","hubris:ToyBattleship","jedi:cryingmask","Durian"],"acts_visited":["Exordium","TheCity","TheBeyond"],"potions_floor_usage":[],"damage_taken":[{"damage":0,"enemies":"Cultist","floor":1,"turns":2},{"damage":0,"enemies":"Jaw Worm","floor":4,"turns":2},{"damage":0,"enemies":"Small Slimes","floor":5,"turns":4},{"damage":11,"enemies":"3 Sentries","floor":6,"turns":3},{"damage":0,"enemies":"Small Slimes","floor":7,"turns":3},{"damage":0,"enemies":"Gremlin Nob","floor":8,"turns":3},{"damage":0,"enemies":"Lagavulin","floor":10,"turns":4},{"damage":0,"enemies":"Exordium Wildlife","floor":12,"turns":1},{"damage":0,"enemies":"3 Sentries","floor":13,"turns":4},{"damage":0,"enemies":"Large Slime","floor":14,"turns":2},{"damage":0,"enemies":"Hexaghost","floor":16,"turns":7},{"damage":0,"enemies":"Shell Parasite","floor":18,"turns":2},{"damage":0,"enemies":"conspire:MimicChest","floor":19,"turns":4},{"damage":1,"enemies":"Gremlin Leader","floor":20,"turns":7},{"damage":0,"enemies":"3 Byrds","floor":21,"turns":6},{"damage":0,"enemies":"Snake Plant","floor":22,"turns":2},{"damage":0,"enemies":"Book of Stabbing","floor":23,"turns":3},{"damage":2,"enemies":"Slavers","floor":25,"turns":4},{"damage":6,"enemies":"Gremlin Leader","floor":27,"turns":3},{"damage":0,"enemies":"conspire:HollyBat","floor":28,"turns":5},{"damage":0,"enemies":"conspire:Head Lice","floor":29,"turns":4},{"damage":0,"enemies":"Chosen and Byrds","floor":30,"turns":5},{"damage":0,"enemies":"conspire:SneckoGhost","floor":31,"turns":3},{"damage":8,"enemies":"hubris:MusketHawk","floor":33,"turns":5},{"damage":0,"enemies":"3 Shapes","floor":35,"turns":3},{"damage":0,"enemies":"3 Darklings","floor":36,"turns":6},{"damage":25,"enemies":"R_Hoarder","floor":40,"turns":4},{"damage":0,"enemies":"Writhing Mass","floor":41,"turns":2},{"damage":0,"enemies":"Reptomancer","floor":42,"turns":3},{"damage":0,"enemies":"Transient","floor":44,"turns":5},{"damage":15,"enemies":"R_Hoarder","floor":45,"turns":3},{"damage":0,"enemies":"Nemesis","floor":46,"turns":5},{"damage":0,"enemies":"Reptomancer","floor":48,"turns":2},{"damage":0,"enemies":"hubris:GrandSnecko","floor":50,"turns":7}],"seed_played":"-6379422034956377654","potions_obtained":[{"floor":4,"key":"blueLaboratory:ArtificerPotion"},{"floor":6,"key":"Dexterity Potion"},{"floor":8,"key":"BlessingOfTheForge"},{"floor":13,"key":"PowerPotion"},{"floor":40,"key":"PowerPotion"}],"is_trial":true,"path_per_floor":["M","$","?","M","MIM","E","M","E","T","E","T","M","E","M","R_BF","B",null,"M","?","E","M","M","E","R","E","T","E","M","E","M","E","R","B",null,"M","M","AVR","?","?","E","M","E","T","M","E","E","R","E","R_BF","B",null],"character_chosen":"ILLYA","items_purchased":["Replay:Bandana","infinitespire:WardingShard","Oddly Smooth Stone","PrismaMod:MiyuUncommonDexBuff"],"campfire_rested":0,"item_purchase_floors":[2,2,2,2],"current_hp_per_floor":[75,75,64,64,64,53,53,53,53,53,53,53,63,63,63,69,84,84,84,83,84,84,84,84,82,82,76,78,82,82,85,46,39,90,90,93,93,96,96,93,93,94,94,95,87,95,95,106,106,108],"gold":6783,"neow_bonus":"","is_daily":false,"chose_seed":false,"campfire_upgraded":0,"win_rate":0.0,"timestamp":1613840235,"path_taken":["M","?","?","?","?","E","M","E","T","?","?","?","E","M","R_BF","BOSS","M","?","?","M","M","E","R","E","T","E","M","E","M","E","R","BOSS","M","M","AVR","?","?","E","M","E","T","M","?","E","R","E","R_BF","BOSS"],"items_purchased_type":["Relic","Relic","Relic","Card"],"build_version":"2020-12-22","purchased_purges":0,"victory":true,"max_hp_per_floor":[75,75,75,75,75,75,75,75,75,75,75,75,78,78,78,81,84,84,84,84,84,84,84,84,84,84,84,84,87,87,90,90,90,90,90,93,93,96,96,107,107,107,107,107,112,112,112,123,123,123],"card_choices":[{"not_picked":["theMarked:Determination","animator:Chung"],"picked":"PrismaMod:IllyaStunPoison","floor":1},{"not_picked":["PrismaMod:IllyaDualEvoke","StuffTheSpire:BloodClot"],"picked":"TheCursedMod:CircleOfFlame","floor":4},{"not_picked":["Chen:CatPunch","blackbeard:Shrapnel"],"picked":"theMarked:ComboAttacks","floor":5},{"not_picked":["PrismaMod:IllyaInstallAssassin","hermit:FinalCanter"],"picked":"Buffer","floor":6},{"not_picked":["Acrobatics","blackbeard:Revenge"],"picked":"PrismaMod:IllyaStunPoison","floor":7},{"not_picked":["BloodyHallows","animator:Elesis"],"picked":"Seek","floor":8},{"not_picked":["hubris:StunningStrike","blackbeard:UndeadForm","Malaise"],"picked":"SKIP","floor":10},{"not_picked":["Wild Strike","animator:Kazuma","hubris:Counter"],"picked":"SKIP","floor":12},{"not_picked":["Replay:AllIn","RobotSpaceExplorer:Scanner"],"picked":"PrismaMod:ChloeHalloween","floor":13},{"not_picked":["PrismaMod:IllyaBride","animator:Alexander","PrismaMod:IllyaCheapChannelAttack"],"picked":"SKIP","floor":14},{"not_picked":["animator:Saitama","PrismaMod:IllyaInstallForeigner"],"picked":"PrismaMod:IllyaCarnivalOrbs","floor":16},{"not_picked":["Replay:Hysterical Blindness","Overencumbered"],"picked":"Delirium","floor":17},{"not_picked":["SwitchConfidence","hubris:Greed"],"picked":"Intolerance","floor":17},{"not_picked":["Replay:Hysterical Blindness","CloudedMind"],"picked":"Clumsy","floor":17},{"not_picked":["PrismaMod:ChloeCheapDefend","TheCursedMod:ShockAndAwe","VampireFantasy"],"picked":"SKIP","floor":18},{"not_picked":["PrismaMod:IllyaInstallLancer","Offering","Fission"],"picked":"SKIP","floor":20},{"not_picked":["animator:Entoma","Underhanded Strike","Anger"],"picked":"SKIP","floor":21},{"not_picked":["BloodyMagicSquare","blackbeard:DoubleCannonball","SandsOfTime"],"picked":"SKIP","floor":22},{"not_picked":["Blasphemy","stsjorbsmod:Pyromancy","animator:Father"],"picked":"SKIP","floor":23},{"not_picked":["PrismaMod:IllyaCarnivalAttack","Impervious","PrismaMod:MiyuDefenseAbsorbMinor"],"picked":"SKIP","floor":25},{"not_picked":["Koishi:MindStellarRelief","Koishi:SilentAndRestless","Chen:RapidfireEvasive"],"picked":"SKIP","floor":27},{"not_picked":["Sentinel","LockedScales","RobotSpaceExplorer:GlueShot"],"picked":"SKIP","floor":28},{"not_picked":["PrismaMod:MiyuEvokeAllDefend","blackbeard:Salvager"],"picked":"Demon Form","floor":29},{"not_picked":["animator:Sloth","hermit:Cheat","jedi:blockon"],"picked":"SKIP","floor":30},{"not_picked":["jedi:studyshivs","hubris:SpecializedCircuitry"],"picked":"Devotion","floor":31},{"not_picked":["hermit:WideOpen","PrismaMod:IllyaSaphire+1","StuffTheSpire:Injection+1"],"picked":"SKIP","floor":35},{"not_picked":["theMarked:Parkour+1","LockedWarPaint","Koishi:RacingHeart+1"],"picked":"SKIP","floor":36},{"not_picked":["LockedWarPaint","Koishi:RacingHeart+1"],"picked":"theMarked:Parkour+1","floor":36},{"not_picked":["Dramatic Entrance","ReplayUltimateDefense"],"picked":"Chrysalis","floor":38},{"not_picked":["PrismaMod:ChloeReshuffleDiscard","Flay"],"picked":"TheCursedMod:NeowsMight","floor":40},{"not_picked":["PrismaMod:ChloeDiscardRecovery","theMarked:BanishingStrike","animator:MumenRider+1"],"picked":"SKIP","floor":41},{"not_picked":["PrismaMod:IllyaInstallCaster","stsjorbsmod:Fireball","RobotSpaceExplorer:Scanner"],"picked":"SKIP","floor":42},{"not_picked":["Parity+1","PrismaMod:ChloeCheapAttack","animator:LizardPriest+1"],"picked":"SKIP","floor":44},{"not_picked":["Bludgeon","StuffTheSpire:TitanForm","animator:Biyorigo"],"picked":"SKIP","floor":45},{"not_picked":["ReplayTheSpireMod:From All Sides","animator:FeridBathory","theMarked:MagusForm"],"picked":"SKIP","floor":46},{"not_picked":["animator:Father","animator:Rimuru"],"picked":"Devotion","floor":48}],"player_experience":428324,"relics_obtained":[{"floor":5,"key":"ReplayTheSpireMod:TigerMarble"},{"floor":6,"key":"Replay:Multitool"},{"floor":8,"key":"infinitespire:Eraser"},{"floor":9,"key":"Replay:Ringing Soul"},{"floor":10,"key":"hubris:FunFungus"},{"floor":11,"key":"jedi:crownofsimplicity"},{"floor":13,"key":"StuffTheSpire:TintedRock"},{"floor":15,"key":"StuffTheSpire:Gunfinga"},{"floor":19,"key":"StuffTheSpire:HeavyRock"},{"floor":20,"key":"RoseTintedShades"},{"floor":23,"key":"aspiration:SneckoTail"},{"floor":24,"key":"Replay:Mystery Machine"},{"floor":25,"key":"jedi:kaleidoscope"},{"floor":26,"key":"hubris:Metronome"},{"floor":27,"key":"Turnip"},{"floor":29,"key":"infinitespire:Beetle Shell"},{"floor":31,"key":"ScarletDevilRocket"},{"floor":36,"key":"wanderingMiniBosses:LockLocket"},{"floor":40,"key":"hubris:Spice"},{"floor":42,"key":"hubris:ToyBattleship"},{"floor":43,"key":"jedi:cryingmask"},{"floor":45,"key":"Durian"},{"floor":48,"key":"hubris:Spice"}],"event_choices":[{"damage_healed":0,"gold_gain":75,"player_choice":"Gather Gold","damage_taken":11,"max_hp_gain":0,"max_hp_loss":0,"event_name":"World of Goop","floor":3,"gold_loss":0},{"damage_healed":0,"gold_gain":0,"player_choice":"RE RE ","damage_taken":43,"relics_obtained":["Happy Flower","hubris:SlimyHat"],"max_hp_gain":0,"max_hp_loss":0,"event_name":"betterSkull:BetterSkull","floor":32,"gold_loss":0,"cards_upgraded":[]},{"damage_healed":0,"gold_gain":0,"player_choice":"RE RE ","damage_taken":43,"relics_obtained":["Happy Flower","hubris:SlimyHat"],"max_hp_gain":0,"max_hp_loss":0,"event_name":"betterSkull:BetterSkull","floor":32,"gold_loss":0,"cards_upgraded":[]},{"damage_healed":0,"gold_gain":0,"player_choice":"RE RE ","damage_taken":43,"relics_obtained":["Happy Flower","hubris:SlimyHat"],"max_hp_gain":0,"max_hp_loss":0,"event_name":"betterSkull:BetterSkull","floor":32,"gold_loss":0,"cards_upgraded":[]},{"damage_healed":0,"gold_gain":0,"player_choice":"RE RE ","damage_taken":43,"relics_obtained":["Happy Flower","hubris:SlimyHat"],"max_hp_gain":0,"max_hp_loss":0,"event_name":"betterSkull:BetterSkull","floor":32,"gold_loss":0,"cards_upgraded":[]},{"damage_healed":0,"gold_gain":0,"player_choice":"Memory 1","damage_taken":0,"max_hp_gain":0,"max_hp_loss":0,"event_name":"SensoryStone","floor":38,"gold_loss":0},{"cards_removed":["PrismaMod:IllyaCarnivalOrbs"],"damage_healed":0,"gold_gain":0,"player_choice":"Purged","damage_taken":0,"max_hp_gain":0,"max_hp_loss":0,"event_name":"Purifier","floor":39,"gold_loss":0},{"damage_healed":0,"gold_gain":0,"player_choice":"Upgraded","damage_taken":0,"max_hp_gain":0,"max_hp_loss":0,"event_name":"Upgrade Shrine","floor":47,"gold_loss":0,"cards_upgraded":["TheCursedMod:NeowsMight"]}],"is_beta":false,"boss_relics":[{"not_picked":["Velvet Choker","Ectoplasm"],"picked":"Replay:Ancient Bell"},{"not_picked":["aspiration:HiddenCompartment","infinitespire:PuzzleCube"],"picked":"aspiration:TomeofQuesting"},{"not_picked":["aspiration:SeaSaltIceCream","InkBottle"],"picked":"infinitespire:CheckeredPen"},{"not_picked":["ZombieTooth","Peace Pipe"],"picked":"SuspiciousGoo"},{"not_picked":["StuffTheSpire:ModemDavis","aspiration:SilentSkillbook"],"picked":"conspire:SpecialSausage"}],"items_purged_floors":[],"is_endless":false,"potions_floor_spawned":[4,6,8,10,13,16,19,21,23,28,31,36,40,41,42,45],"ascension_level":0}}