{"host":"a9runo4qrri25m5u","time":1613808283,"event":{"mods":["Act Like it!","Aspiration","Bard","BaseMod","Conspire","Friendly Minions","Gensokyo","Hunter 猎人","KinomotoSakuraMod(木之本樱)","Kiyohime（清姬）","LagranYue(拉格朗・月)","Minty Spire (QoL Compilation)","Quick Restart","Remilia（蕾米莉亚）","StSLib","The Cursed","The Hierophant","The Mystic","The Poker Player","The Senshi","The Servant 0.9.4","Youmu（魂魄妖梦）","Yuri Mod"],"gold_per_floor":[109,72,147,165,143,172,205,205,205,205,222,237,237,39,39,142,142,158,158,158,83,99,99,99],"floor_reached":23,"language":"ZHS","playtime":709,"items_purged":[],"score":237,"play_id":"a81adf9b-804a-4f22-8b52-a497c9796e01","local_time":"20210220160443","is_ascension_mode":false,"campfire_choices":[{"data":"mysticmod:CureLightWounds","floor":8,"key":"SMITH"},{"data":"mysticmod:SummonFamiliar","floor":10,"key":"SMITH"},{"data":"mysticmod:FiveFootStep","floor":15,"key":"SMITH"}],"circlet_count":0,"master_deck":["mysticmod:Defend_Mystic+1","mysticmod:Defend_Mystic+1","mysticmod:Defend_Mystic+1","mysticmod:ArcaneDodge","mysticmod:ShockingGrasp","mysticmod:SummonFamiliar+1","mysticmod:MightyMagic","mysticmod:PowerSlash","mysticmod:DiviningBlow","mysticmod:CureLightWounds+1","mysticmod:Stoneskin","mysticmod:PureInstinct","mysticmod:Snowball","mysticmod:FiveFootStep+1","mysticmod:Spellstrike","mysticmod:MagicWeapon","Bite","Bite","Bite","Bite","Bite","mysticmod:CorrosiveTouch"],"relics":["mysticmod:SpellBook","LagranYue:RandomDrawCardRelic","NeowsBlessing","Mummified Hand","Lantern","Shuriken","aspiration:Lifesprig","Sozu"],"acts_visited":["Exordium","TheCity"],"potions_floor_usage":[16,16],"damage_taken":[{"damage":0,"enemies":"Small Slimes","floor":1,"turns":1},{"damage":0,"enemies":"Cultist","floor":4,"turns":1},{"damage":0,"enemies":"Lagavulin","floor":6,"turns":1},{"damage":15,"enemies":"conspire:MimicChest","floor":7,"turns":5},{"damage":3,"enemies":"Jaw Worm","floor":11,"turns":2},{"damage":0,"enemies":"Exordium Thugs","floor":12,"turns":4},{"damage":23,"enemies":"The Guardian","floor":16,"turns":9},{"damage":14,"enemies":"Chosen","floor":18,"turns":5},{"damage":20,"enemies":"Shell Parasite","floor":22,"turns":4},{"damage":61,"enemies":"Gremlin Leader","floor":23,"turns":3}],"seed_played":"4614813316457754324","potions_obtained":[{"floor":1,"key":"Block Potion"},{"floor":4,"key":"Swift Potion"},{"floor":7,"key":"FearPotion"},{"floor":16,"key":"Dexterity Potion"}],"is_trial":false,"path_per_floor":["M","$","?","M","$","E","?","R","T","R","M","M","?","$","R","B",null,"M","?","?","?","M","E"],"character_chosen":"MYSTIC_CLASS","items_purchased":["mysticmod:MightyMagic","mysticmod:DiviningBlow","mysticmod:FiveFootStep","aspiration:Lifesprig"],"campfire_rested":0,"item_purchase_floors":[2,5,14,14],"current_hp_per_floor":[77,77,66,66,66,66,54,54,54,54,54,60,60,60,60,43,77,63,63,53,53,44,0,0],"gold":99,"neow_bonus":"THREE_ENEMY_KILL","is_daily":false,"chose_seed":false,"campfire_upgraded":3,"win_rate":0.0,"timestamp":1613808283,"path_taken":["M","$","?","M","$","E","?","R","T","R","?","M","?","?","R","BOSS","M","?","?","?","?","E"],"items_purchased_type":["Card","Card","Card","Relic"],"build_version":"2020-12-22","purchased_purges":0,"victory":false,"max_hp_per_floor":[77,77,77,77,77,77,77,77,77,77,77,77,77,77,77,77,77,77,77,53,53,53,53,53],"card_choices":[{"not_picked":["mysticmod:VorpalThrust","mysticmod:BulkUp"],"picked":"mysticmod:SummonFamiliar","floor":1},{"not_picked":["mysticmod:Sideswipe","mysticmod:SuddenClarity"],"picked":"mysticmod:PowerSlash","floor":4},{"not_picked":["mysticmod:Grease","mysticmod:BladedDash"],"picked":"mysticmod:CureLightWounds","floor":6},{"not_picked":["mysticmod:BulkUp","mysticmod:Shield"],"picked":"mysticmod:Stoneskin","floor":7},{"not_picked":["mysticmod:Shield","mysticmod:LightningBolt"],"picked":"mysticmod:PureInstinct","floor":11},{"not_picked":["mysticmod:Daze","mysticmod:IllusionOfCalm"],"picked":"mysticmod:Snowball","floor":12},{"not_picked":["mysticmod:SpellRecall","mysticmod:ObscuringMist"],"picked":"mysticmod:Spellstrike","floor":16},{"not_picked":["mysticmod:Fireball","mysticmod:Dedication"],"picked":"mysticmod:MagicWeapon","floor":18},{"not_picked":["mysticmod:Probe","mysticmod:MightyMagic"],"picked":"mysticmod:CorrosiveTouch","floor":22}],"player_experience":122627,"relics_obtained":[{"floor":6,"key":"Mummified Hand"},{"floor":7,"key":"Lantern"},{"floor":9,"key":"Shuriken"}],"event_choices":[{"damage_healed":0,"gold_gain":75,"player_choice":"Gather Gold","damage_taken":11,"max_hp_gain":0,"max_hp_loss":0,"event_name":"World of Goop","floor":3,"gold_loss":0},{"cards_removed":["mysticmod:Strike_Mystic"],"damage_healed":0,"gold_gain":0,"player_choice":"Offered Basic","damage_taken":0,"max_hp_gain":0,"max_hp_loss":0,"event_name":"Bonfire Elementals","floor":13,"gold_loss":0},{"damage_healed":0,"gold_gain":0,"player_choice":"Simplicity","damage_taken":0,"max_hp_gain":0,"max_hp_loss":0,"event_name":"Back to Basics","floor":19,"gold_loss":0,"cards_upgraded":["mysticmod:Strike_Mystic","mysticmod:Strike_Mystic","mysticmod:Strike_Mystic","mysticmod:Defend_Mystic","mysticmod:Defend_Mystic","mysticmod:Defend_Mystic","mysticmod:Defend_Mystic"]},{"damage_healed":0,"gold_gain":0,"player_choice":"Became a vampire","damage_taken":0,"max_hp_gain":0,"max_hp_loss":24,"event_name":"Vampires","floor":20,"gold_loss":0,"cards_obtained":["Bite","Bite","Bite","Bite","Bite"]},{"cards_removed":["mysticmod:Defend_Mystic"],"damage_healed":0,"gold_gain":0,"player_choice":"Gave Gold","damage_taken":0,"max_hp_gain":0,"max_hp_loss":0,"event_name":"Beggar","floor":21,"gold_loss":75}],"is_beta":false,"boss_relics":[{"not_picked":["Busted Crown","Runic Dome"],"picked":"Sozu"}],"items_purged_floors":[],"is_endless":false,"potions_floor_spawned":[1,4,7,16,18],"killed_by":"Gremlin Leader","ascension_level":0}}