{"host":"r7hmxrtwvofdnlkf","time":1613825519,"event":{"mods":["AchievementEnabler","BaseMod","Colored Powertips","Minty Spire (QoL Compilation)","Relic Stats","StSLib"],"gold_per_floor":[314,332,257,276,296,296,296,325,325,341,341,358,358,377,377,475,475,385,385,385],"floor_reached":19,"language":"ENG","playtime":706,"items_purged":["Strike_B"],"score":221,"play_id":"c2a5da24-4daf-4028-93e6-136e1808d73c","local_time":"20210220135159","is_ascension_mode":false,"campfire_choices":[{"data":"Defragment","floor":7,"key":"SMITH"},{"data":"Consume","floor":13,"key":"SMITH"},{"floor":15,"key":"REST"}],"circlet_count":0,"master_deck":["Strike_B","Strike_B","Strike_B","Defend_B","Defend_B","Defend_B","Defend_B","Zap","Dualcast","Gash","Defragment+1","Redo","Capacitor","Consume+1","Ball Lightning","Rebound","Biased Cognition","Self Repair"],"relics":["Cracked Core","Old Coin","Calipers","Kunai","Ectoplasm"],"acts_visited":["Exordium","TheCity"],"potions_floor_usage":[16,16],"damage_taken":[{"damage":1,"enemies":"Jaw Worm","floor":1,"turns":3},{"damage":5,"enemies":"Small Slimes","floor":2,"turns":2},{"damage":6,"enemies":"2 Louse","floor":4,"turns":2},{"damage":3,"enemies":"2 Fungi Beasts","floor":5,"turns":4},{"damage":11,"enemies":"Lagavulin","floor":8,"turns":7},{"damage":5,"enemies":"Looter","floor":10,"turns":3},{"damage":18,"enemies":"Exordium Wildlife","floor":12,"turns":5},{"damage":18,"enemies":"Lots of Slimes","floor":14,"turns":3},{"damage":0,"enemies":"Slime Boss","floor":16,"turns":5},{"damage":53,"enemies":"2 Thieves","floor":18,"turns":4},{"damage":22,"enemies":"3 Byrds","floor":19,"turns":3}],"seed_played":"3793564842002090751","potions_obtained":[{"floor":4,"key":"Fire Potion"},{"floor":10,"key":"Energy Potion"},{"floor":12,"key":"PotionOfCapacity"},{"floor":18,"key":"FearPotion"}],"is_trial":false,"path_per_floor":["M","M","$","M","M","?","R","E","T","M","?","M","R","M","R","B",null,"M","M"],"character_chosen":"DEFECT","items_purchased":[],"campfire_rested":1,"item_purchase_floors":[],"current_hp_per_floor":[74,69,69,63,60,60,60,49,49,44,69,51,51,33,55,55,75,22,0,0],"gold":385,"neow_bonus":"ONE_RARE_RELIC","is_daily":false,"chose_seed":false,"campfire_upgraded":2,"win_rate":0.0,"timestamp":1613825519,"path_taken":["M","M","$","M","M","?","R","E","T","M","?","M","R","M","R","BOSS","M","M"],"items_purchased_type":[],"build_version":"2020-12-22","purchased_purges":1,"victory":false,"max_hp_per_floor":[75,75,75,75,75,75,75,75,75,75,75,75,75,75,75,75,75,75,75,75],"relic_stats":{"counters":[11,41],"Ectoplasm":102,"Kunai":[2],"obtain_stats":[{"Calipers":8,"Ectoplasm":17,"Kunai":9,"Cracked Core":0,"Old Coin":0},{"Calipers":5,"Ectoplasm":9,"Kunai":5,"Cracked Core":0,"Old Coin":0},{"Calipers":18,"Ectoplasm":34,"Kunai":18,"Cracked Core":0,"Old Coin":0}]},"card_choices":[{"not_picked":["Force Field","Blizzard"],"picked":"Gash","floor":1},{"not_picked":["Streamline","Redo"],"picked":"Defragment","floor":2},{"not_picked":["Sunder","Turbo","Stack"],"picked":"SKIP","floor":4},{"not_picked":["Fusion","Reboot"],"picked":"Redo","floor":5},{"not_picked":["Heatsinks","Steam Power"],"picked":"Capacitor","floor":8},{"not_picked":["Steam","Reprogram"],"picked":"Consume","floor":10},{"not_picked":["Double Energy","Gash"],"picked":"Ball Lightning","floor":12},{"not_picked":["Stack","Consume"],"picked":"Rebound","floor":14},{"not_picked":["Fission","Reboot"],"picked":"Biased Cognition","floor":16},{"not_picked":["Turbo","Barrage+1"],"picked":"Self Repair","floor":18}],"player_experience":176749,"relics_obtained":[{"floor":8,"key":"Calipers"},{"floor":9,"key":"Kunai"}],"event_choices":[{"damage_healed":0,"gold_gain":0,"player_choice":"Ignored","damage_taken":0,"max_hp_gain":0,"max_hp_loss":0,"event_name":"Liars Game","floor":6,"gold_loss":0},{"damage_healed":25,"gold_gain":0,"player_choice":"Banana","damage_taken":0,"max_hp_gain":0,"max_hp_loss":0,"event_name":"Big Fish","floor":11,"gold_loss":0}],"is_beta":false,"boss_relics":[{"not_picked":["Velvet Choker","Philosopher\u0027s Stone"],"picked":"Ectoplasm"}],"items_purged_floors":[3],"is_endless":false,"potions_floor_spawned":[4,10,12,18],"killed_by":"3 Byrds","ascension_level":0}}