{"host":"2e5gbsni44p3458r","time":1613787532,"event":{"mods":["BaseMod","Colored Map","Downfall","Hermit","Minty Spire (QoL Compilation)","Replay The Spire","StSLib","The Cursed"],"gold_per_floor":[99,99,99,374,374,401,470,489,489,501,517,315,215,290,306,401,401,501,511,527,527,612,646,646,660,688,688,699,599,699,699,710,806,806,806,818,818,550,564,564,564,258,258,258,368,368,368,368,368],"floor_reached":47,"language":"ENG","playtime":2898,"items_purged":["Pain","Normality","downfall:Bewildered"],"score":773,"play_id":"c4d281c4-fb67-4cbb-a10b-1042148a7014","local_time":"20210220111852","is_ascension_mode":true,"campfire_choices":[{"data":"Slimebound:Split","floor":1.0,"key":"SMITH"},{"data":"Slimebound:OozeBath","floor":13.0,"key":"SMITH"},{"floor":27.0,"key":"RECALL"},{"data":"Slimebound:Teamwork","floor":29.0,"key":"SMITH"},{"data":"Slimebound:Darklings","floor":35.0,"key":"SMITH"},{"data":"Slimebound:RallyTheTroops","floor":40,"key":"SMITH"},{"data":"Slimebound:AcidTongue","floor":43,"key":"SMITH"}],"circlet_count":0,"master_deck":["Slimebound:Strike_Slimebound","Slimebound:Strike_Slimebound","Slimebound:Strike_Slimebound","Slimebound:Tackle","Slimebound:Defend_Slimebound+1","Slimebound:Defend_Slimebound+1","Slimebound:Defend_Slimebound+1","Slimebound:Defend_Slimebound+1","Slimebound:Split+1","Slimebound:CorrosiveSpit","Slimebound:GoopSpray","Slimebound:OozeBath+1","Regret","Slimebound:SlimeBarrage+1","Slimebound:Teamwork+1","Slimebound:GoopSpray","Slimebound:SlimeBarrage","Slimebound:MassFeed","CurseOfTheBell","Pain","Slimebound:Recycling","ReplayTheSpireMod:Splinters","Slimebound:LivingWall+1","Slimebound:RallyTheTroops+1","Replay:Hysterical Blindness","Delirium","Slimebound:GoopSpray+1","Slimebound:Darklings+1","Slimebound:Recollect","Spreading Infection","Slimebound:PressTheAttack+1","Slimebound:AcidTongue+1"],"relics":["Slimebound:AbsorbEndCombat","downfall:HeartsMalice","Blue Candle","WarpedTongs","Membership Card","downfall:HeartBlessingBlue","Garlic","Calling Bell","Juzu Bracelet","Chameleon Ring","Turnip","downfall:ExtraCursedKey","Enchiridion","Question Card","Potion Belt","Lizard Tail","downfall:HeartBlessingRed","sneckomod:BabySnecko","Busted Crown","Toy Ornithopter","Replay:Bottled Eggs","Lee\u0027s Waffle","ReplayTheSpireMod:Ring of Addiction","Ring of Chaos","SacredBark","White Beast Statue"],"acts_visited":["Exordium","TheCity","TheBeyond"],"potions_floor_usage":[36,38,38,38,42,42],"damage_taken":[{"damage":0.0,"enemies":"2 Louse","floor":2.0,"turns":1.0},{"damage":0.0,"enemies":"Cultist","floor":3.0,"turns":1.0},{"damage":0.0,"enemies":"Small Slimes","floor":5.0,"turns":1.0},{"damage":36.0,"enemies":"3 Sentries","floor":6.0,"turns":7.0},{"damage":2.0,"enemies":"Exordium Thugs","floor":8.0,"turns":6.0},{"damage":8.0,"enemies":"2 Fungi Beasts","floor":10.0,"turns":3.0},{"damage":18.0,"enemies":"Exordium Wildlife","floor":11.0,"turns":5.0},{"damage":5.0,"enemies":"downfall:FleeingMerchant","floor":12.0,"turns":4.0},{"damage":1.0,"enemies":"Lots of Slimes","floor":15.0,"turns":4.0},{"damage":21.0,"enemies":"DF_ARCHETYPE_STREAMLINE","floor":16.0,"turns":7.0},{"damage":20.0,"enemies":"Shell Parasite","floor":19.0,"turns":7.0},{"damage":11.0,"enemies":"3 Byrds","floor":20.0,"turns":5.0},{"damage":8.0,"enemies":"Replay:Snechameleon","floor":23.0,"turns":5.0},{"damage":25.0,"enemies":"Centurion and Healer","floor":25.0,"turns":8.0},{"damage":32.0,"enemies":"Slavers","floor":26.0,"turns":7.0},{"damage":22.0,"enemies":"3 Cultists","floor":28.0,"turns":4.0},{"damage":18.0,"enemies":"Chosen and Byrds","floor":32.0,"turns":5.0},{"damage":35.0,"enemies":"SI_MIRROR_ARCHETYPE","floor":33.0,"turns":12.0},{"damage":38,"enemies":"3 Darklings","floor":36,"turns":9},{"damage":41,"enemies":"downfall:FleeingMerchant","floor":38,"turns":5},{"damage":1,"enemies":"Orb Walker","floor":39,"turns":3},{"damage":6,"enemies":"downfall:FleeingMerchant","floor":42,"turns":4},{"damage":0,"enemies":"Sphere and 2 Shapes","floor":47,"turns":1}],"seed_played":"5782041103483688345","potions_obtained":[{"floor":6.0,"key":"Slimebound:SlimyTonguePotion"},{"floor":11.0,"key":"FairyPotion"},{"floor":15.0,"key":"PowerPotion"},{"floor":16.0,"key":"bronze:BurnAndBuffPotion"},{"floor":20.0,"key":"Guardian:BlockOnCardUsePotion"},{"floor":23.0,"key":"Strength Potion"},{"floor":26.0,"key":"Adrenaline Potion"},{"floor":28.0,"key":"Dexterity Potion"},{"floor":32.0,"key":"EssenceOfSteel"},{"floor":36,"key":"Block Potion"},{"floor":37,"key":"AttackPotion"},{"floor":37,"key":"Flashbang"},{"floor":37,"key":"ColorlessPotion"},{"floor":44,"key":"hexamod:SoulburnPotion"},{"floor":44,"key":"Regen Potion"},{"floor":44,"key":"Adrenaline Potion"}],"is_trial":false,"path_per_floor":["R","M","M","?","M","E","T","M","?","M","M","$","R","T","M","B",null,"R_BF","M","M","?","?","E","T","M","E","R","M","R","?","?","M","B",null,"R","M","?","$","M","R","T","$","R","?","?","?","M"],"character_chosen":"SLIMEBOUND","items_purchased":["Membership Card","Toy Ornithopter","Slimebound:Recollect","LiquidMemories","Slimebound:SlimyTonguePotion","hexamod:SoulburnPotion","Lee\u0027s Waffle","Slimebound:PressTheAttack+1","Slimebound:AcidTongue"],"campfire_rested":0,"item_purchase_floors":[12,38,38,38,38,38,42,42,42],"current_hp_per_floor":[65,65,65,65,65,37,37,41,41,37,27,26,36,36,43,30,75,80,72,72,56,44,47,47,36,15,15,44,44,44,44,38,15,107,107,77,77,59,68,68,68,118,118,118,118,118,118,118,118],"gold":368,"neow_bonus":"THREE_ENEMY_KILL","is_daily":false,"chose_seed":false,"campfire_upgraded":6,"win_rate":0.0,"timestamp":1613787532,"path_taken":["R","M","M","?","?","E","T","M","?","M","?","$","R","?","M","BOSS","R_BF","M","M","?","?","E","T","M","E","R","M","R","?","?","M","BOSS","R","M","?","$","M","R","T","?","R","?","?","?","M"],"items_purchased_type":["Relic","Relic","Card","Potion","Potion","Potion","Relic","Card","Card"],"build_version":"2020-12-22","purchased_purges":3,"victory":false,"max_hp_per_floor":[65,65,65,65,65,65,65,65,65,65,65,65,75,75,75,75,75,80,84,87,87,87,90,90,96,99,99,99,99,99,99,103,107,107,107,107,107,107,111,111,111,118,118,118,118,118,118,118,118],"card_choices":[{"not_picked":["Slimebound:LivingWall","Slimebound:SlimeSpikes"],"picked":"Slimebound:GoopSpray","floor":2.0},{"not_picked":["Slimebound:Prepare","Slimebound:HauntingLick"],"picked":"Slimebound:OozeBath","floor":3.0},{"not_picked":["Slimebound:DisruptingSlam","Slimebound:Prepare"],"picked":"Slimebound:SlimeBarrage","floor":5.0},{"not_picked":["Slimebound:SlimeBrawl","Slimebound:GoopTackle"],"picked":"Slimebound:Teamwork","floor":6.0},{"not_picked":["Slimebound:Schlurp","Slimebound:SplitAcid","Slimebound:LeechingTouch"],"picked":"SKIP","floor":8.0},{"not_picked":["Slimebound:Prepare","Slimebound:ItLooksTasty","Slimebound:LeechEnergy"],"picked":"SKIP","floor":10.0},{"not_picked":["Slimebound:FormOfPuddle","Slimebound:ItLooksTasty","Slimebound:SplitBruiser"],"picked":"SKIP","floor":11.0},{"not_picked":["Slimebound:ForwardTackle","Slimebound:FirmFortitude"],"picked":"Slimebound:GoopSpray","floor":12.0},{"not_picked":["Slimebound:ComboTackle","Slimebound:LevelUp"],"picked":"Slimebound:SlimeBarrage","floor":15.0},{"not_picked":["Slimebound:PrepareCrush","Slimebound:Recycling"],"picked":"Slimebound:MassFeed","floor":16.0},{"not_picked":["Slimebound:SplitMire","Slimebound:SlimeSpikes","Slimebound:RollThrough"],"picked":"SKIP","floor":19.0},{"not_picked":["Slimebound:SlimeSpikes","Slimebound:SplitLeeching"],"picked":"Slimebound:LivingWall+1","floor":20.0},{"not_picked":["Slimebound:LeechingTouch","Slimebound:FinishingTackle"],"picked":"Slimebound:RallyTheTroops","floor":23.0},{"not_picked":["Slimebound:FlameTackle","Slimebound:SamplingLick","Slimebound:RejuvenatingLick","Slimebound:TongueLash"],"picked":"SKIP","floor":25.0},{"not_picked":["Slimebound:ComboTackle","Slimebound:RejuvenatingLick","Slimebound:SpikyOuterGoop+1"],"picked":"Slimebound:GoopSpray+1","floor":26.0},{"not_picked":["Slimebound:SlimeBrawl","Slimebound:GoopTackle","Slimebound:RollThrough","Slimebound:LivingWall"],"picked":"SKIP","floor":28.0},{"not_picked":["Slimebound:FinishingTackle","Slimebound:SamplingLick","Slimebound:GoopTackle","Slimebound:PrepareCrush"],"picked":"SKIP","floor":32.0},{"not_picked":["Slimebound:Teamwork","Slimebound:WasteNot","Slimebound:DouseInSlime"],"picked":"Slimebound:Darklings","floor":33.0},{"not_picked":["Slimebound:LivingWall","Slimebound:SamplingLick"],"picked":"SKIP","floor":36},{"not_picked":["Slimebound:SplitAcid+1","Slimebound:HungryTackle"],"picked":"SKIP","floor":38},{"not_picked":["Slimebound:LeechingTouch+1","Slimebound:SplitAcid"],"picked":"SKIP","floor":39},{"not_picked":["Slimebound:GoopSpray+1","Slimebound:Chomp"],"picked":"SKIP","floor":42}],"player_experience":821880,"relics_obtained":[{"floor":6.0,"key":"Blue Candle"},{"floor":14.0,"key":"Garlic"},{"floor":17.0,"key":"Juzu Bracelet"},{"floor":17.0,"key":"Chameleon Ring"},{"floor":17.0,"key":"Turnip"},{"floor":21.0,"key":"Enchiridion"},{"floor":23.0,"key":"Question Card"},{"floor":24.0,"key":"Potion Belt"},{"floor":26.0,"key":"Lizard Tail"},{"floor":41,"key":"Replay:Bottled Eggs"},{"floor":44,"key":"ReplayTheSpireMod:Ring of Addiction"},{"floor":44,"key":"Ring of Chaos"},{"floor":44,"key":"SacredBark"},{"floor":44,"key":"White Beast Statue"}],"event_choices":[{"damage_healed":0.0,"max_hp_gain":0.0,"max_hp_loss":0.0,"gold_gain":0.0,"event_name":"Accursed Blacksmith","player_choice":"Rummage","floor":9.0,"gold_loss":0.0,"damage_taken":0.0,"relics_obtained":["WarpedTongs"],"cards_obtained":["Pain"]},{"damage_healed":0,"gold_gain":0,"player_choice":"Got Potions","damage_taken":0,"max_hp_gain":0,"max_hp_loss":0,"event_name":"Lab","floor":37,"gold_loss":0}],"is_beta":false,"boss_relics":[{"not_picked":["SacredBark","Runic Pyramid"],"picked":"Calling Bell"},{"not_picked":["Pandora\u0027s Box","Replay:Bronze Core"],"picked":"Busted Crown"}],"items_purged_floors":[12,38,42],"is_endless":false,"potions_floor_spawned":[6,11,15,16,20,23,26,28,32,36],"killed_by":"Sphere and 2 Shapes","ascension_level":4}}