{"host":"vrsxkkch9ccrec7k","time":1613780121,"event":{"mods":["Act Like it!","BaseMod","Bestiary","Better Altar","Better Match","Better Note","Better Sensory Stone","Better Skull","Better Third Choice","Better Vampires","Downfall","Minty Spire (QoL Compilation)","Permanent Neow","Relic Stats","Spicy Shops","StSLib"],"gold_per_floor":[99,112,130,141,241,241,266,266,295,5,24,24,44,63,78,153,153,153,171,171,189,189,189,189,261,274,274,289,289,307,16,34,108,108,108,123,139,96,96,122,122,122,132,132,32,32,51,51,67,67],"floor_reached":51,"language":"ENG","playtime":4953,"items_purged":["Doubt","Writhe"],"score":1216,"play_id":"54ae7ce1-baa5-4155-bfb6-2dc1d72d85fb","local_time":"20210219191521","is_ascension_mode":true,"campfire_choices":[{"data":"bronze:DelayedSlice","floor":1,"key":"SMITH"},{"data":"bronze:Repulsor","floor":8,"key":"SMITH"},{"data":"bronze:MaxOutput","floor":12,"key":"SMITH"},{"data":"bronze:SpaghettiCode","floor":18,"key":"SMITH"},{"data":"bronze:Goto","floor":23,"key":"SMITH"},{"data":"bronze:Format","floor":27,"key":"SMITH"},{"data":"bronze:Deprecate","floor":29,"key":"SMITH"},{"data":"bronze:ItsAFeature","floor":35,"key":"SMITH"},{"data":"bronze:ClassDefault","floor":42,"key":"SMITH"},{"data":"bronze:Repair","floor":44,"key":"SMITH"}],"circlet_count":0,"master_deck":["AscendersBane","bronze:Strike","bronze:Defend","bronze:Defend","bronze:Defend","bronze:Defend","bronze:Replicate","bronze:Goto+1","bronze:DelayedSlice+1","bronze:Overheat","bronze:CutThrough","bronze:Repulsor+1","downfall:Haunted","downfall:Haunted","downfall:Haunted","Parasite","bronze:Fortify","bronze:MaxOutput+1","bronze:Format+1","bronze:WhirlingStrike","bronze:SpaghettiCode+1","bronze:ShipIt+1","bronze:CloningBeam+1","bronze:Mutator+1","bronze:Iterate","bronze:Deprecate+1","bronze:BugBarrage","bronze:Repair+1","bronze:ItsAFeature+1","bronze:Branch","bronze:HyperBeam","bronze:Frontload","bronze:ClassDefault+1","bronze:ItsAFeature","bronze:DelayedGuard","bronze:ForLoop+1"],"relics":["bronze:BronzeCore","Du-Vu Doll","Boot","Lantern","Dead Branch","Potion Belt","Astrolabe","Question Card","bronze:DecasWashers","Cursed Key","Medical Kit","Ancient Tea Set","Slimebound:StickyStick","Lizard Tail","Toy Ornithopter"],"acts_visited":["Exordium","TheCity","TheBeyond"],"potions_floor_usage":[15,16,26,33,33,40,50,50],"damage_taken":[{"damage":0,"enemies":"Cultist","floor":2,"turns":3},{"damage":0,"enemies":"Small Slimes","floor":3,"turns":4},{"damage":7,"enemies":"Jaw Worm","floor":4,"turns":3},{"damage":10,"enemies":"Gremlin Nob","floor":9,"turns":3},{"damage":0,"enemies":"downfall:FleeingMerchant","floor":10,"turns":4},{"damage":0,"enemies":"2 Fungi Beasts","floor":11,"turns":2},{"damage":6,"enemies":"Blue Slaver","floor":13,"turns":3},{"damage":5,"enemies":"Gremlin Gang","floor":14,"turns":3},{"damage":8,"enemies":"Large Slime","floor":15,"turns":3},{"damage":30,"enemies":"IC_STATUS_ARCHETYPE","floor":16,"turns":6},{"damage":7,"enemies":"Shell Parasite","floor":19,"turns":2},{"damage":0,"enemies":"Chosen","floor":21,"turns":2},{"damage":0,"enemies":"Snake Plant","floor":26,"turns":1},{"damage":26,"enemies":"Snecko","floor":28,"turns":4},{"damage":9,"enemies":"Shelled Parasite and Fungi","floor":30,"turns":4},{"damage":0,"enemies":"downfall:FleeingMerchant","floor":31,"turns":4},{"damage":0,"enemies":"Chosen and Byrds","floor":32,"turns":4},{"damage":44,"enemies":"WA_ARCHETYPE_CALM","floor":33,"turns":10},{"damage":3,"enemies":"3 Darklings","floor":36,"turns":3},{"damage":0,"enemies":"Orb Walker","floor":37,"turns":2},{"damage":0,"enemies":"downfall:FleeingMerchant","floor":38,"turns":1},{"damage":12,"enemies":"Giant Head","floor":40,"turns":7},{"damage":0,"enemies":"4 Shapes","floor":43,"turns":5},{"damage":26,"enemies":"Maw","floor":47,"turns":6},{"damage":0,"enemies":"3 Darklings","floor":49,"turns":3},{"damage":51,"enemies":"DF_ARCHETYPE_ORBS","floor":50,"turns":20}],"seed_played":"8980152642261489641","potions_obtained":[{"floor":9,"key":"Strength Potion"},{"floor":11,"key":"Regen Potion"},{"floor":13,"key":"Fire Potion"},{"floor":16,"key":"Strength Potion"},{"floor":26,"key":"Guardian:BlockOnCardUsePotion"},{"floor":30,"key":"DuplicationPotion"},{"floor":32,"key":"bronze:FreeFunctionsPotion"},{"floor":33,"key":"GamblersBrew"},{"floor":36,"key":"bronze:FreeFunctionsPotion"},{"floor":40,"key":"Strength Potion"}],"is_trial":false,"path_per_floor":["R","M","M","M","?","?","T","R","E","$","M","R","M","M","M","B",null,"R","M","?","M","?","R","T","T","M","R","M","R","M","$","M","B",null,"R","M","M","$","?","E","T","R","M","R","$","?","M","?","M","B",null],"character_chosen":"THE_AUTOMATON","items_purchased":["Dead Branch","Potion Belt","bronze:MaxOutput","bronze:ItsAFeature","bronze:DecasWashers","bronze:ItsAFeature","Medical Kit","Ancient Tea Set"],"campfire_rested":0,"item_purchase_floors":[10,10,10,31,31,38,38,38],"current_hp_per_floor":[63,63,63,56,61,61,61,61,51,51,51,51,45,40,41,11,59,59,52,85,85,85,85,85,85,85,85,59,59,50,50,71,34,72,72,85,85,85,66,64,64,64,71,71,71,71,78,78,85,37],"gold":67,"neow_bonus":"THREE_CARDS","is_daily":false,"chose_seed":false,"campfire_upgraded":10,"win_rate":0.0,"timestamp":1613780121,"path_taken":["R","M","M","M","?","?","T","R","E","$","M","R","?","M","M","BOSS","R","M","?","M","?","R","T","?","?","R","M","R","M","$","M","BOSS","R","M","M","$","?","E","T","R","?","R","$","?","M","?","M","BOSS"],"items_purchased_type":["Relic","Relic","Card","Card","Relic","Card","Relic","Relic"],"build_version":"2020-12-22","purchased_purges":2,"victory":true,"max_hp_per_floor":[70,70,70,70,75,75,75,75,75,75,75,75,75,75,75,75,75,75,75,85,85,85,85,85,85,85,85,85,85,85,85,85,85,85,85,85,85,85,85,85,85,85,85,85,85,85,85,85,85,85],"relic_stats":{"Lizard Tail":0,"counters":[26,112],"Dead Branch":[243],"Astrolabe":["bronze:ShipIt","bronze:CloningBeam","bronze:Mutator"],"Boot":[38],"Question Card":14,"Cursed Key":1,"Medical Kit":[11],"obtain_stats":[{"Potion Belt":10,"Lantern":9,"bronze:BronzeCore":0,"Dead Branch":10,"Astrolabe":17,"bronze:DecasWashers":31,"Boot":7,"Question Card":24,"Cursed Key":34,"Medical Kit":38,"Ancient Tea Set":38,"Du-Vu Doll":5,"Lizard Tail":40,"Slimebound:StickyStick":39,"Toy Ornithopter":41},{"Potion Belt":5,"Lantern":4,"bronze:BronzeCore":0,"Dead Branch":5,"Astrolabe":10,"bronze:DecasWashers":16,"Boot":3,"Question Card":12,"Cursed Key":18,"Medical Kit":21,"Ancient Tea Set":21,"Du-Vu Doll":3,"Lizard Tail":22,"Slimebound:StickyStick":21,"Toy Ornithopter":22},{"Potion Belt":17,"Lantern":13,"bronze:BronzeCore":0,"Dead Branch":17,"Astrolabe":34,"bronze:DecasWashers":51,"Boot":10,"Question Card":38,"Cursed Key":65,"Medical Kit":71,"Ancient Tea Set":71,"Du-Vu Doll":10,"Lizard Tail":78,"Slimebound:StickyStick":71,"Toy Ornithopter":78}],"Toy Ornithopter":0},"card_choices":[{"not_picked":["bronze:Frontload","bronze:WildBeam"],"picked":"bronze:DelayedSlice","floor":0},{"not_picked":["bronze:DelayedGuard","bronze:Invalidate"],"picked":"bronze:Overheat","floor":2},{"not_picked":["bronze:WildBeam","bronze:Separator"],"picked":"bronze:CutThrough","floor":3},{"not_picked":["bronze:BronzeOrb","bronze:Repair"],"picked":"bronze:Repulsor","floor":4},{"not_picked":["bronze:GetLatest","bronze:BuggyMess","bronze:ChosenStrike"],"picked":"SKIP","floor":9},{"not_picked":["bronze:CutThrough","bronze:DelayedGuard"],"picked":"bronze:Fortify","floor":10},{"not_picked":["bronze:Repair","bronze:Turbo"],"picked":"bronze:Format","floor":11},{"not_picked":["bronze:Separator","bronze:MaxOutput","bronze:ChosenStrike"],"picked":"SKIP","floor":13},{"not_picked":["bronze:MaxOutput","bronze:Return"],"picked":"bronze:WhirlingStrike","floor":14},{"not_picked":["bronze:WildBeam","bronze:Overheat","bronze:Terminator"],"picked":"SKIP","floor":15},{"not_picked":["bronze:AlphaBuild","bronze:InfiniteLoop"],"picked":"bronze:SpaghettiCode","floor":16},{"not_picked":["bronze:CutThrough+1","bronze:GetLatest+1"],"picked":"bronze:Iterate","floor":19},{"not_picked":["bronze:Shell","bronze:OilSpill","bronze:Invalidate"],"picked":"SKIP","floor":21},{"not_picked":["bronze:FollowUp","bronze:Iterate","bronze:WildBeam","bronze:Terminator"],"picked":"SKIP","floor":26},{"not_picked":["bronze:Branch","bronze:SpaghettiCode","bronze:Overheat"],"picked":"bronze:Deprecate","floor":28},{"not_picked":["bronze:FollowUp+1","bronze:OilSpill","bronze:WhirlingStrike"],"picked":"bronze:BugBarrage","floor":30},{"not_picked":["bronze:DarkDash","bronze:Invalidate+1","bronze:DelayedSlice"],"picked":"bronze:Repair","floor":31},{"not_picked":["bronze:Terminator","bronze:Invalidate","bronze:FollowUp"],"picked":"bronze:Branch","floor":32},{"not_picked":["bronze:InfiniteLoop","bronze:RecursiveStrike","bronze:SpaghettiCode"],"picked":"bronze:HyperBeam","floor":33},{"not_picked":["bronze:BitShift","bronze:Overheat","bronze:OilSpill"],"picked":"bronze:Frontload","floor":36},{"not_picked":["bronze:Deprecate","bronze:BugBarrage","bronze:DelayedSlice","bronze:GetLatest"],"picked":"SKIP","floor":37},{"not_picked":["bronze:CutThrough","bronze:Flail","bronze:Iterate"],"picked":"bronze:ClassDefault","floor":38},{"not_picked":["bronze:Turbo","bronze:ClassDefault","bronze:BitShift","bronze:HyperBeam"],"picked":"SKIP","floor":40},{"not_picked":["bronze:Constructor+1","bronze:WhirlingStrike+1","bronze:OilSpill"],"picked":"bronze:DelayedGuard","floor":43},{"not_picked":["bronze:InfiniteBeams+1","bronze:FineTuning","bronze:BitShift","bronze:Overheat"],"picked":"SKIP","floor":47},{"not_picked":["bronze:BuggyMess","bronze:Return","bronze:Allocate"],"picked":"bronze:ForLoop+1","floor":49}],"player_experience":1968918,"relics_obtained":[{"floor":7,"key":"Boot"},{"floor":9,"key":"Lantern"},{"floor":24,"key":"Question Card"},{"floor":40,"key":"Lizard Tail"},{"floor":41,"key":"Toy Ornithopter"}],"event_choices":[{"damage_healed":0,"gold_gain":0,"player_choice":"RE ","damage_taken":21,"relics_obtained":["Slimebound:StickyStick"],"max_hp_gain":0,"max_hp_loss":0,"event_name":"betterSkull:BetterSkull","floor":39,"gold_loss":0,"cards_upgraded":[]}],"is_beta":false,"boss_relics":[{"not_picked":["Fusion Hammer","Sozu"],"picked":"Astrolabe"},{"not_picked":["SacredBark","Coffee Dripper"],"picked":"Cursed Key"}],"items_purged_floors":[38,45],"is_endless":false,"potions_floor_spawned":[9,11,13,14,16,26,30,32,33,36,37,40,47,49],"ascension_level":13}}