{"host":"dxw0slwvk2p0izr3","time":1613782165,"event":{"mods":["BaseMod","Downfall","Minty Spire (QoL Compilation)","Replay The Spire","Shop Mod","StSLib"],"gold_per_floor":[99,99,99,99,99,158,158,170,187,222,242,25,35,62,82,82,82,82],"floor_reached":16,"language":"ZHS","playtime":1079,"items_purged":["Guardian:Defend_Guardian"],"score":110,"play_id":"43498a3a-cd42-4a60-9c1d-4007567c2ede","local_time":"20210220084925","is_ascension_mode":false,"campfire_choices":[{"data":"Guardian:TwinSlam","floor":1,"key":"SMITH"}],"circlet_count":0,"master_deck":["Guardian:Strike_Guardian","Guardian:Strike_Guardian","Guardian:Strike_Guardian","Guardian:Defend_Guardian","Guardian:Defend_Guardian","Guardian:Defend_Guardian","Guardian:CurlUp","Guardian:TwinSlam+1","Guardian:PrimingBeam","Guardian:CrystalBeam","Guardian:EvasiveProtocol","Guardian:Gem_Cyan","Guardian:VentSteam","Guardian:Gem_Purple","Guardian:Gem_Fragmented","Guardian:PiercingHide","Guardian:Gem_Orange","Guardian:PiercingHide","Guardian:PiercingHide","Guardian:GuardianWhirl"],"relics":["Guardian:ModeShifter","downfall:HeartsMalice","Bag of Marbles","Replay:WaspNest","Onion Ring","MerchantsRug","Replay:Accelerometer"],"acts_visited":["Exordium"],"potions_floor_usage":[12],"damage_taken":[{"damage":0,"enemies":"Jaw Worm","floor":2,"turns":1},{"damage":0,"enemies":"Small Slimes","floor":3,"turns":1},{"damage":0,"enemies":"Cultist","floor":5,"turns":1},{"damage":9,"enemies":"3 Sentries","floor":6,"turns":12},{"damage":0,"enemies":"Large Slime","floor":8,"turns":8},{"damage":10,"enemies":"downfall:LooterAlt","floor":9,"turns":3},{"damage":14,"enemies":"Gremlin Nob","floor":10,"turns":4},{"damage":5,"enemies":"Blue Slaver","floor":11,"turns":3},{"damage":0,"enemies":"downfall:FleeingMerchant","floor":12,"turns":4},{"damage":0,"enemies":"Large Slime","floor":13,"turns":6},{"damage":13,"enemies":"3 Sentries","floor":14,"turns":9},{"damage":3,"enemies":"Red Slaver","floor":15,"turns":3},{"damage":30,"enemies":"DF_ARCHETYPE_STREAMLINE","floor":16,"turns":9}],"seed_played":"318260097581498896","potions_obtained":[{"floor":6,"key":"Adrenaline Potion"},{"floor":9,"key":"Swift Potion"},{"floor":13,"key":"Fire Potion"},{"floor":14,"key":"Strength Potion"}],"is_trial":false,"path_per_floor":["R","M","M","?","M","?","T","M","M","E","M","$","M","E","M","B"],"character_chosen":"GUARDIAN","items_purchased":["MerchantsRug"],"campfire_rested":0,"item_purchase_floors":[12],"current_hp_per_floor":[80,80,80,80,80,71,71,71,61,47,42,42,42,29,26,0,0,0],"gold":82,"neow_bonus":"THREE_ENEMY_KILL","is_daily":false,"chose_seed":false,"campfire_upgraded":1,"win_rate":0.0,"timestamp":1613782165,"path_taken":["R","M","M","?","M","?","T","M","M","E","M","?","M","E","M","BOSS"],"items_purchased_type":["Relic"],"build_version":"2020-12-22","purchased_purges":1,"victory":false,"max_hp_per_floor":[80,80,80,80,80,80,80,80,80,80,80,80,80,80,80,80,80,80],"card_choices":[{"not_picked":["Guardian:Recover","Guardian:CrystalBeam"],"picked":"Guardian:PrimingBeam","floor":2},{"not_picked":["Guardian:TemporalShield","Guardian:DecasProtection"],"picked":"Guardian:CrystalBeam","floor":3},{"not_picked":["Guardian:WalkerClaw","Guardian:Gem_Green"],"picked":"Guardian:EvasiveProtocol","floor":5},{"not_picked":["Guardian:Gem_Yellow","Guardian:Clone"],"picked":"Guardian:Gem_Cyan","floor":6},{"not_picked":["Guardian:WalkerClaw","Guardian:CrystalBeam"],"picked":"Guardian:VentSteam","floor":8},{"not_picked":["Guardian:TemporalShield","Guardian:Suspension"],"picked":"Guardian:Gem_Purple","floor":9},{"not_picked":["Guardian:ChargeCore","Guardian:WalkerClaw"],"picked":"Guardian:Gem_Fragmented","floor":10},{"not_picked":["Guardian:Preprogram","Guardian:TemporalShield"],"picked":"Guardian:PiercingHide","floor":11},{"not_picked":["Guardian:ShieldCharger","Guardian:HyperBeam_Guardian"],"picked":"Guardian:Gem_Orange","floor":12},{"not_picked":["Guardian:TemporalShield","Guardian:Gem_Cyan"],"picked":"Guardian:PiercingHide","floor":13},{"not_picked":["Guardian:PrimingBeam","Guardian:TimeCapacitor"],"picked":"Guardian:PiercingHide","floor":14},{"not_picked":["Guardian:Gem_Green","Guardian:Gem_Cyan"],"picked":"Guardian:GuardianWhirl","floor":15}],"player_experience":91057,"relics_obtained":[{"floor":6,"key":"Bag of Marbles"},{"floor":7,"key":"Replay:WaspNest"},{"floor":10,"key":"Onion Ring"},{"floor":14,"key":"Replay:Accelerometer"}],"event_choices":[],"is_beta":false,"boss_relics":[],"items_purged_floors":[12],"is_endless":false,"potions_floor_spawned":[6,9,13,14],"killed_by":"DF_ARCHETYPE_STREAMLINE","ascension_level":0}}