{"host":"6ve8qn5s1am4lo6s","time":1613824480,"event":{"mods":["AchievementEnabler","Act Like it!","BaseMod","Better Altar","Better Match","Better Note","Better Vampires","BetterRewards","CapriCore","Displayed Cursed Tome","Evolution","Minty Spire (QoL Compilation)","Permanent Neow","Relic Stats","Shapeshifter Mod","StSLib"],"gold_per_floor":[111,111,111,87,87,87,105,105,158,158,196,206,237,253,253,355,355,370,384,113,163,174,202,202,202,202,202,233,233,82,101,101,201,201,212,231,85,98,118,118,145,145,145,161,161,180,180,215,215,215,215,215,14,49,49,49],"floor_reached":55,"language":"ENG","playtime":5375,"items_purged":["StSShapeShifter:ShapeShifter_Strike","StSShapeShifter:ShapeShifter_Defend","StSShapeShifter:ShapeShifter_Strike"],"score":740,"play_id":"c9e27c62-8b17-41f8-881e-b8a10ded15f8","local_time":"20210220073440","is_ascension_mode":false,"campfire_choices":[{"floor":6,"key":"REST"},{"data":"StSShapeShifter:Garden","floor":10,"key":"SMITH"},{"floor":15,"key":"RECALL"},{"floor":25,"key":"REST"},{"floor":29,"key":"REST"},{"floor":32,"key":"REST"},{"floor":40,"key":"REST"},{"floor":45,"key":"REST"},{"floor":47,"key":"REST"},{"floor":49,"key":"REST"},{"floor":52,"key":"REST"}],"circlet_count":0,"master_deck":["StSShapeShifter:ShapeShifter_Strike","StSShapeShifter:ShapeShifter_Strike","StSShapeShifter:ShapeShifter_Defend","StSShapeShifter:ShapeShifter_Defend","StSShapeShifter:ShapeShifter_Defend","StSShapeShifter:ShapeShifter_Defend","StSShapeShifter:Garden+1","StSShapeShifter:StormGryphonForm","StSShapeShifter:BarkSkin","StSShapeShifter:UnicornForm","StSShapeShifter:RockSlide","StSShapeShifter:BaskInBloom","StSShapeShifter:BurrBomb","StSShapeShifter:Forgiveness","StSShapeShifter:VineHandcuffs+1","StSShapeShifter:GoldenBerries+1","StSShapeShifter:AdaptiveStrikes+1","StSShapeShifter:Efflorescence+1","StSShapeShifter:VineHandcuffs+1","StSShapeShifter:BurstingSpore","StSShapeShifter:BurstingSpore","StSShapeShifter:TopazSkin"],"relics":["StSShapeShifter:AnimalHeart","StSShapeShifter:TheShapeShiftersMagnolia","EVO:Axolotl","StSShapeShifter:MysticalFossil","Du-Vu Doll","StSShapeShifter:AlchemistsNecklace","StSShapeShifter:LoyalLobster","Toy Ornithopter","Fusion Hammer","Blood Vial","MealTicket","StoneCalendar","TungstenRod","FossilizedHelix","ClockworkSouvenir","Black Star","Pear","PreservedInsect","HornCleat","InkBottle","Vajra","Boot","Nunchaku","Letter Opener"],"acts_visited":["Exordium","TheCity","TheBeyond","TheEnding"],"potions_floor_usage":[12,16,22,22,35,37,39,44,48,54,55,55],"damage_taken":[{"damage":6,"enemies":"Jaw Worm","floor":1,"turns":3},{"damage":0,"enemies":"Small Slimes","floor":7,"turns":2},{"damage":0,"enemies":"2 Louse","floor":11,"turns":4},{"damage":0,"enemies":"Gremlin Gang","floor":12,"turns":2},{"damage":17,"enemies":"3 Sentries","floor":13,"turns":4},{"damage":0,"enemies":"Lots of Slimes","floor":14,"turns":1},{"damage":21,"enemies":"The Guardian","floor":16,"turns":8},{"damage":16,"enemies":"Chosen","floor":18,"turns":5},{"damage":19,"enemies":"Shell Parasite","floor":19,"turns":6},{"damage":42,"enemies":"Sentry and Sphere","floor":22,"turns":7},{"damage":65,"enemies":"Slavers","floor":23,"turns":6},{"damage":33,"enemies":"Gremlin Leader","floor":28,"turns":5},{"damage":0,"enemies":"Snake Plant","floor":31,"turns":3},{"damage":55,"enemies":"Collector","floor":33,"turns":8},{"damage":17,"enemies":"3 Darklings","floor":35,"turns":4},{"damage":0,"enemies":"Orb Walker","floor":36,"turns":3},{"damage":37,"enemies":"Sphere and 2 Shapes","floor":38,"turns":6},{"damage":44,"enemies":"Jaw Worm Horde","floor":39,"turns":6},{"damage":41,"enemies":"Giant Head","floor":41,"turns":8},{"damage":15,"enemies":"3 Darklings","floor":44,"turns":4},{"damage":60,"enemies":"Transient","floor":46,"turns":5},{"damage":46,"enemies":"Nemesis","floor":48,"turns":7},{"damage":58,"enemies":"Awakened One","floor":50,"turns":12},{"damage":80,"enemies":"Shield and Spear","floor":54,"turns":6},{"damage":54,"enemies":"The Heart","floor":55,"turns":5}],"seed_played":"7508497736403653713","potions_obtained":[{"floor":1,"key":"FearPotion"},{"floor":11,"key":"Explosive Potion"},{"floor":13,"key":"LiquidMemories"},{"floor":18,"key":"SpeedPotion"},{"floor":19,"key":"GamblersBrew"},{"floor":33,"key":"Weak Potion"},{"floor":36,"key":"Weak Potion"},{"floor":46,"key":"SkillPotion"},{"floor":48,"key":"ColorlessPotion"},{"floor":54,"key":"BlessingOfTheForge"}],"is_trial":false,"path_per_floor":["M","?","?","$","?","R","M","T","T","R","M","M","E","M","R","B",null,"M","M","$","T","M","E","?","R","T","?","E","R","$","M","R","B",null,"M","M","$","M","M","R","E","?","T","M","R","M","R","E","R","B",null,"R","$","E","B"],"character_chosen":"SHAPESHIFTER","items_purchased":["StSShapeShifter:Garden","StSShapeShifter:BarkSkin","Blood Vial","ClockworkSouvenir","Fruit Juice","StSShapeShifter:BurstingSpore","Boot","Swift Potion"],"campfire_rested":9,"item_purchase_floors":[0,4,20,30,37,37,53,53],"current_hp_per_floor":[36,29,22,22,22,45,45,45,45,45,47,47,30,30,30,14,78,67,53,53,53,49,5,5,28,28,28,14,37,52,58,78,42,78,78,78,83,56,46,70,53,53,53,60,87,52,79,59,86,60,93,93,93,28,0,0],"gold":49,"neow_bonus":"","is_daily":false,"chose_seed":false,"campfire_upgraded":1,"win_rate":0.0,"timestamp":1613824480,"path_taken":["M","?","?","$","?","R","M","?","T","R","?","M","E","M","R","BOSS","M","M","$","?","M","E","?","R","T","?","E","R","$","M","R","BOSS","M","M","$","M","M","R","E","?","T","M","R","M","R","E","R","BOSS","R","$","E","BOSS"],"items_purchased_type":["Card","Card","Relic","Relic","Potion","Card","Relic","Potion"],"build_version":"2020-12-22","purchased_purges":3,"victory":false,"max_hp_per_floor":[78,78,78,78,78,78,78,78,78,78,78,78,78,78,78,78,78,78,78,78,78,78,78,78,78,78,78,78,78,78,78,78,78,78,78,78,83,83,83,83,93,93,93,93,93,93,93,93,93,93,93,93,93,93,93,93],"relic_stats":{"counters":[25,130],"StoneCalendar":[156],"PreservedInsect":115,"Letter Opener":[30],"Boot":[4],"Blood Vial":22,"Nunchaku":[0],"MealTicket":15,"Black Star":3,"obtain_stats":[{"Gremlin Horn":0,"Nilry\u0027s Codex":0,"Vajra":48,"StoneCalendar":23,"Bottled Tornado":0,"Boot":53,"Burning Blood":0,"StSShapeShifter:AlchemistsNecklace":2,"ClockworkSouvenir":30,"Blood Vial":0,"Centennial Puzzle":0,"Nunchaku":0,"Dream Catcher":0,"HornCleat":43,"MealTicket":21,"Fusion Hammer":17,"Kunai":0,"Red Skull":0,"InkBottle":48,"Potion Belt":0,"Pear":41,"Golden Idol":0,"Blue Candle":0,"StSShapeShifter:LoyalLobster":8,"PreservedInsect":41,"Letter Opener":54,"White Beast Statue":0,"Akabeko":0,"Du-Vu Doll":0,"Runic Dome":0,"Anchor":0,"Molten Egg 2":0,"StSShapeShifter:MysticalFossil":0,"Black Star":34,"Champion Belt":0,"Toy Ornithopter":13,"TungstenRod":26,"FossilizedHelix":28},{"Gremlin Horn":0,"Nilry\u0027s Codex":0,"Vajra":22,"StoneCalendar":11,"Bottled Tornado":0,"Boot":23,"Burning Blood":0,"StSShapeShifter:AlchemistsNecklace":1,"ClockworkSouvenir":12,"Blood Vial":0,"Centennial Puzzle":0,"Nunchaku":0,"Dream Catcher":0,"HornCleat":19,"MealTicket":9,"Fusion Hammer":7,"Kunai":0,"Red Skull":0,"InkBottle":22,"Potion Belt":0,"Pear":19,"Golden Idol":0,"Blue Candle":0,"StSShapeShifter:LoyalLobster":2,"PreservedInsect":19,"Letter Opener":24,"White Beast Statue":0,"Akabeko":0,"Du-Vu Doll":0,"Runic Dome":0,"Anchor":0,"Molten Egg 2":0,"StSShapeShifter:MysticalFossil":0,"Black Star":14,"Champion Belt":0,"Toy Ornithopter":5,"TungstenRod":11,"FossilizedHelix":12},{"Gremlin Horn":0,"Nilry\u0027s Codex":0,"Vajra":107,"StoneCalendar":48,"Bottled Tornado":0,"Boot":119,"Burning Blood":0,"StSShapeShifter:AlchemistsNecklace":3,"ClockworkSouvenir":53,"Blood Vial":0,"Centennial Puzzle":0,"Nunchaku":0,"Dream Catcher":0,"HornCleat":91,"MealTicket":35,"Fusion Hammer":24,"Kunai":0,"Red Skull":0,"InkBottle":107,"Potion Belt":0,"Pear":91,"Golden Idol":0,"Blue Candle":0,"StSShapeShifter:LoyalLobster":5,"PreservedInsect":91,"Letter Opener":125,"White Beast Statue":0,"Akabeko":0,"Du-Vu Doll":0,"Runic Dome":0,"Anchor":0,"Molten Egg 2":0,"StSShapeShifter:MysticalFossil":0,"Black Star":64,"Champion Belt":0,"Toy Ornithopter":15,"TungstenRod":48,"FossilizedHelix":53}],"Toy Ornithopter":50,"TungstenRod":84,"InkBottle":[15]},"card_choices":[{"not_picked":["StSShapeShifter:Roar","StSShapeShifter:SunflowerShuriken","StSShapeShifter:FlowerShield"],"picked":"SKIP","floor":1},{"not_picked":["StSShapeShifter:FruitBasket","StSShapeShifter:Garden"],"picked":"StSShapeShifter:RockSlide","floor":7},{"not_picked":["StSShapeShifter:BulwarkOfDiscovery","StSShapeShifter:Maul"],"picked":"StSShapeShifter:BaskInBloom","floor":11},{"not_picked":["StSShapeShifter:RatForm","StSShapeShifter:FruitBasket","StSShapeShifter:MagicMushrooms"],"picked":"SKIP","floor":12},{"not_picked":["StSShapeShifter:Ensconce","StSShapeShifter:Roar"],"picked":"StSShapeShifter:BurrBomb","floor":13},{"not_picked":["StSShapeShifter:ThrashAbout","StSShapeShifter:Rabid"],"picked":"StSShapeShifter:BladeOfGrass","floor":14},{"not_picked":["StSShapeShifter:SkullBash","StSShapeShifter:BurstOfLifeEscapeDeath"],"picked":"StSShapeShifter:Forgiveness","floor":16},{"not_picked":["StSShapeShifter:DeepWound","StSShapeShifter:SunflowerShuriken"],"picked":"StSShapeShifter:VineHandcuffs+1","floor":18},{"not_picked":["StSShapeShifter:FesteringBite+1","StSShapeShifter:ShiftingStrike"],"picked":"StSShapeShifter:GoldenBerries+1","floor":19},{"not_picked":["StSShapeShifter:BulwarkOfDiscovery","StSShapeShifter:SquirrelForm+1"],"picked":"StSShapeShifter:AdaptiveStrikes+1","floor":22},{"not_picked":["StSShapeShifter:MultiSpiritedStrike","StSShapeShifter:CosmicShifter","StSShapeShifter:MagicMushrooms"],"picked":"SKIP","floor":23},{"not_picked":["StSShapeShifter:FoxForm+1","StSShapeShifter:Maul","StSShapeShifter:FallingLeaves"],"picked":"SKIP","floor":28},{"not_picked":["StSShapeShifter:EagleForm","StSShapeShifter:LionForm"],"picked":"StSShapeShifter:Efflorescence+1","floor":31},{"not_picked":["StSShapeShifter:FlowerShield","StSShapeShifter:DeerForm","StSShapeShifter:EmbraceTheCycle+1"],"picked":"SKIP","floor":35},{"not_picked":["StSShapeShifter:BloomingSlash","StSShapeShifter:SquirrelForm"],"picked":"StSShapeShifter:VineHandcuffs+1","floor":36},{"not_picked":["StSShapeShifter:OakBlade","StSShapeShifter:Roar","StSShapeShifter:FlowerShield+1"],"picked":"SKIP","floor":38},{"not_picked":["StSShapeShifter:Consume","StSShapeShifter:ShiftingStrike+1","StSShapeShifter:OakBlade"],"picked":"SKIP","floor":39},{"not_picked":["StSShapeShifter:ForestFire","StSShapeShifter:MonkeyForm"],"picked":"StSShapeShifter:BurstingSpore","floor":41},{"not_picked":["StSShapeShifter:Roar","StSShapeShifter:ShiftingStrike+1","StSShapeShifter:Mystical_Branch"],"picked":"SKIP","floor":44},{"not_picked":["StSShapeShifter:Sapling","StSShapeShifter:SpiritOfTheEarth","StSShapeShifter:AdaptiveStrikes"],"picked":"SKIP","floor":46},{"not_picked":["StSShapeShifter:HippoForm","StSShapeShifter:FruitBasket+1","StSShapeShifter:Sapling+1"],"picked":"SKIP","floor":48},{"not_picked":["StSShapeShifter:FlowerShield+1","StSShapeShifter:FoxForm+1"],"picked":"StSShapeShifter:TopazSkin","floor":54}],"player_experience":247844,"relics_obtained":[{"floor":8,"key":"StSShapeShifter:LoyalLobster"},{"floor":13,"key":"Toy Ornithopter"},{"floor":21,"key":"MealTicket"},{"floor":23,"key":"StoneCalendar"},{"floor":26,"key":"TungstenRod"},{"floor":28,"key":"FossilizedHelix"},{"floor":41,"key":"Pear"},{"floor":41,"key":"PreservedInsect"},{"floor":43,"key":"HornCleat"},{"floor":48,"key":"InkBottle"},{"floor":48,"key":"Vajra"},{"floor":54,"key":"Nunchaku"},{"floor":54,"key":"Letter Opener"}],"event_choices":[{"damage_healed":0,"gold_gain":0,"player_choice":"Success","damage_taken":7,"relics_obtained":["StSShapeShifter:AlchemistsNecklace"],"max_hp_gain":0,"max_hp_loss":0,"event_name":"Scrap Ooze","floor":2,"gold_loss":0},{"cards_removed":["StSShapeShifter:ShapeShifter_Strike"],"damage_healed":0,"gold_gain":0,"player_choice":"Give","damage_taken":0,"max_hp_gain":0,"max_hp_loss":0,"event_name":"betterNote:BetterNote","floor":24,"gold_loss":0,"cards_obtained":["None"]},{"cards_removed":["StSShapeShifter:ShapeShifter_Strike"],"damage_healed":0,"gold_gain":0,"player_choice":"Elegance","damage_taken":0,"max_hp_gain":0,"max_hp_loss":0,"event_name":"Back to Basics","floor":27,"gold_loss":0},{"cards_removed":["StSShapeShifter:BladeOfGrass"],"damage_healed":0,"gold_gain":0,"player_choice":"Removed Attack","damage_taken":0,"max_hp_gain":0,"max_hp_loss":0,"event_name":"Falling","floor":42,"gold_loss":0}],"is_beta":false,"boss_relics":[{"not_picked":["Snecko Eye","Ectoplasm"],"picked":"Fusion Hammer"},{"not_picked":["Coffee Dripper","StSShapeShifter:LemurHeaddress"],"picked":"Black Star"}],"items_purged_floors":[0,0,20],"is_endless":false,"potions_floor_spawned":[1,11,13,18,19,33,36,46,48,54],"killed_by":"The Heart","ascension_level":0}}