{"host":"37dk0reb6x0du8wx","time":1613801913,"event":{"mods":["BaseMod","Colored Map","DeckTracker","Minty Spire (QoL Compilation)","Quick Restart","StSLib"],"gold_per_floor":[112,37,57,57,57,57,89,100,124,124,25,55,55,82,82,177,177,197,22,18,18,18,18,48,68,94,19,32,49,49,49,49,49,49],"floor_reached":33,"language":"KOR","playtime":2091,"items_purged":["Strike_G","Strike_G","Strike_G"],"score":296,"play_id":"d6459951-f7f3-43c3-86b5-250f34d72e6d","local_time":"20210220151833","is_ascension_mode":false,"campfire_choices":[{"data":"Dagger Spray","floor":6.0,"key":"SMITH"},{"floor":10.0,"key":"REST"},{"floor":15.0,"key":"REST"},{"floor":23.0,"key":"REST"},{"data":"Noxious Fumes","floor":30,"key":"SMITH"},{"floor":32,"key":"REST"}],"circlet_count":0,"master_deck":["Strike_G","Defend_G","Defend_G","Defend_G","Defend_G","Survivor","Neutralize","Dagger Spray+1","Bouncing Flask","Poisoned Stab","Bouncing Flask","PiercingWail","Footwork","Footwork+1","Noxious Fumes+1","Poisoned Stab","Bouncing Flask","Injury"],"relics":["Ring of the Snake","NeowsBlessing","Smiling Mask","Dream Catcher","Girya","Blood Vial","Cursed Key","Enchiridion","Mercury Hourglass","Oddly Smooth Stone","Anchor"],"acts_visited":["Exordium","TheCity"],"potions_floor_usage":[25,25],"damage_taken":[{"damage":0.0,"enemies":"2 Louse","floor":1.0,"turns":1.0},{"damage":0.0,"enemies":"Jaw Worm","floor":3.0,"turns":1.0},{"damage":0.0,"enemies":"Lagavulin","floor":7.0,"turns":1.0},{"damage":0.0,"enemies":"Small Slimes","floor":8.0,"turns":2.0},{"damage":18.0,"enemies":"Gremlin Nob","floor":14.0,"turns":4.0},{"damage":40.0,"enemies":"Hexaghost","floor":16.0,"turns":9.0},{"damage":5.0,"enemies":"Chosen","floor":18.0,"turns":4.0},{"damage":19.0,"enemies":"2 Thieves","floor":20.0,"turns":5.0},{"damage":14.0,"enemies":"Slavers","floor":24.0,"turns":5.0},{"damage":12,"enemies":"Snecko","floor":25,"turns":5},{"damage":1,"enemies":"Chosen and Byrds","floor":28,"turns":5},{"damage":0,"enemies":"3 Cultists","floor":29,"turns":6},{"damage":82,"enemies":"Collector","floor":33,"turns":6}],"seed_played":"7803480038657972411","potions_obtained":[{"floor":7.0,"key":"Ancient Potion"},{"floor":20.0,"key":"Energy Potion"},{"floor":22.0,"key":"Fire Potion"},{"floor":24.0,"key":"Regen Potion"}],"is_trial":false,"path_per_floor":["M","$","M","?","?","R","E","M","T","R","$","?","?","E","R","B",null,"M","$","M","?","?","R","E","M","T","?","M","M","R","T","R","B"],"character_chosen":"THE_SILENT","items_purchased":["Poisoned Stab","PiercingWail","Footwork"],"campfire_rested":4,"item_purchase_floors":[11,19,19],"current_hp_per_floor":[70,70,70,63,63,63,63,63,63,70,70,70,75,57,75,35,75,70,70,53,37,37,59,47,52,52,52,53,55,55,55,75,0,0],"gold":49,"neow_bonus":"THREE_ENEMY_KILL","is_daily":false,"chose_seed":false,"campfire_upgraded":2,"win_rate":0.0,"timestamp":1613801913,"path_taken":["M","$","M","?","?","R","E","?","T","R","$","?","?","E","R","BOSS","M","$","M","?","?","R","E","?","T","?","M","M","R","?","R","BOSS"],"items_purchased_type":["Card","Card","Card"],"build_version":"2020-12-22","purchased_purges":3,"victory":false,"max_hp_per_floor":[70,70,70,70,70,70,70,70,70,70,70,70,75,75,75,75,75,75,75,75,75,75,75,75,75,75,75,75,75,75,75,75,75,75],"card_choices":[{"not_picked":["Cloak And Dagger","Underhanded Strike"],"picked":"Dagger Spray","floor":1.0},{"not_picked":["Dodge and Roll","Masterful Stab","Well Laid Plans"],"picked":"SKIP","floor":3.0},{"not_picked":["Infinite Blades","Dagger Throw","Expertise"],"picked":"SKIP","floor":7.0},{"not_picked":["Endless Agony","Reflex"],"picked":"Bouncing Flask","floor":8.0},{"not_picked":["Dagger Spray","Flying Knee","Deflect"],"picked":"SKIP","floor":14.0},{"not_picked":["Backflip","Sucker Punch"],"picked":"Bouncing Flask","floor":18.0},{"not_picked":["Masterful Stab","Heel Hook"],"picked":"Footwork+1","floor":20.0},{"not_picked":["Distraction","Adrenaline"],"picked":"Noxious Fumes","floor":24.0},{"not_picked":["Setup","Footwork"],"picked":"Poisoned Stab","floor":25},{"not_picked":["Prepared","Distraction+1"],"picked":"Bouncing Flask","floor":28},{"not_picked":["Choke","Backflip","Footwork"],"picked":"SKIP","floor":29}],"player_experience":221744,"relics_obtained":[{"floor":7.0,"key":"Smiling Mask"},{"floor":9.0,"key":"Dream Catcher"},{"floor":14.0,"key":"Blood Vial"},{"floor":21.0,"key":"Enchiridion"},{"floor":24.0,"key":"Mercury Hourglass"},{"floor":26,"key":"Oddly Smooth Stone"},{"floor":31,"key":"Anchor"}],"event_choices":[{"cards_removed":["Strike_G"],"damage_healed":0.0,"max_hp_gain":0.0,"max_hp_loss":0.0,"gold_gain":0.0,"event_name":"Golden Wing","player_choice":"Card Removal","floor":4.0,"gold_loss":0.0,"damage_taken":7.0},{"cards_removed":["Defend_G"],"damage_healed":0.0,"max_hp_gain":0.0,"max_hp_loss":0.0,"gold_gain":0.0,"event_name":"Living Wall","player_choice":"Forget","floor":5.0,"gold_loss":0.0,"damage_taken":0.0},{"damage_healed":0.0,"max_hp_gain":0.0,"max_hp_loss":0.0,"gold_gain":30.0,"event_name":"Dead Adventurer","player_choice":"Searched \u00273\u0027 times","floor":12.0,"gold_loss":0.0,"damage_taken":0.0,"relics_obtained":["Girya"]},{"damage_healed":0.0,"max_hp_gain":5.0,"max_hp_loss":0.0,"gold_gain":0.0,"event_name":"Big Fish","player_choice":"Donut","floor":13.0,"gold_loss":0.0,"damage_taken":0.0},{"damage_healed":0.0,"max_hp_gain":0.0,"max_hp_loss":0.0,"gold_gain":0.0,"event_name":"Cursed Tome","player_choice":"Obtained Book","floor":21.0,"gold_loss":0.0,"damage_taken":16.0},{"damage_healed":0.0,"max_hp_gain":0.0,"max_hp_loss":0.0,"gold_gain":0.0,"event_name":"Lab","player_choice":"Got Potions","floor":22.0,"gold_loss":0.0,"damage_taken":0.0},{"cards_removed":["Pain"],"damage_healed":0,"gold_gain":0,"player_choice":"Gave Gold","damage_taken":0,"max_hp_gain":0,"max_hp_loss":0,"event_name":"Beggar","floor":27,"gold_loss":75}],"is_beta":false,"boss_relics":[{"not_picked":["Astrolabe","Black Star"],"picked":"Cursed Key"}],"items_purged_floors":[2,11,19],"is_endless":false,"potions_floor_spawned":[7,20,24],"killed_by":"Collector","ascension_level":0}}