{"host":"py7qdianp3jrm8dm","time":1613848355,"event":{"mods":["AchievementEnabler","BaseMod","Bestiary","Downfall","Highlight Path","Minty Spire (QoL Compilation)","StSLib"],"gold_per_floor":[117,137,50,200,125,125,153,153,178,191,191,191,191,209,209,286,286,301,301,301,311,50,80,80,98,98,98,41,41,66,66,66,66,66],"floor_reached":33,"language":"ENG","playtime":1553,"items_purged":["Setup"],"score":547,"play_id":"11153df8-114d-44d3-acb1-89b232ade921","local_time":"20210220191235","is_ascension_mode":true,"campfire_choices":[{"data":"Well Laid Plans","floor":6,"key":"SMITH"},{"floor":8,"key":"REST"},{"floor":12,"key":"REST"},{"floor":15,"key":"REST"},{"floor":24,"key":"REST"},{"data":"Wraith Form v2","floor":27,"key":"SMITH"},{"data":"Wraith Form v2","floor":29,"key":"SMITH"},{"data":"Catalyst","floor":32,"key":"SMITH"}],"circlet_count":0,"master_deck":["AscendersBane","Survivor","Neutralize","Dramatic Entrance","Poisoned Stab","Outmaneuver","Well Laid Plans+1","Poisoned Stab","Dagger Throw","Escape Plan","Expertise","Poisoned Stab","Crippling Poison","Backstab","Bullet Time","Catalyst+1","Masterful Stab","Noxious Fumes","Wraith Form v2+1","Bouncing Flask","Tactician","Catalyst","Acrobatics","Wraith Form v2+1","Blade Dance+1","Deflect+1"],"relics":["Ring of the Snake","Toy Ornithopter","Omamori","Pandora\u0027s Box","Oddly Smooth Stone","Toxic Egg 2","WingedGreaves","Meat on the Bone"],"acts_visited":["Exordium","TheCity"],"potions_floor_usage":[16,31],"damage_taken":[{"damage":2,"enemies":"Small Slimes","floor":1,"turns":3},{"damage":0,"enemies":"2 Louse","floor":2,"turns":2},{"damage":52,"enemies":"Gremlin Nob","floor":7,"turns":6},{"damage":4,"enemies":"Jaw Worm","floor":10,"turns":3},{"damage":2,"enemies":"2 Fungi Beasts","floor":14,"turns":3},{"damage":48,"enemies":"The Guardian","floor":16,"turns":12},{"damage":24,"enemies":"Spheric Guardian","floor":18,"turns":4},{"damage":13,"enemies":"3 Byrds","floor":21,"turns":4},{"damage":11,"enemies":"Gremlin Leader","floor":23,"turns":6},{"damage":6,"enemies":"3 Cultists","floor":25,"turns":6},{"damage":11,"enemies":"Book of Stabbing","floor":30,"turns":6},{"damage":20,"enemies":"Colosseum Slavers","floor":31,"turns":4},{"damage":26,"enemies":"Champ","floor":33,"turns":2}],"seed_played":"-1740990703963625014","potions_obtained":[{"floor":1,"key":"EssenceOfSteel"},{"floor":14,"key":"LiquidMemories"},{"floor":16,"key":"PowerPotion"},{"floor":23,"key":"Ancient Potion"}],"is_trial":false,"path_per_floor":["M","M","$","?","?","R","E","R","T","M","?","R","?","M","R","B",null,"M","?","?","M","$","E","R","M","T","R","$","R","E","?","R","B"],"character_chosen":"THE_SILENT","items_purchased":["Well Laid Plans","Oddly Smooth Stone","Acrobatics","Deflect+1"],"campfire_rested":4,"item_purchase_floors":[3,22,22,28],"current_hp_per_floor":[57,57,57,57,57,57,5,24,24,20,20,39,39,37,56,13,53,29,42,42,29,29,18,37,31,31,31,31,31,20,17,17,0,0],"gold":66,"neow_bonus":"RANDOM_COLORLESS","is_daily":false,"chose_seed":false,"campfire_upgraded":4,"win_rate":0.0,"timestamp":1613848355,"path_taken":["M","M","$","?","?","R","E","R","T","M","?","R","?","M","R","BOSS","M","?","?","M","?","E","R","M","T","R","$","R","E","?","R","BOSS"],"items_purchased_type":["Card","Relic","Card","Card"],"build_version":"2020-12-22","purchased_purges":1,"victory":false,"max_hp_per_floor":[66,66,66,66,66,66,66,66,66,66,66,66,66,66,66,66,66,66,66,66,66,66,66,66,66,66,66,66,66,66,66,66,66,66],"card_choices":[{"not_picked":["PanicButton","Swift Strike"],"picked":"Dramatic Entrance","floor":0},{"not_picked":["Heel Hook","Acrobatics"],"picked":"Poisoned Stab","floor":1},{"not_picked":["Prepared","All Out Attack"],"picked":"Outmaneuver","floor":2},{"not_picked":["Predator","Dash"],"picked":"Poisoned Stab","floor":7},{"not_picked":["Dagger Spray","Skewer"],"picked":"Dagger Throw","floor":10},{"not_picked":["Tactician","Dodge and Roll"],"picked":"Expertise","floor":14},{"not_picked":["Grand Finale","Phantasmal Killer"],"picked":"Bullet Time","floor":16},{"not_picked":["Endless Agony","Choke"],"picked":"Bouncing Flask","floor":18},{"not_picked":["Acrobatics","Escape Plan"],"picked":"Catalyst","floor":21},{"not_picked":["Acrobatics+1","Footwork"],"picked":"Wraith Form v2","floor":23},{"not_picked":["Distraction+1","Slice"],"picked":"Blade Dance+1","floor":25},{"not_picked":["Acrobatics+1","Flechettes","Dash"],"picked":"SKIP","floor":30}],"player_experience":629011,"relics_obtained":[{"floor":7,"key":"Toy Ornithopter"},{"floor":9,"key":"Omamori"},{"floor":23,"key":"Toxic Egg 2"},{"floor":26,"key":"WingedGreaves"},{"floor":30,"key":"Meat on the Bone"}],"event_choices":[{"damage_healed":0,"gold_gain":150,"player_choice":"AGREE","damage_taken":0,"max_hp_gain":0,"max_hp_loss":0,"event_name":"Liars Game","floor":4,"gold_loss":0,"cards_obtained":["Doubt"]},{"cards_removed":["Doubt"],"damage_healed":0,"gold_gain":0,"player_choice":"Card Removal","damage_taken":0,"max_hp_gain":0,"max_hp_loss":0,"event_name":"The Cleric","floor":5,"gold_loss":75},{"damage_healed":0,"gold_gain":0,"player_choice":"Ignored","damage_taken":0,"max_hp_gain":0,"max_hp_loss":0,"event_name":"Shining Light","floor":11,"gold_loss":0},{"damage_healed":0,"gold_gain":0,"cards_transformed":["Strike_G"],"player_choice":"Change","damage_taken":0,"max_hp_gain":0,"max_hp_loss":0,"event_name":"Living Wall","floor":13,"gold_loss":0,"cards_obtained":["Escape Plan"]},{"damage_healed":13,"gold_gain":0,"player_choice":"Heal","damage_taken":0,"max_hp_gain":0,"max_hp_loss":0,"event_name":"The Library","floor":19,"gold_loss":0},{"damage_healed":0,"gold_gain":0,"cards_transformed":["Riddle With Holes","Bullet Time"],"player_choice":"Became Test Subject","damage_taken":0,"max_hp_gain":0,"max_hp_loss":0,"event_name":"Drug Dealer","floor":20,"gold_loss":0,"cards_obtained":["Tactician","Setup"]},{"damage_healed":0,"gold_gain":0,"player_choice":"Fight","damage_taken":0,"max_hp_gain":0,"max_hp_loss":0,"event_name":"Colosseum","floor":31,"gold_loss":0},{"damage_healed":0,"gold_gain":0,"player_choice":"Fled From Nobs","damage_taken":0,"max_hp_gain":0,"max_hp_loss":0,"event_name":"Colosseum","floor":31,"gold_loss":0}],"is_beta":false,"boss_relics":[{"not_picked":["HoveringKite","Coffee Dripper"],"picked":"Pandora\u0027s Box"}],"items_purged_floors":[22],"is_endless":false,"potions_floor_spawned":[1,14,16,23,30],"killed_by":"Champ","ascension_level":16}}