{"host":"s509oin3ptw7n5v1","time":1613863086,"event":{"mods":["2.2 Compatiblity","AchievementEnabler","BaseMod","Colored Map","Colored Powertips","Highlight Path","Minty Spire (QoL Compilation)","Rare Cards Sparkle","Relic Stats","Spicy Shops","StSLib"],"gold_per_floor":[111,58,58,75,75,107,12,12,12,24,34,52,52,66,66,138,138,148,148,148,134,19,19,19,19],"floor_reached":24,"language":"ENG","playtime":1804,"items_purged":[],"score":333,"play_id":"d94a8820-9ae7-44e4-9c9c-9ed5f211aa49","local_time":"20210220181806","is_ascension_mode":true,"campfire_choices":[{"floor":8.0,"key":"REST"},{"data":"Static Discharge","floor":13.0,"key":"SMITH"},{"floor":15.0,"key":"REST"},{"floor":23.0,"key":"REST"}],"circlet_count":0,"master_deck":["AscendersBane","Strike_B+1","Strike_B+1","Strike_B+1","Strike_B+1","Defend_B+1","Defend_B+1","Defend_B+1","Defend_B+1","Zap","Dualcast+1","Conserve Battery","Static Discharge+1","Ball Lightning","Streamline","Writhe","Leap","Cold Snap","Capacitor","Skim","Meteor Strike","Undo","Capacitor","Secret Weapon","Barrage"],"relics":["Cracked Core","Symbiotic Virus","War Paint","Mummified Hand","Potion Belt","Nuclear Battery","Strange Spoon"],"acts_visited":["Exordium","TheCity"],"potions_floor_usage":[24],"damage_taken":[{"damage":0.0,"enemies":"Cultist","floor":1.0,"turns":3.0},{"damage":8.0,"enemies":"2 Louse","floor":4.0,"turns":3.0},{"damage":45.0,"enemies":"Gremlin Nob","floor":6.0,"turns":5.0},{"damage":1.0,"enemies":"Small Slimes","floor":10.0,"turns":2.0},{"damage":4.0,"enemies":"Looter","floor":11.0,"turns":3.0},{"damage":0.0,"enemies":"Large Slime","floor":12.0,"turns":2.0},{"damage":4.0,"enemies":"Blue Slaver","floor":14.0,"turns":3.0},{"damage":35.0,"enemies":"Slime Boss","floor":16.0,"turns":8.0},{"damage":21.0,"enemies":"Shell Parasite","floor":18.0,"turns":5.0},{"damage":13.0,"enemies":"2 Thieves","floor":21.0,"turns":4.0},{"damage":61,"enemies":"Gremlin Leader","floor":24,"turns":7}],"seed_played":"-6512440413895954535","potions_obtained":[{"floor":6.0,"key":"EssenceOfSteel"},{"floor":10.0,"key":"AttackPotion"},{"floor":11.0,"key":"PowerPotion"},{"floor":21.0,"key":"Swift Potion"}],"is_trial":false,"path_per_floor":["M","$","T","M","?","E","$","R","T","M","M","M","R","M","R","B",null,"M","?","?","M","$","R","E"],"character_chosen":"DEFECT","items_purchased":["Static Discharge","Mummified Hand","Strange Spoon","Secret Weapon","Barrage"],"campfire_rested":3,"item_purchase_floors":[2,7,22,22,22],"current_hp_per_floor":[71,71,71,63,68,23,23,47,47,46,42,42,42,38,62,27,69,48,32,32,19,19,45,0,0],"gold":19,"neow_bonus":"TEN_PERCENT_HP_BONUS","is_daily":false,"chose_seed":false,"campfire_upgraded":1,"win_rate":0.0,"timestamp":1613863086,"path_taken":["M","$","?","M","?","E","$","R","T","M","M","M","R","M","R","BOSS","M","?","?","M","$","R","E"],"items_purchased_type":["Card","Relic","Relic","Card","Card"],"build_version":"2020-12-22","purchased_purges":0,"victory":false,"max_hp_per_floor":[78,78,78,78,83,83,83,83,83,83,83,83,83,83,83,83,83,83,88,88,88,88,88,88,88],"relic_stats":{"Strange Spoon":[0],"counters":[11,45],"Mummified Hand":[15],"War Paint":["Defend_B","Dualcast"],"obtain_stats":[{"Potion Belt":9,"Strange Spoon":22,"Mummified Hand":7,"War Paint":6,"Cracked Core":0,"Symbiotic Virus":3,"Nuclear Battery":17},{"Potion Belt":3,"Strange Spoon":10,"Mummified Hand":3,"War Paint":3,"Cracked Core":0,"Symbiotic Virus":1,"Nuclear Battery":8},{"Potion Belt":11,"Strange Spoon":38,"Mummified Hand":11,"War Paint":11,"Cracked Core":0,"Symbiotic Virus":3,"Nuclear Battery":29}]},"card_choices":[{"not_picked":["Coolheaded","Steam"],"picked":"Conserve Battery","floor":1.0},{"not_picked":["Streamline","Stack"],"picked":"Ball Lightning","floor":4.0},{"not_picked":["Skim","Redo"],"picked":"Streamline","floor":6.0},{"not_picked":["Seek","Compile Driver"],"picked":"Leap","floor":10.0},{"not_picked":["Redo","BootSequence"],"picked":"Cold Snap","floor":11.0},{"not_picked":["Coolheaded","Ball Lightning"],"picked":"Capacitor","floor":12.0},{"not_picked":["Beam Cell","Ball Lightning"],"picked":"Skim","floor":14.0},{"not_picked":["All For One","Core Surge"],"picked":"Meteor Strike","floor":16.0},{"not_picked":["Ball Lightning","Redo"],"picked":"Undo","floor":18.0},{"not_picked":["Blizzard","Go for the Eyes"],"picked":"Capacitor","floor":21.0}],"player_experience":1221908,"relics_obtained":[{"floor":3.0,"key":"Symbiotic Virus"},{"floor":6.0,"key":"War Paint"},{"floor":9.0,"key":"Potion Belt"}],"event_choices":[{"damage_healed":0.0,"max_hp_gain":5.0,"max_hp_loss":0.0,"gold_gain":0.0,"event_name":"Big Fish","player_choice":"Donut","floor":5.0,"gold_loss":0.0,"damage_taken":0.0},{"damage_healed":0.0,"max_hp_gain":5.0,"max_hp_loss":0.0,"gold_gain":0.0,"event_name":"Forgotten Altar","player_choice":"Shed Blood","floor":19.0,"gold_loss":0.0,"damage_taken":21.0},{"damage_healed":0.0,"max_hp_gain":0.0,"max_hp_loss":0.0,"gold_gain":0.0,"event_name":"Back to Basics","player_choice":"Simplicity","floor":20.0,"gold_loss":0.0,"damage_taken":0.0,"cards_upgraded":["Strike_B","Strike_B","Strike_B","Strike_B","Defend_B","Defend_B","Defend_B"]}],"is_beta":false,"boss_relics":[{"not_picked":["FrozenCore","Tiny House"],"picked":"Nuclear Battery"}],"items_purged_floors":[],"is_endless":false,"potions_floor_spawned":[6,10,11,21],"killed_by":"Gremlin Leader","ascension_level":14}}