{"host":"onfdonezo2qmaex3","time":1613819356,"event":{"mods":["2.2 Compatiblity","AchievementEnabler","Act Like it!","Aspiration","BaseMod","Colored Powertips","Downfall","Friendly Minions","Gensokyo","Hallownest","Hermit","Highlight Path","Jorbs\u0027s Wanderer Trilogy","Marisa????????","Marked Mod","Minty Spire (QoL Compilation)","Quick Restart","Reliquary","Shop Mod","StSLib","The Disciple","The Hayseed","The Hierophant","The Marked","The Runesmith"],"gold_per_floor":[112,6,106,119,129,129,162,175,200,200,79,79,79],"floor_reached":12,"language":"ENG","playtime":486,"items_purged":[],"score":92,"play_id":"b8450524-e0d8-4a9b-8d60-e69b42007f51","local_time":"20210220120916","is_ascension_mode":true,"campfire_choices":[{"data":"Blade Dance","floor":6,"key":"SMITH"},{"data":"Infinite Blades","floor":10,"key":"SMITH"}],"circlet_count":0,"master_deck":["Strike_G","Strike_G","Strike_G","Strike_G","Strike_G","Defend_G","Defend_G","Defend_G","Defend_G","Defend_G","Survivor","Neutralize","Blade Dance+1","Infinite Blades+1","Terror","Blade Dance+1","Gensokyo:SummonJeweledCobra"],"relics":["Ring of the Snake","aspiration:StickyExplosives_weak","The Courier","DollysMirror"],"acts_visited":["Gensokyo:Gensokyo"],"potions_floor_usage":[7],"damage_taken":[{"damage":0,"enemies":"Gensokyo:Python","floor":1,"turns":4},{"damage":0,"enemies":"Gensokyo:3_Fairies","floor":4,"turns":4},{"damage":1,"enemies":"Gensokyo:Gryphon","floor":5,"turns":4},{"damage":68,"enemies":"Gensokyo:Aya","floor":7,"turns":12},{"damage":2,"enemies":"Gensokyo:VengefulSpirit","floor":8,"turns":4},{"damage":21,"enemies":"Gensokyo:Cirno","floor":12,"turns":4}],"seed_played":"-4040282168935997211","potions_obtained":[{"floor":4,"key":"Regen Potion"},{"floor":5,"key":"sneckomod:MuddlingPotion"}],"is_trial":false,"path_per_floor":["M","COS","?","M","M","R","E","M","T","R","$","E"],"character_chosen":"THE_SILENT","items_purchased":["DollysMirror"],"campfire_rested":0,"item_purchase_floors":[11],"current_hp_per_floor":[77,77,77,77,76,76,23,21,21,21,21,0,0],"gold":79,"neow_bonus":"TEN_PERCENT_HP_BONUS","is_daily":false,"chose_seed":false,"campfire_upgraded":2,"win_rate":0.0,"timestamp":1613819356,"path_taken":["M","COS","?","M","M","R","E","M","T","R","?","E"],"items_purchased_type":["Relic"],"build_version":"2020-12-22","purchased_purges":0,"victory":false,"max_hp_per_floor":[77,77,77,77,77,77,77,77,77,77,77,77,77],"card_choices":[{"not_picked":["Acrobatics","Distraction"],"picked":"Blade Dance","floor":1},{"not_picked":["Dagger Spray","Choke","Bouncing Flask"],"picked":"SKIP","floor":4},{"not_picked":["Underhanded Strike","Dagger Throw","Poisoned Stab"],"picked":"SKIP","floor":5},{"not_picked":["Footwork","Noxious Fumes"],"picked":"Infinite Blades","floor":7},{"not_picked":["Setup","Bane"],"picked":"Terror","floor":8}],"player_experience":221363,"relics_obtained":[{"floor":7,"key":"The Courier"}],"event_choices":[],"is_beta":false,"boss_relics":[],"items_purged_floors":[],"is_endless":false,"potions_floor_spawned":[4,5],"killed_by":"Gensokyo:Cirno","ascension_level":4}}