{"host":"s229x1smnerk6mew","time":1613838209,"event":{"mods":["BaseMod","Bestiary","Minty Spire (QoL Compilation)","Relic Stats"],"gold_per_floor":[110,126,126,71,90,90,123,123,173,203,203,203,203],"floor_reached":12,"language":"ENG","playtime":595,"items_purged":[],"score":152,"play_id":"5c3fbcb5-9612-484d-8299-a9720a6b08fe","local_time":"20210221032329","is_ascension_mode":true,"campfire_choices":[{"data":"Twin Strike","floor":6,"key":"SMITH"},{"data":"Combust","floor":8,"key":"SMITH"}],"circlet_count":0,"master_deck":["AscendersBane","Strike_R","Strike_R+1","Strike_R","Strike_R","Strike_R+1","Defend_R","Defend_R","Defend_R+1","Defend_R","Bash+1","Twin Strike+1","Shrug It Off","Shrug It Off","Combust+1","Battle Trance"],"relics":["Burning Blood","Whetstone","Golden Idol","Bag of Marbles","Centennial Puzzle","Odd Mushroom"],"acts_visited":["Exordium"],"potions_floor_usage":[7,12],"damage_taken":[{"damage":4,"enemies":"Jaw Worm","floor":1,"turns":4},{"damage":4,"enemies":"2 Louse","floor":2,"turns":3},{"damage":5,"enemies":"Small Slimes","floor":5,"turns":3},{"damage":3,"enemies":"Gremlin Nob","floor":7,"turns":3},{"damage":17,"enemies":"The Mushroom Lair","floor":10,"turns":5},{"damage":16,"enemies":"3 Sentries","floor":12,"turns":6}],"seed_played":"-7710629380162062049","potions_obtained":[{"floor":5,"key":"PowerPotion"}],"is_trial":false,"path_per_floor":["M","M","?","$","M","R","E","R","T","?","?","E"],"character_chosen":"IRONCLAD","items_purchased":["AttackPotion"],"campfire_rested":0,"item_purchase_floors":[4],"current_hp_per_floor":[70,72,46,46,47,47,50,50,50,39,16,0,0],"gold":203,"neow_bonus":"RANDOM_COMMON_RELIC","is_daily":false,"chose_seed":false,"campfire_upgraded":2,"win_rate":0.0,"timestamp":1613838209,"path_taken":["M","M","?","$","M","R","E","R","T","?","?","E"],"items_purchased_type":["Potion"],"build_version":"2020-12-22","purchased_purges":0,"victory":false,"max_hp_per_floor":[75,75,75,75,75,75,75,75,75,75,75,75,75],"relic_stats":{"Centennial Puzzle":[6],"counters":[6,24],"Golden Idol":17,"Whetstone":["Strike_R","Strike_R"],"obtain_stats":[{"Centennial Puzzle":9,"Golden Idol":3,"Bag of Marbles":7,"Whetstone":0,"Odd Mushroom":10,"Burning Blood":0},{"Centennial Puzzle":4,"Golden Idol":2,"Bag of Marbles":4,"Whetstone":0,"Odd Mushroom":5,"Burning Blood":0},{"Centennial Puzzle":13,"Golden Idol":7,"Bag of Marbles":13,"Whetstone":0,"Odd Mushroom":18,"Burning Blood":0}],"Burning Blood":30},"card_choices":[{"not_picked":["Shrug It Off","True Grit"],"picked":"Twin Strike","floor":1},{"not_picked":["Ghostly Armor","Warcry"],"picked":"Shrug It Off","floor":2},{"not_picked":["Power Through","Clash"],"picked":"Shrug It Off","floor":5},{"not_picked":["Metallicize","Dark Embrace"],"picked":"Combust","floor":7},{"not_picked":["Armaments","Second Wind"],"picked":"Battle Trance","floor":10}],"player_experience":2080834,"relics_obtained":[{"floor":7,"key":"Bag of Marbles"},{"floor":9,"key":"Centennial Puzzle"},{"floor":10,"key":"Odd Mushroom"}],"event_choices":[{"damage_healed":0,"gold_gain":0,"player_choice":"Take Damage","damage_taken":26,"relics_obtained":["Golden Idol"],"max_hp_gain":0,"max_hp_loss":0,"event_name":"Golden Idol","floor":3,"gold_loss":0},{"damage_healed":0,"gold_gain":0,"player_choice":"Fought Mushrooms","damage_taken":0,"max_hp_gain":0,"max_hp_loss":0,"event_name":"Mushrooms","floor":10,"gold_loss":0},{"damage_healed":0,"gold_gain":0,"player_choice":"Entered Light","damage_taken":23,"max_hp_gain":0,"max_hp_loss":0,"event_name":"Shining Light","floor":11,"gold_loss":0,"cards_upgraded":["Bash","Defend_R"]}],"is_beta":false,"boss_relics":[],"items_purged_floors":[],"is_endless":false,"potions_floor_spawned":[5],"killed_by":"3 Sentries","ascension_level":20}}