{"host":"ow66nzv2xecjoor3","time":1613857628,"event":{"mods":["BaseMod","Bestiary","Block Reminder","Colored Powertips","Curses Come First","Highlight Path","Keyboard Shortcuts","Minty Spire (QoL Compilation)","Permanent Neow","Relic Stats","StSLib","UnlockEverythingMod"],"gold_per_floor":[119,139,152,152,168,203,203,234,234,234,250,250,250,265,265,265,265],"floor_reached":16,"language":"ENG","playtime":459,"items_purged":[],"score":224,"play_id":"0579dc2f-76a2-4673-894f-e9d0224e661d","local_time":"20210220154708","is_ascension_mode":true,"campfire_choices":[{"floor":7,"key":"REST"},{"data":"Blood for Blood","floor":10,"key":"SMITH"},{"data":"Burning Pact","floor":12,"key":"SMITH"},{"data":"Combust","floor":15,"key":"SMITH"}],"circlet_count":0,"master_deck":["AscendersBane","Strike_R","Strike_R","Strike_R","Strike_R","Strike_R","Defend_R","Defend_R","Defend_R","Defend_R","Bash","Blood for Blood+1","Burning Pact+1","Pommel Strike","Impervious","Brutality","Impervious","Metallicize","Combust+1"],"relics":["Sozu","Golden Idol","InkBottle","Shuriken","Sundial"],"acts_visited":["Exordium"],"potions_floor_usage":[],"damage_taken":[{"damage":5,"enemies":"Small Slimes","floor":1,"turns":4},{"damage":3,"enemies":"2 Louse","floor":2,"turns":3},{"damage":7,"enemies":"Jaw Worm","floor":3,"turns":4},{"damage":7,"enemies":"Exordium Thugs","floor":5,"turns":4},{"damage":20,"enemies":"Lagavulin","floor":6,"turns":7},{"damage":10,"enemies":"Gremlin Nob","floor":8,"turns":3},{"damage":1,"enemies":"2 Fungi Beasts","floor":11,"turns":4},{"damage":12,"enemies":"Lots of Slimes","floor":14,"turns":4},{"damage":23,"enemies":"Hexaghost","floor":16,"turns":9}],"seed_played":"-2731699401003063079","potions_obtained":[],"is_trial":false,"path_per_floor":["M","M","M","?","M","E","R","E","T","R","M","R","?","M","R","B"],"character_chosen":"IRONCLAD","items_purchased":[],"campfire_rested":1,"item_purchase_floors":[],"current_hp_per_floor":[63,60,53,53,46,26,46,36,36,36,35,35,35,23,23,0,0],"gold":265,"neow_bonus":"BOSS_RELIC","is_daily":false,"chose_seed":false,"campfire_upgraded":3,"win_rate":0.0,"timestamp":1613857628,"path_taken":["M","M","M","?","M","E","R","E","T","R","M","R","?","M","R","BOSS"],"items_purchased_type":[],"build_version":"2020-12-22","purchased_purges":0,"victory":false,"max_hp_per_floor":[75,75,75,68,68,68,68,68,68,68,68,68,68,68,68,68,68],"relic_stats":{"Sozu":2,"counters":[9,41],"Golden Idol":22,"Shuriken":[5],"Sundial":[4],"obtain_stats":[{"Sozu":0,"Golden Idol":4,"Shuriken":8,"Sundial":9,"Burning Blood":0,"InkBottle":6},{"Sozu":0,"Golden Idol":3,"Shuriken":6,"Sundial":6,"Burning Blood":0,"InkBottle":5},{"Sozu":0,"Golden Idol":11,"Shuriken":25,"Sundial":25,"Burning Blood":0,"InkBottle":22}],"InkBottle":[5]},"card_choices":[{"not_picked":["Body Slam","Armaments"],"picked":"Blood for Blood","floor":1},{"not_picked":["Pommel Strike","Warcry"],"picked":"Burning Pact","floor":2},{"not_picked":["Havoc","Anger"],"picked":"Pommel Strike","floor":3},{"not_picked":["Clothesline","Shrug It Off"],"picked":"Impervious","floor":5},{"not_picked":["Iron Wave","Perfected Strike"],"picked":"Brutality","floor":6},{"not_picked":["Perfected Strike","Body Slam"],"picked":"Impervious","floor":8},{"not_picked":["Perfected Strike","Anger"],"picked":"Metallicize","floor":11},{"not_picked":["Heavy Blade","Thunderclap"],"picked":"Combust","floor":14}],"player_experience":2906691,"relics_obtained":[{"floor":6,"key":"InkBottle"},{"floor":8,"key":"Shuriken"},{"floor":9,"key":"Sundial"}],"event_choices":[{"damage_healed":0,"gold_gain":0,"player_choice":"Lose Max HP","damage_taken":0,"relics_obtained":["Golden Idol"],"max_hp_gain":0,"max_hp_loss":7,"event_name":"Golden Idol","floor":4,"gold_loss":0},{"damage_healed":0,"gold_gain":0,"player_choice":"Ignored","damage_taken":0,"max_hp_gain":0,"max_hp_loss":0,"event_name":"Liars Game","floor":13,"gold_loss":0}],"is_beta":false,"boss_relics":[],"items_purged_floors":[],"is_endless":false,"potions_floor_spawned":[1,14],"killed_by":"Hexaghost","ascension_level":20}}