{"host":"nmrs76mlgy8izz05","time":1613804087,"event":{"mods":["2.2 Compatiblity","BaseMod","Bestiary","Colored Map","Colored Powertips","Curses Come First","Highlight Path","Keyboard Shortcuts","Minty Spire (QoL Compilation)","Relic Stats","Slay the Relics Exporter","StSLib","SuperFastMode"],"gold_per_floor":[114,129,129,47,62,62,62,92,92,122,197,2,2,17,17,17,17],"floor_reached":16,"language":"ZHS","playtime":881,"items_purged":[],"score":133,"play_id":"0a6aa703-4bbe-4043-bb44-beac6fdec8d2","local_time":"20210220145447","daily_mods":["Shiny","Red Cards","DeadlyEvents"],"is_ascension_mode":false,"campfire_choices":[{"floor":6,"key":"REST"},{"floor":13,"key":"REST"},{"floor":15,"key":"REST"}],"circlet_count":0,"master_deck":["Double Tap","Demon Form","Bludgeon","Feed","Limit Break","Corruption","Barricade","Fiend Fire","Berserk","Impervious","Juggernaut","Brutality","Reaper","Exhume","Offering","Immolate","Multi-Cast","Hyperbeam","Thunder Strike","Biased Cognition","Machine Learning","Electrodynamics","Buffer","Rainbow","Seek","Meteor Strike","Echo Form","All For One","Reboot","Amplify","Creative AI","Fission","Core Surge","Intimidate","Clothesline","Rupture","Dark Embrace","True Grit","Dual Wield","Doom and Gloom","Heatsinks","Disarm","Rebound"],"relics":["Cracked Core","Anchor","Oddly Smooth Stone","Mercury Hourglass","Gambling Chip"],"acts_visited":["Exordium"],"potions_floor_usage":[16],"damage_taken":[{"damage":6,"enemies":"Cultist","floor":1,"turns":3},{"damage":17,"enemies":"Jaw Worm","floor":2,"turns":2},{"damage":8,"enemies":"Small Slimes","floor":5,"turns":4},{"damage":11,"enemies":"3 Sentries","floor":8,"turns":5},{"damage":32,"enemies":"Gremlin Nob","floor":10,"turns":5},{"damage":0,"enemies":"Looter","floor":14,"turns":2},{"damage":63,"enemies":"Hexaghost","floor":16,"turns":9}],"seed_played":"3618718455484561711","potions_obtained":[{"floor":14,"key":"BlessingOfTheForge"}],"is_trial":false,"path_per_floor":["M","M","?","$","M","R","T","E","T","E","?","$","R","M","R","B"],"character_chosen":"DEFECT","items_purchased":["Rupture","Doom and Gloom","Heatsinks","Disarm"],"campfire_rested":3,"item_purchase_floors":[4,12,12,12],"current_hp_per_floor":[69,52,52,52,47,70,70,59,59,27,16,16,39,39,62,0,0],"gold":17,"neow_bonus":"","is_daily":true,"chose_seed":false,"campfire_upgraded":0,"win_rate":0.0,"timestamp":1613804087,"path_taken":["M","M","?","$","M","R","?","?","T","?","?","$","R","M","R","BOSS"],"items_purchased_type":["Card","Card","Card","Card"],"build_version":"2020-12-22","purchased_purges":0,"victory":false,"max_hp_per_floor":[75,75,75,75,78,78,78,78,78,78,78,78,78,78,78,78,78],"relic_stats":{"counters":[7,30],"Gambling Chip":[4],"obtain_stats":[{"Anchor":7,"Gambling Chip":10,"Oddly Smooth Stone":8,"Cracked Core":0,"Mercury Hourglass":9},{"Anchor":3,"Gambling Chip":5,"Oddly Smooth Stone":4,"Cracked Core":0,"Mercury Hourglass":4},{"Anchor":9,"Gambling Chip":19,"Oddly Smooth Stone":14,"Cracked Core":0,"Mercury Hourglass":14}],"Mercury Hourglass":[45]},"card_choices":[{"not_picked":["Gash","Cold Snap"],"picked":"Intimidate","floor":1},{"not_picked":["Dual Wield","Entrench"],"picked":"Clothesline","floor":2},{"not_picked":["Sword Boomerang","Coolheaded"],"picked":"Dark Embrace","floor":5},{"not_picked":["Sword Boomerang","Intimidate"],"picked":"True Grit","floor":8},{"not_picked":["Biased Cognition","Conserve Battery"],"picked":"Dual Wield","floor":10},{"not_picked":["Coolheaded","Turbo"],"picked":"Rebound","floor":14}],"player_experience":28738,"relics_obtained":[{"floor":7,"key":"Anchor"},{"floor":8,"key":"Oddly Smooth Stone"},{"floor":9,"key":"Mercury Hourglass"},{"floor":10,"key":"Gambling Chip"}],"event_choices":[{"damage_healed":0,"gold_gain":0,"player_choice":"Ignored","damage_taken":0,"max_hp_gain":0,"max_hp_loss":0,"event_name":"Liars Game","floor":3,"gold_loss":0},{"damage_healed":0,"gold_gain":75,"player_choice":"Gather Gold","damage_taken":11,"max_hp_gain":0,"max_hp_loss":0,"event_name":"World of Goop","floor":11,"gold_loss":0}],"is_beta":false,"boss_relics":[],"items_purged_floors":[],"is_endless":false,"potions_floor_spawned":[14],"killed_by":"Hexaghost","ascension_level":0}}