{"host":"f5gffvlv6a66yqkd","time":1613827018,"event":{"mods":["2.2 Compatiblity","BaseMod","Colored Map","Custom Start","DeckTracker","Keyboard Shortcuts","Minty Spire (QoL Compilation)","Permanent Neow","Quick Restart","Relic Stats","StSLib","SuperFastMode"],"gold_per_floor":[112,125,50,50,50,75,75,86,86,86,103,134,134,159,159,159,159],"floor_reached":16,"language":"KOR","playtime":360,"items_purged":["Strike_B"],"score":286,"play_id":"6f1cfe4d-56df-4847-9fcb-aabbcc144233","local_time":"20210220221658","is_ascension_mode":true,"campfire_choices":[{"data":"Defragment","floor":7.0,"key":"SMITH"},{"data":"Sunder","floor":13.0,"key":"SMITH"},{"data":"Zap","floor":15,"key":"SMITH"}],"circlet_count":0,"master_deck":["AscendersBane","Strike_B","Defend_B","Defend_B","Defend_B","Defend_B","Zap+1","Dualcast","Glacier","Sunder+1","Auto Shields","Recycle","Defragment+1","Rip and Tear","Gash","Electrodynamics"],"relics":["Cracked Core","NeowsBlessing","Letter Opener","Nunchaku","Lantern","Anchor","The Courier"],"acts_visited":["Exordium"],"potions_floor_usage":[14,14],"damage_taken":[{"damage":0.0,"enemies":"Cultist","floor":1.0,"turns":1.0},{"damage":0.0,"enemies":"2 Louse","floor":2.0,"turns":1.0},{"damage":0.0,"enemies":"3 Sentries","floor":6.0,"turns":2.0},{"damage":0.0,"enemies":"Small Slimes","floor":8.0,"turns":3.0},{"damage":0.0,"enemies":"2 Fungi Beasts","floor":11.0,"turns":3.0},{"damage":7.0,"enemies":"Lagavulin","floor":12.0,"turns":7.0},{"damage":12,"enemies":"Gremlin Nob","floor":14,"turns":4},{"damage":33,"enemies":"Hexaghost","floor":16,"turns":10}],"seed_played":"2702344810676045267","potions_obtained":[{"floor":1.0,"key":"FearPotion"},{"floor":8.0,"key":"Block Potion"}],"is_trial":false,"path_per_floor":["M","M","$","?","?","E","R","M","T","?","M","E","R","E","R","B"],"character_chosen":"DEFECT","items_purchased":[],"campfire_rested":0,"item_purchase_floors":[],"current_hp_per_floor":[64,64,64,64,64,64,64,64,64,46,46,39,39,27,27,0,0],"gold":159,"neow_bonus":"THREE_ENEMY_KILL","is_daily":false,"chose_seed":false,"campfire_upgraded":3,"win_rate":0.0,"timestamp":1613827018,"path_taken":["M","M","?","?","?","E","R","?","T","?","M","E","R","E","R","BOSS"],"items_purchased_type":[],"build_version":"2020-12-22","purchased_purges":1,"victory":false,"max_hp_per_floor":[71,71,71,71,71,71,71,71,71,71,71,71,71,71,71,71,71],"relic_stats":{"Nunchaku":[2],"counters":[8,31],"Letter Opener":[22],"obtain_stats":[{"Nunchaku":9,"Lantern":10,"Anchor":12,"NeowsBlessing":0,"The Courier":14,"Letter Opener":6,"Cracked Core":0},{"Nunchaku":4,"Lantern":4,"Anchor":6,"NeowsBlessing":0,"The Courier":7,"Letter Opener":3,"Cracked Core":0},{"Nunchaku":7,"Lantern":7,"Anchor":17,"NeowsBlessing":0,"The Courier":21,"Letter Opener":4,"Cracked Core":0}]},"card_choices":[{"not_picked":["BootSequence","Loop"],"picked":"Glacier","floor":1.0},{"not_picked":["Turbo","Scrape"],"picked":"Sunder","floor":2.0},{"not_picked":["Sweeping Beam","Blizzard"],"picked":"Defragment","floor":6.0},{"not_picked":["Reprogram","Stack","Recycle"],"picked":"SKIP","floor":8.0},{"not_picked":["Turbo","Coolheaded"],"picked":"Rip and Tear","floor":11.0},{"not_picked":["Stack","Sweeping Beam"],"picked":"Gash","floor":12.0},{"not_picked":["Leap","Beam Cell"],"picked":"Electrodynamics","floor":14}],"player_experience":1537362,"relics_obtained":[{"floor":6.0,"key":"Letter Opener"},{"floor":9.0,"key":"Nunchaku"},{"floor":12.0,"key":"Anchor"},{"floor":14,"key":"The Courier"}],"event_choices":[{"damage_healed":0.0,"max_hp_gain":0.0,"max_hp_loss":0.0,"gold_gain":0.0,"cards_transformed":["Strike_B"],"event_name":"Living Wall","player_choice":"Change","floor":4.0,"gold_loss":0.0,"damage_taken":0.0,"cards_obtained":["Auto Shields"]},{"damage_healed":0.0,"max_hp_gain":0.0,"max_hp_loss":0.0,"gold_gain":0.0,"cards_transformed":["Strike_B"],"event_name":"Transmorgrifier","player_choice":"Transformed","floor":5.0,"gold_loss":0.0,"damage_taken":0.0,"cards_obtained":["Recycle"]},{"damage_healed":0.0,"max_hp_gain":0.0,"max_hp_loss":0.0,"gold_gain":0.0,"event_name":"Scrap Ooze","player_choice":"Success","floor":10.0,"gold_loss":0.0,"damage_taken":18.0,"relics_obtained":["Lantern"]}],"is_beta":false,"boss_relics":[],"items_purged_floors":[3],"is_endless":false,"potions_floor_spawned":[1,8,11],"killed_by":"Hexaghost","ascension_level":20}}