{"host":"81vb4cbob60wa1na","time":1613805312,"event":{"mods":["BaseMod","Dio Mod","Downfall","GifTheSpireLib","Hermit","Highlight Path","Minty Spire (QoL Compilation)","StSLib","The Bug Knight","The Cursed","The Disciple"],"gold_per_floor":[116,116,116,116,142,142,180,180,251,5,39,39,50,70,70,70,70],"floor_reached":16,"language":"ENG","playtime":852,"items_purged":[],"score":108,"play_id":"c6ad49f0-ecec-42d5-80ef-8ac20b776c44","local_time":"20210220021512","is_ascension_mode":false,"campfire_choices":[{"data":"HollowMod:PerfectDash","floor":6,"key":"SMITH"},{"floor":8,"key":"REST"},{"floor":15,"key":"REST"}],"circlet_count":0,"master_deck":["HollowMod:NailStrikeStart","HollowMod:NailStrikeStart","HollowMod:NailStrikeStart","HollowMod:NailStrikeStart","HollowMod:QuickDashStart","HollowMod:QuickDashStart","HollowMod:QuickDashStart","HollowMod:QuickDashStart","HollowMod:FocusHealStart","HollowMod:PogoStrike","HollowMod:DashSlash","HollowMod:PerfectDash+1","HollowMod:SiblingsSouls","HollowMod:DoubleDash","HollowMod:SoulStrike"],"relics":["HollowMod:VesselMask","Blue Candle","Ice Cream","CeramicFish","Toy Ornithopter","HollowMod:LumaflyLanternRelic","Potion Belt","Boot"],"acts_visited":["Exordium"],"potions_floor_usage":[7,11,11,16],"damage_taken":[{"damage":0,"enemies":"2 Louse","floor":1,"turns":3},{"damage":7,"enemies":"Jaw Worm","floor":5,"turns":5},{"damage":79,"enemies":"Gremlin Nob","floor":7,"turns":7},{"damage":45,"enemies":"Lagavulin","floor":11,"turns":9},{"damage":0,"enemies":"Cultist","floor":13,"turns":4},{"damage":2,"enemies":"Lots of Slimes","floor":14,"turns":8},{"damage":52,"enemies":"The Guardian","floor":16,"turns":14}],"seed_played":"6353233472548900926","potions_obtained":[{"floor":1,"key":"Block Potion"},{"floor":14,"key":"Weak Potion"}],"is_trial":false,"path_per_floor":["M","?","?","T","M","R","E","R","T","$","E","$","M","M","R","B"],"character_chosen":"THE_BUGKNIGHT","items_purchased":["Block Potion","champ:CounterPotion","Potion Belt"],"campfire_rested":2,"item_purchase_floors":[10,10,10],"current_hp_per_floor":[82,77,74,74,73,73,4,28,28,28,3,3,3,13,37,2,2],"gold":70,"neow_bonus":"TEN_PERCENT_HP_BONUS","is_daily":false,"chose_seed":false,"campfire_upgraded":1,"win_rate":0.0,"timestamp":1613805312,"path_taken":["M","?","?","?","M","R","E","R","T","?","E","$","M","M","R","BOSS"],"items_purchased_type":["Potion","Potion","Relic"],"build_version":"2020-12-22","purchased_purges":0,"victory":false,"max_hp_per_floor":[82,82,82,82,82,82,82,82,82,82,82,82,82,82,82,82,82],"card_choices":[{"not_picked":["HollowMod:CloakDash","HollowMod:WraithStrike"],"picked":"HollowMod:DashSlash","floor":1},{"not_picked":["HollowMod:DoubleDash","HollowMod:AbyssShriek"],"picked":"HollowMod:PerfectDash","floor":5},{"not_picked":["HollowMod:ChannelNail","HollowMod:AbyssShriek"],"picked":"HollowMod:SiblingsSouls","floor":7},{"not_picked":["HollowMod:CoiledNail","HollowMod:ShadowDash"],"picked":"HollowMod:DoubleDash","floor":11},{"not_picked":["HollowMod:SharpenedShadows","HollowMod:LifebloodCocoon","HollowMod:InfectedCysts"],"picked":"SKIP","floor":13},{"not_picked":["HollowMod:CycloneSlash","HollowMod:MawleksShell"],"picked":"HollowMod:SoulStrike","floor":14}],"player_experience":317006,"relics_obtained":[{"floor":4,"key":"CeramicFish"},{"floor":7,"key":"Toy Ornithopter"},{"floor":9,"key":"HollowMod:LumaflyLanternRelic"},{"floor":11,"key":"Boot"}],"event_choices":[{"damage_healed":0,"gold_gain":0,"player_choice":"Success","damage_taken":3,"relics_obtained":["Ice Cream"],"max_hp_gain":0,"max_hp_loss":0,"event_name":"Scrap Ooze","floor":3,"gold_loss":0}],"is_beta":false,"boss_relics":[],"items_purged_floors":[],"is_endless":false,"potions_floor_spawned":[1,14],"killed_by":"The Guardian","ascension_level":0}}