{"host":"nq733qv0wuvl6xd6","time":1613801799,"event":{"mods":["BaseMod","Downfall","Minty Spire (QoL Compilation)","StSLib","The Runesmith","[IsaacMod]ÒÔÈö¼âËþ"],"gold_per_floor":[119,0,0,16,16,16,45,45,94,127,142,169,185,185,185,281,281,267,317,327,0,0,27,52,52,52,77,91,108,108,108],"floor_reached":30,"language":"ZHS","playtime":3369,"items_purged":[],"score":448,"play_id":"cf795e9b-c4b4-4682-8184-a20f8ebe86c2","local_time":"20210220141639","daily_mods":["SealedDeck","Hoarder","DeadlyEvents","Elite Swarm","Uncertain Future","Binary"],"is_ascension_mode":true,"campfire_choices":[{"data":"Runesmith:PoweredAnvil","floor":6,"key":"SMITH"},{"data":"Runesmith:PoweredAnvil","floor":8,"key":"SMITH"},{"floor":15,"key":"REST"},{"floor":25,"key":"REST"}],"circlet_count":0,"master_deck":["Runesmith:CraftProtectio","Runesmith:CraftProtectio","Runesmith:CraftProtectio","Runesmith:ChiselStab","Runesmith:ChiselStab","Runesmith:ChiselStab","Runesmith:Grindstone","Runesmith:Grindstone","Runesmith:Grindstone","Runesmith:HeatedChisel","Runesmith:HeatedChisel","Runesmith:HeatedChisel","Runesmith:EarthShield","Runesmith:EarthShield","Runesmith:EarthShield","Runesmith:EarthShield","Runesmith:EarthShield","Runesmith:EarthShield","Runesmith:CraftMagma","Runesmith:CraftMagma","Runesmith:CraftMagma","Runesmith:CraftMagma","Runesmith:CraftMagma","Runesmith:CraftMagma","Runesmith:Empowerment","Runesmith:Empowerment","Runesmith:Empowerment","Runesmith:CraftMagma","Runesmith:CraftMagma","Runesmith:CraftMagma","Runesmith:PoweredAnvil+1","Runesmith:PoweredAnvil","Runesmith:PoweredAnvil+1","Runesmith:Permafrost","Runesmith:Permafrost","Runesmith:Permafrost","Runesmith:CreatorForm","Runesmith:CreatorForm","Runesmith:CreatorForm"],"relics":["Runesmith:BrokenRuby","Busted Crown","HushsDoor","MaYiHuaBei","InkBottle","PreservedInsect","Nunchaku","Slimebound:StickyStick","Toxic Egg 2","Bag of Marbles","Black Star","Question Card","Vajra","Shuriken","Blood Vial","FaceOfCleric","BloodDonationMachine","Turnip","HornCleat","Lantern","GuppysHead","sneckomod:BlankCard","Singing Bowl"],"acts_visited":["Exordium","TheCity"],"potions_floor_usage":[16,24,24,29],"damage_taken":[{"damage":0,"enemies":"Small Slimes","floor":1,"turns":3},{"damage":2,"enemies":"2 Louse","floor":4,"turns":3},{"damage":12,"enemies":"Gremlin Nob","floor":7,"turns":5},{"damage":11,"enemies":"3 Sentries","floor":10,"turns":6},{"damage":0,"enemies":"Jaw Worm","floor":11,"turns":3},{"damage":0,"enemies":"Lagavulin","floor":12,"turns":6},{"damage":11,"enemies":"3 Louse","floor":13,"turns":4},{"damage":14,"enemies":"The Guardian","floor":16,"turns":7},{"damage":13,"enemies":"2 Thieves","floor":18,"turns":5},{"damage":8,"enemies":"Hiden Room Battle","floor":19,"turns":7},{"damage":8,"enemies":"Spheric Guardian","floor":20,"turns":6},{"damage":9,"enemies":"Book of Stabbing","floor":23,"turns":6},{"damage":39,"enemies":"Slavers","floor":24,"turns":5},{"damage":15,"enemies":"Gremlin Leader","floor":27,"turns":9},{"damage":7,"enemies":"Centurion and Healer","floor":28,"turns":9},{"damage":0,"enemies":"Shelled Parasite and Fungi","floor":29,"turns":8},{"damage":26,"enemies":"Slavers","floor":30,"turns":4}],"seed_played":"-2669783822842827823","potions_obtained":[{"floor":10,"key":"BlessingOfTheForge"},{"floor":13,"key":"FairyPotion"},{"floor":18,"key":"Fire Potion"},{"floor":19,"key":"ColorlessPotion"},{"floor":27,"key":"ColorlessPotion"}],"is_trial":true,"path_per_floor":["M","$","?","M","?","R","E","R","T","E","M","E","M","T","R","B",null,"M","?","M","$","?","E","E","R","T","E","M","M","E"],"character_chosen":"RUNESMITH_CLASS","items_purchased":["Runesmith:PoweredAnvil","Shuriken","Runesmith:Permafrost","Blood Vial"],"campfire_rested":2,"item_purchase_floors":[2,21,21,21],"current_hp_per_floor":[70,70,63,61,61,61,49,49,49,38,38,38,27,27,48,34,70,57,34,26,26,26,20,7,28,28,16,14,19,0,0],"gold":108,"neow_bonus":"","is_daily":false,"chose_seed":false,"campfire_upgraded":2,"win_rate":0.0,"timestamp":1613801799,"path_taken":["M","$","?","M","?","R","E","R","T","E","M","E","M","?","R","BOSS","M","?","M","$","?","?","E","R","T","E","M","M","E"],"items_purchased_type":["Card","Relic","Card","Relic"],"build_version":"2020-12-22","purchased_purges":0,"victory":false,"max_hp_per_floor":[70,70,70,70,70,70,70,70,70,70,70,70,70,70,70,70,70,70,70,70,70,70,71,72,72,72,73,76,79,79,79],"card_choices":[{"not_picked":["Runesmith:CraftProtectio+1"],"picked":"SKIP","floor":20},{"not_picked":["Runesmith:LastStand+1"],"picked":"SKIP","floor":23},{"not_picked":["Runesmith:GrandSlam"],"picked":"SKIP","floor":24},{"not_picked":[],"picked":"Runesmith:CreatorForm","floor":27},{"not_picked":["Runesmith:FieryHammer+1"],"picked":"Singing Bowl","floor":28},{"not_picked":["Runesmith:BackupBattery+1"],"picked":"Singing Bowl","floor":29}],"player_experience":53166,"relics_obtained":[{"floor":7,"key":"PreservedInsect"},{"floor":9,"key":"Nunchaku"},{"floor":10,"key":"Slimebound:StickyStick"},{"floor":12,"key":"Toxic Egg 2"},{"floor":14,"key":"Bag of Marbles"},{"floor":19,"key":"Question Card"},{"floor":19,"key":"Vajra"},{"floor":23,"key":"BloodDonationMachine"},{"floor":23,"key":"Turnip"},{"floor":24,"key":"HornCleat"},{"floor":24,"key":"Lantern"},{"floor":26,"key":"GuppysHead"},{"floor":27,"key":"sneckomod:BlankCard"},{"floor":27,"key":"Singing Bowl"}],"event_choices":[{"damage_healed":0,"gold_gain":0,"player_choice":"Success","damage_taken":7,"relics_obtained":["InkBottle"],"max_hp_gain":0,"max_hp_loss":0,"event_name":"Scrap Ooze","floor":3,"gold_loss":0},{"damage_healed":0,"gold_gain":0,"player_choice":"Ignored","damage_taken":0,"max_hp_gain":0,"max_hp_loss":0,"event_name":"Liars Game","floor":5,"gold_loss":0},{"damage_healed":0,"gold_gain":0,"player_choice":"Fight","damage_taken":0,"max_hp_gain":0,"max_hp_loss":0,"event_name":"HidenRoomEvent","floor":19,"gold_loss":0},{"damage_healed":0,"gold_gain":0,"player_choice":"Trade","damage_taken":0,"relics_obtained":["FaceOfCleric"],"max_hp_gain":0,"max_hp_loss":0,"event_name":"FaceTrader","floor":22,"gold_loss":0}],"is_beta":false,"boss_relics":[{"not_picked":["Runesmith:UraniumAnvil","Runic Dome"],"picked":"Black Star"},{"not_picked":[]}],"items_purged_floors":[],"is_endless":false,"potions_floor_spawned":[10,13,18,19,27],"killed_by":"Slavers","ascension_level":1}}