{"host":"snwds314m19k249i","time":1613832376,"event":{"mods":["BaseMod","Colored Map","Minty Spire (QoL Compilation)","Shop Mod","StSLib","[IsaacMod]ÒÔÈö¼âËþ"],"gold_per_floor":[117,117,42,59,234,268,268,300,300,300,318,343,355,375,375,471,471,485,1,20,32,49,79,99,99,152,187,207,207,225,252,252,356,356,366,366,34,50,68,99,106,106],"floor_reached":41,"language":"ZHS","playtime":2562,"items_purged":["Defend_G","Doubt","Strike_G","Strike_G"],"score":773,"play_id":"ee619413-77dd-4eca-960e-c70a3651b0ee","local_time":"20210220224616","is_ascension_mode":true,"campfire_choices":[{"data":"Bouncing Flask","floor":15.0,"key":"SMITH"},{"data":"Prepared","floor":29,"key":"SMITH"},{"data":"Footwork","floor":32,"key":"SMITH"}],"circlet_count":0,"master_deck":["Defend_G+1","Defend_G+1","Survivor","Neutralize","BloodyBrimstone+1","Footwork+1","Bouncing Flask+1","Infinite Blades","Backflip","Prepared+1","Escape Plan","Envenom+1","Poisoned Stab+1","Envenom+1","Calculated Gamble+1","Dodge and Roll+1","Blade Dance","Tactician+1","Acrobatics+1","Venomology","Madness","Madness","Well Laid Plans","Reflex+1"],"relics":["Ring of the Snake","HushsDoor","TungstenRod","GuppysPaw","GnawedLeaf","BookOfRevelations","Potion Belt","DeathBook","MerchantsRug","Habit","Bag of Marbles","Nunchaku","Sundial","Snake Skull","Black Star","Boot","TheAbacus","Blood Vial","SalivaCoin"],"acts_visited":["Exordium","TheCity","TheBeyond"],"potions_floor_usage":[33,33,33,35,35,40,41],"damage_taken":[{"damage":0.0,"enemies":"Small Slimes","floor":1.0,"turns":3.0},{"damage":1.0,"enemies":"Jaw Worm","floor":4.0,"turns":5.0},{"damage":4.0,"enemies":"3 Sentries","floor":6.0,"turns":6.0},{"damage":12.0,"enemies":"Gremlin Nob","floor":8.0,"turns":5.0},{"damage":0.0,"enemies":"Cultist","floor":11.0,"turns":4.0},{"damage":0.0,"enemies":"3 Sentries","floor":12.0,"turns":1.0},{"damage":0.0,"enemies":"Blue Slaver","floor":13.0,"turns":4.0},{"damage":4.0,"enemies":"Exordium Wildlife","floor":14.0,"turns":2.0},{"damage":0.0,"enemies":"The Guardian","floor":16.0,"turns":8.0},{"damage":0.0,"enemies":"Shell Parasite","floor":18.0,"turns":6.0},{"damage":0.0,"enemies":"Chosen","floor":20.0,"turns":4.0},{"damage":0.0,"enemies":"Snake Plant","floor":21.0,"turns":5.0},{"damage":5.0,"enemies":"Chosen and Byrds","floor":22.0,"turns":5.0},{"damage":0.0,"enemies":"Gremlin Leader","floor":23.0,"turns":4.0},{"damage":10.0,"enemies":"Cultist and Chosen","floor":24.0,"turns":5.0},{"damage":0,"enemies":"Book of Stabbing","floor":27,"turns":6},{"damage":0,"enemies":"Snake Plant","floor":28,"turns":4},{"damage":14,"enemies":"Snecko","floor":30,"turns":5},{"damage":0,"enemies":"Slavers","floor":31,"turns":1},{"damage":19,"enemies":"Collector","floor":33,"turns":5},{"damage":18,"enemies":"3 Darklings","floor":35,"turns":5},{"damage":2,"enemies":"Orb Walker","floor":38,"turns":4},{"damage":0,"enemies":"Sphere and 2 Shapes","floor":39,"turns":1},{"damage":0,"enemies":"Reptomancer","floor":40,"turns":4},{"damage":10,"enemies":"Spire Growth","floor":41,"turns":2}],"seed_played":"-306077340028066166","potions_obtained":[{"floor":1.0,"key":"BlessingOfTheForge"},{"floor":4.0,"key":"EssenceOfSteel"},{"floor":8.0,"key":"SpeedPotion"},{"floor":13.0,"key":"CunningPotion"},{"floor":18.0,"key":"Weak Potion"},{"floor":20.0,"key":"FearPotion"},{"floor":22.0,"key":"SpeedPotion"},{"floor":27,"key":"BlessingOfTheForge"},{"floor":31,"key":"CunningPotion"},{"floor":33,"key":"Poison Potion"},{"floor":39,"key":"AttackPotion"}],"is_trial":false,"path_per_floor":["M","?","$","M","?","E","?","E","T","?","M","E","M","M","R","B",null,"M","$","M","M","M","E","M","?","T","E","M","R","M","E","R","B",null,"M","?","$","M","M","E","M"],"character_chosen":"THE_SILENT","items_purchased":["DeathBook","MerchantsRug","Habit","Bag of Marbles","Boot","TheAbacus","Well Laid Plans"],"campfire_rested":0,"item_purchase_floors":[17,19,19,19,37,37,37],"current_hp_per_floor":[50,37,37,36,36,32,32,20,20,6,6,13,13,9,9,9,50,50,50,50,50,45,45,34,34,34,34,37,37,23,23,23,4,33,12,10,10,8,8,8,0,0],"gold":106,"neow_bonus":"REMOVE_TWO","is_daily":false,"chose_seed":false,"campfire_upgraded":3,"win_rate":0.0,"timestamp":1613832376,"path_taken":["M","?","$","M","?","E","?","E","T","?","?","E","M","M","R","BOSS","M","$","M","M","?","E","M","?","T","E","?","R","M","E","R","BOSS","M","?","$","M","M","E","M"],"items_purchased_type":["Relic","Relic","Relic","Relic","Relic","Relic","Card"],"build_version":"2020-12-22","purchased_purges":4,"victory":false,"max_hp_per_floor":[70,70,70,70,70,67,67,67,67,67,67,71,71,68,68,65,50,50,50,50,50,47,47,39,39,39,36,39,39,39,36,36,33,33,27,27,27,24,21,18,18,18],"card_choices":[{"not_picked":[],"picked":"BloodyBrimstone","floor":0.0},{"not_picked":["Bomb","Backflip"],"picked":"Footwork","floor":1.0},{"not_picked":["Deflect","Deadly Poison"],"picked":"Bouncing Flask","floor":4.0},{"not_picked":["Riddle With Holes","Tactician"],"picked":"Infinite Blades","floor":6.0},{"not_picked":["Backstab","Bane"],"picked":"Backflip","floor":8.0},{"not_picked":["Deadly Poison","Expertise","Phantasmal Killer"],"picked":"SKIP","floor":11.0},{"not_picked":["Endless Agony","Deflect"],"picked":"Prepared","floor":12.0},{"not_picked":["Riddle With Holes","Bane","Sucker Punch"],"picked":"SKIP","floor":13.0},{"not_picked":["Underhanded Strike","Bane"],"picked":"Escape Plan","floor":14.0},{"not_picked":["A Thousand Cuts","Burst"],"picked":"Envenom","floor":16.0},{"not_picked":["Skewer","Flying Knee"],"picked":"Dodge and Roll+1","floor":18.0},{"not_picked":["Deadly Poison+1","Sucker Punch"],"picked":"Blade Dance","floor":20.0},{"not_picked":["Distraction","Deflect+1","Dagger Spray"],"picked":"SKIP","floor":21.0},{"not_picked":["All Out Attack","Quick Slash"],"picked":"Tactician+1","floor":22.0},{"not_picked":["Tools of the Trade","Flechettes","Distraction"],"picked":"SKIP","floor":23.0},{"not_picked":["Dagger Throw","Dash+1"],"picked":"Acrobatics+1","floor":24.0},{"not_picked":["Underhanded Strike+1","Dodge and Roll","Eviscerate"],"picked":"SKIP","floor":27},{"not_picked":["Poisoned Stab","Outmaneuver","Dodge and Roll"],"picked":"SKIP","floor":28},{"not_picked":["Dagger Throw","Prepared","Underhanded Strike+1"],"picked":"SKIP","floor":30},{"not_picked":["Choke","Predator","Caltrops"],"picked":"SKIP","floor":31},{"not_picked":["Tools of the Trade","Bullet Time"],"picked":"Venomology","floor":33},{"not_picked":["Quick Slash","Flying Knee+1","Outmaneuver+1"],"picked":"SKIP","floor":35},{"not_picked":["Backflip","Poisoned Stab"],"picked":"Reflex+1","floor":38},{"not_picked":["Dodge and Roll+1","Flying Knee+1","Slice+1"],"picked":"SKIP","floor":39},{"not_picked":["Deadly Poison+1","Unload","Blade Dance"],"picked":"SKIP","floor":40}],"player_experience":11664,"relics_obtained":[{"floor":6.0,"key":"Bottled Lightning"},{"floor":8.0,"key":"GnawedLeaf"},{"floor":9.0,"key":"BookOfRevelations"},{"floor":12.0,"key":"Strawberry"},{"floor":23.0,"key":"PillsDrop"},{"floor":26.0,"key":"Nunchaku"},{"floor":27,"key":"Sundial"},{"floor":31,"key":"Snake Skull"},{"floor":40,"key":"Blood Vial"},{"floor":40,"key":"SalivaCoin"}],"event_choices":[{"damage_healed":0.0,"max_hp_gain":0.0,"max_hp_loss":0.0,"gold_gain":0.0,"event_name":"Shining Light","player_choice":"Entered Light","floor":2.0,"gold_loss":0.0,"damage_taken":14.0,"cards_upgraded":["Defend_G","Defend_G"]},{"damage_healed":0.0,"max_hp_gain":0.0,"max_hp_loss":0.0,"gold_gain":175.0,"event_name":"Liars Game","player_choice":"AGREE","floor":5.0,"gold_loss":0.0,"damage_taken":0.0,"cards_obtained":["Doubt"]},{"damage_healed":0.0,"max_hp_gain":0.0,"max_hp_loss":0.0,"gold_gain":0.0,"event_name":"Upgrade Shrine","player_choice":"Upgraded","floor":7.0,"gold_loss":0.0,"damage_taken":0.0,"cards_upgraded":["BloodyBrimstone"]},{"damage_healed":0.0,"max_hp_gain":0.0,"max_hp_loss":0.0,"gold_gain":0.0,"event_name":"Scrap Ooze","player_choice":"Success","floor":10.0,"gold_loss":0.0,"damage_taken":18.0,"relics_obtained":["Potion Belt"]},{"damage_healed":0.0,"max_hp_gain":0.0,"max_hp_loss":0.0,"gold_gain":0.0,"event_name":"Upgrade Shrine","player_choice":"Upgraded","floor":25.0,"gold_loss":0.0,"damage_taken":0.0,"cards_upgraded":["Envenom"]},{"damage_healed":0,"gold_gain":0,"player_choice":"Embrace Madness","damage_taken":3,"max_hp_gain":0,"max_hp_loss":0,"event_name":"Winding Halls","floor":36,"gold_loss":0,"cards_obtained":["Madness","Madness"]}],"is_beta":false,"boss_relics":[{"not_picked":["Empty Cage","Fusion Hammer"],"picked":"Astrolabe"},{"not_picked":[]},{"not_picked":["Tiny House","HoveringKite"],"picked":"Black Star"},{"not_picked":[]}],"items_purged_floors":[3,17,19,37],"is_endless":false,"potions_floor_spawned":[1,4,8,13,18,20,22,27,31,33,39],"killed_by":"Spire Growth","ascension_level":2}}