{"host":"p20682arl12z5m5p","time":1613797291,"event":{"mods":["AchievementEnabler","BaseMod","Colored Map","Highlight Path","Minty Spire (QoL Compilation)","Permanent Neow","Relic Stats","StSLib"],"gold_per_floor":[109,122,138,152,327,327,354,373,373,385,414,426,437,467,467,541,541,557,567,24,42,52,81,81,106,154,154,182,182,97,128,128,202,202,220,239,60,79,92,92,120,120,120,138,138,156,171,186,186,186,186,186,64,89,89],"floor_reached":56,"language":"ENG","playtime":4786,"items_purged":["Doubt"],"score":1859,"play_id":"374f90d9-1b7f-441c-85a3-7a589fd54525","local_time":"20210219220131","is_ascension_mode":true,"campfire_choices":[{"floor":6,"key":"REST"},{"floor":15,"key":"REST"},{"floor":29,"key":"RECALL"},{"floor":32,"key":"REST"},{"floor":40,"key":"REST"},{"floor":42,"key":"REST"},{"floor":49,"key":"REST"},{"floor":52,"key":"REST"}],"circlet_count":0,"master_deck":["AscendersBane","Zap","Dualcast","Ball Lightning","Ball Lightning","Force Field","Chill","Cold Snap","Static Discharge","Thunder Strike","Consume","Genetic Algorithm","Genetic Algorithm","Echo Form","Sunder","Force Field","Multi-Cast","Storm+1","Hello World","Biased Cognition","Defragment+1","Meteor Strike","Rainbow","Hello World","Ball Lightning","Aggregate","Consume","Melter","Hello World","Force Field","Capacitor","Fusion","Tempest+1"],"relics":["Fusion Hammer","The Courier","Meat on the Bone","Matryoshka","Bottled Tornado","Snecko Eye","Happy Flower","Lantern","Question Card","Toy Ornithopter","Nunchaku","Ancient Tea Set","Anchor","Calipers","Ornamental Fan","Blood Vial","Pandora\u0027s Box","Chemical X","Oddly Smooth Stone","MealTicket","Singing Bowl","Bronze Scales","Gremlin Horn"],"acts_visited":["Exordium","TheCity","TheBeyond","TheEnding"],"potions_floor_usage":[16,25,28,55],"damage_taken":[{"damage":1,"enemies":"Cultist","floor":1,"turns":4},{"damage":1,"enemies":"2 Louse","floor":2,"turns":4},{"damage":5,"enemies":"Small Slimes","floor":3,"turns":3},{"damage":18,"enemies":"Exordium Wildlife","floor":4,"turns":4},{"damage":30,"enemies":"Lagavulin","floor":7,"turns":5},{"damage":10,"enemies":"Looter","floor":8,"turns":3},{"damage":7,"enemies":"2 Fungi Beasts","floor":10,"turns":3},{"damage":28,"enemies":"Gremlin Nob","floor":11,"turns":4},{"damage":0,"enemies":"Gremlin Gang","floor":12,"turns":5},{"damage":12,"enemies":"Blue Slaver","floor":13,"turns":4},{"damage":17,"enemies":"Lagavulin","floor":14,"turns":6},{"damage":27,"enemies":"Hexaghost","floor":16,"turns":9},{"damage":11,"enemies":"Spheric Guardian","floor":18,"turns":5},{"damage":16,"enemies":"2 Thieves","floor":19,"turns":4},{"damage":11,"enemies":"Snake Plant","floor":21,"turns":5},{"damage":3,"enemies":"3 Cultists","floor":22,"turns":6},{"damage":28,"enemies":"Gremlin Leader","floor":23,"turns":6},{"damage":17,"enemies":"Slavers","floor":25,"turns":4},{"damage":8,"enemies":"Gremlin Leader","floor":28,"turns":5},{"damage":19,"enemies":"Slavers","floor":31,"turns":4},{"damage":11,"enemies":"Automaton","floor":33,"turns":8},{"damage":6,"enemies":"3 Shapes","floor":35,"turns":2},{"damage":4,"enemies":"Orb Walker","floor":36,"turns":4},{"damage":5,"enemies":"Writhing Mass","floor":38,"turns":4},{"damage":5,"enemies":"Sphere and 2 Shapes","floor":39,"turns":4},{"damage":3,"enemies":"Giant Head","floor":41,"turns":6},{"damage":0,"enemies":"3 Darklings","floor":44,"turns":3},{"damage":42,"enemies":"Writhing Mass","floor":46,"turns":4},{"damage":0,"enemies":"Jaw Worm Horde","floor":47,"turns":2},{"damage":0,"enemies":"4 Shapes","floor":48,"turns":4},{"damage":29,"enemies":"Awakened One","floor":50,"turns":7},{"damage":38,"enemies":"Shield and Spear","floor":54,"turns":4},{"damage":29,"enemies":"The Heart","floor":55,"turns":7}],"seed_played":"-1881681019636698402","potions_obtained":[{"floor":3,"key":"Ancient Potion"},{"floor":8,"key":"Energy Potion"},{"floor":14,"key":"Regen Potion"},{"floor":23,"key":"PowerPotion"},{"floor":25,"key":"DuplicationPotion"},{"floor":35,"key":"FairyPotion"}],"is_trial":false,"path_per_floor":["M","M","M","M","?","R","E","M","T","M","E","M","M","E","R","B",null,"M","M","$","M","M","E","?","E","T","?","E","R","?","E","R","B",null,"M","M","$","M","M","R","E","R","T","M","?","M","M","M","R","B",null,"R","$","E","B",null],"character_chosen":"DEFECT","items_purchased":["Happy Flower","Lantern","Question Card","Swift Potion","Chemical X","Capacitor","Bronze Scales"],"campfire_rested":7,"item_purchase_floors":[20,20,20,20,37,37,53],"current_hp_per_floor":[67,66,61,43,43,65,35,25,25,30,14,26,26,21,43,33,65,54,38,38,39,48,32,32,32,32,32,41,41,41,34,56,47,68,64,62,62,59,56,75,72,75,75,75,71,45,49,53,79,52,78,87,87,51,41],"gold":89,"neow_bonus":"BOSS_RELIC","is_daily":false,"chose_seed":false,"campfire_upgraded":0,"win_rate":0.0,"timestamp":1613797291,"path_taken":["M","?","M","M","?","R","E","M","T","M","E","M","M","E","R","BOSS","M","M","$","M","M","E","?","E","T","?","E","R","?","E","R","BOSS","M","M","$","M","M","R","E","R","T","M","?","M","M","M","R","BOSS","R","$","E","BOSS"],"items_purchased_type":["Relic","Relic","Relic","Potion","Relic","Card","Relic"],"build_version":"2020-12-22","purchased_purges":1,"victory":true,"max_hp_per_floor":[75,75,75,75,75,75,75,75,75,75,75,75,75,75,75,75,75,75,75,75,75,75,75,75,75,75,75,75,75,75,75,75,75,75,75,75,75,75,75,75,75,75,75,75,81,83,85,87,87,87,87,87,87,89,89],"relic_stats":{"Happy Flower":[29],"Singing Bowl":14,"Gremlin Horn":[0,0],"counters":[33,152],"Question Card":20,"Blood Vial":20,"Nunchaku":[9],"Ornamental Fan":[32],"Bronze Scales":[111],"Snecko Eye":[163,170,174,127],"Pandora\u0027s Box":["Rainbow","Hello World","Ball Lightning","Aggregate","Consume","Melter","Hello World"],"MealTicket":0,"Chemical X":[15],"obtain_stats":[{"Lantern":20,"Calipers":28,"Happy Flower":20,"Singing Bowl":43,"Gremlin Horn":54,"Oddly Smooth Stone":41,"The Courier":7,"Bottled Tornado":14,"Question Card":20,"Ancient Tea Set":25,"Blood Vial":31,"Nunchaku":24,"Anchor":26,"Matryoshka":11,"Ornamental Fan":30,"Bronze Scales":53,"Snecko Eye":17,"Pandora\u0027s Box":34,"MealTicket":43,"Fusion Hammer":0,"Chemical X":37,"Cracked Core":0,"Toy Ornithopter":23,"Meat on the Bone":9},{"Lantern":14,"Calipers":19,"Happy Flower":14,"Singing Bowl":26,"Gremlin Horn":32,"Oddly Smooth Stone":26,"The Courier":5,"Bottled Tornado":11,"Question Card":14,"Ancient Tea Set":18,"Blood Vial":20,"Nunchaku":17,"Anchor":18,"Matryoshka":8,"Ornamental Fan":19,"Bronze Scales":31,"Snecko Eye":12,"Pandora\u0027s Box":21,"MealTicket":26,"Fusion Hammer":0,"Chemical X":23,"Cracked Core":0,"Toy Ornithopter":17,"Meat on the Bone":6},{"Lantern":63,"Calipers":89,"Happy Flower":63,"Singing Bowl":121,"Gremlin Horn":145,"Oddly Smooth Stone":121,"The Courier":20,"Bottled Tornado":45,"Question Card":63,"Ancient Tea Set":84,"Blood Vial":93,"Nunchaku":80,"Anchor":84,"Matryoshka":30,"Ornamental Fan":89,"Bronze Scales":141,"Snecko Eye":54,"Pandora\u0027s Box":101,"MealTicket":121,"Fusion Hammer":0,"Chemical X":107,"Cracked Core":0,"Toy Ornithopter":80,"Meat on the Bone":23}],"Toy Ornithopter":15,"Meat on the Bone":168},"card_choices":[{"not_picked":["Steam","Gash"],"picked":"Barrage","floor":1},{"not_picked":["Fusion","Skim"],"picked":"Ball Lightning","floor":2},{"not_picked":["Rebound","Steam"],"picked":"Ball Lightning","floor":3},{"not_picked":["Gash","Compile Driver"],"picked":"Force Field","floor":4},{"not_picked":["Gash","Consume"],"picked":"Chill","floor":7},{"not_picked":["Hologram","Self Repair"],"picked":"Cold Snap","floor":8},{"not_picked":["Gash","Cold Snap"],"picked":"Static Discharge","floor":10},{"not_picked":["Doom and Gloom","Gash"],"picked":"Thunder Strike","floor":11},{"not_picked":["Doom and Gloom","Steam"],"picked":"Consume","floor":12},{"not_picked":["Coolheaded","Cold Snap"],"picked":"Genetic Algorithm","floor":13},{"not_picked":["Fusion","Hologram"],"picked":"Genetic Algorithm","floor":14},{"not_picked":["Fission","Amplify"],"picked":"Echo Form","floor":16},{"not_picked":["Coolheaded","Blizzard+1"],"picked":"Sunder","floor":18},{"not_picked":["Leap+1","Redo","Sweeping Beam"],"picked":"SKIP","floor":19},{"not_picked":["Stack","Blizzard","Sweeping Beam"],"picked":"Force Field","floor":21},{"not_picked":["Cold Snap","Gash","Conserve Battery+1","Genetic Algorithm"],"picked":"SKIP","floor":22},{"not_picked":["FTL","Leap+1","Rebound"],"picked":"Multi-Cast","floor":23},{"not_picked":["Turbo","Gash","Hologram"],"picked":"Storm+1","floor":25},{"not_picked":["Scrape","Leap","Sweeping Beam","Ball Lightning"],"picked":"SKIP","floor":28},{"not_picked":["Chill","Gash","Reinforced Body"],"picked":"Defragment+1","floor":31},{"not_picked":["Core Surge","Biased Cognition","Electrodynamics"],"picked":"Meteor Strike","floor":33},{"not_picked":["Go for the Eyes","Cold Snap","Steam","Turbo"],"picked":"SKIP","floor":35},{"not_picked":["Coolheaded","Defragment+1","BootSequence"],"picked":"Force Field","floor":36},{"not_picked":["Stack","Hologram","Capacitor","Go for the Eyes+1"],"picked":"SKIP","floor":38},{"not_picked":["Ball Lightning","Reprogram+1","Hyperbeam"],"picked":"Fusion","floor":39},{"not_picked":["Cold Snap","Capacitor","Double Energy+1","Defragment"],"picked":"SKIP","floor":41},{"not_picked":["Compile Driver","Turbo+1","Beam Cell+1"],"picked":"Tempest+1","floor":44},{"not_picked":["Metamorphosis","Impatience","Bandage Up","Secret Technique"],"picked":"Singing Bowl","floor":45},{"not_picked":["Enlightenment","Chrysalis","Good Instincts","Finesse"],"picked":"Singing Bowl","floor":45},{"not_picked":["Mind Blast","Good Instincts","Forethought","Swift Strike"],"picked":"Singing Bowl","floor":45},{"not_picked":["Redo","Chill+1","Ball Lightning","Sweeping Beam"],"picked":"Singing Bowl","floor":46},{"not_picked":["Coolheaded","Conserve Battery","Capacitor+1","Gash+1"],"picked":"Singing Bowl","floor":47},{"not_picked":["FTL+1","Cold Snap","Barrage","Coolheaded"],"picked":"Singing Bowl","floor":48},{"not_picked":["Capacitor","Stack","Scrape","Core Surge"],"picked":"Singing Bowl","floor":54}],"player_experience":676047,"relics_obtained":[{"floor":7,"key":"The Courier"},{"floor":9,"key":"Meat on the Bone"},{"floor":11,"key":"Matryoshka"},{"floor":14,"key":"Bottled Tornado"},{"floor":23,"key":"Toy Ornithopter"},{"floor":25,"key":"Ancient Tea Set"},{"floor":26,"key":"Anchor"},{"floor":28,"key":"Calipers"},{"floor":31,"key":"Blood Vial"},{"floor":41,"key":"Oddly Smooth Stone"},{"floor":43,"key":"MealTicket"},{"floor":43,"key":"Singing Bowl"},{"floor":54,"key":"Gremlin Horn"}],"event_choices":[{"damage_healed":0,"gold_gain":175,"player_choice":"AGREE","damage_taken":0,"max_hp_gain":0,"max_hp_loss":0,"event_name":"Liars Game","floor":5,"gold_loss":0,"cards_obtained":["Doubt"]},{"damage_healed":0,"gold_gain":0,"player_choice":"Opened","damage_taken":0,"relics_obtained":["Nunchaku"],"max_hp_gain":0,"max_hp_loss":0,"event_name":"The Mausoleum","floor":24,"gold_loss":0},{"damage_healed":0,"gold_gain":0,"cards_transformed":["Barrage","Strike_B"],"player_choice":"Became Test Subject","damage_taken":0,"max_hp_gain":0,"max_hp_loss":0,"event_name":"Drug Dealer","floor":27,"gold_loss":0,"cards_obtained":["Hello World","Biased Cognition"]},{"damage_healed":0,"gold_gain":0,"player_choice":"Obtained Relic","damage_taken":0,"relics_obtained":["Ornamental Fan"],"max_hp_gain":0,"max_hp_loss":0,"event_name":"Addict","floor":30,"gold_loss":85},{"damage_healed":0,"gold_gain":0,"player_choice":"Memory 3","damage_taken":10,"max_hp_gain":0,"max_hp_loss":0,"event_name":"SensoryStone","floor":45,"gold_loss":0}],"is_beta":false,"boss_relics":[{"not_picked":["Ectoplasm","Astrolabe"],"picked":"Snecko Eye"},{"not_picked":["Empty Cage","Philosopher\u0027s Stone"],"picked":"Pandora\u0027s Box"}],"items_purged_floors":[20],"is_endless":false,"potions_floor_spawned":[3,8,11,13,14,21,23,25,35,38,39,46,48],"ascension_level":13}}