{"host":"uexz8m6e0pxi7xat","time":1613781055,"event":{"mods":["BaseMod","Bestiary","Minty Spire (QoL Compilation)","Relic Stats","ojb\u0027s Info Mod"],"gold_per_floor":[111,111,131,142,162,162,197,197,197,215,240,253,253,269,269,348,348,364,289,307,324,6,6,6,37,37,54,87,106,133,153,153,232,232,243,119,129,149,162,193,206,231,231,250,250,260,288,163,163,163,163,163,163,35,61,61,61],"floor_reached":56,"language":"ENG","playtime":8418,"items_purged":["Strike_B","Zap","Writhe"],"score":2205,"play_id":"4e37e3d7-a58b-433c-a13c-bd3d55544f6a","local_time":"20210220133055","is_ascension_mode":true,"campfire_choices":[{"data":"Buffer","floor":6.0,"key":"SMITH"},{"data":"Loop","floor":8.0,"key":"SMITH"},{"data":"Sunder","floor":13.0,"key":"SMITH"},{"data":"Defragment","floor":15.0,"key":"SMITH"},{"data":"Hyperbeam","floor":23,"key":"SMITH"},{"data":"Defragment","floor":32,"key":"SMITH"},{"floor":49,"key":"RECALL"},{"data":"Coolheaded","floor":53,"key":"SMITH"}],"circlet_count":0,"master_deck":["AscendersBane","Strike_B","Strike_B","Defend_B","Defend_B","Defend_B","Defend_B","Dualcast","CurseOfTheBell","Sunder+1","Buffer+1","Defragment+1","Loop+1","Compile Driver","Hyperbeam+1","Coolheaded+1","FTL","Cold Snap","Steam","Glacier","Loop+1","Defragment+1","Defragment+1","Conserve Battery+1","Hologram+1","Amplify+1","Compile Driver","Hologram+1","Reinforced Body+1","Doom and Gloom","Redo+1","Conserve Battery+1","Compile Driver","Redo+1","Coolheaded+1","Creative AI"],"relics":["Calling Bell","Strawberry","Symbiotic Virus","Bird Faced Urn","Toy Ornithopter","Lantern","Pantograph","Runic Pyramid","Happy Flower","Toxic Egg 2","Nunchaku","Potion Belt","Mummified Hand","Cursed Key","Calipers","Letter Opener","Gremlin Horn","Bronze Scales"],"acts_visited":["Exordium","TheCity","TheBeyond","TheEnding"],"potions_floor_usage":[25,33,42,47,55,55,55,55,56,56,56,56],"damage_taken":[{"damage":9.0,"enemies":"2 Louse","floor":1.0,"turns":2.0},{"damage":6.0,"enemies":"Cultist","floor":3.0,"turns":4.0},{"damage":2.0,"enemies":"Jaw Worm","floor":4.0,"turns":3.0},{"damage":6.0,"enemies":"2 Fungi Beasts","floor":5.0,"turns":4.0},{"damage":0.0,"enemies":"Lagavulin","floor":7.0,"turns":5.0},{"damage":9.0,"enemies":"Red Slaver","floor":10.0,"turns":4.0},{"damage":14.0,"enemies":"Gremlin Nob","floor":11.0,"turns":6.0},{"damage":0.0,"enemies":"Exordium Wildlife","floor":12.0,"turns":2.0},{"damage":0.0,"enemies":"Large Slime","floor":14.0,"turns":5.0},{"damage":30.0,"enemies":"Hexaghost","floor":16.0,"turns":9.0},{"damage":22.0,"enemies":"3 Byrds","floor":18.0,"turns":5.0},{"damage":11.0,"enemies":"Shell Parasite","floor":20.0,"turns":5.0},{"damage":28.0,"enemies":"3 Cultists","floor":21.0,"turns":6.0},{"damage":10,"enemies":"Gremlin Leader","floor":25,"turns":5},{"damage":10,"enemies":"Centurion and Healer","floor":27,"turns":8},{"damage":12,"enemies":"Book of Stabbing","floor":28,"turns":4},{"damage":9,"enemies":"Snake Plant","floor":29,"turns":6},{"damage":0,"enemies":"Gremlin Leader","floor":30,"turns":5},{"damage":3,"enemies":"Snecko","floor":31,"turns":6},{"damage":12,"enemies":"Collector","floor":33,"turns":9},{"damage":39,"enemies":"3 Darklings","floor":35,"turns":7},{"damage":6,"enemies":"Orb Walker","floor":37,"turns":4},{"damage":0,"enemies":"Maw","floor":38,"turns":5},{"damage":22,"enemies":"3 Darklings","floor":39,"turns":8},{"damage":0,"enemies":"Giant Head","floor":40,"turns":6},{"damage":0,"enemies":"Spire Growth","floor":41,"turns":5},{"damage":18,"enemies":"Reptomancer","floor":42,"turns":8},{"damage":2,"enemies":"4 Shapes","floor":44,"turns":8},{"damage":1,"enemies":"Writhing Mass","floor":46,"turns":7},{"damage":27,"enemies":"Giant Head","floor":47,"turns":9},{"damage":15,"enemies":"Donu and Deca","floor":50,"turns":14},{"damage":32,"enemies":"Time Eater","floor":51,"turns":5},{"damage":84,"enemies":"Shield and Spear","floor":55,"turns":13},{"damage":111,"enemies":"The Heart","floor":56,"turns":9}],"seed_played":"2637109973851835189","potions_obtained":[{"floor":1.0,"key":"AttackPotion"},{"floor":5.0,"key":"FocusPotion"},{"floor":12.0,"key":"Swift Potion"},{"floor":16.0,"key":"Ancient Potion"},{"floor":21.0,"key":"PowerPotion"},{"floor":27,"key":"Energy Potion"},{"floor":28,"key":"Swift Potion"},{"floor":35,"key":"Fire Potion"},{"floor":39,"key":"Weak Potion"},{"floor":41,"key":"Weak Potion"},{"floor":44,"key":"EntropicBrew"},{"floor":47,"key":"Explosive Potion"}],"is_trial":false,"path_per_floor":["M","?","M","M","M","R","E","R","T","M","E","M","R","M","R","B",null,"M","?","M","M","$","R","?","E","T","M","E","M","E","M","R","B",null,"M","$","M","M","M","E","M","E","T","M","?","M","E","$","R","B","B",null,"R","$","E","B"],"character_chosen":"DEFECT","items_purchased":["Happy Flower","Defragment","Hologram+1","Coolheaded+1","PotionOfCapacity"],"campfire_rested":0,"item_purchase_floors":[22,22,36,54,54],"current_hp_per_floor":[62,62,58,60,58,58,64,64,64,61,58,62,62,68,68,52,72,56,56,51,29,29,29,29,38,38,40,38,41,53,62,62,72,77,54,54,68,78,74,78,78,74,74,78,78,78,58,58,58,78,60,74,74,74,30,0,0],"gold":61,"neow_bonus":"BOSS_RELIC","is_daily":false,"chose_seed":false,"campfire_upgraded":7,"win_rate":0.0,"timestamp":1613781055,"path_taken":["M","?","M","M","M","R","E","R","T","M","E","?","R","M","R","BOSS","M","?","M","M","$","R","?","E","T","M","E","M","E","?","R","BOSS","M","$","M","M","M","E","M","E","T","M","?","M","E","$","R","BOSS","BOSS","R","$","E","BOSS"],"items_purchased_type":["Relic","Card","Card","Card","Potion"],"build_version":"2020-12-22","purchased_purges":3,"victory":false,"max_hp_per_floor":[78,78,78,78,78,78,78,78,78,78,78,78,78,78,78,78,78,78,78,78,78,78,78,78,78,78,78,78,78,78,78,78,78,78,78,78,78,78,78,78,78,78,78,78,78,78,78,78,78,78,78,78,78,78,78,78,78],"relic_stats":{"Nunchaku":[18],"Happy Flower":[50],"Gremlin Horn":[2,2],"counters":[34,210],"Mummified Hand":[190],"Bird Faced Urn":[319],"Pantograph":71,"Bronze Scales":[138],"Letter Opener":[170],"Cursed Key":1,"obtain_stats":[{"Potion Belt":28,"Lantern":9,"Calipers":40,"Happy Flower":22,"Gremlin Horn":47,"Letter Opener":42,"Cursed Key":34,"Calling Bell":0,"Nunchaku":26,"Mummified Hand":30,"Strawberry":0,"Bird Faced Urn":0,"Pantograph":11,"Bronze Scales":55,"Toxic Egg 2":25,"Cracked Core":0,"Symbiotic Virus":0,"Toy Ornithopter":7,"Runic Pyramid":17},{"Potion Belt":16,"Lantern":5,"Calipers":25,"Happy Flower":13,"Gremlin Horn":30,"Letter Opener":27,"Cursed Key":20,"Calling Bell":0,"Nunchaku":14,"Mummified Hand":18,"Strawberry":0,"Bird Faced Urn":0,"Pantograph":7,"Bronze Scales":33,"Toxic Egg 2":14,"Cracked Core":0,"Symbiotic Virus":0,"Toy Ornithopter":5,"Runic Pyramid":10},{"Potion Belt":76,"Lantern":18,"Calipers":132,"Happy Flower":59,"Gremlin Horn":169,"Letter Opener":145,"Cursed Key":102,"Calling Bell":0,"Nunchaku":64,"Mummified Hand":87,"Strawberry":0,"Bird Faced Urn":0,"Pantograph":28,"Bronze Scales":201,"Toxic Egg 2":64,"Cracked Core":0,"Symbiotic Virus":0,"Toy Ornithopter":18,"Runic Pyramid":44}],"Toy Ornithopter":50},"card_choices":[{"not_picked":["Compile Driver","Barrage"],"picked":"Sunder","floor":1.0},{"not_picked":["Doom and Gloom","Beam Cell"],"picked":"Defragment","floor":3.0},{"not_picked":["Cold Snap","Coolheaded"],"picked":"Loop","floor":4.0},{"not_picked":["Barrage","Chaos"],"picked":"Compile Driver","floor":5.0},{"not_picked":["Streamline","Double Energy"],"picked":"Hyperbeam","floor":7.0},{"not_picked":["Static Discharge","Tempest","Ball Lightning"],"picked":"SKIP","floor":10.0},{"not_picked":["Consume","Barrage"],"picked":"Coolheaded","floor":11.0},{"not_picked":["Rebound","Compile Driver"],"picked":"FTL","floor":12.0},{"not_picked":["Rebound","Aggregate"],"picked":"Cold Snap","floor":14.0},{"not_picked":["Reprogram","Leap"],"picked":"Steam","floor":18.0},{"not_picked":["Skim","Melter"],"picked":"Glacier","floor":20.0},{"not_picked":["FTL","Go for the Eyes+1"],"picked":"Loop+1","floor":21.0},{"not_picked":["Gash","Stack+1","Ball Lightning"],"picked":"SKIP","floor":25},{"not_picked":["Stack+1","Streamline","Compile Driver"],"picked":"SKIP","floor":27},{"not_picked":["Sweeping Beam","Defragment"],"picked":"Conserve Battery+1","floor":28},{"not_picked":["Rip and Tear","Ball Lightning","Gash"],"picked":"SKIP","floor":29},{"not_picked":["Sweeping Beam","Compile Driver","Electrodynamics"],"picked":"SKIP","floor":30},{"not_picked":["Gash","Skim+1"],"picked":"Hologram+1","floor":31},{"not_picked":["Biased Cognition","Creative AI"],"picked":"Amplify+1","floor":33},{"not_picked":["Compile Driver","Rebound+1","Sunder+1"],"picked":"SKIP","floor":35},{"not_picked":["Rebound+1","Sunder+1"],"picked":"Compile Driver","floor":35},{"not_picked":["Cold Snap","Barrage+1"],"picked":"Reinforced Body+1","floor":37},{"not_picked":["Consume+1","Double Energy+1"],"picked":"Doom and Gloom","floor":38},{"not_picked":["Rebound","Conserve Battery+1"],"picked":"Redo+1","floor":39},{"not_picked":["Auto Shields+1","Storm"],"picked":"Conserve Battery+1","floor":40},{"not_picked":["Redo+1","Barrage"],"picked":"Compile Driver","floor":41},{"not_picked":["Fusion+1","All For One","Blizzard"],"picked":"SKIP","floor":42},{"not_picked":["Blizzard","Rebound","Static Discharge+1"],"picked":"SKIP","floor":44},{"not_picked":["Conserve Battery+1","Reprogram+1","White Noise+1"],"picked":"SKIP","floor":46},{"not_picked":["Fission+1","Lockon+1"],"picked":"Redo+1","floor":47},{"not_picked":["Beam Cell","Go for the Eyes"],"picked":"Creative AI","floor":55}],"player_experience":1052192,"relics_obtained":[{"floor":0.0,"key":"Strawberry"},{"floor":0.0,"key":"Symbiotic Virus"},{"floor":0.0,"key":"Bird Faced Urn"},{"floor":7.0,"key":"Toy Ornithopter"},{"floor":9.0,"key":"Lantern"},{"floor":11.0,"key":"Pantograph"},{"floor":25,"key":"Toxic Egg 2"},{"floor":26,"key":"Nunchaku"},{"floor":28,"key":"Potion Belt"},{"floor":30,"key":"Mummified Hand"},{"floor":40,"key":"Calipers"},{"floor":42,"key":"Letter Opener"},{"floor":47,"key":"Gremlin Horn"},{"floor":55,"key":"Bronze Scales"}],"event_choices":[{"damage_healed":0.0,"max_hp_gain":0.0,"max_hp_loss":0.0,"gold_gain":0.0,"event_name":"Match and Keep!","player_choice":"1 cards matched","floor":2.0,"gold_loss":0.0,"damage_taken":0.0,"cards_obtained":["Buffer"]},{"cards_removed":["Strike_B"],"damage_healed":0.0,"max_hp_gain":0.0,"max_hp_loss":0.0,"gold_gain":0.0,"event_name":"Beggar","player_choice":"Gave Gold","floor":19.0,"gold_loss":75.0,"damage_taken":0.0},{"damage_healed":0,"gold_gain":0,"player_choice":"Copied","damage_taken":0,"max_hp_gain":0,"max_hp_loss":0,"event_name":"Duplicator","floor":24,"gold_loss":0,"cards_obtained":["Defragment"]},{"damage_healed":0,"gold_gain":0,"player_choice":"Ignored","damage_taken":0,"max_hp_gain":0,"max_hp_loss":0,"event_name":"Tomb of Lord Red Mask","floor":45,"gold_loss":0}],"is_beta":false,"boss_relics":[{"not_picked":["Black Star","Philosopher\u0027s Stone"],"picked":"Runic Pyramid"},{"not_picked":["Snecko Eye","Pandora\u0027s Box"],"picked":"Cursed Key"}],"items_purged_floors":[22,36,48],"is_endless":false,"potions_floor_spawned":[1,5,12,16,21,27,28,35,39,40,41,44,47],"killed_by":"The Heart","ascension_level":20}}