{"host":"x665ekuy0qorxtwt","time":1613862556,"event":{"mods":["AchievementEnabler","BaseMod","Bestiary","Colored Map","Colored Powertips","Minty Spire (QoL Compilation)"],"gold_per_floor":[111,124,199,216,228,254,254,266,266,266,279,279,295,309,309,309,309],"floor_reached":16,"language":"ENG","playtime":929,"items_purged":[],"score":106,"play_id":"5ba92c69-da2c-40c1-90f6-bd191a889c76","local_time":"20210220150916","is_ascension_mode":false,"campfire_choices":[{"floor":10,"key":"REST"},{"data":"Wallop","floor":12,"key":"SMITH"},{"data":"Eruption","floor":15,"key":"SMITH"}],"circlet_count":0,"master_deck":["Strike_P","Strike_P","Strike_P","Defend_P","Defend_P","Defend_P","Defend_P","Eruption+1","Vigilance","FollowUp","MentalFortress","FollowUp","FlurryOfBlows","MasterReality","Wallop+1","WreathOfFlame+1","Consecrate","Swivel+1"],"relics":["PureWater","Toxic Egg 2","Gambling Chip"],"acts_visited":["Exordium"],"potions_floor_usage":[13,16,16],"damage_taken":[{"damage":0.0,"enemies":"Small Slimes","floor":1.0,"turns":3.0},{"damage":6.0,"enemies":"Jaw Worm","floor":2.0,"turns":4.0},{"damage":0.0,"enemies":"Cultist","floor":4.0,"turns":2.0},{"damage":7.0,"enemies":"3 Louse","floor":5.0,"turns":3.0},{"damage":37.0,"enemies":"3 Sentries","floor":6.0,"turns":9.0},{"damage":2.0,"enemies":"2 Fungi Beasts","floor":8.0,"turns":4.0},{"damage":0,"enemies":"Red Slaver","floor":11,"turns":4},{"damage":0,"enemies":"Large Slime","floor":13,"turns":3},{"damage":0,"enemies":"Blue Slaver","floor":14,"turns":4},{"damage":31,"enemies":"The Guardian","floor":16,"turns":6}],"seed_played":"-7144669152167392200","potions_obtained":[{"floor":2.0,"key":"AttackPotion"},{"floor":8,"key":"Dexterity Potion"},{"floor":13,"key":"Ancient Potion"},{"floor":14,"key":"DistilledChaos"}],"is_trial":false,"path_per_floor":["M","M","?","M","M","E","?","M","T","R","M","R","M","M","R","B"],"character_chosen":"WATCHER","items_purchased":[],"campfire_rested":1,"item_purchase_floors":[],"current_hp_per_floor":[72,66,55,55,48,11,11,9,9,30,30,30,30,30,30,0,0],"gold":309,"neow_bonus":"THREE_CARDS","is_daily":false,"chose_seed":false,"campfire_upgraded":2,"win_rate":0.0,"timestamp":1613862556,"path_taken":["M","M","?","M","M","E","?","M","T","R","M","R","M","M","R","BOSS"],"items_purchased_type":[],"build_version":"2020-12-22","purchased_purges":0,"victory":false,"max_hp_per_floor":[72,72,72,72,72,72,72,72,72,72,72,72,72,72,72,72,72],"card_choices":[{"not_picked":["Sanctity","BowlingBash"],"picked":"FollowUp","floor":0.0},{"not_picked":["JustLucky","Indignation"],"picked":"MentalFortress","floor":1.0},{"not_picked":["TalkToTheHand","SashWhip"],"picked":"FollowUp","floor":2.0},{"not_picked":["EmptyFist","SandsOfTime"],"picked":"FlurryOfBlows","floor":4.0},{"not_picked":["Wireheading","FlurryOfBlows"],"picked":"MasterReality","floor":5.0},{"not_picked":["SignatureMove","BowlingBash"],"picked":"Wallop","floor":6.0},{"not_picked":["Crescendo+1","Wallop"],"picked":"WreathOfFlame+1","floor":8},{"not_picked":["FlyingSleeves","PathToVictory+1"],"picked":"Consecrate","floor":11},{"not_picked":["EmptyBody+1","Consecrate","FlyingSleeves"],"picked":"SKIP","floor":13},{"not_picked":["Conclude","Crescendo+1"],"picked":"Swivel+1","floor":14}],"player_experience":221772,"relics_obtained":[{"floor":6.0,"key":"Toxic Egg 2"},{"floor":9,"key":"Gambling Chip"}],"event_choices":[{"damage_healed":0.0,"max_hp_gain":0.0,"max_hp_loss":0.0,"gold_gain":75.0,"event_name":"World of Goop","player_choice":"Gather Gold","floor":3.0,"gold_loss":0.0,"damage_taken":11.0},{"cards_removed":["Strike_P"],"damage_healed":0.0,"max_hp_gain":0.0,"max_hp_loss":0.0,"gold_gain":0.0,"event_name":"Purifier","player_choice":"Purged","floor":7.0,"gold_loss":0.0,"damage_taken":0.0}],"is_beta":false,"boss_relics":[],"items_purged_floors":[],"is_endless":false,"potions_floor_spawned":[2,8,13,14],"killed_by":"The Guardian","ascension_level":0}}