{"host":"wrdw6zkxuilnr6rg","time":1613790249,"event":{"mods":["BaseMod","Colored Powertips","Minty Spire (QoL Compilation)","Relic Stats","StSLib"],"gold_per_floor":[117,42,92,92,109,109,135,84,84,104,84,84,113,133,133,133,133],"floor_reached":16,"language":"ENG","playtime":350,"items_purged":["Strike_B"],"score":266,"play_id":"066f4052-791a-4e73-829a-ea020d3e9f21","local_time":"20210220060409","is_ascension_mode":true,"campfire_choices":[{"data":"Dualcast","floor":6,"key":"SMITH"},{"data":"Zap","floor":12,"key":"SMITH"},{"floor":15,"key":"REST"}],"circlet_count":0,"master_deck":["AscendersBane","Strike_B","Strike_B","Defend_B","Defend_B","Defend_B","Zap+1","Dualcast+1","Streamline","Beam Cell","Gash","Gash"],"relics":["Cracked Core","Pen Nib","Molten Egg 2","Bag of Marbles"],"acts_visited":["Exordium"],"potions_floor_usage":[13,16],"damage_taken":[{"damage":2,"enemies":"Jaw Worm","floor":1,"turns":4},{"damage":6,"enemies":"Cultist","floor":5,"turns":3},{"damage":15,"enemies":"Lagavulin","floor":7,"turns":5},{"damage":4,"enemies":"2 Louse","floor":10,"turns":3},{"damage":0,"enemies":"Gremlin Nob","floor":13,"turns":2},{"damage":17,"enemies":"Gremlin Gang","floor":14,"turns":4},{"damage":44,"enemies":"Slime Boss","floor":16,"turns":7}],"seed_played":"-8362334955369582460","potions_obtained":[{"floor":7,"key":"Dexterity Potion"},{"floor":10,"key":"Dexterity Potion"},{"floor":11,"key":"Strength Potion"}],"is_trial":false,"path_per_floor":["M","$","?","$","M","R","E","$","T","M","?","R","E","M","R","B"],"character_chosen":"DEFECT","items_purchased":["Gash"],"campfire_rested":1,"item_purchase_floors":[8],"current_hp_per_floor":[62,62,62,62,56,56,41,41,41,37,37,37,37,20,39,0,0],"gold":133,"neow_bonus":"REMOVE_TWO","is_daily":false,"chose_seed":false,"campfire_upgraded":2,"win_rate":0.0,"timestamp":1613790249,"path_taken":["M","$","?","$","?","R","E","$","T","M","?","R","E","?","R","BOSS"],"items_purchased_type":["Card"],"build_version":"2020-12-22","purchased_purges":1,"victory":false,"max_hp_per_floor":[64,64,64,64,64,64,64,64,64,64,64,64,64,64,64,64,64],"relic_stats":{"counters":[7,28],"Pen Nib":[3],"obtain_stats":[{"Molten Egg 2":9,"Pen Nib":7,"Bag of Marbles":13,"Cracked Core":0},{"Molten Egg 2":3,"Pen Nib":3,"Bag of Marbles":5,"Cracked Core":0},{"Molten Egg 2":12,"Pen Nib":12,"Bag of Marbles":17,"Cracked Core":0}]},"card_choices":[{"not_picked":["Fusion","Coolheaded"],"picked":"Streamline","floor":1},{"not_picked":["Go for the Eyes","Redo"],"picked":"Beam Cell","floor":5},{"not_picked":["Multi-Cast","Darkness"],"picked":"Gash","floor":7}],"player_experience":1465939,"relics_obtained":[{"floor":7,"key":"Pen Nib"},{"floor":9,"key":"Molten Egg 2"},{"floor":13,"key":"Bag of Marbles"}],"event_choices":[{"damage_healed":0,"gold_gain":50,"player_choice":"Pray","damage_taken":0,"max_hp_gain":0,"max_hp_loss":0,"event_name":"Golden Shrine","floor":3,"gold_loss":0},{"damage_healed":0,"gold_gain":0,"player_choice":"Bought 1 Potion","damage_taken":0,"max_hp_gain":0,"max_hp_loss":0,"event_name":"The Woman in Blue","floor":11,"gold_loss":0}],"is_beta":false,"boss_relics":[],"items_purged_floors":[2],"is_endless":false,"potions_floor_spawned":[7,10],"killed_by":"Slime Boss","ascension_level":20}}