{"host":"qxeepl7ydvsgmfdb","time":1613835817,"event":{"mods":["AchievementEnabler","BaseMod","Colored Powertips","Minty Spire (QoL Compilation)","Quick Restart","slay the spire mod where everything is the same but ironclad has a cowboy hat"],"gold_per_floor":[114,189,149,149,169,197,197,230,278,120,120,135,148,160,160,232,232,249,249,249,40,60,60,60,60],"floor_reached":24,"language":"ENG","playtime":631,"items_purged":[],"score":424,"play_id":"60aa0396-5442-4dc6-9cde-4a47d75c1081","local_time":"20210220104337","is_ascension_mode":true,"campfire_choices":[{"data":"Terror","floor":7.0,"key":"SMITH"},{"floor":15.0,"key":"REST"},{"floor":23,"key":"REST"}],"circlet_count":0,"master_deck":["AscendersBane","Strike_G","Strike_G","Strike_G","Strike_G","Strike_G","Defend_G","Defend_G","Defend_G","Defend_G","Defend_G","Survivor","Neutralize","Deadly Poison","Terror+1","Regret","Deadly Poison","Poisoned Stab","Envenom","Blade Dance","Finisher","Deadly Poison+1"],"relics":["Ring of the Snake","NeowsBlessing","Boot","Mercury Hourglass","Strawberry","TwistedFunnel","Mummified Hand","Black Star","MealTicket"],"acts_visited":["Exordium","TheCity"],"potions_floor_usage":[22,24],"damage_taken":[{"damage":0.0,"enemies":"Small Slimes","floor":1.0,"turns":1.0},{"damage":0.0,"enemies":"Jaw Worm","floor":5.0,"turns":1.0},{"damage":0.0,"enemies":"Lagavulin","floor":6.0,"turns":1.0},{"damage":22.0,"enemies":"3 Sentries","floor":8.0,"turns":8.0},{"damage":1.0,"enemies":"Cultist","floor":12.0,"turns":3.0},{"damage":7.0,"enemies":"Blue Slaver","floor":13.0,"turns":3.0},{"damage":16.0,"enemies":"Exordium Wildlife","floor":14.0,"turns":3.0},{"damage":22.0,"enemies":"Slime Boss","floor":16.0,"turns":7.0},{"damage":36.0,"enemies":"2 Thieves","floor":18.0,"turns":4.0},{"damage":20,"enemies":"Spheric Guardian","floor":22,"turns":4},{"damage":27,"enemies":"Book of Stabbing","floor":24,"turns":3}],"seed_played":"-6629866767436509603","potions_obtained":[{"floor":3.0,"key":"EntropicBrew"},{"floor":3.0,"key":"Strength Potion"},{"floor":13.0,"key":"Poison Potion"},{"floor":14.0,"key":"SkillPotion"},{"floor":16.0,"key":"PowerPotion"},{"floor":18.0,"key":"CunningPotion"}],"is_trial":false,"path_per_floor":["M","?","?","$","M","E","R","E","T","$","?","M","M","M","R","B",null,"M","?","?","$","M","R","E"],"character_chosen":"THE_SILENT","items_purchased":["TwistedFunnel","MealTicket","Finisher"],"campfire_rested":2,"item_purchase_floors":[10,21,21],"current_hp_per_floor":[59,48,48,48,48,48,48,26,33,33,33,32,25,9,30,8,57,21,21,21,21,1,22,0,0],"gold":60,"neow_bonus":"THREE_ENEMY_KILL","is_daily":false,"chose_seed":false,"campfire_upgraded":1,"win_rate":0.0,"timestamp":1613835817,"path_taken":["M","?","?","$","?","E","R","E","T","$","?","M","M","M","R","BOSS","M","?","?","?","M","R","E"],"items_purchased_type":["Relic","Relic","Card"],"build_version":"2020-12-22","purchased_purges":0,"victory":false,"max_hp_per_floor":[66,66,66,66,66,66,66,66,73,73,73,73,73,73,73,73,73,73,73,73,73,73,73,73,73],"card_choices":[{"not_picked":["Quick Slash","Flying Knee"],"picked":"Deadly Poison","floor":1.0},{"not_picked":["Quick Slash","Backflip","Caltrops"],"picked":"SKIP","floor":5.0},{"not_picked":["Sucker Punch","Deflect"],"picked":"Terror","floor":6.0},{"not_picked":["Acrobatics","Glass Knife","PiercingWail"],"picked":"SKIP","floor":8.0},{"not_picked":["Infinite Blades","Masterful Stab"],"picked":"Deadly Poison","floor":12.0},{"not_picked":["Leg Sweep","Expertise","Prepared"],"picked":"SKIP","floor":13.0},{"not_picked":["Dagger Throw","Outmaneuver"],"picked":"Poisoned Stab","floor":14.0},{"not_picked":["Night Terror","A Thousand Cuts"],"picked":"Envenom","floor":16.0},{"not_picked":["Dagger Spray","Acrobatics+1"],"picked":"Blade Dance","floor":18.0},{"not_picked":["PiercingWail","Dagger Spray"],"picked":"Deadly Poison+1","floor":22}],"player_experience":185562,"relics_obtained":[{"floor":6.0,"key":"Boot"},{"floor":8.0,"key":"Mercury Hourglass"},{"floor":9.0,"key":"Strawberry"}],"event_choices":[{"damage_healed":0.0,"max_hp_gain":0.0,"max_hp_loss":0.0,"gold_gain":75.0,"event_name":"World of Goop","player_choice":"Gather Gold","floor":2.0,"gold_loss":0.0,"damage_taken":11.0},{"damage_healed":0.0,"max_hp_gain":0.0,"max_hp_loss":0.0,"gold_gain":0.0,"event_name":"The Woman in Blue","player_choice":"Bought 3 Potions","floor":3.0,"gold_loss":0.0,"damage_taken":0.0},{"damage_healed":0.0,"max_hp_gain":0.0,"max_hp_loss":0.0,"gold_gain":0.0,"event_name":"Big Fish","player_choice":"Box","floor":11.0,"gold_loss":0.0,"damage_taken":0.0,"relics_obtained":["Mummified Hand"],"cards_obtained":["Regret"]},{"damage_healed":0.0,"max_hp_gain":0.0,"max_hp_loss":0.0,"gold_gain":0.0,"event_name":"Cursed Tome","player_choice":"Ignored","floor":19.0,"gold_loss":0.0,"damage_taken":0.0},{"damage_healed":0.0,"max_hp_gain":0.0,"max_hp_loss":0.0,"gold_gain":0.0,"event_name":"Ghosts","player_choice":"Ignored","floor":20.0,"gold_loss":0.0,"damage_taken":0.0}],"is_beta":false,"boss_relics":[{"not_picked":["Ring of the Serpent","Runic Dome"],"picked":"Black Star"}],"items_purged_floors":[],"is_endless":false,"potions_floor_spawned":[5,13,14,16,18],"killed_by":"Book of Stabbing","ascension_level":17}}