{"host":"ljaiy5ygc2blx6r2","time":1613820396,"event":{"mods":["Act Like it!","Arknights","BaseMod","Better Vampires","Challenge The Spire","Colored Powertips","Conspire","Gensokyo","HornydragonMod","JesterMod","Koishi","Marisa（F雨　魔理沙）","Minty Spire (QoL Compilation)","Pale of the Ancients","Reimu（博丽灵梦）","Reliquary","Remilia（蕾米莉亚）","Replay The Spire","RumiaBox-露米娅的神秘盒子","SOS（斯巴达之子）","StSLib","TestMod","The Administrix","The Animator","The Bug Knight","The Cursed","The Gatherer","The IronCluck","The Runesmith","The Servant 0.9.4","UnlockEverythingMod","[IsaacMod]以撒尖塔","【功能Mod】聪明的最终Boss","【遗物卡牌】REMEMod","篝火指南"],"gold_per_floor":[110,510,685,697,714,743,743,26,50,69,85,112,107,107,107,204,204,216,216,216,198,209,236,236,261,261,261,186,186,186,111,111,205,205,214,214,214,128,196,196,221,221,295,301,152,166,166,66,66,66],"floor_reached":51,"language":"ZHS","playtime":2261,"items_purged":["Regret","Sickly"],"score":1144,"play_id":"2d1aa616-7eb3-49c3-9f63-b4361191f780","local_time":"20210220192636","is_ascension_mode":true,"campfire_choices":[{"data":"SilverBlades","floor":7.0,"key":"SMITH"},{"floor":15.0,"key":"REST"},{"floor":24.0,"key":"REST"},{"floor":27.0,"key":"REST"},{"data":"Embodiment","floor":30.0,"key":"SMITH"},{"data":"TheWorld","floor":32.0,"key":"SMITH"},{"data":"Sunlight","floor":40,"key":"SMITH"},{"data":"HollowMod:HerrahsAnger","floor":42,"key":"SMITH"},{"data":"Defend_S","floor":49,"key":"PURGE"}],"circlet_count":0,"master_deck":["Defend_S","Defend_S","Defend_S","KidneyShot","Exchange","AdministrixMod:WifeLightning","Rearm","SilverBlades+1","Misdirection","GearUp","TheWorld+1","conspire:Banana","HollowMod:HerrahsAnger+1","Luminosity","ReturningBlade","Ricochet","Solidify","Embodiment+1","Contraction+1","StarChef","ForgedInTime+1","testmod-ConditionedReflex","Starlight","KidneyShot","Pride","Enemystep","Rewind","Potential","Bite","Bite","Bite","Bite","Sunlight+1","Gensokyo:LifeSpringInfinity+1","Gensokyo:BlemishedSteel","AdministrixMod:DeathByGlamour+1","FastForward+1","Adrenaline+1","FastForward+1","SurpressingFire+1","Sabotage+1","Gensokyo:RPG","Initiator+1"],"relics":["SplendidAttire","HushsDoor","REME_ComplimentaryCards","testmod-HeartOfDaVinci","BookOfRevelations","Baka","Snake Skull","testmod-Charity","reliquary:Sod","HollowMod:KingsBrand","GodSword1","Snack Pack","GreatHeart","SSS","Ginger","Red Mask","SlaversCollar","GuppysTail","GuppysPaw","GuppysCollar","Torii","AdministrixMod:GoldenChickadee","Tingsha","GodSword3","ReplayTheSpireMod:CursedCoin","PreservedInsect"],"acts_visited":["Exordium","TheCity","Gensokyo:Gensokyoest"],"potions_floor_usage":[50,50],"damage_taken":[{"damage":0.0,"enemies":"Small Slimes","floor":1.0,"turns":4.0},{"damage":0.0,"enemies":"Cultist","floor":4.0,"turns":5.0},{"damage":0.0,"enemies":"2 Louse","floor":5.0,"turns":2.0},{"damage":7.0,"enemies":"3 Sentries","floor":6.0,"turns":3.0},{"damage":23.0,"enemies":"Gremlin Gang","floor":10.0,"turns":3.0},{"damage":24.0,"enemies":"Looter","floor":11.0,"turns":3.0},{"damage":0.0,"enemies":"Lagavulin","floor":12.0,"turns":7.0},{"damage":0.0,"enemies":"Blue Slaver","floor":13.0,"turns":4.0},{"damage":6.0,"enemies":"Fading Forest","floor":16.0,"turns":11.0},{"damage":0.0,"enemies":"conspire:FuzzyDice","floor":18.0,"turns":4.0},{"damage":64.0,"enemies":"2 Thieves","floor":21.0,"turns":7.0},{"damage":0.0,"enemies":"Cultist and Chosen","floor":22.0,"turns":7.0},{"damage":16.0,"enemies":"Book of Stabbing","floor":23.0,"turns":3.0},{"damage":32.0,"enemies":"Masked Bandits","floor":25.0,"turns":4.0},{"damage":0.0,"enemies":"conspire:MysteriousRune","floor":33.0,"turns":10.0},{"damage":0.0,"enemies":"Gensokyo:AncientGuardian","floor":35.0,"turns":3.0},{"damage":1,"enemies":"conspire:MimicChest","floor":39,"turns":4},{"damage":0,"enemies":"Gensokyo:Marisa","floor":41,"turns":4},{"damage":0,"enemies":"Gensokyo:3_Bats","floor":44,"turns":2},{"damage":0,"enemies":"Gensokyo:Dusk_and_Dawn","floor":46,"turns":2},{"damage":0,"enemies":"Gensokyo:Yuyuko","floor":50,"turns":3}],"seed_played":"4381462449284007476","potions_obtained":[{"floor":0.0,"key":"Fruit Juice"},{"floor":0.0,"key":"Venom Potion"},{"floor":0.0,"key":"Cursed Concoction"},{"floor":1.0,"key":"SpeedPotion"},{"floor":12.0,"key":"Regen Potion"},{"floor":16.0,"key":"Fire Potion"},{"floor":22.0,"key":"AttackPotion"},{"floor":35.0,"key":"Weak Potion"},{"floor":41,"key":"ColorlessPotion"}],"is_trial":false,"path_per_floor":["M","?","?","M","M","E","R","$","T","M","M","E","M","?","R","B",null,"M","?","?","M","M","E","R","?","T","R","?","?","R","$","R","B",null,"M","?","?","COS","?","R","E","R","T","M","$","M","?","$","R","B",null],"character_chosen":"THE_SERVANT","items_purchased":["testmod-Charity","reliquary:Sod","TheWorld","conspire:Banana","testmod-SpacePotion","Embodiment","GuppysTail","GuppysPaw","GuppysCollar","ReplayTheSpireMod:CursedCoin","PreservedInsect","Sabotage+1","Initiator+1"],"campfire_rested":3,"item_purchase_floors":[8,8,8,8,8,17,34,34,34,45,45,45,48],"current_hp_per_floor":[70,70,70,70,70,63,63,63,64,60,39,41,43,43,67,80,78,79,79,79,36,42,32,58,30,30,57,57,57,57,57,57,76,43,44,44,27,27,35,35,45,45,46,52,53,55,55,55,55,55],"gold":66,"neow_bonus":"THREE_SMALL_POTIONS","is_daily":false,"chose_seed":false,"campfire_upgraded":5,"win_rate":0.0,"timestamp":1613820396,"path_taken":["M","?","?","?","M","E","R","$","T","M","M","E","M","?","R","BOSS","M","?","?","M","M","E","R","?","T","R","?","?","R","$","R","BOSS","M","?","?","COS","?","R","E","R","T","M","$","M","?","?","R","BOSS"],"items_purchased_type":["Relic","Relic","Card","Card","Potion","Card","Relic","Relic","Relic","Relic","Relic","Card","Card"],"build_version":"2020-12-22","purchased_purges":2,"victory":true,"max_hp_per_floor":[70,70,70,70,70,70,70,70,71,73,76,78,80,80,80,82,78,79,79,79,82,84,88,88,90,90,90,90,68,68,68,68,76,43,44,44,44,44,47,47,49,49,50,52,53,55,55,55,55,56],"card_choices":[{"not_picked":[],"picked":"Bomb","floor":0.0},{"not_picked":["Spin","BottledTime"],"picked":"Rearm","floor":1.0},{"not_picked":["Read","Replace"],"picked":"SilverBlades","floor":4.0},{"not_picked":["Manipulate","Bomb"],"picked":"Misdirection","floor":5.0},{"not_picked":["Barrier","Reset"],"picked":"GearUp","floor":6.0},{"not_picked":["Potential","Spin"],"picked":"Luminosity","floor":10.0},{"not_picked":["DoubleEdge","MoonPhase","PendulumOfEternity"],"picked":"SKIP","floor":11.0},{"not_picked":["Replace","Alleviate"],"picked":"ReturningBlade","floor":12.0},{"not_picked":["SurpressingFire","TimeWarp"],"picked":"Ricochet","floor":13.0},{"not_picked":["MurderousAura","Dilation"],"picked":"Solidify","floor":16.0},{"not_picked":["Sabotage","ReturningBlade"],"picked":"Contraction+1","floor":18.0},{"not_picked":["Potential+1","Ricochet"],"picked":"Rewind","floor":21.0},{"not_picked":["Ricochet","Revamp"],"picked":"Potential","floor":22.0},{"not_picked":["ReturningBlade+1","ShatteredReality","Revamp"],"picked":"SKIP","floor":23.0},{"not_picked":["TheWorld","FloweringNight"],"picked":"Sunlight","floor":33.0},{"not_picked":["Barrier","Potential+1","ShatteredReality"],"picked":"SKIP","floor":35.0},{"not_picked":["Gensokyo:RisingWorld","Gensokyo:MorningMist"],"picked":"Gensokyo:LifeSpringInfinity","floor":36},{"not_picked":["Starlight","Rewind"],"picked":"FastForward+1","floor":39},{"not_picked":["TimeWarp+1","Unruled+1"],"picked":"FastForward+1","floor":41},{"not_picked":["DoubleEdge","Hightail+1"],"picked":"SurpressingFire+1","floor":44},{"not_picked":["FlawlessForm","ReturningBlade+1","TimeWarp"],"picked":"SKIP","floor":46}],"player_experience":242434,"relics_obtained":[{"floor":1.0,"key":"Baka"},{"floor":6.0,"key":"Snake Skull"},{"floor":9.0,"key":"HollowMod:KingsBrand"},{"floor":12.0,"key":"GodSword1"},{"floor":21.0,"key":"SSS"},{"floor":23.0,"key":"Ginger"},{"floor":25.0,"key":"Red Mask"},{"floor":39,"key":"AdministrixMod:GoldenChickadee"},{"floor":41,"key":"Tingsha"},{"floor":43,"key":"GodSword3"}],"event_choices":[{"damage_healed":0.0,"max_hp_gain":0.0,"max_hp_loss":0.0,"gold_gain":400.0,"event_name":"恩洛斯的盘子","player_choice":"Sell","floor":2.0,"relics_lost":["testmod-TestBox"],"gold_loss":0.0,"damage_taken":0.0},{"damage_healed":0.0,"max_hp_gain":0.0,"max_hp_loss":0.0,"gold_gain":175.0,"event_name":"Liars Game","player_choice":"AGREE","floor":3.0,"gold_loss":0.0,"damage_taken":0.0,"cards_obtained":["Doubt"]},{"damage_healed":0.0,"max_hp_gain":0.0,"max_hp_loss":0.0,"gold_gain":0.0,"event_name":"Big Fish","player_choice":"Box","floor":14.0,"gold_loss":0.0,"damage_taken":0.0,"relics_obtained":["Snack Pack"],"cards_obtained":["Regret"]},{"damage_healed":0.0,"max_hp_gain":0.0,"max_hp_loss":0.0,"gold_gain":0.0,"event_name":"Match and Keep!","player_choice":"5 cards matched","floor":19.0,"gold_loss":0.0,"damage_taken":0.0,"cards_obtained":["StarChef","ForgedInTime","testmod-ConditionedReflex","Starlight","KidneyShot"]},{"damage_healed":0.0,"max_hp_gain":0.0,"max_hp_loss":0.0,"gold_gain":0.0,"event_name":"Masked Bandits","player_choice":"Fought Bandits","floor":25.0,"gold_loss":0.0,"damage_taken":0.0},{"cards_removed":["Doubt"],"damage_healed":0.0,"max_hp_gain":0.0,"max_hp_loss":0.0,"gold_gain":0.0,"event_name":"Beggar","player_choice":"Gave Gold","floor":28.0,"gold_loss":75.0,"damage_taken":0.0},{"damage_healed":0.0,"max_hp_gain":0.0,"max_hp_loss":22.0,"gold_gain":0.0,"event_name":"Vampires","player_choice":"Became a vampire","floor":29.0,"gold_loss":0.0,"damage_taken":0.0,"cards_obtained":["Bite","Bite","Bite","Bite"]}],"is_beta":false,"boss_relics":[{"not_picked":["ChewingGum","RedLine:ReiMu"],"picked":"SplendidAttire"},{"not_picked":[]},{"not_picked":["WristBlade","Honey Jar"],"picked":"SlaversCollar"},{"not_picked":[]}],"items_purged_floors":[31,45],"is_endless":false,"potions_floor_spawned":[1,12,16,18,22,35,41,46],"ascension_level":1}}