{"host":"jsd6g3c2vo13e69c","time":1613819745,"event":{"mods":["2.2 Compatiblity","Act Like it!","BaseMod","Better Note","Better Third Choice","BetterRewards","Colored Map","Colored Powertips","Conspire","DeckTracker","Downfall","Friendly Minions","GifTheSpireLib","Googly Eyes","Hermit","Highlight Path","Hubris","Infinite Spire","Lobotomy","LobotomyExtend","Minty Spire (QoL Compilation)","Quick Restart","Random Character Button","Rare Cards Sparkle","Relic Sorter","Relic Stats","Replay The Spire","Ruina","Shop Mod","Spire Arcade","StSLib","SuperFastMode","The Cursed","The Disciple","The Forsaken","The Jungle"],"gold_per_floor":[99,99,99,8,18,33,33,33,53,68,68,53,53,53,73,73,73,73],"floor_reached":16,"language":"ENG","playtime":1581,"items_purged":[],"score":90,"play_id":"6c97f00b-3076-403f-8fca-b53c7f7572e9","local_time":"20210220061545","is_ascension_mode":false,"campfire_choices":[{"data":"champ:Taunt","floor":1,"key":"SMITH"},{"data":"champ:Shatter","floor":8,"key":"SMITH"},{"data":"champ:HeartStrike","floor":11,"key":"SMITH"},{"data":"champ:Shatter","floor":13,"key":"SMITH"}],"circlet_count":0,"master_deck":["champ:Strike","champ:Strike","champ:Strike","champ:Defend","champ:Defend","champ:Defend","champ:Taunt+1","ReplayTheSpireMod:Restless Dread","champ:Shatter+1","champ:HeartStrike+1","champ:BerserkersShout","champ:Shatter+1","champ:FanOfKnives","champ:FaceSlap"],"relics":["PureWater","infinitespire:Cubic Diamond","LetterFromLob","Darkstone Periapt","conspire:BottledYoYo"],"acts_visited":["Exordium"],"potions_floor_usage":[6,15],"damage_taken":[{"damage":5,"enemies":"downfall:FleeingMerchant","floor":4,"turns":4},{"damage":10,"enemies":"Small Slimes","floor":5,"turns":5},{"damage":19,"enemies":"Jaw Worm","floor":6,"turns":4},{"damage":3,"enemies":"2 Louse","floor":9,"turns":2},{"damage":19,"enemies":"2 Fungi Beasts","floor":10,"turns":4},{"damage":20,"enemies":"downfall:FleeingMerchant","floor":12,"turns":4},{"damage":17,"enemies":"Blue Slaver","floor":15,"turns":3},{"damage":86,"enemies":"IC_STATUS_ARCHETYPE","floor":16,"turns":8}],"seed_played":"697657731609331212","potions_obtained":[{"floor":5,"key":"Venom Potion"},{"floor":10,"key":"Explosive Potion"}],"is_trial":false,"path_per_floor":["R","?","?","$","M","M","T","R","M","M","R","$","R","?","M","B"],"character_chosen":"THE_CHAMP","items_purchased":["champ:HeartStrike"],"campfire_rested":0,"item_purchase_floors":[4],"current_hp_per_floor":[99,99,99,99,94,80,80,80,77,68,68,63,63,63,56,0,0,0],"gold":73,"neow_bonus":"TEN_PERCENT_HP_BONUS","is_daily":false,"chose_seed":false,"campfire_upgraded":4,"win_rate":0.0,"timestamp":1613819745,"path_taken":["R","?","?","$","?","M","T","R","M","M","R","$","R","?","M","BOSS"],"items_purchased_type":["Card"],"build_version":"2020-12-22","purchased_purges":0,"victory":false,"max_hp_per_floor":[99,99,99,99,99,99,99,99,99,99,99,99,99,99,99,99,99,99],"relic_stats":{"Darkstone Periapt":0,"counters":[8,34],"obtain_stats":[{"Darkstone Periapt":7,"champ:ChampionCrown":0,"infinitespire:Cubic Diamond":2,"LetterFromLob":5,"conspire:BottledYoYo":14,"PureWater":2},{"Darkstone Periapt":3,"champ:ChampionCrown":0,"infinitespire:Cubic Diamond":0,"LetterFromLob":2,"conspire:BottledYoYo":6,"PureWater":0},{"Darkstone Periapt":13,"champ:ChampionCrown":0,"infinitespire:Cubic Diamond":0,"LetterFromLob":9,"conspire:BottledYoYo":23,"PureWater":0}]},"card_choices":[{"not_picked":["champ:Haymaker","champ:SetATrap"],"picked":"champ:Shatter","floor":4},{"not_picked":["champ:ArenaPreparation","champ:FlashCut"],"picked":"champ:BerserkersShout","floor":5},{"not_picked":["champ:PreciseThrust","champ:ShieldWall"],"picked":"champ:Shatter","floor":6},{"not_picked":["champ:PreemptiveStrike","champ:GutPunch","champ:Backstep"],"picked":"SKIP","floor":9},{"not_picked":["champ:TornadoPunch","champ:IgnorePain","champ:ShieldSlam"],"picked":"SKIP","floor":10},{"not_picked":["champ:Circumvent","champ:TornadoPunch"],"picked":"champ:FanOfKnives","floor":12},{"not_picked":["champ:BerserkersShout","champ:GladiatorStyle"],"picked":"champ:FaceSlap","floor":15}],"player_experience":380875,"relics_obtained":[{"floor":5,"key":"LetterFromLob"},{"floor":7,"key":"Darkstone Periapt"},{"floor":14,"key":"conspire:BottledYoYo"}],"event_choices":[],"is_beta":false,"boss_relics":[],"items_purged_floors":[],"is_endless":false,"potions_floor_spawned":[5,10],"killed_by":"IC_STATUS_ARCHETYPE","ascension_level":0}}