{"host":"8kweeulvvasqx820","time":1613785259,"event":{"mods":["Aspiration","BaseMod","Better Altar","Better Match","Better Note","Better Sensory Stone","Better Skull","Better Third Choice","BetterRewards","Colored Map","Conspire","Displayed Cursed Tome","Downfall","Hubris","Infinite Spire","Jorbs\u0027s Wanderer Trilogy","Minty Spire (QoL Compilation)","Relic Stats","Replay The Spire","Spicy Shops","StSLib","SuperFastMode","Swap Starting Deck Mod","The Construct","The Marked","The Servant 0.9.4","everything is the same but u backflip on backflip","slay the spire mod where everything is the same but ironclad has a cowboy hat"],"gold_per_floor":[99,109,126,126,145,173,173,190,66,66,66,66],"floor_reached":10,"language":"ENG","playtime":951,"items_purged":[],"score":96,"play_id":"9233472a-75cc-41d0-a6d3-c8381e64a22d","local_time":"20210219204059","is_ascension_mode":true,"campfire_choices":[{"floor":1,"key":"DIG"}],"circlet_count":0,"master_deck":["champ:Strike","champ:Strike","champ:Strike","champ:Strike","champ:Defend","champ:Defend","champ:Defend","champ:Defend","champ:Execute","champ:Taunt","champ:RisingSlash","champ:FanOfKnives","champ:ArenaPreparation+1","champ:StanceDance+1","champ:CalledShot","champ:CrookedStrike","champ:FocusedBerserking","champ:Encircle"],"relics":["champ:ChampionCrown","infinitespire:Satchel","Replay:Bottled Flurry","conspire:Flyswatter"],"acts_visited":["Exordium"],"potions_floor_usage":[],"damage_taken":[{"damage":13,"enemies":"2 Louse","floor":2,"turns":4},{"damage":10,"enemies":"Cultist","floor":3,"turns":3},{"damage":24,"enemies":"infinitespire:Voidling","floor":5,"turns":3},{"damage":38,"enemies":"Lagavulin","floor":6,"turns":5},{"damage":34,"enemies":"Large Slime","floor":8,"turns":5},{"damage":70,"enemies":"downfall:FleeingMerchant","floor":9,"turns":4},{"damage":48,"enemies":"3 Sentries","floor":10,"turns":4}],"seed_played":"6006644215781233052","potions_obtained":[{"floor":6,"key":"Ancient Potion"},{"floor":8,"key":"bronze:BurnAndBuffPotion"}],"is_trial":false,"path_per_floor":["R_BF","M","M","?","M","E","T","M","$","E"],"character_chosen":"THE_CHAMP","items_purchased":["champ:Encircle"],"campfire_rested":0,"item_purchase_floors":[9],"current_hp_per_floor":[81,78,78,78,78,65,65,56,46,0,0,0],"gold":66,"neow_bonus":"TWENTY_PERCENT_HP_BONUS","is_daily":false,"chose_seed":false,"campfire_upgraded":0,"win_rate":0.0,"timestamp":1613785259,"path_taken":["R_BF","M","M","?","M","E","T","M","$","E"],"items_purchased_type":["Card"],"build_version":"2020-12-22","purchased_purges":0,"victory":false,"max_hp_per_floor":[108,108,108,108,108,108,108,108,108,108,108,108],"relic_stats":{"counters":[7,28],"obtain_stats":[{"infinitespire:Satchel":1,"champ:ChampionCrown":0,"Replay:Bottled Flurry":6,"conspire:Flyswatter":7},{"infinitespire:Satchel":0,"champ:ChampionCrown":0,"Replay:Bottled Flurry":4,"conspire:Flyswatter":4},{"infinitespire:Satchel":0,"champ:ChampionCrown":0,"Replay:Bottled Flurry":15,"conspire:Flyswatter":15}]},"card_choices":[{"not_picked":["champ:Circumvent","champ:EnGarde"],"picked":"champ:RisingSlash","floor":2},{"not_picked":["champ:Duel","champ:Lariat"],"picked":"champ:FanOfKnives","floor":3},{"not_picked":["champ:PreemptiveStrike+1","champ:SetATrap+1"],"picked":"champ:ArenaPreparation+1","floor":4},{"not_picked":["champ:AdrenalArmor+1","champ:PreciseThrust+1"],"picked":"champ:StanceDance+1","floor":4},{"not_picked":["champ:Shatter","champ:FanOfKnives"],"picked":"champ:CalledShot","floor":5},{"not_picked":["champ:FlashCut","champ:Circumvent"],"picked":"champ:CrookedStrike","floor":6},{"not_picked":["champ:FancyFootwork","champ:PerfectedStrike","champ:Shatter"],"picked":"SKIP","floor":8},{"not_picked":["champ:PreemptiveStrike","champ:BerserkersShout"],"picked":"champ:FocusedBerserking","floor":9}],"player_experience":167729,"relics_obtained":[{"floor":1,"key":"infinitespire:Satchel"},{"floor":6,"key":"Replay:Bottled Flurry"},{"floor":7,"key":"conspire:Flyswatter"}],"event_choices":[{"damage_healed":0,"gold_gain":0,"player_choice":"2","damage_taken":0,"max_hp_gain":0,"max_hp_loss":0,"event_name":"betterMatch:BetterMatch","floor":4,"gold_loss":0,"cards_obtained":["betterMatch:UncommonCard","betterMatch:CommonCard"]}],"is_beta":false,"boss_relics":[],"items_purged_floors":[],"is_endless":false,"potions_floor_spawned":[6,8],"killed_by":"3 Sentries","ascension_level":1}}