{"host":"px2oznrenyeljk7o","time":1613847358,"event":{"mods":["100% Spire Juice","2.2 Compatiblity","A Penny For Your Troubles","AchievementEnabler","Act Like it!","Arknights","Aspiration","Astrologer","BaseMod","Better Altar","Better Match","Better Note","Better Sensory Stone","Better Skull","Better Third Choice","BetterRewards","Bossed Relics","ChefMod","Colored Map","Conspire","Curses Come First","Energized Spire","Evolution","Fireblade Mod","Fox Events","GifTheSpireLib","GungeonMod","Hermit","KinomotoSakuraMod(????)","Koishi","LagranYue(???·?)","Lobotomy","LobotomyExtend","Luminous","Marisa????????","Minty Spire (QoL Compilation)","Nova Terra(??·??)","Poor People Problems","Potionbrewer","Prisma Mod","Quick Restart","Random Character Button","Rare Cards Sparkle","Reimu??????","Reliquary","Replay The Spire","Robot Space Explorer","Shade Mod","Shapeshifter Mod","Small Relic Pack","Somnambulant","Spicy Shops","StSLib","Stuff the Spire","The Administrix","The Alterego","The Animator","The Blackbeard","The Blue Laboratory","The Bug Knight","The Clintock","The Construct","The Cursed","The Death Knight","The Disciple","The Florist","The Gatherer","The Hayseed","The Hierophant","The Jungle","The Marked","The Mystic","The Runesmith","The Servant 0.9.4","The Trickster","TheFirefly","TheSurvivalist","TheWitcher","WarShipGirlsR/????R mod","Wide Potions","Yakumo Yukari mod","Yuri Mod","everything is the same but u backflip on backflip","slay the spire mod where everything is the same but ironclad has a cowboy hat","??????REMEMod"],"gold_per_floor":[118,136,155,55,55,84,84,84,132,132,132,15,15,50,50,147,147,167,167,186,199,214,214,252,271,271,271,304,304,85,130,130,233,233,239,239,253,253,253,288,288,315,315,315,191,207,207,207,207,207,207],"floor_reached":50,"language":"ENG","playtime":5712,"items_purged":["ClowCardTheSilent"],"score":521,"play_id":"405af4f4-4556-45a1-8cd0-b5e6b26ceeb2","local_time":"20210220195558","is_ascension_mode":false,"campfire_choices":[{"floor":7.0,"key":"REST"},{"floor":11.0,"key":"REST"},{"floor":15,"key":"REST"},{"floor":23,"key":"REST"},{"floor":27,"key":"REST"},{"floor":29,"key":"REST"},{"floor":32,"key":"REST"},{"floor":41,"key":"REST"},{"floor":44,"key":"REST"},{"floor":49,"key":"REST"}],"circlet_count":0,"master_deck":["SakuraCardTheChange+","SakuraCardTheDark+","ClowCardTheSword","ClowCardTheSword","ClowCardTheSword","ClowCardTheSword","ClowCardTheShield","ClowCardTheShield","ClowCardTheShield","SpellCardSeal+1","SpellCardRelease","ClowCardTheDream","FireBladeMod:AbsorbEnergy","ClowCardTheWave","ClowCardTheFight","Ghostly","ClowCardTheBubbles","ClowCardTheSilent","ClowCardTheLibra","ClowCardTheStorm+1","ClowCardTheFreeze","ClowCardTheFirey","ClowCardTheWindy+1","ClowCardTheSweet","ClowCardTheIllusion","ClowCardTheMove","Madness","ClowCardTheShot+1","ClowCardTheSand+1","Bandage Up+1","ClowCardTheShot","ClowCardTheSand","Poisoned Strike","Runesmith:ChaoticBlast+1","ClowCardTheErase+1","Writhe","Runesmith:EnergizedChisel+1","ClowCardTheThrough","Runesmith:HammerThrow","REME_WheelOfFate"],"relics":["KSMOD_SealedBook","KSMOD_SealedWand","EVO:Axolotl","REME_ComplimentaryCards","LagranYue:RandomDrawCardRelic","LetterFromLob","Pear","Whetstone","relicPack:DSword","REME_PuzzleBoxRelic","REME_LowDesire","Simple Rune","REME_HandOfSuture","Tiny Chest","Juzu Bracelet","RuthlessExorcism:ReiMu","aspiration:RunesmithSkillbook","aspiration:StickyExplosives_weak","StuffTheSpire:GrapeVine","DemoMod:ChaffGrenade"],"acts_visited":["Exordium","TheCity","TheBeyond"],"potions_floor_usage":[24,31,33,37,40,50,50],"damage_taken":[{"damage":4.0,"enemies":"ats:Genji","floor":1.0,"turns":4.0},{"damage":2.0,"enemies":"conspire:RoseBush","floor":2.0,"turns":3.0},{"damage":1.0,"enemies":"Jaw Worm","floor":3.0,"turns":6.0},{"damage":17.0,"enemies":"Gremlin Nob","floor":6.0,"turns":6.0},{"damage":9.0,"enemies":"Replay:BlueRogue","floor":14.0,"turns":4.0},{"damage":1,"enemies":"The Guardian","floor":16,"turns":7},{"damage":0,"enemies":"Spheric Guardian","floor":18,"turns":1},{"damage":44,"enemies":"3 Byrds","floor":20,"turns":6},{"damage":10,"enemies":"Shelled Parasite and Fungi","floor":21,"turns":5},{"damage":0,"enemies":"conspire:HollyBat","floor":22,"turns":6},{"damage":19,"enemies":"Centurion and Healer","floor":24,"turns":7},{"damage":15,"enemies":"Chosen and Byrds","floor":25,"turns":7},{"damage":8,"enemies":"conspire:SneckoGhost","floor":28,"turns":5},{"damage":16,"enemies":"Snake Plant","floor":31,"turns":4},{"damage":64,"enemies":"Collector","floor":33,"turns":9},{"damage":45,"enemies":"3 Shapes","floor":35,"turns":3},{"damage":19,"enemies":"3 Darklings","floor":37,"turns":4},{"damage":31,"enemies":"R_Hoarder","floor":40,"turns":6},{"damage":74,"enemies":"4 Shapes","floor":46,"turns":4},{"damage":47,"enemies":"conspire:OrnateMirror","floor":50,"turns":3}],"seed_played":"-7899506094225991620","potions_obtained":[{"floor":1.0,"key":"DemoMod:LeadSkinPotion"},{"floor":2.0,"key":"FearPotion"},{"floor":20,"key":"blueLaboratory:NullPotion"},{"floor":22,"key":"ColorlessPotion"},{"floor":25,"key":"REME_GoldPotion"},{"floor":31,"key":"blueLaboratory:HummingbirdPotion"},{"floor":33,"key":"REME_GoldPotion"},{"floor":37,"key":"potionbrewer:DiscountPotion"},{"floor":46,"key":"FearPotion"},{"floor":47,"key":"EssenceOfSteel"}],"is_trial":false,"path_per_floor":["M","M","M","?","?","E","R","?","T","?","R","$","?","E","R","B",null,"M","?","M","M","M","R","M","M","T","R","E","R","$","M","R","B",null,"M","?","M","?","?","E","R","T","T","R","$","M","?","?","R","B"],"character_chosen":"KINOMOTOSAKURA","items_purchased":["ClowCardTheSweet","RuthlessExorcism:ReiMu","ClowCardTheThrough","Runesmith:HammerThrow"],"campfire_rested":10,"item_purchase_floors":[12,30,45,45],"current_hp_per_floor":[66,64,63,63,63,56,80,80,80,45,69,69,73,74,80,79,80,80,80,46,46,56,80,67,62,62,80,72,80,80,65,80,35,80,35,35,26,26,46,31,55,55,55,79,79,5,5,13,37,0,0],"gold":207,"neow_bonus":"THREE_CARDS","is_daily":false,"chose_seed":false,"campfire_upgraded":0,"win_rate":0.0,"timestamp":1613847358,"path_taken":["M","M","M","?","?","E","R","?","T","?","R","$","?","E","R","BOSS","M","?","M","M","M","R","M","M","T","R","E","R","$","M","R","BOSS","M","?","M","?","?","E","R","?","T","R","?","M","?","?","R","BOSS"],"items_purchased_type":["Card","Relic","Card","Card"],"build_version":"2020-12-22","purchased_purges":1,"victory":false,"max_hp_per_floor":[70,70,70,70,70,80,80,80,80,80,80,80,80,80,80,80,80,80,80,80,80,80,80,80,80,80,80,80,80,80,80,80,80,80,80,80,80,80,80,80,80,80,80,80,80,80,80,80,80,80,80],"card_choices":[{"not_picked":["ClowCardTheMaze","ClowCardTheLock"],"picked":"ClowCardTheDream","floor":0.0},{"not_picked":["ClowCardTheMaze","ClowCardTheShadow"],"picked":"ClowCardTheSilent","floor":1.0},{"not_picked":["ClowCardTheLock","ClowCardTheBubbles"],"picked":"ClowCardTheWave","floor":2.0},{"not_picked":["ClowCardTheSong","ClowCardTheShadow"],"picked":"ClowCardTheFight","floor":3.0},{"not_picked":["ClowCardTheMirror","ClowCardTheFlower"],"picked":"ClowCardTheFirey","floor":6.0},{"not_picked":["ClowCardTheSong","ClowCardTheRain"],"picked":"ClowCardTheIllusion","floor":14.0},{"not_picked":["ClowCardTheThunder","ClowCardTheTime"],"picked":"ClowCardTheDark","floor":16},{"not_picked":["ClowCardTheLock","ClowCardTheRain","REME_BattleFury"],"picked":"ClowCardTheMove","floor":18},{"not_picked":["ClowCardTheFreeze+1","ClowCardTheDream","ClowCardTheStorm"],"picked":"Madness","floor":20},{"not_picked":["ClowCardTheWindy","ClowCardTheLock","Midas Touch"],"picked":"ClowCardTheChange","floor":21},{"not_picked":["ClowCardTheJump","ClowCardThePower","ReplayTheSpireMod:Trickstab+1"],"picked":"ClowCardTheShot+1","floor":22},{"not_picked":["ClowCardTheBubbles","ClowCardTheSong","StuffTheSpire:PlasmaPulse"],"picked":"ClowCardTheSand+1","floor":24},{"not_picked":["ClowCardTheSong","ClowCardTheErase","ClowCardTheSnow+1"],"picked":"Bandage Up+1","floor":25},{"not_picked":["ClowCardTheLibra+1","ClowCardTheCloud","REME_TheoryOfElimination+1"],"picked":"ClowCardTheShot","floor":28},{"not_picked":["ClowCardTheLibra","ClowCardTheLight","Metamorphosis"],"picked":"ClowCardTheSand","floor":31},{"not_picked":["ClowCardTheTime","ClowCardTheThrough","ClowCardTheThunder"],"picked":"Poisoned Strike","floor":33},{"not_picked":["ClowCardTheArrow+1","Runesmith:NanitesCloud","ClowCardTheMirror+1","Violence"],"picked":"Runesmith:ChaoticBlast+1","floor":35},{"not_picked":["ClowCardTheSleep+1","Runesmith:CraftIndustria","ClowCardTheDream+1","REME_EyeOfCthun"],"picked":"ClowCardTheErase+1","floor":37},{"not_picked":["Runesmith:HeatExchange+1","Runesmith:GrandSlam","Runesmith:Retool+1","StuffTheSpire:FreeRealEstate"],"picked":"Runesmith:EnergizedChisel+1","floor":40},{"not_picked":["ClowCardTheLibra+1","ClowCardTheIllusion+1","Runesmith:Overpower","aspiration:UnbridledHammer"],"picked":"REME_WheelOfFate","floor":46}],"player_experience":641177,"relics_obtained":[{"floor":1.0,"key":"LetterFromLob"},{"floor":6.0,"key":"Pear"},{"floor":9.0,"key":"Whetstone"},{"floor":14.0,"key":"REME_PuzzleBoxRelic"},{"floor":17,"key":"Simple Rune"},{"floor":17,"key":"REME_HandOfSuture"},{"floor":26,"key":"Tiny Chest"},{"floor":28,"key":"Juzu Bracelet"},{"floor":40,"key":"aspiration:StickyExplosives_weak"},{"floor":42,"key":"StuffTheSpire:GrapeVine"},{"floor":43,"key":"DemoMod:ChaffGrenade"}],"event_choices":[{"damage_healed":0.0,"max_hp_gain":0.0,"max_hp_loss":0.0,"gold_gain":0.0,"event_name":"conspire:LoneGhost","player_choice":"Argue","floor":4.0,"gold_loss":0.0,"damage_taken":0.0},{"damage_healed":4.0,"max_hp_gain":0.0,"max_hp_loss":0.0,"gold_gain":0.0,"event_name":"betterSkull:BetterSkull","player_choice":"LEAVE ","floor":13.0,"gold_loss":0.0,"damage_taken":0.0,"cards_upgraded":[],"relics_obtained":[]},{"damage_healed":20,"gold_gain":0,"player_choice":"Writhe","damage_taken":0,"max_hp_gain":0,"max_hp_loss":0,"event_name":"Winding Halls","floor":39,"gold_loss":0,"cards_obtained":["Writhe"]},{"damage_healed":0,"gold_gain":0,"player_choice":"Got Potions","damage_taken":0,"max_hp_gain":0,"max_hp_loss":0,"event_name":"Lab","floor":47,"gold_loss":0}],"is_beta":false,"boss_relics":[{"not_picked":["LagranYue:ContractPerformanceRelic","relicPack:ShieldShield"],"picked":"REME_LowDesire"},{"not_picked":["aspiration:MobileForge","REME_DemonsWealth"],"picked":"aspiration:RunesmithSkillbook"}],"items_purged_floors":[30],"is_endless":false,"potions_floor_spawned":[1,2,20,22,25,31,33,37,46],"killed_by":"conspire:OrnateMirror","ascension_level":0}}