{"host":"bpr07pynnqpe5ded","time":1613845836,"event":{"mods":["2.2 Compatiblity","Aspiration","BaseMod","Better Note","Better Third Choice","BetterRewards","Downfall","Jorbs\u0027s Wanderer Trilogy","Minty Spire (QoL Compilation)","Replay The Spire","Shop Mod","StSLib","The Marked","??????REMEMod"],"gold_per_floor":[99,112,123,141,156,184,230,274,302,326,354,31,31,74,101,117,117,117],"floor_reached":16,"language":"ENG","playtime":965,"items_purged":[],"score":118,"play_id":"4ae420af-8a80-44d8-9092-ea68875ba242","local_time":"20210220183036","is_ascension_mode":false,"campfire_choices":[{"floor":1,"key":"DIG"},{"floor":13,"key":"REST"}],"circlet_count":0,"master_deck":["champ:Strike","champ:Strike","champ:Strike","champ:Strike","champ:Defend","champ:Defend","champ:Defend","champ:Defend","champ:Execute","champ:Taunt","champ:SwordThrow","Berserk","champ:Endure","champ:BerserkersShout","champ:CalledShot","champ:AdrenalArmor","champ:Endure"],"relics":["champ:ChampionCrown","REME_ComplimentaryCards","The Courier","Nunchaku","Replay:Bandana","Regal Pillow","champ:BerserkersGuideToSlaughter","HornCleat"],"acts_visited":["Exordium"],"potions_floor_usage":[6,6,10,14],"damage_taken":[{"damage":10,"enemies":"2 Louse","floor":2,"turns":2},{"damage":16,"enemies":"Jaw Worm","floor":3,"turns":2},{"damage":12,"enemies":"Small Slimes","floor":4,"turns":2},{"damage":25,"enemies":"2 Fungi Beasts","floor":5,"turns":3},{"damage":77,"enemies":"3 Sentries","floor":6,"turns":8},{"damage":71,"enemies":"Lagavulin","floor":8,"turns":7},{"damage":20,"enemies":"Blue Slaver","floor":9,"turns":4},{"damage":22,"enemies":"Red Slaver","floor":10,"turns":3},{"damage":21,"enemies":"2 Fungi Beasts","floor":11,"turns":4},{"damage":34,"enemies":"downfall:FleeingMerchant","floor":12,"turns":4},{"damage":12,"enemies":"Gremlin Gang","floor":14,"turns":3},{"damage":25,"enemies":"Blue Slaver","floor":15,"turns":4},{"damage":77,"enemies":"WA_ARCHETYPE_RETAIN","floor":16,"turns":6}],"seed_played":"4730514593577407919","potions_obtained":[{"floor":2,"key":"Ancient Potion"},{"floor":4,"key":"PowerPotion"},{"floor":5,"key":"EssenceOfSteel"},{"floor":9,"key":"Flashbang"},{"floor":11,"key":"champ:OpenerPotion"},{"floor":14,"key":"Ancient Potion"},{"floor":15,"key":"SteroidPotion"}],"is_trial":false,"path_per_floor":["R","M","M","M","M","E","T","E","M","M","M","$","R","M","M","B"],"character_chosen":"THE_CHAMP","items_purchased":["champ:BerserkersGuideToSlaughter","HornCleat"],"campfire_rested":1,"item_purchase_floors":[12,12],"current_hp_per_floor":[90,90,84,82,67,40,40,24,24,22,20,20,62,55,55,0,0,0],"gold":117,"neow_bonus":"ONE_RANDOM_RARE_CARD","is_daily":false,"chose_seed":false,"campfire_upgraded":0,"win_rate":0.0,"timestamp":1613845836,"path_taken":["R","M","M","M","M","E","T","E","M","M","M","$","R","M","M","BOSS"],"items_purchased_type":["Relic","Relic"],"build_version":"2020-12-22","purchased_purges":0,"victory":false,"max_hp_per_floor":[90,90,90,90,90,90,90,90,90,90,90,90,90,90,90,90,90,90],"card_choices":[{"not_picked":["champ:TornadoPunch","champ:EnGarde"],"picked":"champ:Endure","floor":2},{"not_picked":["champ:PreciseThrust","champ:ShieldSigil","champ:DeathBlow"],"picked":"SKIP","floor":3},{"not_picked":["champ:Backstep","champ:DefensiveShout"],"picked":"champ:BerserkersShout","floor":4},{"not_picked":["champ:EnGarde","champ:PerfectedStrike","champ:Haymaker"],"picked":"SKIP","floor":5},{"not_picked":["champ:SteelEdge","champ:PerfectedStrike"],"picked":"champ:CalledShot","floor":6},{"not_picked":["champ:CrookedStrike","champ:PreciseThrust","champ:CalledShot"],"picked":"SKIP","floor":8},{"not_picked":["champ:BladeFlurry","champ:GutPunch","champ:ArenaPreparation"],"picked":"SKIP","floor":9},{"not_picked":["champ:ArenaPreparation","champ:Shatter","champ:BringItOn"],"picked":"SKIP","floor":10},{"not_picked":["champ:ShieldSigil","champ:DefensiveShout","champ:GladiatorStyle"],"picked":"SKIP","floor":11},{"not_picked":["champ:TornadoPunch","champ:Endure","champ:Haymaker"],"picked":"SKIP","floor":12},{"not_picked":["champ:GutPunch","champ:MurderStrike"],"picked":"champ:AdrenalArmor","floor":14},{"not_picked":["champ:FalseCounter","champ:BerserkersShout"],"picked":"champ:Endure","floor":15}],"player_experience":1185522,"relics_obtained":[{"floor":1,"key":"The Courier"},{"floor":6,"key":"Nunchaku"},{"floor":7,"key":"Replay:Bandana"},{"floor":8,"key":"Regal Pillow"}],"event_choices":[],"is_beta":false,"boss_relics":[],"items_purged_floors":[],"is_endless":false,"potions_floor_spawned":[2,4,5,9,11,14,15],"killed_by":"WA_ARCHETYPE_RETAIN","ascension_level":0}}