{"host":"6p0attdrtjqaih7v","time":1613855791,"event":{"mods":["2.2 Compatiblity","AchievementEnabler","Bard","BaseMod","Better Skull","Better Third Choice","Card Filter","Colored Powertips","Hermit","Highlight Path","Hubris","Key Reminder","Minty Spire (QoL Compilation)","Permanent Neow","Quick Restart","Random Character Button","Relic Filter","Relic Stats","Reliquary","Replay The Spire","StSLib","The Construct","The Hayseed","The Witch"],"gold_per_floor":[111,127,127,127,142,156,156,169,169,194,31,31,31,58,58,133,133,143,93,9,25,40,40,74,74,98,123,123,156,156,168,168,245,245,260,272,285,285,296,322,322,357,380,399,399,72,105,105,105,105,105,105,105,52,81,81],"floor_reached":57,"language":"ENG","playtime":2886,"items_purged":["Strike_G","Strike_G"],"score":2991,"play_id":"50d9abbe-52fb-4564-9bdc-ea03e62ec5b2","local_time":"20210220161631","is_ascension_mode":true,"campfire_choices":[{"data":"ReplayTheSpireMod:From All Sides","floor":7,"key":"SMITH"},{"floor":13,"key":"REST"},{"data":"Flechettes","floor":15,"key":"SMITH"},{"data":"Dash","floor":23,"key":"SMITH"},{"data":"Phantasmal Killer","floor":25,"key":"SMITH"},{"data":"Well Laid Plans","floor":30,"key":"SMITH"},{"data":"Envenom","floor":32,"key":"SMITH"},{"data":"Footwork","floor":41,"key":"SMITH"},{"floor":45,"key":"REST"},{"floor":49,"key":"RECALL"},{"data":"After Image","floor":53,"key":"SMITH"}],"circlet_count":0,"master_deck":["AscendersBane","Strike_G","Strike_G","Strike_G","Defend_G+1","Defend_G+1","Defend_G+1","Defend_G+1","Defend_G+1","Survivor","Neutralize","Crippling Poison","Well Laid Plans+1","ReplayTheSpireMod:From All Sides+1","Flechettes+1","Dash+1","Storm of Steel+1","Phantasmal Killer+1","Deflect+1","ReplayTheSpireMod:Scrap Shanks","Deflect+1","Dodge and Roll+1","ReplayTheSpireMod:Scrap Shanks+1","Envenom+1","Eviscerate","Dodge and Roll+1","Finisher","Footwork+1","Quick Slash","Dash+1","After Image+1","PiercingWail"],"relics":["Ring of the Snake","Pocketwatch","hubris:Towel","Replay:Bottled Eggs","Regal Pillow","hubris:Metronome","Paper Crane","Snecko Scales","Lantern","Nunchaku","Pen Nib","reliquary:Buckler","construct:ClawGrip","Toy Ornithopter","Akabeko","DollysMirror","reliquary:PartyBalloon","Tough Bandages"],"acts_visited":["Exordium","TheCity","TheBeyond","TheEnding"],"potions_floor_usage":[6,16,27,50,55,56,56],"damage_taken":[{"damage":0,"enemies":"Small Slimes","floor":1,"turns":4},{"damage":0,"enemies":"2 Louse","floor":2,"turns":5},{"damage":1,"enemies":"Jaw Worm","floor":5,"turns":6},{"damage":0,"enemies":"Looter","floor":6,"turns":4},{"damage":12,"enemies":"Exordium Thugs","floor":8,"turns":4},{"damage":20,"enemies":"Lagavulin","floor":10,"turns":9},{"damage":9,"enemies":"3 Sentries","floor":14,"turns":7},{"damage":4,"enemies":"Hexaghost","floor":16,"turns":9},{"damage":0,"enemies":"Chosen","floor":18,"turns":2},{"damage":0,"enemies":"3 Byrds","floor":21,"turns":2},{"damage":0,"enemies":"Cultist and Chosen","floor":22,"turns":3},{"damage":0,"enemies":"Book of Stabbing","floor":24,"turns":2},{"damage":0,"enemies":"Slavers","floor":27,"turns":3},{"damage":0,"enemies":"Gremlin Leader","floor":29,"turns":3},{"damage":9,"enemies":"Centurion and Healer","floor":31,"turns":3},{"damage":14,"enemies":"Automaton","floor":33,"turns":4},{"damage":0,"enemies":"Orb Walker","floor":35,"turns":2},{"damage":0,"enemies":"3 Darklings","floor":36,"turns":3},{"damage":7,"enemies":"Jaw Worm Horde","floor":37,"turns":2},{"damage":0,"enemies":"Maw","floor":39,"turns":2},{"damage":0,"enemies":"R_Hoarder","floor":40,"turns":3},{"damage":5,"enemies":"Nemesis","floor":42,"turns":3},{"damage":0,"enemies":"Transient","floor":44,"turns":6},{"damage":0,"enemies":"R_Hoarder","floor":47,"turns":4},{"damage":25,"enemies":"Time Eater","floor":50,"turns":5},{"damage":14,"enemies":"Awakened One","floor":51,"turns":9},{"damage":10,"enemies":"Shield and Spear","floor":55,"turns":3},{"damage":22,"enemies":"The Heart","floor":56,"turns":6}],"seed_played":"9140021888042856633","potions_obtained":[{"floor":1,"key":"Energy Potion"},{"floor":10,"key":"BlessingOfTheForge"},{"floor":14,"key":"LiquidBronze"},{"floor":16,"key":"DistilledChaos"},{"floor":24,"key":"DuplicationPotion"},{"floor":33,"key":"SteroidPotion"},{"floor":35,"key":"GhostInAJar"},{"floor":55,"key":"Block Potion"}],"is_trial":false,"path_per_floor":["M","M","?","?","M","M","R","M","T","E","$","T","R","E","R","B",null,"M","?","$","M","M","R","E","R","T","E","?","E","R","M","R","B",null,"M","M","M","?","M","E","R","E","T","M","R","$","E","?","R","B","B",null,"R","$","E","B",null],"character_chosen":"THE_SILENT","items_purchased":["Dash","ReplayTheSpireMod:Scrap Shanks","Quick Slash","DollysMirror","Energy Potion"],"campfire_rested":2,"item_purchase_floors":[11,20,46,46,54],"current_hp_per_floor":[59,59,59,59,58,58,58,46,46,26,26,26,59,50,50,46,57,57,57,57,57,57,57,57,57,57,57,57,57,57,48,48,34,54,54,54,47,44,44,44,44,39,39,39,60,60,60,60,60,40,26,52,52,52,47,35],"gold":81,"neow_bonus":"ONE_RARE_RELIC","is_daily":false,"chose_seed":false,"campfire_upgraded":8,"win_rate":0.0,"timestamp":1613855791,"path_taken":["M","M","?","?","M","M","R","M","T","E","$","?","R","E","R","BOSS","M","?","?","M","M","R","E","R","T","E","?","E","R","M","R","BOSS","M","?","M","?","?","E","R","E","T","M","R","$","E","?","R","BOSS","BOSS","R","$","E","BOSS"],"items_purchased_type":["Card","Card","Card","Relic","Potion"],"build_version":"2020-12-22","purchased_purges":2,"victory":true,"max_hp_per_floor":[60,60,60,60,60,60,60,60,60,60,60,60,60,60,60,60,60,60,60,60,60,60,60,60,60,60,60,60,60,60,60,60,60,60,60,60,60,60,60,60,60,60,60,60,60,60,60,60,60,60,60,60,60,60,60,60],"relic_stats":{"Regal Pillow":18,"Nunchaku":[38],"Tough Bandages":[69],"counters":[28,118],"Pen Nib":[37],"obtain_stats":[{"Regal Pillow":10,"hubris:Metronome":12,"Lantern":24,"construct:ClawGrip":34,"reliquary:PartyBalloon":47,"Pen Nib":27,"hubris:Towel":4,"Paper Crane":14,"Akabeko":42,"keyreminder:keyreminder":24,"Nunchaku":26,"Tough Bandages":55,"Snecko Scales":17,"DollysMirror":46,"reliquary:Buckler":29,"Replay:Bottled Eggs":9,"Toy Ornithopter":40,"Ring of the Snake":0,"Pocketwatch":0},{"Regal Pillow":6,"hubris:Metronome":6,"Lantern":12,"construct:ClawGrip":16,"reliquary:PartyBalloon":24,"Pen Nib":13,"hubris:Towel":2,"Paper Crane":7,"Akabeko":22,"keyreminder:keyreminder":12,"Nunchaku":12,"Tough Bandages":27,"Snecko Scales":8,"DollysMirror":23,"reliquary:Buckler":14,"Replay:Bottled Eggs":5,"Toy Ornithopter":21,"Ring of the Snake":0,"Pocketwatch":0},{"Regal Pillow":32,"hubris:Metronome":32,"Lantern":57,"construct:ClawGrip":70,"reliquary:PartyBalloon":95,"Pen Nib":60,"hubris:Towel":9,"Paper Crane":39,"Akabeko":85,"keyreminder:keyreminder":57,"Nunchaku":57,"Tough Bandages":112,"Snecko Scales":48,"DollysMirror":91,"reliquary:Buckler":63,"Replay:Bottled Eggs":23,"Toy Ornithopter":82,"Ring of the Snake":0,"Pocketwatch":0}],"Toy Ornithopter":20,"Ring of the Snake":[56],"Pocketwatch":[111]},"card_choices":[{"not_picked":["Flechettes","All Out Attack"],"picked":"Crippling Poison","floor":1},{"not_picked":["Outmaneuver","Flying Knee"],"picked":"Well Laid Plans","floor":2},{"not_picked":["ReplayTheSpireMod:Speed Training","Dodge and Roll","Outmaneuver"],"picked":"SKIP","floor":5},{"not_picked":["Catalyst","Backflip"],"picked":"ReplayTheSpireMod:From All Sides","floor":6},{"not_picked":["Flying Knee","Dodge and Roll","Sucker Punch"],"picked":"SKIP","floor":8},{"not_picked":["Tactician","Burst"],"picked":"Flechettes","floor":10},{"not_picked":["Well Laid Plans","Draining Mist"],"picked":"Storm of Steel","floor":14},{"not_picked":["Tools of the Trade","Burst"],"picked":"Phantasmal Killer","floor":16},{"not_picked":["Deadly Poison","Quick Slash"],"picked":"Deflect","floor":18},{"not_picked":["Expertise","Slice","Dodge and Roll"],"picked":"SKIP","floor":21},{"not_picked":["Cloak And Dagger","Deadly Poison"],"picked":"Deflect+1","floor":22},{"not_picked":["Deflect","Endless Agony"],"picked":"Dodge and Roll+1","floor":24},{"not_picked":["Tactician","Dagger Throw"],"picked":"ReplayTheSpireMod:Scrap Shanks","floor":27},{"not_picked":["Bane","All Out Attack","Outmaneuver"],"picked":"SKIP","floor":29},{"not_picked":["Prepared","Deadly Poison"],"picked":"Envenom","floor":31},{"not_picked":["Catalyst","Prepared+1"],"picked":"Eviscerate","floor":35},{"not_picked":["Bullet Time","Slice","Calculated Gamble"],"picked":"SKIP","floor":36},{"not_picked":["Noxious Fumes","Acrobatics"],"picked":"Dodge and Roll+1","floor":37},{"not_picked":["Bane","ReplayTheSpireMod:Scrap Shanks"],"picked":"Finisher","floor":39},{"not_picked":["Deflect","Phantasmal Killer"],"picked":"Footwork","floor":40},{"not_picked":["Slice","Eviscerate","Well Laid Plans+1"],"picked":"SKIP","floor":42},{"not_picked":["Acrobatics","Dodge and Roll","Blur"],"picked":"SKIP","floor":44},{"not_picked":["Corpse Explosion","Dash"],"picked":"After Image","floor":47},{"not_picked":["Poisoned Stab+1","Backflip"],"picked":"PiercingWail","floor":55}],"player_experience":1233236,"relics_obtained":[{"floor":9,"key":"Replay:Bottled Eggs"},{"floor":10,"key":"Regal Pillow"},{"floor":12,"key":"hubris:Metronome"},{"floor":14,"key":"Paper Crane"},{"floor":24,"key":"Lantern"},{"floor":26,"key":"Nunchaku"},{"floor":27,"key":"Pen Nib"},{"floor":29,"key":"reliquary:Buckler"},{"floor":40,"key":"Toy Ornithopter"},{"floor":42,"key":"Akabeko"},{"floor":47,"key":"reliquary:PartyBalloon"},{"floor":55,"key":"Tough Bandages"}],"event_choices":[{"damage_healed":0,"gold_gain":0,"player_choice":"Ignored","damage_taken":0,"max_hp_gain":0,"max_hp_loss":0,"event_name":"Liars Game","floor":3,"gold_loss":0},{"damage_healed":0,"gold_gain":0,"player_choice":"Bet on Murderer","damage_taken":0,"max_hp_gain":0,"max_hp_loss":0,"event_name":"The Joust","floor":19,"gold_loss":50},{"damage_healed":0,"gold_gain":0,"player_choice":"Upgraded","damage_taken":0,"max_hp_gain":0,"max_hp_loss":0,"event_name":"Upgrade Shrine","floor":28,"gold_loss":0,"cards_upgraded":["Deflect"]},{"damage_healed":0,"gold_gain":0,"player_choice":"Bought 0 Potions","damage_taken":0,"max_hp_gain":0,"max_hp_loss":0,"event_name":"The Woman in Blue","floor":38,"gold_loss":0}],"is_beta":false,"boss_relics":[{"not_picked":["Calling Bell","Coffee Dripper"],"picked":"Snecko Scales"},{"not_picked":["Velvet Choker","reliquary:RedPaperclip"],"picked":"construct:ClawGrip"}],"items_purged_floors":[11,46],"is_endless":false,"potions_floor_spawned":[1,10,14,16,21,22,24,33,35,39,40,42,44,55],"ascension_level":20}}