{"host":"kvo7eymyd21g9abd","time":1613829474,"event":{"mods":["AchievementEnabler","BaseMod","Bestiary","Colored Map","Minty Spire (QoL Compilation)","StSLib"],"gold_per_floor":[109,129,129,207,207,207,240,240,263,273,300,58,58,74,74,174,174,191,191,207,220,233,233,243,243,243,275,275,275,275],"floor_reached":29,"language":"ENG","playtime":790,"items_purged":[],"score":291,"play_id":"ae6c889e-dda0-4977-b859-fd951bc483a8","local_time":"20210220085754","is_ascension_mode":true,"campfire_choices":[{"floor":6.0,"key":"REST"},{"floor":8.0,"key":"REST"},{"floor":15.0,"key":"RECALL"},{"floor":23.0,"key":"REST"},{"floor":25.0,"key":"REST"}],"circlet_count":0,"master_deck":["Eruption+1","Vigilance","Conclude+1","Consecrate","Collect+1","TalkToTheHand","ReachHeaven","Parasite","TalkToTheHand+1","ConjureBlade","Wallop+1","Brilliance+1","JustLucky+1","MentalFortress","Conclude+1","SpiritShield+1","EmptyMind","Study","EmptyBody","LessonLearned+1","Eruption+1","ReachHeaven+1","Swivel+1","Devotion","Consecrate+1"],"relics":["Runic Dome","Nunchaku","Lantern","Molten Egg 2","Pandora\u0027s Box","Gremlin Horn","War Paint","MutagenicStrength"],"acts_visited":["Exordium","TheCity"],"potions_floor_usage":[],"damage_taken":[{"damage":7.0,"enemies":"Small Slimes","floor":1.0,"turns":3.0},{"damage":2.0,"enemies":"Jaw Worm","floor":2.0,"turns":2.0},{"damage":30.0,"enemies":"3 Sentries","floor":7.0,"turns":5.0},{"damage":0.0,"enemies":"2 Louse","floor":10.0,"turns":1.0},{"damage":13.0,"enemies":"Lagavulin","floor":11.0,"turns":7.0},{"damage":9.0,"enemies":"Looter","floor":14.0,"turns":2.0},{"damage":13.0,"enemies":"The Guardian","floor":16.0,"turns":7.0},{"damage":8.0,"enemies":"2 Thieves","floor":18.0,"turns":3.0},{"damage":0.0,"enemies":"Chosen","floor":20.0,"turns":3.0},{"damage":21.0,"enemies":"Snake Plant","floor":21.0,"turns":3.0},{"damage":22.0,"enemies":"Chosen and Byrds","floor":22.0,"turns":4.0},{"damage":0.0,"enemies":"3 Cultists","floor":24.0,"turns":4.0},{"damage":42.0,"enemies":"Book of Stabbing","floor":27.0,"turns":6.0},{"damage":26,"enemies":"Shelled Parasite and Fungi","floor":29,"turns":3}],"seed_played":"4845959242187067805","potions_obtained":[{"floor":2.0,"key":"SpeedPotion"},{"floor":7.0,"key":"Block Potion"},{"floor":14.0,"key":"SkillPotion"},{"floor":16.0,"key":"DuplicationPotion"},{"floor":20.0,"key":"DistilledChaos"},{"floor":24.0,"key":"Block Potion"}],"is_trial":false,"path_per_floor":["M","M","?","?","?","R","E","R","T","M","E","$","?","M","R","B",null,"M","?","M","M","M","R","M","R","T","E","?","M"],"character_chosen":"WATCHER","items_purchased":["Molten Egg 2"],"campfire_rested":4,"item_purchase_floors":[12],"current_hp_per_floor":[65,63,63,63,49,70,40,61,61,61,48,48,66,57,57,44,72,64,64,64,43,21,42,42,63,63,21,21,0,0],"gold":275,"neow_bonus":"BOSS_RELIC","is_daily":false,"chose_seed":false,"campfire_upgraded":0,"win_rate":0.0,"timestamp":1613829474,"path_taken":["M","M","?","?","?","R","E","R","T","M","E","$","?","?","R","BOSS","M","?","M","M","?","R","M","R","T","E","?","M"],"items_purchased_type":["Relic"],"build_version":"2020-12-22","purchased_purges":0,"victory":false,"max_hp_per_floor":[72,72,72,72,72,72,72,72,72,72,72,72,72,72,72,72,72,72,72,72,72,72,72,72,72,72,72,72,72,72],"card_choices":[{"not_picked":["CrushJoints","Indignation"],"picked":"Conclude","floor":1.0},{"not_picked":["Swivel","CutThroughFate"],"picked":"Consecrate","floor":2.0},{"not_picked":["Study","Perseverance"],"picked":"Collect","floor":7.0},{"not_picked":["Protect","Pray"],"picked":"TalkToTheHand","floor":10.0},{"not_picked":["Protect","BowlingBash"],"picked":"ReachHeaven","floor":11.0},{"not_picked":["EmptyFist+1","Prostrate"],"picked":"TalkToTheHand+1","floor":14.0},{"not_picked":["SpiritShield","MasterReality"],"picked":"ConjureBlade","floor":16.0},{"not_picked":["Nirvana","Evaluate"],"picked":"EmptyBody","floor":18.0},{"not_picked":["Protect","FollowUp+1"],"picked":"ReachHeaven+1","floor":20.0},{"not_picked":["InnerPeace","CrushJoints+1"],"picked":"Swivel+1","floor":21.0},{"not_picked":["Evaluate+1","Protect"],"picked":"Devotion","floor":22.0},{"not_picked":["Prostrate","Indignation","FlyingSleeves+1"],"picked":"SKIP","floor":24.0},{"not_picked":["SashWhip+1","Evaluate"],"picked":"Consecrate+1","floor":27}],"player_experience":471321,"relics_obtained":[{"floor":7.0,"key":"Nunchaku"},{"floor":11.0,"key":"Lantern"},{"floor":26.0,"key":"Gremlin Horn"},{"floor":27,"key":"War Paint"}],"event_choices":[{"damage_healed":0.0,"max_hp_gain":0.0,"max_hp_loss":0.0,"gold_gain":0.0,"event_name":"Living Wall","player_choice":"Grow","floor":3.0,"gold_loss":0.0,"damage_taken":0.0,"cards_upgraded":["Eruption"]},{"damage_healed":0.0,"max_hp_gain":0.0,"max_hp_loss":0.0,"gold_gain":78.0,"event_name":"Golden Wing","player_choice":"Gained Gold","floor":4.0,"gold_loss":0.0,"damage_taken":0.0},{"damage_healed":0.0,"max_hp_gain":0.0,"max_hp_loss":0.0,"gold_gain":0.0,"event_name":"Shining Light","player_choice":"Entered Light","floor":5.0,"gold_loss":0.0,"damage_taken":14.0,"cards_upgraded":["Defend_P","Conclude"]},{"damage_healed":18.0,"max_hp_gain":0.0,"max_hp_loss":0.0,"gold_gain":0.0,"event_name":"Mushrooms","player_choice":"Healed and dodged fight","floor":13.0,"gold_loss":0.0,"damage_taken":0.0,"cards_obtained":["Parasite"]},{"damage_healed":0.0,"max_hp_gain":0.0,"max_hp_loss":0.0,"gold_gain":0.0,"event_name":"Match and Keep!","player_choice":"2 cards matched","floor":19.0,"gold_loss":0.0,"damage_taken":0.0,"cards_obtained":["LessonLearned","Eruption"]},{"damage_healed":0,"gold_gain":0,"player_choice":"Inject Mutagens","damage_taken":0,"relics_obtained":["MutagenicStrength"],"max_hp_gain":0,"max_hp_loss":0,"event_name":"Drug Dealer","floor":28,"gold_loss":0}],"is_beta":false,"boss_relics":[{"not_picked":["Snecko Eye","Cursed Key"],"picked":"Pandora\u0027s Box"}],"items_purged_floors":[],"is_endless":false,"potions_floor_spawned":[2,7,14,16,20,22,24],"killed_by":"Shelled Parasite and Fungi","ascension_level":3}}