{"host":"xwl7b08i4vco8s3a","time":1613849922,"event":{"mods":["Aspiration","BaseMod","Downfall","Minty Spire (QoL Compilation)","Replay The Spire","StSLib"],"gold_per_floor":[99,116,135,135,155,155,178,203,203,21,121,121,106,122,140,140,140,140],"floor_reached":16,"language":"ENG","playtime":1405,"items_purged":[],"score":100,"play_id":"c1b4ca05-95f6-4cca-98df-b8b111d6ccee","local_time":"20210220203842","is_ascension_mode":false,"campfire_choices":[{"data":"Guardian:TwinSlam","floor":1,"key":"SMITH"},{"data":"Guardian:CurlUp","floor":6,"key":"SMITH"},{"data":"Guardian:DecasProtection","floor":12,"key":"SMITH"}],"circlet_count":0,"master_deck":["Guardian:Strike_Guardian","Guardian:Strike_Guardian","Guardian:Strike_Guardian","Guardian:Defend_Guardian","Guardian:Defend_Guardian","Guardian:Defend_Guardian+1","Guardian:CurlUp+1","Guardian:TwinSlam+1","Guardian:ShieldSpikes","Guardian:DecasProtection+1","Guardian:PiercingHide","Guardian:Suspension","expansioncontent:DashGenerateEvil+1","Guardian:ArmoredProtocol","Guardian:Gem_Cyan"],"relics":["Guardian:ModeShifter","aspiration:Lifesprig","Lantern"],"acts_visited":["Exordium"],"potions_floor_usage":[],"damage_taken":[{"damage":3,"enemies":"2 Louse","floor":2,"turns":2},{"damage":5,"enemies":"Jaw Worm","floor":3,"turns":7},{"damage":0,"enemies":"Small Slimes","floor":5,"turns":4},{"damage":29,"enemies":"Lagavulin","floor":8,"turns":9},{"damage":0,"enemies":"downfall:FleeingMerchant","floor":10,"turns":4},{"damage":14,"enemies":"downfall:Heads","floor":11,"turns":8},{"damage":0,"enemies":"downfall:FleeingMerchant","floor":13,"turns":4},{"damage":0,"enemies":"Exordium Wildlife","floor":14,"turns":4},{"damage":0,"enemies":"3 Louse","floor":15,"turns":3},{"damage":68,"enemies":"IC_STATUS_ARCHETYPE","floor":16,"turns":15}],"seed_played":"-3481769479314495884","potions_obtained":[{"floor":8,"key":"hexamod:SoulburnPotion"},{"floor":11,"key":"Swift Potion"}],"is_trial":false,"path_per_floor":["R","M","M","?","M","R","T","E","?","$","?","R","$","M","M","B"],"character_chosen":"GUARDIAN","items_purchased":["expansioncontent:DashGenerateEvil"],"campfire_rested":0,"item_purchase_floors":[10],"current_hp_per_floor":[80,77,72,72,72,72,72,43,69,69,55,55,55,55,55,0,0,0],"gold":140,"neow_bonus":"THREE_CARDS","is_daily":false,"chose_seed":false,"campfire_upgraded":3,"win_rate":0.0,"timestamp":1613849922,"path_taken":["R","M","M","?","M","R","T","E","?","$","?","R","$","?","M","BOSS"],"items_purchased_type":["Card"],"build_version":"2020-12-22","purchased_purges":0,"victory":false,"max_hp_per_floor":[80,80,80,80,80,80,80,80,80,80,80,80,80,80,80,80,80,80],"card_choices":[{"not_picked":["Guardian:TimeBomb","Guardian:Reroute"],"picked":"Guardian:ShieldSpikes","floor":0},{"not_picked":["Guardian:ShieldCharger","Guardian:RollAttack"],"picked":"Guardian:DecasProtection","floor":2},{"not_picked":["Guardian:VentSteam","Guardian:TimeCapacitor"],"picked":"Guardian:Gem_Red","floor":3},{"not_picked":["Guardian:DonusPower","Guardian:Planning"],"picked":"Guardian:PiercingHide","floor":5},{"not_picked":["Guardian:Planning","Guardian:BaubleBeam"],"picked":"Guardian:Suspension","floor":8},{"not_picked":["Guardian:Suspension","Guardian:Incinerate"],"picked":"Guardian:Gem_Green","floor":10},{"not_picked":["Guardian:MultiBeam","Guardian:Planning"],"picked":"Guardian:ArmoredProtocol","floor":11},{"not_picked":["Guardian:WalkerClaw","Guardian:Gem_Lightblue","Guardian:StasisField"],"picked":"SKIP","floor":13},{"not_picked":["Guardian:ChargeCore","Guardian:Gem_Cyan","Guardian:Gem_Yellow"],"picked":"SKIP","floor":14},{"not_picked":["Guardian:Reroute","Guardian:DecasProtection"],"picked":"Guardian:Gem_Cyan","floor":15}],"player_experience":425263,"relics_obtained":[{"floor":7,"key":"aspiration:Lifesprig"},{"floor":8,"key":"Lantern"}],"event_choices":[{"damage_healed":26,"gold_gain":0,"player_choice":"Banana","damage_taken":0,"max_hp_gain":0,"max_hp_loss":0,"event_name":"Big Fish","floor":9,"gold_loss":0}],"is_beta":false,"boss_relics":[],"items_purged_floors":[],"is_endless":false,"potions_floor_spawned":[8,11],"killed_by":"IC_STATUS_ARCHETYPE","ascension_level":0}}