{"host":"4eao2pkwlmv012cz","time":1613794615,"event":{"mods":["BaseMod","Bestiary","Bossed Relics","Colored Powertips","Minty Spire (QoL Compilation)","Permanent Neow","Quick Restart","Random Character Button","StSLib"],"gold_per_floor":[19,37,53,53,81,81,120,120,120,133,133,170,21,50,50,138,138,166,185,12,21,21,21,21],"floor_reached":23,"language":"ENG","playtime":742,"items_purged":["Strike_B"],"score":502,"play_id":"39824c73-edc9-4e2b-85b6-3b5b9fc255f9","local_time":"20210219231655","is_ascension_mode":true,"campfire_choices":[{"data":"Echo Form","floor":6,"key":"SMITH"},{"data":"Zap","floor":8,"key":"SMITH"},{"floor":11,"key":"REST"},{"data":"Defragment","floor":15,"key":"SMITH"}],"circlet_count":0,"master_deck":["AscendersBane","Strike_B","Strike_B","Defend_B","Defend_B","Defend_B","Zap+1","Dualcast","Ball Lightning","Chill","Undo","Echo Form+1","Compile Driver","Ball Lightning","Defragment+1","Cold Snap","Machine Learning","Electrodynamics","Auto Shields","Hologram","Shame"],"relics":["Cracked Core","CeramicFish","Letter Opener","Meat on the Bone","DataDisk","SlaversCollar","MealTicket","Shovel"],"acts_visited":["Exordium","TheCity"],"potions_floor_usage":[5,16,23],"damage_taken":[{"damage":7,"enemies":"Small Slimes","floor":1,"turns":3},{"damage":6,"enemies":"Cultist","floor":2,"turns":3},{"damage":0,"enemies":"2 Louse","floor":3,"turns":2},{"damage":11,"enemies":"2 Fungi Beasts","floor":5,"turns":3},{"damage":18,"enemies":"Lagavulin","floor":7,"turns":7},{"damage":0,"enemies":"Blue Slaver","floor":10,"turns":3},{"damage":19,"enemies":"3 Sentries","floor":12,"turns":7},{"damage":12,"enemies":"Exordium Wildlife","floor":14,"turns":4},{"damage":0,"enemies":"Slime Boss","floor":16,"turns":6},{"damage":12,"enemies":"Spheric Guardian","floor":18,"turns":4},{"damage":19,"enemies":"2 Thieves","floor":19,"turns":4},{"damage":44,"enemies":"Book of Stabbing","floor":23,"turns":4}],"seed_played":"8007114082832241539","potions_obtained":[{"floor":3,"key":"SteroidPotion"},{"floor":5,"key":"Ancient Potion"},{"floor":7,"key":"FearPotion"},{"floor":19,"key":"BlessingOfTheForge"}],"is_trial":false,"path_per_floor":["M","M","M","?","M","R","E","R","T","M","R","E","$","M","R","B",null,"M","M","$","?","?","E"],"character_chosen":"DEFECT","items_purchased":["Defragment","Cold Snap","MealTicket"],"campfire_rested":1,"item_purchase_floors":[13,13,20],"current_hp_per_floor":[57,51,51,51,40,40,22,22,22,34,55,36,36,36,36,36,62,50,43,43,43,43,0,0],"gold":21,"neow_bonus":"REMOVE_TWO","is_daily":false,"chose_seed":false,"campfire_upgraded":3,"win_rate":0.0,"timestamp":1613794615,"path_taken":["M","M","M","?","?","R","E","R","T","M","R","E","$","M","R","BOSS","M","?","?","?","?","E"],"items_purchased_type":["Card","Card","Relic"],"build_version":"2020-12-22","purchased_purges":1,"victory":false,"max_hp_per_floor":[71,71,71,71,71,71,71,71,71,71,71,71,71,71,71,71,71,71,71,71,71,71,71,71],"card_choices":[{"not_picked":["Leap","Steam"],"picked":"Ball Lightning","floor":1},{"not_picked":["Gash","Streamline"],"picked":"Chill","floor":2},{"not_picked":["Stack","Sunder"],"picked":"Undo","floor":3},{"not_picked":["Turbo","Coolheaded"],"picked":"Echo Form","floor":5},{"not_picked":["Ball Lightning","Steam"],"picked":"Compile Driver","floor":7},{"not_picked":["Melter","Blizzard","Steam"],"picked":"SKIP","floor":10},{"not_picked":["Rebound","Ball Lightning","Beam Cell"],"picked":"SKIP","floor":12},{"not_picked":["Rebound","Beam Cell"],"picked":"Ball Lightning","floor":12},{"not_picked":["Redo","Cold Snap"],"picked":"Machine Learning","floor":14},{"not_picked":["Amplify","Machine Learning"],"picked":"Electrodynamics","floor":16},{"not_picked":["Redo","Consume"],"picked":"Auto Shields","floor":18},{"not_picked":["Coolheaded","Compile Driver"],"picked":"Hologram","floor":19}],"player_experience":2941448,"relics_obtained":[{"floor":4,"key":"CeramicFish"},{"floor":7,"key":"Letter Opener"},{"floor":9,"key":"Meat on the Bone"},{"floor":12,"key":"DataDisk"}],"event_choices":[{"damage_healed":0,"gold_gain":0,"player_choice":"Relic","damage_taken":0,"max_hp_gain":0,"max_hp_loss":0,"event_name":"Wheel of Change","floor":4,"gold_loss":0},{"damage_healed":0,"gold_gain":0,"player_choice":"Stole Relic","damage_taken":0,"relics_obtained":["Shovel"],"max_hp_gain":0,"max_hp_loss":0,"event_name":"Addict","floor":21,"gold_loss":0,"cards_obtained":["Shame"]},{"damage_healed":0,"gold_gain":0,"player_choice":"Ignored","damage_taken":0,"max_hp_gain":0,"max_hp_loss":0,"event_name":"Ghosts","floor":22,"gold_loss":0}],"is_beta":false,"boss_relics":[{"not_picked":["Snecko Eye","Nuclear Battery"],"picked":"SlaversCollar"}],"items_purged_floors":[13],"is_endless":false,"potions_floor_spawned":[3,5,7,10,19],"killed_by":"Book of Stabbing","ascension_level":20}}