{"host":"d02vqrhhew441p6s","time":1613781355,"event":{"mods":["BaseMod","Downfall","Halation","Hubris","Infinite Spire","Minty Spire (QoL Compilation)","StSLib","The Animator","The Death Knight","The Necromancer","The Saiyan","TheHeartMod"],"gold_per_floor":[99,110,560,560,107,136,136,236,255,280,455,470,370,389,406,406,406,406],"floor_reached":16,"language":"ENG","playtime":1307,"items_purged":["downfall:Icky"],"score":110,"play_id":"96658fc4-aee2-42b0-901b-c1a757316a18","local_time":"20210220013555","is_ascension_mode":false,"campfire_choices":[{"data":"sneckomod:Unknown","floor":1,"key":"SMITH"}],"circlet_count":0,"master_deck":["sneckomod:Strike","sneckomod:Strike","sneckomod:Strike","sneckomod:Defend","sneckomod:Defend","sneckomod:Defend","sneckomod:TailWhip","sneckomod:SnekBite","sneckomod:Unknown+1","sneckomod:Unknown","sneckomod:Unknown0Cost","downfall:Icky","downfall:Icky","sneckomod:ImprovisedAttack","sneckomod:UnendingSupply","sneckomod:IronFang","sneckomod:SnekBeam","sneckomod:UnknownCommonAttack","Doubt","sneckomod:UnknownRareSkill","Shrug It Off","sneckomod:UnknownClassTHE_BRONZE_AUTOMATON","sneckomod:UnknownClassHEXA_GHOST_PURPLE"],"relics":["sneckomod:SneckoSoul","Lantern","Pantograph","hubris:ToyBattleship","halation:AfternoonTea","Juzu Bracelet","downfall:HeartBlessingGreen"],"acts_visited":["Exordium"],"potions_floor_usage":[10,16,16],"damage_taken":[{"damage":11,"enemies":"2 Louse","floor":2,"turns":3},{"damage":10,"enemies":"downfall:FleeingMerchant","floor":5,"turns":4},{"damage":29,"enemies":"3 Sentries","floor":6,"turns":8},{"damage":11,"enemies":"Jaw Worm","floor":9,"turns":2},{"damage":20,"enemies":"Lagavulin","floor":10,"turns":6},{"damage":5,"enemies":"Small Slimes","floor":12,"turns":3},{"damage":10,"enemies":"3 Louse","floor":14,"turns":2},{"damage":2,"enemies":"Blue Slaver","floor":15,"turns":4},{"damage":59,"enemies":"WA_ARCHETYPE_RETAIN","floor":16,"turns":10}],"seed_played":"8955014170088533278","potions_obtained":[{"floor":9,"key":"SkillPotion"},{"floor":10,"key":"sneckomod:OffclassReductionPotion"},{"floor":14,"key":"SpeedPotion"}],"is_trial":false,"path_per_floor":["R","M","?","T","$","E","T","?","M","E","?","M","R","M","M","B"],"character_chosen":"THE_SNECKO","items_purchased":["sneckomod:UnendingSupply","Pantograph","sneckomod:IronFang"],"campfire_rested":0,"item_purchase_floors":[5,5,5],"current_hp_per_floor":[99,88,88,88,78,49,49,49,38,18,18,13,13,3,1,0,0,0],"gold":406,"neow_bonus":"TEN_PERCENT_HP_BONUS","is_daily":false,"chose_seed":false,"campfire_upgraded":1,"win_rate":0.0,"timestamp":1613781355,"path_taken":["R","M","?","?","$","E","T","?","M","E","?","M","R","M","M","BOSS"],"items_purchased_type":["Card","Relic","Card"],"build_version":"2020-12-22","purchased_purges":1,"victory":false,"max_hp_per_floor":[99,99,99,99,99,99,99,99,99,99,99,99,99,99,99,99,99,99],"card_choices":[{"not_picked":["sneckomod:UnknownClassTHE_BRONZE_AUTOMATON","sneckomod:UnknownClassGREEN"],"picked":"sneckomod:Unknown0Cost","floor":2},{"not_picked":["sneckomod:Nope","sneckomod:UnknownClassGREEN"],"picked":"sneckomod:ImprovisedAttack","floor":5},{"not_picked":["sneckomod:DefensiveFlair","sneckomod:Unknown0Cost"],"picked":"sneckomod:UnknownDraw","floor":6},{"not_picked":["sneckomod:ImprovisedGuard","sneckomod:DiceBlock"],"picked":"sneckomod:SnekBeam","floor":9},{"not_picked":["sneckomod:Unknown1Cost","sneckomod:DiceBlock"],"picked":"sneckomod:UnknownCommonAttack","floor":10},{"not_picked":["sneckomod:UnknownExhaust","sneckomod:DiceBlock"],"picked":"sneckomod:UnknownRareSkill","floor":12},{"not_picked":["sneckomod:UnknownCommonAttack","sneckomod:DiceCrush"],"picked":"sneckomod:UnknownClassTHE_BRONZE_AUTOMATON","floor":14},{"not_picked":["sneckomod:UnknownClassSLIMEBOUND","sneckomod:UnknownCommonSkill"],"picked":"sneckomod:UnknownClassHEXA_GHOST_PURPLE","floor":15}],"player_experience":567672,"relics_obtained":[{"floor":4,"key":"Lantern"},{"floor":6,"key":"hubris:ToyBattleship"},{"floor":7,"key":"halation:AfternoonTea"},{"floor":10,"key":"Juzu Bracelet"}],"event_choices":[],"is_beta":false,"boss_relics":[],"items_purged_floors":[5],"is_endless":false,"potions_floor_spawned":[9,10,14],"killed_by":"WA_ARCHETYPE_RETAIN","ascension_level":0}}