{"host":"d02vqrhhew441p6s","time":1613789247,"event":{"mods":["BaseMod","Downfall","Halation","Hubris","Infinite Spire","Minty Spire (QoL Compilation)","StSLib","The Animator","The Death Knight","The Necromancer","The Saiyan","TheHeartMod"],"gold_per_floor":[99,118,129,129,129,129,129,32,32,32,32,46,31,51,64,162,162,62,74,93,108,108,208,208,224,224,236,236,292,192,222,235,337,337,337,353,353,20,105,122,194,207,55,55,129,146,46,46,66,66,66,98,45,45,45,45],"floor_reached":57,"language":"ENG","playtime":4183,"items_purged":[],"score":994,"play_id":"50513b80-38f8-4c5a-b7f6-69731a4d8474","local_time":"20210220034727","is_ascension_mode":false,"campfire_choices":[{"data":"theHeart:PainfulStabs","floor":1.0,"key":"SMITH"},{"data":"theHeart:BloodRitual","floor":10.0,"key":"SMITH"},{"floor":18.0,"key":"RECALL"},{"data":"theHeart:OxygenRichBlood","floor":30.0,"key":"SMITH"},{"data":"theHeart:HyperCoagulation","floor":35,"key":"SMITH"},{"data":"theHeart:CorruptedForm","floor":44,"key":"SMITH"},{"data":"theHeart:GrayPlatelets","floor":47,"key":"SMITH"},{"floor":54,"key":"REST"}],"circlet_count":0,"master_deck":["theHeart:BloodDrop","theHeart:Scab","theHeart:PainfulStabs+1","theHeart:HeartyVessels","theHeart:ArterialFlow","theHeart:Crush","theHeart:BloodRitual+1","infinitespire:Starlight","theHeart:PulmonaryCirculation","theHeart:SpireSpear","theHeart:Heartbeat","theHeart:TranquilRhythm","theHeart:BloodFlow","theHeart:Terrify","theHeart:Toil","theHeart:Hypertension","theHeart:Antibiotics","theHeart:FiberOpticCatheter","theHeart:FattyMembrane","theHeart:HyperCoagulation+1","theHeart:AntiCoagulant","theHeart:Coagulation","theHeart:Hypertension","theHeart:Hemorrhage+1","theHeart:Devour","theHeart:QuantumEntanglement","theHeart:ElementalCharge+1","theHeart:ChaoticEnergy","infinitespire:Starlight","theHeart:OxygenRichBlood+1","theHeart:SpireGrowth+1","theHeart:Cleanse","theHeart:CapillaryExchange","theHeart:Enrage+1","theHeart:HeartBurn+1","theHeart:CorruptedForm+1","theHeart:GrayPlatelets+1","theHeart:Wrath+1","theHeart:Omega3","theHeart:TentacleWhip+1","theHeart:AncientEvil+1","theHeart:PoisonousCyst","theHeart:ArterialFlow+1","theHeart:ArterialFlow+1"],"relics":["theHeart:BeatOfDeath","halation:QuantumPhysicsTextbook","halation:LettersToHer","Pandora\u0027s Box","downfall:HeartBlessingBlue","hubris:Towel","Molten Egg 2","theHeart:SpireCore","hubris:SphereOfDissonance","theHeart:CarvedVein","halation:BlackBeret","Philosopher\u0027s Stone","downfall:KnowingSkull","downfall:HeartBlessingRed","DeathKnight:PutricidesVial","halation:ForbiddenBikini","Blue Candle","Gremlin Horn","Frozen Egg 2","Sling","hubris:CuriousFeather","downfall:HeartBlessingGreen","halation:PapillonHeart","Happy Flower"],"acts_visited":["Exordium","TheCity","TheBeyond","TheEnding"],"potions_floor_usage":[36,40,42,45,45,52,55,55,56,56],"damage_taken":[{"damage":0.0,"enemies":"Small Slimes","floor":2.0,"turns":3.0},{"damage":8.0,"enemies":"Jaw Worm","floor":3.0,"turns":4.0},{"damage":0.0,"enemies":"downfall:FleeingMerchant","floor":8.0,"turns":4.0},{"damage":0.0,"enemies":"Cultist","floor":11.0,"turns":1.0},{"damage":22.0,"enemies":"3 Louse","floor":12.0,"turns":3.0},{"damage":14.0,"enemies":"downfall:FleeingMerchant","floor":13.0,"turns":4.0},{"damage":7.0,"enemies":"Blue Slaver","floor":14.0,"turns":2.0},{"damage":0.0,"enemies":"Exordium Wildlife","floor":15.0,"turns":3.0},{"damage":41.0,"enemies":"DF_ARCHETYPE_STREAMLINE","floor":16.0,"turns":8.0},{"damage":29.0,"enemies":"Spheric Guardian","floor":19.0,"turns":6.0},{"damage":10.0,"enemies":"Chosen","floor":20.0,"turns":4.0},{"damage":38.0,"enemies":"Snake Plant","floor":21.0,"turns":6.0},{"damage":37.0,"enemies":"Colosseum Nobs","floor":23.0,"turns":5.0},{"damage":32.0,"enemies":"Snecko","floor":25.0,"turns":4.0},{"damage":1.0,"enemies":"Centurion and Healer","floor":27.0,"turns":5.0},{"damage":27.0,"enemies":"Snake Plant","floor":29.0,"turns":3.0},{"damage":41.0,"enemies":"Gremlin Leader","floor":31.0,"turns":4.0},{"damage":5.0,"enemies":"Chosen and Byrds","floor":32.0,"turns":1.0},{"damage":0.0,"enemies":"WA_ARCHETYPE_CALM","floor":33.0,"turns":1.0},{"damage":31,"enemies":"3 Shapes","floor":36,"turns":3},{"damage":13,"enemies":"downfall:FleeingMerchant","floor":39,"turns":3},{"damage":27,"enemies":"3 Darklings","floor":40,"turns":3},{"damage":7,"enemies":"Transient","floor":42,"turns":5},{"damage":51,"enemies":"Nemesis","floor":45,"turns":7},{"damage":4,"enemies":"4 Shapes","floor":46,"turns":3},{"damage":18,"enemies":"3 Darklings","floor":49,"turns":3},{"damage":15,"enemies":"SI_POISON_ARCHETYPE","floor":50,"turns":6},{"damage":104,"enemies":"downfall:CharBossMerchant","floor":52,"turns":7},{"damage":21,"enemies":"downfall:NeowBoss","floor":55,"turns":11},{"damage":48,"enemies":"downfall:NeowBossFinal","floor":56,"turns":6}],"seed_played":"-5892956475696414995","potions_obtained":[{"floor":2.0,"key":"bronze:BurnAndBuffPotion"},{"floor":3.0,"key":"LiquidMemories"},{"floor":14.0,"key":"GamblersBrew"},{"floor":16.0,"key":"Explosive Potion"},{"floor":20.0,"key":"FearPotion"},{"floor":23.0,"key":"CultistPotion"},{"floor":27.0,"key":"BlessingOfTheForge"},{"floor":40,"key":"Block Potion"},{"floor":42,"key":"PowerPotion"},{"floor":46,"key":"Swift Potion"},{"floor":49,"key":"SteroidPotion"},{"floor":52,"key":"CultistPotion"}],"is_trial":false,"path_per_floor":["R","M","M","?","?","T","T","$","?","R","M","M","$","M","M","B",null,"R","M","M","M","?","?","T","M","AVR","M","?","M","R","E","M","B",null,"R","M","?","?","$","M","T","M","$","R","E","M","R","?","M","B",null,"E","$","R","B","B",null],"character_chosen":"THE_HEART","items_purchased":["theHeart:BloodRitual","Gremlin Horn","theHeart:GrayPlatelets","Sling","theHeart:ArterialFlow+1"],"campfire_rested":1,"item_purchase_floors":[8,39,39,43,53],"current_hp_per_floor":[75,75,67,67,67,67,67,67,50,50,50,38,34,27,37,16,75,85,66,68,55,55,36,36,10,10,44,44,39,39,30,25,25,85,85,65,60,96,96,96,96,94,94,94,73,90,90,90,74,91,91,11,11,38,91,48],"gold":45,"neow_bonus":"THREE_CARDS","is_daily":false,"chose_seed":false,"campfire_upgraded":6,"win_rate":0.0,"timestamp":1613789247,"path_taken":["R","M","M","?","?","?","T","?","?","R","M","M","$","M","M","BOSS","R","M","M","M","?","?","T","M","AVR","M","?","?","R","E","M","BOSS","R","M","?","?","$","M","T","?","$","R","E","M","R","?","M","BOSS","E","$","R","BOSS","BOSS"],"items_purchased_type":["Card","Relic","Card","Relic","Card"],"build_version":"2020-12-22","purchased_purges":0,"victory":true,"max_hp_per_floor":[75,75,75,75,75,75,75,75,75,75,75,75,75,75,75,75,75,85,85,85,85,85,85,85,85,85,85,85,85,85,85,85,85,85,85,85,85,96,96,96,96,96,96,96,96,96,96,91,91,91,91,91,91,91,91,91],"card_choices":[{"not_picked":["theHeart:Embolism","theHeart:BloodClots"],"picked":"theHeart:PainfulStabs","floor":0.0},{"not_picked":["theHeart:TentacleWhip","theHeart:MyocardialRupture"],"picked":"theHeart:HeartyVessels","floor":2.0},{"not_picked":["theHeart:Wrath","theHeart:TentacleWhip"],"picked":"theHeart:ArterialFlow","floor":3.0},{"not_picked":["theHeart:PainfulStabs","theHeart:GrayPlatelets"],"picked":"theHeart:Crush","floor":8.0},{"not_picked":["infinitespire:FinalStrike","infinitespire:Fortify"],"picked":"infinitespire:Starlight","floor":9.0},{"not_picked":["theHeart:TranquilRhythm","theHeart:CapillaryExchange"],"picked":"theHeart:PulmonaryCirculation","floor":11.0},{"not_picked":["theHeart:FattyMembrane","theHeart:HeartyVessels"],"picked":"theHeart:SpireSpear","floor":12.0},{"not_picked":["theHeart:PoisonousCyst","theHeart:BloodSpray"],"picked":"theHeart:Heartbeat","floor":13.0},{"not_picked":["theHeart:Cleanse","theHeart:HeartyVessels"],"picked":"theHeart:TranquilRhythm","floor":14.0},{"not_picked":["theHeart:Arrhythmia","theHeart:Crush"],"picked":"theHeart:BloodFlow","floor":15.0},{"not_picked":["theHeart:TotalHeartFailure","theHeart:BloodRitual"],"picked":"theHeart:Terrify","floor":16.0},{"not_picked":["theHeart:ArterialFlow+1","theHeart:Crush"],"picked":"theHeart:Hemorrhage+1","floor":19.0},{"not_picked":["theHeart:Arrhythmia","theHeart:Embolism"],"picked":"theHeart:Devour","floor":20.0},{"not_picked":["theHeart:Arrhythmia+1","theHeart:BloodClots"],"picked":"theHeart:QuantumEntanglement","floor":21.0},{"not_picked":["theHeart:BloodRitual","theHeart:LeechSeed"],"picked":"theHeart:ElementalCharge+1","floor":23.0},{"not_picked":["theHeart:Tachycardia+1","theHeart:Embolism+1"],"picked":"theHeart:ChaoticEnergy","floor":25.0},{"not_picked":["theHeart:Embolism+1","theHeart:Arrhythmia"],"picked":"theHeart:OxygenRichBlood","floor":27.0},{"not_picked":["theHeart:Hemochromatosis","theHeart:ArterialFlow+1"],"picked":"theHeart:SpireGrowth+1","floor":29.0},{"not_picked":["theHeart:SpireGrowth","theHeart:Betablocker+1"],"picked":"theHeart:Cleanse","floor":31.0},{"not_picked":["theHeart:HeartBurn","theHeart:FattyMembrane"],"picked":"theHeart:CapillaryExchange","floor":32.0},{"not_picked":["theHeart:HyperTrophy","theHeart:Terrify"],"picked":"theHeart:Enrage+1","floor":33.0},{"not_picked":["theHeart:TranquilRhythm+1","theHeart:CapillaryExchange+1"],"picked":"theHeart:HeartBurn+1","floor":36},{"not_picked":["theHeart:Cleanse+1","theHeart:Betablocker+1"],"picked":"theHeart:CorruptedForm","floor":39},{"not_picked":["theHeart:Devour+1","theHeart:TranquilRhythm+1"],"picked":"theHeart:Wrath+1","floor":40},{"not_picked":["theHeart:Cleanse","theHeart:CapillaryExchange+1"],"picked":"theHeart:Omega3","floor":42},{"not_picked":["theHeart:Embolism+1","theHeart:SpireGrowth"],"picked":"theHeart:TentacleWhip+1","floor":45},{"not_picked":["theHeart:SpireGrowth","theHeart:Tachycardia+1"],"picked":"theHeart:AncientEvil+1","floor":46},{"not_picked":["theHeart:SpireGrowth+1","theHeart:PainfulStabs+1"],"picked":"theHeart:PoisonousCyst","floor":49},{"not_picked":["theHeart:Enrage+1","theHeart:BloodFlow+1"],"picked":"theHeart:ArterialFlow+1","floor":52}],"player_experience":572457,"relics_obtained":[{"floor":6.0,"key":"halation:LettersToHer"},{"floor":7.0,"key":"halation:LettersToHer"},{"floor":23.0,"key":"Molten Egg 2"},{"floor":23.0,"key":"theHeart:SpireCore"},{"floor":24.0,"key":"hubris:SphereOfDissonance"},{"floor":24.0,"key":"theHeart:CarvedVein"},{"floor":31.0,"key":"DeathKnight:PutricidesVial"},{"floor":41,"key":"Frozen Egg 2"},{"floor":41,"key":"halation:LettersToHer"},{"floor":45,"key":"hubris:CuriousFeather"},{"floor":52,"key":"Happy Flower"}],"event_choices":[],"is_beta":false,"boss_relics":[{"not_picked":["halation:HeavySnake","hubris:TerracottaHorce"],"picked":"Pandora\u0027s Box"},{"not_picked":["hubris:CrackedHourglass","hubris:VirtuousBlindfold"],"picked":"halation:ForbiddenBikini"}],"items_purged_floors":[],"is_endless":false,"potions_floor_spawned":[2,3,14,16,20,21,23,27,40,42,46,49,52],"ascension_level":0}}