{"host":"t39frk1gt0zfm79h","time":1613796781,"event":{"mods":["BaseMod","Better Altar","Better Match","Better Note","Better Sensory Stone","Better Skull","Better Third Choice","Block Reminder","Colored Map","Downfall","Hermit","Minty Spire (QoL Compilation)","Relic Stats","StSLib"],"gold_per_floor":[117,137,137,59,80,80,95,95,95,95,119,294,186,186,186,305,305,328,528,528,547,296,331,351,390,390,413,426,445,445,469,469,594,594,615,630,630,630,630,630,664,685,685,685,701,724,724,724,724,724,724,724,21,62,62,62],"floor_reached":55,"language":"ENG","playtime":3864,"items_purged":["hermit:Strike_Hermit","hermit:DeadMansHand","hermit:Defend_Hermit"],"score":729,"play_id":"d75d5b36-2de2-4c22-8d51-9bf87b845ff1","local_time":"20210219205301","is_ascension_mode":false,"campfire_choices":[{"data":"hermit:Snapshot","floor":6.0,"key":"SMITH"},{"data":"hermit:Determination","floor":8,"key":"SMITH"},{"data":"hermit:GhostlyPresence","floor":10,"key":"SMITH"},{"data":"hermit:ShadowCloak","floor":15,"key":"SMITH"},{"floor":30,"key":"REST"},{"data":"hermit:Brawl","floor":32,"key":"SMITH"},{"data":"hermit:FatalDesire","floor":40,"key":"SMITH"},{"data":"hermit:SprayPray","floor":44,"key":"SMITH"},{"floor":47,"key":"RECALL"},{"floor":49,"key":"REST"},{"data":"hermit:Quickdraw","floor":52,"key":"SMITH"}],"circlet_count":0,"master_deck":["hermit:Strike_Hermit","hermit:Defend_Hermit","hermit:Defend_Hermit+1","hermit:Defend_Hermit","hermit:Snapshot+1","hermit:Covet","hermit:Quickdraw+1","hermit:GhostlyPresence+1","hermit:Determination+1","hermit:Feint","hermit:Horror","hermit:SprayPray+1","Doubt","hermit:ShadowCloak+1","hermit:FatalDesire+1","hermit:CursedWeapon","hermit:Brawl+1","hermit:HoleUp+1","hermit:Desperado+1","hermit:SprayPray+1","hermit:FinalCanter+1","hermit:Spite+1","AscendersBane","hermit:ShadowCloak+1","hermit:Gestalt","hermit:Virtue+1","hermit:SprayPray+1","hermit:Reprieve","hermit:RoundhouseKick+1","hermit:GhostlyPresence+1"],"relics":["hermit:Momento","Golden Idol","Pear","Velvet Choker","Eternal Feather","Torii","Molten Egg 2","PreservedInsect","hermit:DentedPlate","War Paint","HornCleat","Strawberry","Gambling Chip"],"acts_visited":["Exordium","TheCity","TheBeyond","TheEnding"],"potions_floor_usage":[16,21,23,24,28,33,33,41,50,50,55,55],"damage_taken":[{"damage":0.0,"enemies":"Small Slimes","floor":1.0,"turns":3.0},{"damage":0.0,"enemies":"Jaw Worm","floor":2.0,"turns":3.0},{"damage":0.0,"enemies":"Cultist","floor":5.0,"turns":4.0},{"damage":9.0,"enemies":"Gremlin Gang","floor":7.0,"turns":6.0},{"damage":0,"enemies":"Large Slime","floor":11,"turns":5},{"damage":5,"enemies":"Slime Boss","floor":16,"turns":12},{"damage":0,"enemies":"Chosen","floor":18,"turns":8},{"damage":8,"enemies":"Spheric Guardian","floor":21,"turns":7},{"damage":17,"enemies":"Gremlin Leader","floor":23,"turns":9},{"damage":10,"enemies":"Cultist and Chosen","floor":24,"turns":8},{"damage":14,"enemies":"Book of Stabbing","floor":25,"turns":7},{"damage":10,"enemies":"Snake Plant","floor":27,"turns":5},{"damage":2,"enemies":"Centurion and Healer","floor":28,"turns":7},{"damage":5,"enemies":"Cultist and Chosen","floor":29,"turns":5},{"damage":16,"enemies":"Snecko","floor":31,"turns":7},{"damage":4,"enemies":"Collector","floor":33,"turns":9},{"damage":34,"enemies":"3 Darklings","floor":35,"turns":4},{"damage":8,"enemies":"Orb Walker","floor":36,"turns":4},{"damage":27,"enemies":"Reptomancer","floor":41,"turns":7},{"damage":22,"enemies":"4 Shapes","floor":42,"turns":6},{"damage":25,"enemies":"Sphere and 2 Shapes","floor":45,"turns":6},{"damage":14,"enemies":"Spire Growth","floor":46,"turns":5},{"damage":30,"enemies":"Time Eater","floor":50,"turns":7},{"damage":66,"enemies":"Shield and Spear","floor":54,"turns":5},{"damage":31,"enemies":"The Heart","floor":55,"turns":10}],"seed_played":"8626846070354954161","potions_obtained":[{"floor":2.0,"key":"BlessingOfTheForge"},{"floor":5.0,"key":"hexamod:SoulburnPotion"},{"floor":16,"key":"Block Potion"},{"floor":23,"key":"GamblersBrew"},{"floor":24,"key":"Explosive Potion"},{"floor":27,"key":"AttackPotion"},{"floor":29,"key":"Guardian:BlockOnCardUsePotion"},{"floor":33,"key":"hermit:BlackBile"},{"floor":41,"key":"PowerPotion"},{"floor":42,"key":"champ:CounterPotion"}],"is_trial":false,"path_per_floor":["M","M","?","$","M","R","M","R","T","R","M","?","$","T","R","B",null,"M","?","T","M","$","E","M","E","T","M","M","M","R","M","R","B",null,"M","M","?","?","?","R","E","M","T","R","M","M","R","?","R","B",null,"R","$","E","B"],"character_chosen":"HERMIT","items_purchased":["hermit:Determination","hermit:ShadowCloak","hermit:CursedWeapon","hermit:Brawl","hermit:Reprieve","hermit:RoundhouseKick+1","Strawberry","CultistPotion","PowerPotion"],"campfire_rested":2,"item_purchase_floors":[4,13,22,22,53,53,53,53,53],"current_hp_per_floor":[68,68,63,63,63,63,54,54,64,64,64,64,64,64,64,59,73,73,73,73,65,65,48,38,24,24,14,12,7,40,24,36,32,64,30,22,92,92,92,92,65,43,43,58,33,19,34,34,76,46,46,61,68,14,0,0],"gold":62,"neow_bonus":"TRANSFORM_TWO_CARDS","is_daily":false,"chose_seed":false,"campfire_upgraded":8,"win_rate":0.0,"timestamp":1613796781,"path_taken":["M","M","?","$","M","R","M","R","T","R","M","?","$","?","R","BOSS","M","?","?","M","$","E","M","E","T","M","?","M","R","M","R","BOSS","M","?","?","?","?","R","E","M","T","R","M","M","R","?","R","BOSS","R","$","E","BOSS"],"items_purchased_type":["Card","Card","Card","Card","Card","Card","Relic","Potion","Potion"],"build_version":"2020-12-22","purchased_purges":3,"victory":false,"max_hp_per_floor":[68,68,63,63,63,63,63,63,73,73,73,73,73,73,73,73,73,73,73,73,73,73,73,73,73,73,73,73,73,73,73,73,73,105,105,105,92,92,92,92,92,92,92,92,92,92,92,92,92,92,92,92,99,99,99,99],"relic_stats":{"Torii":26,"counters":[31,155],"Golden Idol":165,"Gambling Chip":[0],"Eternal Feather":84,"PreservedInsect":126,"War Paint":["hermit:Defend_Hermit","hermit:HoleUp"],"obtain_stats":[{"NeowsBlessing":0,"Mango":39,"Bottled Tornado":25,"War Paint":41,"Empty Cage":17,"Ancient Tea Set":40,"White Beast Statue":44,"CaptainsWheel":26,"HornCleat":43,"Mummified Hand":6,"Bird Faced Urn":28,"Strawberry":53,"Gambling Chip":54,"MealTicket":9,"Molten Egg 2":36,"Fusion Hammer":34,"Red Mask":37,"Bottled Lightning":20,"Cracked Core":0,"Toy Ornithopter":23},{"NeowsBlessing":0,"Mango":18,"Bottled Tornado":12,"War Paint":25,"Empty Cage":9,"Ancient Tea Set":19,"White Beast Statue":21,"CaptainsWheel":12,"HornCleat":20,"Mummified Hand":4,"Bird Faced Urn":13,"Strawberry":29,"Gambling Chip":30,"MealTicket":5,"Molten Egg 2":17,"Fusion Hammer":16,"Red Mask":17,"Bottled Lightning":10,"Cracked Core":0,"Toy Ornithopter":11},{"NeowsBlessing":0,"Mango":76,"Bottled Tornado":44,"War Paint":116,"Empty Cage":29,"Ancient Tea Set":82,"White Beast Statue":92,"CaptainsWheel":44,"HornCleat":87,"Mummified Hand":9,"Bird Faced Urn":49,"Strawberry":140,"Gambling Chip":145,"MealTicket":12,"Molten Egg 2":71,"Fusion Hammer":68,"Red Mask":71,"Bottled Lightning":33,"Cracked Core":0,"Toy Ornithopter":39}]},"card_choices":[{"not_picked":["hermit:WideOpen","hermit:BodyArmor","hermit:TakeCover"],"picked":"SKIP","floor":1.0},{"not_picked":["hermit:Dive","hermit:Roulette"],"picked":"hermit:GhostlyPresence","floor":2.0},{"not_picked":["hermit:WideOpen","hermit:Spite"],"picked":"hermit:Feint","floor":5.0},{"not_picked":["hermit:HighCaliber","hermit:Dive"],"picked":"hermit:Horror","floor":7.0},{"not_picked":["hermit:SprayPray","hermit:FullyLoaded","hermit:LoneWolf"],"picked":"SKIP","floor":11},{"not_picked":["hermit:FullyLoaded","hermit:LoneWolf"],"picked":"hermit:SprayPray","floor":11},{"not_picked":["hermit:FinalCanter","hermit:RoundhouseKick"],"picked":"hermit:FatalDesire","floor":16},{"not_picked":["hermit:LowProfile","hermit:LuckOfTheDraw","hermit:Snipe"],"picked":"SKIP","floor":18},{"not_picked":["hermit:LowProfile+1","hermit:ItchyTrigger+1","hermit:BigShot"],"picked":"SKIP","floor":21},{"not_picked":["hermit:Glare","hermit:ItchyTrigger","hermit:CalledShot"],"picked":"SKIP","floor":23},{"not_picked":["hermit:Desperado","hermit:Ricochet+1"],"picked":"hermit:GhostlyPresence","floor":24},{"not_picked":["hermit:TakeCover","hermit:RoundhouseKick+1"],"picked":"hermit:HoleUp","floor":25},{"not_picked":["hermit:Vantage","hermit:Dive","hermit:CursedWeapon+1"],"picked":"SKIP","floor":27},{"not_picked":["hermit:Roulette+1","hermit:Snipe"],"picked":"hermit:Desperado+1","floor":28},{"not_picked":["hermit:WideOpen+1","hermit:GoldenBullet+1"],"picked":"hermit:SprayPray+1","floor":29},{"not_picked":["hermit:BodyArmor","hermit:RoundhouseKick+1","hermit:Midnight+1"],"picked":"SKIP","floor":31},{"not_picked":["hermit:EternalForm","hermit:BlackWind+1"],"picked":"hermit:FinalCanter+1","floor":33},{"not_picked":["hermit:ShadowCloak","hermit:Showdown+1"],"picked":"hermit:Spite+1","floor":35},{"not_picked":["hermit:HighCaliber+1","hermit:Shortfuse+1","hermit:ItchyTrigger+1"],"picked":"SKIP","floor":36},{"not_picked":["hermit:WideOpen+1","hermit:Manifest+1"],"picked":"hermit:Gestalt","floor":41},{"not_picked":["hermit:DeadMansHand","hermit:Quickdraw+1","hermit:Vantage+1"],"picked":"SKIP","floor":42},{"not_picked":["hermit:SprayPray+1","hermit:Quickdraw+1"],"picked":"hermit:Virtue+1","floor":45},{"not_picked":["hermit:GoldenBullet+1","hermit:LuckOfTheDraw+1"],"picked":"hermit:SprayPray+1","floor":46},{"not_picked":["hermit:SprayPray+1","hermit:Dive+1"],"picked":"hermit:GhostlyPresence+1","floor":54}],"player_experience":9224,"relics_obtained":[{"floor":9,"key":"Pear"},{"floor":20,"key":"Eternal Feather"},{"floor":23,"key":"Torii"},{"floor":25,"key":"Molten Egg 2"},{"floor":26,"key":"PreservedInsect"},{"floor":41,"key":"War Paint"},{"floor":43,"key":"HornCleat"},{"floor":54,"key":"Gambling Chip"}],"event_choices":[{"damage_healed":0.0,"max_hp_gain":0.0,"max_hp_loss":5.0,"gold_gain":0.0,"event_name":"Golden Idol","player_choice":"Lose Max HP","floor":3.0,"gold_loss":0.0,"damage_taken":0.0,"relics_obtained":["Golden Idol"]},{"damage_healed":0,"gold_gain":175,"player_choice":"AGREE","damage_taken":119,"max_hp_gain":0,"max_hp_loss":0,"event_name":"betterThird:BetterSerpent","floor":12,"gold_loss":0},{"damage_healed":0,"gold_gain":250,"player_choice":"Bet on Owner","damage_taken":0,"max_hp_gain":0,"max_hp_loss":0,"event_name":"The Joust","floor":19,"gold_loss":50},{"damage_healed":92,"gold_gain":0,"player_choice":"Heal","damage_taken":0,"max_hp_gain":0,"max_hp_loss":13,"event_name":"The Moai Head","floor":37,"gold_loss":0},{"damage_healed":0,"gold_gain":3,"player_choice":"3","damage_taken":0,"max_hp_gain":0,"max_hp_loss":0,"event_name":"betterStone:BetterStone","floor":38,"gold_loss":0,"cards_obtained":["hermit:ShadowCloak"]},{"cards_removed":["hermit:GhostlyPresence"],"damage_healed":0,"gold_gain":0,"player_choice":"Removed Skill","damage_taken":0,"max_hp_gain":0,"max_hp_loss":0,"event_name":"Falling","floor":39,"gold_loss":0},{"damage_healed":0,"gold_gain":0,"player_choice":"Ignored","damage_taken":0,"max_hp_gain":0,"max_hp_loss":0,"event_name":"Tomb of Lord Red Mask","floor":48,"gold_loss":0}],"is_beta":false,"boss_relics":[{"not_picked":["SacredBark","Coffee Dripper"],"picked":"Velvet Choker"},{"not_picked":["Fusion Hammer","hermit:BartenderGlass"],"picked":"hermit:DentedPlate"}],"items_purged_floors":[13,22,53],"is_endless":false,"potions_floor_spawned":[2,5,16,23,24,27,29,33,41,42],"killed_by":"The Heart","ascension_level":0}}