{"host":"3kvzrqphghcx5kvo","time":1613795723,"event":{"mods":["AchievementEnabler","BaseMod","Colored Map","Colored Powertips","Downfall","GifTheSpireLib","Minty Spire (QoL Compilation)","Quick Restart","Rare Cards Sparkle","Relic Stats","StSLib","Unceasing Turn Reminder","everything is the same but u backflip on backflip"],"gold_per_floor":[364,379,379,304,320,356,356,377,377,377,32,32,32,32,32,32,32],"floor_reached":16,"language":"ENG","playtime":1914,"items_purged":["Injury","Strike_B"],"score":196,"play_id":"2a1d9eda-68de-4cd5-8bc5-6d48b7dd15d8","local_time":"20210219203523","is_ascension_mode":true,"campfire_choices":[{"floor":7,"key":"REST"},{"floor":10,"key":"REST"},{"data":"Dualcast","floor":12,"key":"SMITH"},{"data":"Zap","floor":15,"key":"SMITH"}],"circlet_count":0,"master_deck":["AscendersBane","Strike_B","Strike_B","Defend_B","Defend_B","Defend_B","Defend_B","Zap+1","Dualcast+1","Melter","FTL","Core Surge"],"relics":["Cracked Core","Golden Idol","Bottled Flame","Shuriken","Regal Pillow"],"acts_visited":["Exordium"],"potions_floor_usage":[6],"damage_taken":[{"damage":8.0,"enemies":"Small Slimes","floor":1.0,"turns":5.0},{"damage":2.0,"enemies":"2 Louse","floor":2.0,"turns":3.0},{"damage":1.0,"enemies":"Cultist","floor":5.0,"turns":3.0},{"damage":28,"enemies":"Gremlin Nob","floor":6,"turns":4},{"damage":9,"enemies":"Red Slaver","floor":8,"turns":3},{"damage":45,"enemies":"Hexaghost","floor":16,"turns":8}],"seed_played":"-4230387716369811044","potions_obtained":[{"floor":5.0,"key":"PowerPotion"},{"floor":6,"key":"Explosive Potion"}],"is_trial":false,"path_per_floor":["M","M","?","$","M","E","R","M","T","R","$","R","?","?","R","B"],"character_chosen":"DEFECT","items_purchased":["Regal Pillow","Core Surge"],"campfire_rested":2,"item_purchase_floors":[11,11],"current_hp_per_floor":[38,36,36,36,35,7,28,19,19,40,40,40,40,40,40,0,0],"gold":32,"neow_bonus":"TWO_FIFTY_GOLD","is_daily":false,"chose_seed":false,"campfire_upgraded":2,"win_rate":0.0,"timestamp":1613795723,"path_taken":["M","M","?","$","M","E","R","M","T","R","$","R","?","?","R","BOSS"],"items_purchased_type":["Relic","Card"],"build_version":"2020-12-22","purchased_purges":2,"victory":false,"max_hp_per_floor":[71,71,71,71,71,71,71,71,71,71,71,71,71,71,71,71,71],"relic_stats":{"Regal Pillow":0,"counters":[6,26],"Golden Idol":14,"Shuriken":[2],"obtain_stats":[{"Bottled Flame":6,"Regal Pillow":11,"Golden Idol":3,"Shuriken":9,"Cracked Core":0},{"Bottled Flame":4,"Regal Pillow":5,"Golden Idol":2,"Shuriken":5,"Cracked Core":0},{"Bottled Flame":15,"Regal Pillow":18,"Golden Idol":8,"Shuriken":18,"Cracked Core":0}]},"card_choices":[{"not_picked":["Go for the Eyes","Turbo"],"picked":"Melter","floor":1.0},{"not_picked":["Compile Driver","Force Field","Stack"],"picked":"SKIP","floor":2.0},{"not_picked":["Cold Snap","Gash"],"picked":"FTL","floor":5.0},{"not_picked":["Loop","Redo","FTL"],"picked":"SKIP","floor":6},{"not_picked":["Loop","Redo","FTL"],"picked":"SKIP","floor":6},{"not_picked":["Steam","Leap","Darkness"],"picked":"SKIP","floor":8}],"player_experience":1274266,"relics_obtained":[{"floor":6,"key":"Bottled Flame"},{"floor":9,"key":"Shuriken"}],"event_choices":[{"damage_healed":0.0,"max_hp_gain":0.0,"max_hp_loss":0.0,"gold_gain":0.0,"event_name":"Golden Idol","player_choice":"Take Wound","floor":3.0,"gold_loss":0.0,"damage_taken":0.0,"relics_obtained":["Golden Idol"],"cards_obtained":["Injury"]},{"damage_healed":0,"gold_gain":0,"player_choice":"Ignored","damage_taken":0,"max_hp_gain":0,"max_hp_loss":0,"event_name":"Liars Game","floor":13,"gold_loss":0},{"cards_removed":["Strike_B"],"damage_healed":0,"gold_gain":0,"player_choice":"Offered Basic","damage_taken":0,"max_hp_gain":0,"max_hp_loss":0,"event_name":"Bonfire Elementals","floor":14,"gold_loss":0}],"is_beta":false,"boss_relics":[],"items_purged_floors":[4,11],"is_endless":false,"potions_floor_spawned":[5,6],"killed_by":"Hexaghost","ascension_level":20}}