{"host":"jacddazefqpozmdr","time":1613826577,"event":{"mods":["AchievementEnabler","Act Like it!","BaseMod","Better Note","BetterRewards","Downfall","Googly Eyes","Hermit","HololiveMod","Hubris","Infinite Spire","Lobotomy","LobotomyExtend","Marisa????????","Minty Spire (QoL Compilation)","Prisma Mod","Quick Restart","Railgun Mod","Rare Cards Sparkle","Relic Stats","Replay The Spire","Ruina","Shop Mod","StSLib","The Blue Laboratory","The Cursed","The Gatherer","The Jungle","The Runesmith","The Servant 0.9.4","Waifu the Spire","WarShipGirlsR/????R mod"],"gold_per_floor":[86,86,103,117,42,74,85,103,103,103,138,138,138,138,138,238,338,356,356,356,402,422,448,448,448,448,475,490,549,591,591,591,721,721,734,734,734,734,734,795,810,810,863,891,919,560,588,609,609,702,702,702,702,629,668,678],"floor_reached":57,"language":"ENG","playtime":3187,"items_purged":["Hololive_Strike","Hololive_Strike","Clumsy"],"score":1628,"play_id":"c6ccbbec-f163-4279-8fd0-0adf162c01ca","local_time":"20210220130937","is_ascension_mode":false,"campfire_choices":[{"data":"Hololive_CallAmaneKanata","floor":10,"key":"SMITH"},{"data":"Hololive_CallAZKi","floor":15,"key":"SMITH"},{"floor":24,"key":"RECALL"},{"data":"Hololive_CallFriendA","floor":32,"key":"SMITH"},{"floor":42,"key":"REST"},{"data":"Master of Strategy","floor":49,"key":"SMITH"},{"data":"Hololive_CallMomosuzuNene+1","floor":53,"key":"SMITH"}],"circlet_count":0,"master_deck":["Hololive_Defend+1","Hololive_Defend+1","Hololive_CallDoris+1","Hololive_CallInugamiKorone+1","Hololive_CallFriendA+1","Hololive_CallUsadaPekora+1","Hololive_CallKiryuuCoco+1","Hololive_CallAmaneKanata+1","Hololive_CallHoushouMarine+1","Hololive_CallMurasakiShion+1","Hololive_CallHoshimachiSuisei+1","Hololive_CallAZKi+1","Hololive_FlyingPonyTail+1","Hololive_MaximGun+1","Hololive_CallTokinoSora+1","Hololive_CallSakuraMiko+1","Hololive_CallShishiroBotan+1","Hololive_CallSpadeEcho+1","Hololive_DDD+1","Hololive_CallYukihanaLamy+1","Hololive_CallShiroganeNoel+1","Hololive_CallManoAloe+1","Master of Strategy+1","Hololive_CallShirakamiFubuki+1","Hololive_CallMomosuzuNene+3","Hololive_CallYuzukiChoco+1"],"relics":["Hololive_TheStar","LetterFromLob","Torii","hubris:BundleOfHerbs","hubris:FruitBowl","Strawberry","Pondfish Scales","Replay:Wanted Poster","Toolbox","Omamori","Replay:Kaleidoscope","Happy Flower","Frozen Egg 2","Boot","ReplayTheSpireMod:Ninjato","Runic Dome","Mark of the Bloom","hubris:TenFootPole","Centennial Puzzle","Replay:Wax Seal","Mercury Hourglass","Bronze Scales","Bag of Marbles"],"acts_visited":["Exordium","Exordium","TheBeyond","TheEnding"],"potions_floor_usage":[33],"damage_taken":[{"damage":0,"enemies":"2 Louse","floor":1,"turns":3},{"damage":0,"enemies":"Cultist","floor":3,"turns":4},{"damage":0,"enemies":"infinitespire:Voidling","floor":4,"turns":3},{"damage":0,"enemies":"3 Sentries","floor":6,"turns":6},{"damage":0,"enemies":"Exordium Wildlife","floor":7,"turns":3},{"damage":0,"enemies":"Large Slime","floor":8,"turns":4},{"damage":0,"enemies":"Replay:BlueRogue","floor":11,"turns":4},{"damage":0,"enemies":"Hexaghost","floor":16,"turns":5},{"damage":0,"enemies":"ruina:3_Bats","floor":18,"turns":4},{"damage":0,"enemies":"ruina:BadWolf","floor":22,"turns":2},{"damage":0,"enemies":"ruina:ServantOfWrath","floor":23,"turns":5},{"damage":1,"enemies":"ruina:Mountain","floor":27,"turns":9},{"damage":0,"enemies":"ruina:KnightOfDespair","floor":28,"turns":3},{"damage":0,"enemies":"Nightmare","floor":29,"turns":4},{"damage":0,"enemies":"ruina:KingOfGreed","floor":30,"turns":3},{"damage":0,"enemies":"ruina:Red_and_Wolf","floor":33,"turns":8},{"damage":0,"enemies":"3 Darklings","floor":35,"turns":4},{"damage":0,"enemies":"Reptomancer","floor":40,"turns":4},{"damage":0,"enemies":"Orb Walker","floor":41,"turns":2},{"damage":0,"enemies":"Nightmare","floor":44,"turns":4},{"damage":0,"enemies":"Spire Growth","floor":45,"turns":3},{"damage":0,"enemies":"Jaw Worm Horde","floor":47,"turns":3},{"damage":0,"enemies":"3 Darklings","floor":48,"turns":2},{"damage":0,"enemies":"hubris:GrandSnecko","floor":50,"turns":9},{"damage":0,"enemies":"Shield and Spear","floor":55,"turns":4},{"damage":0,"enemies":"The Heart","floor":56,"turns":6}],"seed_played":"-9098490446189437018","potions_obtained":[{"floor":0,"key":"blueLaboratory:RememoryPotion"},{"floor":0,"key":"LiquidBronze"},{"floor":0,"key":"blueLaboratory:StoneskinPotion"},{"floor":27,"key":"bronze:BurnAndBuffPotion"},{"floor":41,"key":"hexamod:SoulburnPotion"}],"is_trial":false,"path_per_floor":["M","?","M","M","$","E","M","M","T","R","E","$","T","M","R","B",null,"M","AVR","?","T","M","E","R","?","T","E","M","NM","M","?","R","B",null,"M","?","?","?","AVR","E","M","R","T","NM","M","$","M","M","R","B",null,null,"R","$","E","B",null],"character_chosen":"Hololive_HololiveCharacter","items_purchased":["hubris:FruitBowl","Strawberry","Hololive_CallManoAloe+1","Bronze Scales","Master of Strategy","Hololive_CallYuzukiChoco+1"],"campfire_rested":1,"item_purchase_floors":[12,12,46,46,46,54],"current_hp_per_floor":[35,35,35,35,35,35,35,35,35,35,35,16,16,16,16,16,45,45,45,42,42,42,42,42,42,42,41,41,41,41,41,41,41,48,48,48,48,48,48,48,48,48,48,48,48,48,48,48,48,48,48,48,48,48,48,48],"gold":678,"neow_bonus":"THREE_SMALL_POTIONS","is_daily":false,"chose_seed":false,"campfire_upgraded":5,"win_rate":0.0,"timestamp":1613826577,"path_taken":["M","?","M","M","$","E","?","M","T","R","E","?","?","M","R","BOSS","M","AVR","?","?","?","E","R","?","T","E","M","NM","M","?","R","BOSS","M","?","?","?","AVR","E","M","R","T","NM","M","$","?","M","R","BOSS","R","$","E","BOSS"],"items_purchased_type":["Relic","Relic","Card","Relic","Card","Card"],"build_version":"2020-12-22","purchased_purges":3,"victory":true,"max_hp_per_floor":[35,35,35,35,35,35,35,35,35,35,35,45,45,45,45,45,45,45,45,48,48,48,48,48,48,48,48,48,48,48,48,48,48,48,48,48,48,48,48,48,48,48,48,48,48,48,48,48,48,48,48,48,48,48,48,48],"relic_stats":{"Mark of the Bloom":62,"Centennial Puzzle":[0],"Torii":1,"Happy Flower":[22],"counters":[26,111],"Bronze Scales":[98],"Boot":[293],"obtain_stats":[{"Mark of the Bloom":37,"ReplayTheSpireMod:Ninjato":29,"Torii":6,"Happy Flower":25,"hubris:FruitBowl":12,"Omamori":21,"Replay:Kaleidoscope":23,"Frozen Egg 2":26,"Boot":27,"Mercury Hourglass":44,"Replay:Wanted Poster":17,"Runic Dome":34,"Pondfish Scales":13,"Centennial Puzzle":40,"Strawberry":12,"Bronze Scales":46,"Hololive_TheStar":0,"Toolbox":19,"hubris:BundleOfHerbs":11,"LetterFromLob":1,"hubris:TenFootPole":39,"Bag of Marbles":55,"Replay:Wax Seal":43},{"Mark of the Bloom":17,"ReplayTheSpireMod:Ninjato":14,"Torii":4,"Happy Flower":11,"hubris:FruitBowl":7,"Omamori":9,"Replay:Kaleidoscope":11,"Frozen Egg 2":11,"Boot":12,"Mercury Hourglass":20,"Replay:Wanted Poster":8,"Runic Dome":16,"Pondfish Scales":7,"Centennial Puzzle":18,"Strawberry":7,"Bronze Scales":21,"Hololive_TheStar":0,"Toolbox":9,"hubris:BundleOfHerbs":7,"LetterFromLob":1,"hubris:TenFootPole":17,"Bag of Marbles":25,"Replay:Wax Seal":19},{"Mark of the Bloom":74,"ReplayTheSpireMod:Ninjato":59,"Torii":16,"Happy Flower":43,"hubris:FruitBowl":27,"Omamori":36,"Replay:Kaleidoscope":43,"Frozen Egg 2":43,"Boot":52,"Mercury Hourglass":84,"Replay:Wanted Poster":32,"Runic Dome":70,"Pondfish Scales":27,"Centennial Puzzle":78,"Strawberry":27,"Bronze Scales":87,"Hololive_TheStar":0,"Toolbox":36,"hubris:BundleOfHerbs":27,"LetterFromLob":3,"hubris:TenFootPole":74,"Bag of Marbles":105,"Replay:Wax Seal":80}],"Mercury Hourglass":[97]},"card_choices":[{"not_picked":["Hololive_Trident","Hololive_DevilCharm","Hololive_DurableLive"],"picked":"Hololive_CallAmaneKanata","floor":1},{"not_picked":["Hololive_HuntDinosaur","Hololive_Sequa","Hololive_Trident"],"picked":"Hololive_CallHoushouMarine","floor":3},{"not_picked":["Hololive_Breathe","Hololive_DevilCharm","Hololive_HuntDinosaur"],"picked":"Hololive_CallMurasakiShion","floor":4},{"not_picked":["Hololive_CallYuzukiChoco","Hololive_CallFriendA","Hololive_RevenueBasedLive"],"picked":"Hololive_CallHoshimachiSuisei","floor":6},{"not_picked":["Hololive_Rebound","Hololive_DiamondStrike","Hololive_Trident"],"picked":"Hololive_CallAZKi","floor":7},{"not_picked":["Hololive_Trident","Hololive_StrengthChampion","Hololive_RevenueBasedLive"],"picked":"Hololive_FlyingPonyTail","floor":8},{"not_picked":["Hololive_HuntDinosaur","Hololive_Drill","Hololive_Teleport","Hololive_OvertimeWork"],"picked":"SKIP","floor":11},{"not_picked":["Hololive_BeCareful","Hololive_ScarfAndHalo","Hololive_HighAtkLowDef"],"picked":"Hololive_MaximGun","floor":16},{"not_picked":["Hololive_Sequa","Hololive_Watashimo","Hololive_Drill"],"picked":"Hololive_FlyingPonyTail","floor":18},{"not_picked":["Hololive_StrengthChampion","Hololive_CocoNews+1","Hololive_AWSL","Hololive_Psychosis"],"picked":"SKIP","floor":22},{"not_picked":["Hololive_Nanodesu","Hololive_Drill","Hololive_CallRoboco"],"picked":"Hololive_CallTokinoSora+1","floor":23},{"not_picked":["Hololive_WolfAndLamb","Hololive_Recruit","Hololive_Rebound","Hololive_LuckPotion+1"],"picked":"SKIP","floor":27},{"not_picked":["Hololive_Psychosis+1","Hololive_CallAkiRosenthal+1","Hololive_HuntDinosaur"],"picked":"Hololive_CallSakuraMiko+1","floor":28},{"not_picked":["Hololive_Trident","Hololive_Drill+1","Hololive_OvertimeWork"],"picked":"Hololive_CallShishiroBotan+1","floor":29},{"not_picked":["Hololive_CallKiryuuCoco+1","Hololive_Spy","Hololive_Sequa+1"],"picked":"Hololive_CallSpadeEcho+1","floor":30},{"not_picked":["Hololive_MaximGun","Hololive_DurableLive","Hololive_Nanodesu"],"picked":"Hololive_DDD","floor":33},{"not_picked":["Hololive_Rebound+1","Hololive_Spy","Hololive_HuntDinosaur"],"picked":"Hololive_CallYukihanaLamy+1","floor":35},{"not_picked":["Hololive_HuntDinosaur","Hololive_CallHoshimachiSuisei+1","Hololive_Nanodesu"],"picked":"Hololive_CallShiroganeNoel+1","floor":40},{"not_picked":["Hololive_SoulCatcher","Hololive_OvertimeWork","Hololive_Breathe+1","Hololive_HuntDinosaur+1"],"picked":"SKIP","floor":41},{"not_picked":["Hololive_CallShiroganeNoel+1","Hololive_FlyingPonyTail+1","Hololive_Rebound","Hololive_Sequa+1"],"picked":"SKIP","floor":44},{"not_picked":["Hololive_IdolExercise","Hololive_RevenueBasedLive+1","Hololive_HuntDinosaur+1","Hololive_FlyingPonyTail"],"picked":"SKIP","floor":45},{"not_picked":["Hololive_CallDoris+1","Hololive_Drill+1","Hololive_LuckPotion+1"],"picked":"Hololive_CallShirakamiFubuki+1","floor":47},{"not_picked":["Hololive_Psychosis","Hololive_Breathe+1","Hololive_Drill+1"],"picked":"Hololive_CallMomosuzuNene+1","floor":48},{"not_picked":["Hololive_Sequa","Hololive_CallFriendA+1","Hololive_CocoNews","Hololive_StrengthChampion"],"picked":"SKIP","floor":55}],"player_experience":193843,"relics_obtained":[{"floor":1,"key":"LetterFromLob"},{"floor":6,"key":"Torii"},{"floor":11,"key":"hubris:BundleOfHerbs"},{"floor":13,"key":"Pondfish Scales"},{"floor":21,"key":"Omamori"},{"floor":23,"key":"Replay:Kaleidoscope"},{"floor":26,"key":"Frozen Egg 2"},{"floor":27,"key":"Boot"},{"floor":29,"key":"ReplayTheSpireMod:Ninjato"},{"floor":40,"key":"Centennial Puzzle"},{"floor":43,"key":"Replay:Wax Seal"},{"floor":44,"key":"Mercury Hourglass"},{"floor":55,"key":"Bag of Marbles"}],"event_choices":[{"damage_healed":0,"gold_gain":0,"player_choice":"Bought 0 Potions","damage_taken":0,"max_hp_gain":0,"max_hp_loss":0,"event_name":"The Woman in Blue","floor":2,"gold_loss":0},{"cards_removed":["Hololive_FlyingPonyTail"],"damage_healed":0,"gold_gain":0,"player_choice":"Removed Skill","damage_taken":0,"max_hp_gain":0,"max_hp_loss":0,"event_name":"Falling","floor":36,"gold_loss":0},{"damage_healed":0,"gold_gain":0,"player_choice":"Upgrade","damage_taken":0,"relics_obtained":["Mark of the Bloom"],"max_hp_gain":0,"max_hp_loss":0,"event_name":"MindBloom","floor":37,"gold_loss":0,"cards_upgraded":["Hololive_Defend","Hololive_Defend","Hololive_CallDoris","Hololive_CallInugamiKorone","Hololive_CallUsadaPekora","Hololive_CallKiryuuCoco","Hololive_CallHoushouMarine","Hololive_CallMurasakiShion","Hololive_CallHoshimachiSuisei","Hololive_FlyingPonyTail","Hololive_MaximGun","Hololive_DDD"]},{"damage_healed":0,"gold_gain":0,"player_choice":"Ignored","damage_taken":0,"max_hp_gain":0,"max_hp_loss":0,"event_name":"Upgrade Shrine","floor":38,"gold_loss":0}],"is_beta":false,"boss_relics":[{"not_picked":["SacredBark","hubris:RunicObelisk"],"picked":"Replay:Wanted Poster"},{"not_picked":["Runesmith:UraniumAnvil","Sozu"],"picked":"Runic Dome"}],"items_purged_floors":[5,19,39],"is_endless":false,"potions_floor_spawned":[1,7,8,18,23,27,30,41,47,48],"ascension_level":0}}