{"host":"g7uq9uzahx9e0kti","time":1613834036,"event":{"mods":["100% Spire Juice","AchievementEnabler","Act Like it!","Arknights","BaseMod","CapriCore","Hermit","Koishi","Minty Spire (QoL Compilation)","Permanent Neow","Quick Restart","StSLib","SuperFastMode","The Bug Knight","The Cursed","The Hierophant","The Poker Player","Together in Spire","WarShipGirlsR/??á´Ò³R mod"],"gold_per_floor":[119,79,94,108,126,126,151,226,249,284,284,314,314,314,314,435,435,449,449,449,462,480,480,501,545,545,560,560,560],"floor_reached":28,"language":"KOR","playtime":1625,"items_purged":[],"score":309,"play_id":"35e7b551-49f1-4b04-85a0-50bdeeb6304a","local_time":"20210221001356","is_ascension_mode":true,"campfire_choices":[{"data":"rmod:wasp","floor":6,"key":"SMITH"},{"floor":11,"key":"REST"},{"floor":13,"key":"REST"},{"floor":15,"key":"REST"},{"data":"rmod:tearstotiara","floor":23,"key":"SMITH"}],"circlet_count":0,"master_deck":["rmod:strick","rmod:strick","rmod:strick","rmod:strick","rmod:defend+1","rmod:defend","rmod:defend","rmod:defend+1","rmod:basicallowance","rmod:maingunfire","rmod:fletcherpendant","rmod:aviationdawn","rmod:tearstotiara","rmod:wasp+1","rmod:fletcherpendant","rmod:tearstotiara","rmod:aviationdawn","rmod:lonelyqueen","Injury","rmod:tearstotiara+1","rmod:acesubmarine","rmod:aviationdawn","rmod:aluminumsupply","rmod:maintain+1","rmod:intelligenceanalysis","rmod:tearstotiara"],"relics":["rmod:firstchargereward","Ginger","PreservedInsect","Bronze Scales","Orichalcum","Dream Catcher","Golden Idol","Black Star","White Beast Statue","Bottled Lightning","War Paint"],"acts_visited":["Exordium","TheCity"],"potions_floor_usage":[12,16,21,21,22,25,25,28],"damage_taken":[{"damage":0,"enemies":"2 Louse","floor":1,"turns":2},{"damage":0,"enemies":"Cultist","floor":3,"turns":4},{"damage":11,"enemies":"Small Slimes","floor":4,"turns":2},{"damage":4,"enemies":"Exordium Wildlife","floor":5,"turns":3},{"damage":16,"enemies":"3 Sentries","floor":7,"turns":7},{"damage":8,"enemies":"Gremlin Nob","floor":10,"turns":3},{"damage":8,"enemies":"Lagavulin","floor":12,"turns":4},{"damage":52,"enemies":"The Guardian","floor":16,"turns":7},{"damage":6,"enemies":"Chosen","floor":18,"turns":3},{"damage":10,"enemies":"2 Thieves","floor":21,"turns":3},{"damage":10,"enemies":"Cultist and Chosen","floor":22,"turns":5},{"damage":13,"enemies":"Sentry and Sphere","floor":24,"turns":3},{"damage":14,"enemies":"Slavers","floor":25,"turns":4},{"damage":25,"enemies":"Shelled Parasite and Fungi","floor":27,"turns":4},{"damage":3,"enemies":"Gremlin Leader","floor":28,"turns":2}],"seed_played":"-8769284012362022167","potions_obtained":[{"floor":2,"key":"Ancient Potion"},{"floor":2,"key":"LiquidMemories"},{"floor":2,"key":"SteroidPotion"},{"floor":16,"key":"Energy Potion"},{"floor":18,"key":"Swift Potion"},{"floor":22,"key":"Fruit Juice"},{"floor":24,"key":"Block Potion"},{"floor":27,"key":"Explosive Potion"}],"is_trial":false,"path_per_floor":["M","?","M","M","M","R","E","?","T","E","R","E","R","?","R","B",null,"M","?","?","M","M","R","M","E","T","M","E"],"character_chosen":"PRAEFECT","items_purchased":[],"campfire_rested":3,"item_purchase_floors":[],"current_hp_per_floor":[54,54,54,43,39,39,23,12,12,4,26,18,40,40,62,10,75,69,69,69,59,54,54,41,27,27,2,0,0],"gold":560,"neow_bonus":"ONE_RARE_RELIC","is_daily":false,"chose_seed":false,"campfire_upgraded":2,"win_rate":0.0,"timestamp":1613834036,"path_taken":["M","?","?","M","M","R","E","?","T","E","R","E","R","?","R","BOSS","M","?","?","M","M","R","M","E","T","M","E"],"items_purchased_type":[],"build_version":"2020-12-22","purchased_purges":0,"victory":false,"max_hp_per_floor":[75,75,75,75,75,75,75,75,75,75,75,75,75,75,75,75,75,75,75,75,75,80,80,80,80,80,80,80,80],"card_choices":[{"not_picked":["rmod:overbreakdown","rmod:intelligenceanalysis"],"picked":"rmod:fletcherpendant","floor":1},{"not_picked":["rmod:supportescort","rmod:robin"],"picked":"rmod:aviationdawn","floor":3},{"not_picked":["rmod:chargemoney","rmod:combined"],"picked":"rmod:tearstotiara","floor":4},{"not_picked":["rmod:intelligenceanalysis","rmod:rockthrower"],"picked":"rmod:wasp","floor":5},{"not_picked":["rmod:diamondstrike","rmod:spoils"],"picked":"rmod:fletcherpendant","floor":7},{"not_picked":["rmod:abidefaith","rmod:royalracing"],"picked":"rmod:tearstotiara","floor":10},{"not_picked":["rmod:robin","rmod:spoils"],"picked":"rmod:aviationdawn","floor":12},{"not_picked":["rmod:diamondstrike","rmod:supportescort"],"picked":"rmod:lonelyqueen","floor":13},{"not_picked":["rmod:circuitoustactics","rmod:aluminumsupply"],"picked":"rmod:tearstotiara","floor":15},{"not_picked":["rmod:timeschanged","rmod:fletcher"],"picked":"rmod:acesubmarine","floor":16},{"not_picked":["rmod:overbreakdown+1","rmod:spoils+1"],"picked":"rmod:aviationdawn","floor":18},{"not_picked":["rmod:sl","rmod:highspeedshooting"],"picked":"rmod:maintain+1","floor":21},{"not_picked":["rmod:combined","rmod:unsinkable+1"],"picked":"rmod:intelligenceanalysis","floor":22},{"not_picked":["rmod:circuitoustactics","rmod:concentratefire","rmod:slowdown"],"picked":"SKIP","floor":24},{"not_picked":["rmod:diaomin+1","rmod:seals","rmod:concentratefire"],"picked":"SKIP","floor":25},{"not_picked":["rmod:concentratefire","rmod:highspeedshooting"],"picked":"rmod:tearstotiara","floor":27}],"player_experience":149363,"relics_obtained":[{"floor":7,"key":"PreservedInsect"},{"floor":9,"key":"Bronze Scales"},{"floor":10,"key":"Orichalcum"},{"floor":12,"key":"Dream Catcher"},{"floor":25,"key":"White Beast Statue"},{"floor":25,"key":"Bottled Lightning"},{"floor":26,"key":"War Paint"}],"event_choices":[{"damage_healed":0,"gold_gain":0,"player_choice":"Bought 3 Potions","damage_taken":0,"max_hp_gain":0,"max_hp_loss":0,"event_name":"The Woman in Blue","floor":2,"gold_loss":0},{"damage_healed":0,"gold_gain":75,"player_choice":"Gather Gold","damage_taken":11,"max_hp_gain":0,"max_hp_loss":0,"event_name":"World of Goop","floor":8,"gold_loss":0},{"damage_healed":0,"gold_gain":0,"player_choice":"Take Wound","damage_taken":0,"relics_obtained":["Golden Idol"],"max_hp_gain":0,"max_hp_loss":0,"event_name":"Golden Idol","floor":14,"gold_loss":0,"cards_obtained":["Injury"]},{"damage_healed":0,"gold_gain":0,"player_choice":"Read","damage_taken":0,"max_hp_gain":0,"max_hp_loss":0,"event_name":"The Library","floor":19,"gold_loss":0,"cards_obtained":["rmod:aluminumsupply"]}],"is_beta":false,"boss_relics":[{"not_picked":["SlaversCollar","Runic Pyramid"],"picked":"Black Star"}],"items_purged_floors":[],"is_endless":false,"potions_floor_spawned":[4,10,16,18,22,24,27],"killed_by":"Gremlin Leader","ascension_level":2}}