{"host":"f5gffvlv6a66yqkd","time":1613793218,"event":{"mods":["2.2 Compatiblity","BaseMod","Colored Map","Custom Start","DeckTracker","Keyboard Shortcuts","Minty Spire (QoL Compilation)","Permanent Neow","Quick Restart","Relic Stats","StSLib","SuperFastMode"],"gold_per_floor":[113,113,125,143,143,143,161,161,161,161,161,175,201,214,214,286,286,306,306,306,306,321,321,336,336,336,336,386,401,415,69,69,144,144,160,185,185,185,185],"floor_reached":38,"language":"KOR","playtime":2920,"items_purged":["Defend_P"],"score":848,"play_id":"09bc526e-e786-4acd-998a-ded49d27b245","local_time":"20210220125338","is_ascension_mode":true,"campfire_choices":[{"data":"Eruption","floor":6.0,"key":"SMITH"},{"data":"ForeignInfluence","floor":8.0,"key":"SMITH"},{"data":"WheelKick","floor":10.0,"key":"SMITH"},{"data":"EmptyBody","floor":15.0,"key":"SMITH"},{"data":"Ghostly","floor":23.0,"key":"SMITH"},{"data":"Ghostly","floor":25.0,"key":"SMITH"},{"data":"Ghostly","floor":27.0,"key":"SMITH"},{"data":"Scrawl","floor":32.0,"key":"SMITH"}],"circlet_count":0,"master_deck":["AscendersBane","Eruption+1","Vigilance","Conclude","EmptyBody+1","ForeignInfluence+1","WheelKick+1","Scrawl+1","Blasphemy+1","Sanctity+1","EmptyFist+1","Ghostly+1","Ghostly+1","Ghostly+1","Prostrate+1","InnerPeace","Madness","BattleHymn","SandsOfTime","Scrawl","Madness","Madness"],"relics":["HolyWater","InkBottle","Astrolabe","Matryoshka","Gambling Chip"],"acts_visited":["Exordium","TheCity","TheBeyond"],"potions_floor_usage":[33,35,36],"damage_taken":[{"damage":2.0,"enemies":"Jaw Worm","floor":1.0,"turns":3.0},{"damage":0.0,"enemies":"Cultist","floor":3.0,"turns":2.0},{"damage":1.0,"enemies":"2 Louse","floor":4.0,"turns":2.0},{"damage":2.0,"enemies":"Large Slime","floor":7.0,"turns":3.0},{"damage":0.0,"enemies":"Blue Slaver","floor":12.0,"turns":1.0},{"damage":0.0,"enemies":"Lagavulin","floor":13.0,"turns":3.0},{"damage":10.0,"enemies":"3 Louse","floor":14.0,"turns":2.0},{"damage":24.0,"enemies":"The Guardian","floor":16.0,"turns":10.0},{"damage":0.0,"enemies":"Spheric Guardian","floor":18.0,"turns":1.0},{"damage":0.0,"enemies":"Chosen","floor":22.0,"turns":2.0},{"damage":1.0,"enemies":"Centurion and Healer","floor":24.0,"turns":3.0},{"damage":0.0,"enemies":"Snecko","floor":29.0,"turns":2.0},{"damage":0.0,"enemies":"Cultist and Chosen","floor":30.0,"turns":4.0},{"damage":5,"enemies":"Champ","floor":33,"turns":9},{"damage":19,"enemies":"3 Darklings","floor":35,"turns":2},{"damage":0,"enemies":"Mind Bloom Boss Battle","floor":36,"turns":3}],"seed_played":"67220815467356818","potions_obtained":[{"floor":3.0,"key":"Strength Potion"},{"floor":14.0,"key":"Energy Potion"},{"floor":33,"key":"FearPotion"},{"floor":35,"key":"SmokeBomb"}],"is_trial":false,"path_per_floor":["M","?","M","M","?","R","M","R","T","R","?","M","E","M","R","B",null,"M","?","?","?","M","R","M","R","T","R","?","M","M","$","R","B",null,"M","?","?","?"],"character_chosen":"WATCHER","items_purchased":["Madness","BattleHymn","SandsOfTime","AttackPotion"],"campfire_rested":0,"item_purchase_floors":[31,31,31,31],"current_hp_per_floor":[59,59,59,58,51,51,49,49,49,49,49,49,49,39,39,15,50,50,33,33,33,33,33,32,32,32,32,32,32,32,32,32,27,32,13,13,7,0,0],"gold":185,"neow_bonus":"TRANSFORM_TWO_CARDS","is_daily":false,"chose_seed":false,"campfire_upgraded":8,"win_rate":0.0,"timestamp":1613793218,"path_taken":["M","?","M","?","?","R","M","R","T","R","?","M","E","M","R","BOSS","M","?","?","?","M","R","M","R","T","R","?","M","M","$","R","BOSS","M","?","?","?"],"items_purchased_type":["Card","Card","Card","Potion"],"build_version":"2020-12-22","purchased_purges":1,"victory":false,"max_hp_per_floor":[62,62,62,62,62,62,62,62,62,62,62,62,62,62,62,62,62,62,67,67,33,33,33,33,33,33,33,33,33,33,33,33,33,33,33,33,33,33,33],"relic_stats":{"counters":[16,52],"Astrolabe":["Blasphemy","Sanctity","EmptyFist"],"Gambling Chip":[0],"obtain_stats":[{"Matryoshka":26,"Astrolabe":17,"Gambling Chip":36,"HolyWater":34,"PureWater":0,"InkBottle":13},{"Matryoshka":11,"Astrolabe":8,"Gambling Chip":16,"HolyWater":14,"PureWater":0,"InkBottle":6},{"Matryoshka":32,"Astrolabe":26,"Gambling Chip":52,"HolyWater":47,"PureWater":0,"InkBottle":14}],"InkBottle":[14]},"card_choices":[{"not_picked":["WreathOfFlame","Protect"],"picked":"EmptyBody","floor":1.0},{"not_picked":["Evaluate","CutThroughFate"],"picked":"WheelKick","floor":3.0},{"not_picked":["SignatureMove","DeceiveReality","EmptyBody"],"picked":"SKIP","floor":4.0},{"not_picked":["WreathOfFlame","Crescendo","ReachHeaven"],"picked":"SKIP","floor":7.0},{"not_picked":["Sanctity","ClearTheMind","CutThroughFate"],"picked":"SKIP","floor":12.0},{"not_picked":["EmptyMind","FlurryOfBlows","Brilliance"],"picked":"SKIP","floor":13.0},{"not_picked":["Conclude","FlurryOfBlows","ClearTheMind"],"picked":"SKIP","floor":14.0},{"not_picked":["DevaForm","Omniscience"],"picked":"Scrawl","floor":16.0},{"not_picked":["JustLucky","EmptyBody","Crescendo"],"picked":"SKIP","floor":18.0},{"not_picked":["Nirvana","ClearTheMind"],"picked":"Prostrate+1","floor":24.0},{"not_picked":["WaveOfTheHand","BowlingBash"],"picked":"InnerPeace","floor":29.0},{"not_picked":["FlyingSleeves","PathToVictory","Meditate"],"picked":"SKIP","floor":30.0},{"not_picked":["Wish","ConjureBlade"],"picked":"Scrawl","floor":33},{"not_picked":["Consecrate","SashWhip","BowlingBash"],"picked":"SKIP","floor":35}],"player_experience":1522649,"relics_obtained":[{"floor":13.0,"key":"InkBottle"},{"floor":26.0,"key":"Matryoshka"},{"floor":36,"key":"Gambling Chip"}],"event_choices":[{"damage_healed":0.0,"max_hp_gain":0.0,"max_hp_loss":0.0,"gold_gain":0.0,"event_name":"Match and Keep!","player_choice":"1 cards matched","floor":2.0,"gold_loss":0.0,"damage_taken":0.0,"cards_obtained":["ForeignInfluence"]},{"cards_removed":["Strike_P"],"damage_healed":0.0,"max_hp_gain":0.0,"max_hp_loss":0.0,"gold_gain":0.0,"event_name":"Golden Wing","player_choice":"Card Removal","floor":5.0,"gold_loss":0.0,"damage_taken":7.0},{"cards_removed":["Strike_P"],"damage_healed":0.0,"max_hp_gain":0.0,"max_hp_loss":0.0,"gold_gain":0.0,"event_name":"Living Wall","player_choice":"Forget","floor":11.0,"gold_loss":0.0,"damage_taken":0.0},{"damage_healed":0.0,"max_hp_gain":5.0,"max_hp_loss":0.0,"gold_gain":0.0,"event_name":"Forgotten Altar","player_choice":"Shed Blood","floor":19.0,"gold_loss":0.0,"damage_taken":22.0},{"cards_removed":["CarveReality"],"damage_healed":0.0,"max_hp_gain":0.0,"max_hp_loss":0.0,"gold_gain":0.0,"event_name":"Back to Basics","player_choice":"Elegance","floor":20.0,"gold_loss":0.0,"damage_taken":0.0},{"damage_healed":0.0,"max_hp_gain":0.0,"max_hp_loss":34.0,"gold_gain":0.0,"event_name":"Ghosts","player_choice":"Became a Ghost","floor":21.0,"gold_loss":0.0,"damage_taken":0.0,"cards_obtained":["Ghostly","Ghostly","Ghostly"]},{"damage_healed":0.0,"max_hp_gain":0.0,"max_hp_loss":0.0,"gold_gain":50.0,"event_name":"Nest","player_choice":"Stole From Cult","floor":28.0,"gold_loss":0.0,"damage_taken":0.0},{"damage_healed":0,"gold_gain":0,"player_choice":"Fight","damage_taken":0,"max_hp_gain":0,"max_hp_loss":0,"event_name":"MindBloom","floor":36,"gold_loss":0},{"damage_healed":0,"gold_gain":0,"player_choice":"Embrace Madness","damage_taken":6,"max_hp_gain":0,"max_hp_loss":0,"event_name":"Winding Halls","floor":37,"gold_loss":0,"cards_obtained":["Madness","Madness"]},{"damage_healed":0,"gold_gain":0,"player_choice":"Memory 3","damage_taken":10,"max_hp_gain":0,"max_hp_loss":0,"event_name":"SensoryStone","floor":38,"gold_loss":0}],"is_beta":false,"boss_relics":[{"not_picked":["Cursed Key","Coffee Dripper"],"picked":"Astrolabe"},{"not_picked":["Sozu","SacredBark"],"picked":"HolyWater"}],"items_purged_floors":[31],"is_endless":false,"potions_floor_spawned":[3,14,18,22,33,35],"ascension_level":20}}