{"host":"turdyikuxcak11ni","time":1613799021,"event":{"mods":["AchievementEnabler","BaseMod","Better Altar","Better Match","Better Note","Better Sensory Stone","Better Skull","Better Third Choice","Better Vampires","Colored Map","Conspire","Downfall","Hubris","Minty Spire (QoL Compilation)","Quick Restart","Relic Stats","Replay The Spire","Spicy Shops","StSLib","SuperFastMode"],"gold_per_floor":[112,129,129,141,241,241,258,258,338,338,358,378,378,378],"floor_reached":13,"language":"ENG","playtime":713,"items_purged":[],"score":100,"play_id":"c77859b7-c3fc-4393-b000-ebb4c74e9161","local_time":"20210219213021","is_ascension_mode":true,"campfire_choices":[{"data":"True Grit","floor":6,"key":"SMITH"},{"data":"Armaments","floor":8,"key":"SMITH"},{"floor":10,"key":"REST"}],"circlet_count":0,"master_deck":["Strike_R","Strike_R","Strike_R","Strike_R","Strike_R","Defend_R","Defend_R","Defend_R","Defend_R","Bash","Crow Ritual+1","True Grit+1","Armaments+1","Disarm","Warcry"],"relics":["Burning Blood","ReplayTheSpireMod:Ninjato"],"acts_visited":["Exordium"],"potions_floor_usage":[12,12,13],"damage_taken":[{"damage":7,"enemies":"Jaw Worm","floor":1,"turns":3},{"damage":6,"enemies":"conspire:RoseBush","floor":2,"turns":5},{"damage":4,"enemies":"Small Slimes","floor":4,"turns":4},{"damage":12,"enemies":"3 Louse","floor":7,"turns":8},{"damage":6,"enemies":"2 Fungi Beasts","floor":11,"turns":5},{"damage":37,"enemies":"Large Slime","floor":12,"turns":11},{"damage":41,"enemies":"3 Sentries","floor":13,"turns":5}],"seed_played":"4267744844374199038","potions_obtained":[{"floor":2,"key":"Swift Potion"},{"floor":4,"key":"Venom Potion"},{"floor":12,"key":"Strength Potion"}],"is_trial":false,"path_per_floor":["M","M","?","M","?","R","M","R","T","R","M","M","E"],"character_chosen":"IRONCLAD","items_purchased":[],"campfire_rested":1,"item_purchase_floors":[],"current_hp_per_floor":[50,50,50,52,52,52,46,46,46,70,70,39,0,0],"gold":378,"neow_bonus":"RANDOM_COLORLESS_2","is_daily":false,"chose_seed":false,"campfire_upgraded":2,"win_rate":0.0,"timestamp":1613799021,"path_taken":["M","M","?","?","?","R","?","R","T","R","M","M","E"],"items_purchased_type":[],"build_version":"2020-12-22","purchased_purges":0,"victory":false,"max_hp_per_floor":[80,80,80,80,80,80,80,80,80,80,80,80,80,80],"relic_stats":{"counters":[7,41],"obtain_stats":[{"ReplayTheSpireMod:Ninjato":9,"Burning Blood":0},{"ReplayTheSpireMod:Ninjato":4,"Burning Blood":0},{"ReplayTheSpireMod:Ninjato":20,"Burning Blood":0}],"Burning Blood":36},"card_choices":[{"not_picked":["Sadistic Nature","Metamorphosis"],"picked":"Crow Ritual","floor":0},{"not_picked":["Uppercut","Seeing Red","Havoc"],"picked":"SKIP","floor":1},{"not_picked":["Clash","Heavy Blade"],"picked":"True Grit","floor":2},{"not_picked":["ReplayTheSpireMod:Stacked","Thunderclap","Cleave"],"picked":"SKIP","floor":4},{"not_picked":["Body Slam","Warcry"],"picked":"Armaments","floor":7},{"not_picked":["Flex","Cleave"],"picked":"Disarm","floor":11},{"not_picked":["ReplayTheSpireMod:Corrosion Curse","Wild Strike"],"picked":"Warcry","floor":12}],"player_experience":247594,"relics_obtained":[{"floor":9,"key":"ReplayTheSpireMod:Ninjato"}],"event_choices":[{"damage_healed":0,"gold_gain":0,"player_choice":"Upgraded","damage_taken":0,"max_hp_gain":0,"max_hp_loss":0,"event_name":"Upgrade Shrine","floor":3,"gold_loss":0,"cards_upgraded":["Crow Ritual"]},{"damage_healed":0,"gold_gain":100,"player_choice":"Gold","damage_taken":0,"max_hp_gain":0,"max_hp_loss":0,"event_name":"Wheel of Change","floor":5,"gold_loss":0}],"is_beta":false,"boss_relics":[],"items_purged_floors":[],"is_endless":false,"potions_floor_spawned":[2,4,12],"killed_by":"3 Sentries","ascension_level":6}}