{"host":"ndpbn7fqb3wjbd7p","time":1613807419,"event":{"mods":["AchievementEnabler","Act Like it!","AlwaysNeverKeys","BaseMod","Better Vampires","Block Reminder","Colored Powertips","DeckTracker","Defuse TimeMaze Blight","Friendly Minions","Highlight Path","MarisaÅiñ∂âJÅ@ñÇóùçπÅj","Minty Spire (QoL Compilation)","Permanent Neow","StSLib","SuperFastMode","Synergy Search","Unceasing Turn Reminder","Wandering Minibosses"],"gold_per_floor":[110,110,110,60,60,60,74,95,122,7,22,22,22,35,35,159,159,183,83,97,97,97],"floor_reached":21,"language":"ENG","playtime":1271,"items_purged":["Defend_P","Defend_P"],"score":203,"play_id":"4c8d4362-1c14-46c9-b4ff-998466d05749","local_time":"20210220085019","is_ascension_mode":true,"campfire_choices":[{"data":"Eruption","floor":6,"key":"SMITH"},{"data":"Nirvana","floor":15,"key":"SMITH"}],"circlet_count":0,"master_deck":["Strike_P","Strike_P","Strike_P","Defend_P","Eruption+1","Vigilance+1","Purity","Evaluate+1","ThirdEye","Nirvana+1","Ragnarok","JustLucky","LessonLearned+1","ThirdEye","Collect+1"],"relics":["PureWater","Golden Idol","Bag of Preparation","Ice Cream","Fusion Hammer"],"acts_visited":["Exordium","TheCity"],"potions_floor_usage":[14,16,18,21],"damage_taken":[{"damage":0,"enemies":"Small Slimes","floor":1,"turns":5},{"damage":0,"enemies":"Jaw Worm","floor":7,"turns":2},{"damage":0,"enemies":"2 Louse","floor":8,"turns":2},{"damage":8,"enemies":"2 Fungi Beasts","floor":11,"turns":3},{"damage":4,"enemies":"3 Louse","floor":14,"turns":4},{"damage":51,"enemies":"Hexaghost","floor":16,"turns":12},{"damage":16,"enemies":"3 Byrds","floor":18,"turns":6},{"damage":14,"enemies":"Spheric Guardian","floor":20,"turns":5},{"damage":43,"enemies":"Chosen and Byrds","floor":21,"turns":5}],"seed_played":"6801335324371417342","potions_obtained":[{"floor":1,"key":"GamblersBrew"},{"floor":8,"key":"Dexterity Potion"},{"floor":16,"key":"Strength Potion"},{"floor":18,"key":"Energy Potion"}],"is_trial":false,"path_per_floor":["M","?","?","?","?","R","M","M","T","$","M","?","?","M","R","B",null,"M","$","M","M"],"character_chosen":"WATCHER","items_purchased":["Nirvana"],"campfire_rested":0,"item_purchase_floors":[10],"current_hp_per_floor":[72,67,72,72,72,72,72,72,72,72,64,64,61,57,57,6,72,56,56,42,0,0],"gold":97,"neow_bonus":"RANDOM_COLORLESS","is_daily":false,"chose_seed":false,"campfire_upgraded":2,"win_rate":0.0,"timestamp":1613807419,"path_taken":["M","?","?","?","?","R","M","M","T","$","M","?","?","M","R","BOSS","M","$","M","M"],"items_purchased_type":["Card"],"build_version":"2020-12-22","purchased_purges":2,"victory":false,"max_hp_per_floor":[72,67,72,72,72,72,72,72,72,72,72,72,72,72,72,72,72,72,72,72,72,72],"card_choices":[{"not_picked":["Jack Of All Trades","Mind Blast"],"picked":"Purity","floor":0},{"not_picked":["EmptyBody","FlyingSleeves","EmptyFist"],"picked":"SKIP","floor":1},{"not_picked":["FlurryOfBlows","WaveOfTheHand"],"picked":"Evaluate","floor":7},{"not_picked":["Collect","Protect"],"picked":"ThirdEye","floor":8},{"not_picked":["Collect","EmptyBody"],"picked":"Ragnarok","floor":11},{"not_picked":["Consecrate","EmptyFist"],"picked":"JustLucky","floor":14},{"not_picked":["Vault","SpiritShield"],"picked":"LessonLearned","floor":16},{"not_picked":["FlyingSleeves","Consecrate"],"picked":"ThirdEye","floor":18},{"not_picked":["MentalFortress","BattleHymn+1"],"picked":"Collect+1","floor":20}],"player_experience":1192073,"relics_obtained":[{"floor":9,"key":"Bag of Preparation"}],"event_choices":[{"damage_healed":0,"gold_gain":0,"player_choice":"Lose Max HP","damage_taken":0,"relics_obtained":["Golden Idol"],"max_hp_gain":0,"max_hp_loss":5,"event_name":"Golden Idol","floor":2,"gold_loss":0},{"damage_healed":0,"gold_gain":0,"player_choice":"Donut","damage_taken":0,"max_hp_gain":5,"max_hp_loss":0,"event_name":"Big Fish","floor":3,"gold_loss":0},{"cards_removed":["Defend_P"],"damage_healed":0,"gold_gain":0,"player_choice":"Card Removal","damage_taken":0,"max_hp_gain":0,"max_hp_loss":0,"event_name":"The Cleric","floor":4,"gold_loss":50},{"damage_healed":0,"gold_gain":0,"player_choice":"Ignored","damage_taken":0,"max_hp_gain":0,"max_hp_loss":0,"event_name":"Liars Game","floor":5,"gold_loss":0},{"cards_removed":["Strike_P"],"damage_healed":0,"gold_gain":0,"player_choice":"Forget","damage_taken":0,"max_hp_gain":0,"max_hp_loss":0,"event_name":"Living Wall","floor":12,"gold_loss":0},{"damage_healed":0,"gold_gain":0,"player_choice":"Success","damage_taken":3,"relics_obtained":["Ice Cream"],"max_hp_gain":0,"max_hp_loss":0,"event_name":"Scrap Ooze","floor":13,"gold_loss":0}],"is_beta":false,"boss_relics":[{"not_picked":["Philosopher\u0027s Stone","Calling Bell"],"picked":"Fusion Hammer"}],"items_purged_floors":[10,19],"is_endless":false,"potions_floor_spawned":[1,8,16,18],"killed_by":"Chosen and Byrds","ascension_level":4}}