{"host":"kmq7aw60w430zvtx","time":1613848480,"event":{"mods":["BaseMod","Downfall","GifTheSpireLib","Hermit","Hubris","Infinite Spire","Minty Spire (QoL Compilation)","Reliquary","Replay The Spire","Spire Arcade","StSLib","The Construct","The Cursed","The Hierophant","The Jungle","The Necromancer","The Runesmith"],"gold_per_floor":[117,134,309,321,340,356,356,368,368,368,368,403,416,15,15,111,111,122,122,47,47,47,81,81,113,182,210,210,242,242,252,252],"floor_reached":31,"language":"ENG","playtime":1116,"items_purged":["Doubt"],"score":315,"play_id":"bdd006a7-1ec0-4ad5-bc42-500b15b04398","local_time":"20210220201440","is_ascension_mode":true,"campfire_choices":[{"floor":11,"key":"RECALL"},{"data":"Summon_Undead_Army","floor":15,"key":"SMITH"},{"data":"Stop_Heart","floor":15,"key":"SMITH"},{"data":"Summon_Vampire_Lady","floor":24,"key":"SMITH"},{"data":"Blood_Wake","floor":24,"key":"SMITH"},{"data":"Summon_Lich","floor":30,"key":"SMITH"},{"data":"Spectral_Armor","floor":30,"key":"SMITH"}],"circlet_count":0,"master_deck":["Strike_W","Strike_W+1","Strike_W","Defend_W","Defend_W","Defend_W","Defend_W","Negative_Energy_Arrows+1","Bone_Wall","Negative_Energy_Sphere","Consume_Illness+1","Toxic_Smoke_Screen+1","Blood_Wake+1","Deaths_Shadow","Stop_Heart+1","Finger_Of_Death","Negative_Energy_Mist","Summon_Undead_Army+1","Summon_Vampire_Lady+1","Spectral_Armor+1","Requiem","Summon_Lich+1","Blood_Whip","Negative_Energy_Shield+1"],"relics":["Vampire_Amulet","Whetstone","reliquary:PurpleTingedLeaf","Replay:Arrowhead","Question Card","Coffee Dripper","infinitespire:PuzzleCube","infinitespire:Midas Blood","Darkstone Periapt"],"acts_visited":["Exordium","TheCity"],"potions_floor_usage":[16,16,23,23],"damage_taken":[{"damage":0,"enemies":"2 Louse","floor":1,"turns":2},{"damage":5,"enemies":"Small Slimes","floor":2,"turns":4},{"damage":0,"enemies":"Cultist","floor":4,"turns":4},{"damage":10,"enemies":"Looter","floor":5,"turns":3},{"damage":5,"enemies":"Blue Slaver","floor":6,"turns":6},{"damage":6,"enemies":"3 Louse","floor":8,"turns":2},{"damage":19,"enemies":"Lagavulin","floor":12,"turns":6},{"damage":2,"enemies":"Looter","floor":13,"turns":3},{"damage":20,"enemies":"Slime Boss","floor":16,"turns":8},{"damage":37,"enemies":"Spheric Guardian","floor":18,"turns":6},{"damage":6,"enemies":"Gremlin Leader","floor":23,"turns":7},{"damage":39,"enemies":"Slavers","floor":25,"turns":5},{"damage":37,"enemies":"2 Thieves","floor":27,"turns":3},{"damage":25,"enemies":"Cultist and Chosen","floor":29,"turns":8},{"damage":25,"enemies":"3 Cultists","floor":31,"turns":3}],"seed_played":"2463465830570972340","potions_obtained":[{"floor":2,"key":"ColorlessPotion"},{"floor":5,"key":"construct:ShiftPotion"},{"floor":13,"key":"Guardian:BlockOnCardUsePotion"},{"floor":16,"key":"SpeedPotion"},{"floor":18,"key":"Fire Potion"},{"floor":25,"key":"Reflective Coating"}],"is_trial":false,"path_per_floor":["M","M","?","M","M","M","?","M","T","?","R","E","M","$","R","B",null,"M","?","?","?","$","E","R","E","T","M","?","M","R","M"],"character_chosen":"NECROMANCER","items_purchased":["Summon_Undead_Army","Question Card"],"campfire_rested":0,"item_purchase_floors":[14,14],"current_hp_per_floor":[75,74,74,75,67,67,52,52,52,52,52,37,38,38,38,27,75,52,52,52,52,52,75,75,52,52,20,20,16,16,0,0],"gold":252,"neow_bonus":"RANDOM_COMMON_RELIC","is_daily":false,"chose_seed":false,"campfire_upgraded":6,"win_rate":0.0,"timestamp":1613848480,"path_taken":["M","M","?","M","M","M","?","M","T","?","R","E","?","$","R","BOSS","M","?","?","?","?","E","R","E","T","M","?","M","R","M"],"items_purchased_type":["Card","Relic"],"build_version":"2020-12-22","purchased_purges":1,"victory":false,"max_hp_per_floor":[75,75,75,75,75,75,75,75,75,75,75,75,75,75,75,75,75,75,75,75,75,75,75,75,75,75,75,75,75,75,75,75],"card_choices":[{"not_picked":["Chill_Blood","Bone_Spikes"],"picked":"Negative_Energy_Sphere","floor":1},{"not_picked":["Deaths_Shadow","Bone_Armor"],"picked":"Consume_Illness","floor":2},{"not_picked":["Corrupt","Epidemic"],"picked":"Toxic_Smoke_Screen","floor":4},{"not_picked":["Corrupt","Bones_to_Steel"],"picked":"Blood_Wake","floor":5},{"not_picked":["Chill_Blood","Whirlwind_of_Bones"],"picked":"Deaths_Shadow","floor":6},{"not_picked":["Negative_Energy_Sphere","Death_Coil"],"picked":"Stop_Heart","floor":8},{"not_picked":["Negative_Energy_Shield","Exploit"],"picked":"Finger_Of_Death","floor":12},{"not_picked":["Reap_The_Weak","Epidemic"],"picked":"Negative_Energy_Mist","floor":13},{"not_picked":["Negative_Energy_Bomb","Summon_Death_Knight","Hellfire"],"picked":"Summon_Vampire_Lady","floor":16},{"not_picked":["Deaths_Shadow","Death_March_Dance+1","Bone_Spikes"],"picked":"Spectral_Armor","floor":18},{"not_picked":["Strike_from_Beyond","Shackles_Of_Pain+1","Bone_Spikes"],"picked":"Requiem","floor":23},{"not_picked":["Blood_Curse","Shackles_Of_Pain","Bones_to_Steel"],"picked":"Summon_Lich","floor":25},{"not_picked":["Shackles_Of_Pain+1","Violent_Necrosis+1","Bones_to_Steel"],"picked":"Blood_Whip","floor":27},{"not_picked":["Negative_Energy_Javelin","Bone_Bullets+1","Finger_Of_Death+1"],"picked":"Negative_Energy_Shield+1","floor":29}],"player_experience":391457,"relics_obtained":[{"floor":12,"key":"Replay:Arrowhead"},{"floor":23,"key":"infinitespire:PuzzleCube"},{"floor":26,"key":"infinitespire:Midas Blood"}],"event_choices":[{"damage_healed":0,"gold_gain":175,"player_choice":"AGREE","damage_taken":0,"max_hp_gain":0,"max_hp_loss":0,"event_name":"Liars Game","floor":3,"gold_loss":0,"cards_obtained":["Doubt"]},{"damage_healed":0,"gold_gain":0,"player_choice":"Entered Light","damage_taken":15,"max_hp_gain":0,"max_hp_loss":0,"event_name":"Shining Light","floor":7,"gold_loss":0,"cards_upgraded":["Consume_Illness","Toxic_Smoke_Screen"]},{"damage_healed":0,"gold_gain":0,"player_choice":"Gave Potion","damage_taken":0,"relics_obtained":["reliquary:PurpleTingedLeaf"],"max_hp_gain":0,"max_hp_loss":0,"event_name":"WeMeetAgain","floor":10,"gold_loss":0},{"cards_removed":["Strike_W"],"damage_healed":0,"gold_gain":0,"player_choice":"Gave Gold","damage_taken":0,"max_hp_gain":0,"max_hp_loss":0,"event_name":"Beggar","floor":20,"gold_loss":75}],"is_beta":false,"boss_relics":[{"not_picked":["Runesmith:UraniumAnvil","hubris:Stopwatch"],"picked":"Coffee Dripper"}],"items_purged_floors":[14],"is_endless":false,"potions_floor_spawned":[2,5,13,16,18,25],"killed_by":"3 Cultists","ascension_level":1}}