{"host":"tubmkv2g6v9d0kjw","time":1613812883,"event":{"mods":["2.2 Compatiblity","BaseMod","Conspire","Downfall","Hubris","Minty Spire (QoL Compilation)","Relic Stats","Spire Arcade","StSLib"],"gold_per_floor":[99,110,102,2,50,50,74,136,36,75,75,102,102,117,117],"floor_reached":14,"language":"ENG","playtime":543,"items_purged":[],"score":88,"play_id":"2c3f941a-c625-4751-a0a8-c83adbbfab89","local_time":"20210220032123","is_ascension_mode":false,"campfire_choices":[{"data":"hexamod:Float","floor":1,"key":"SMITH"},{"data":"hexamod:HeatCrush","floor":6,"key":"SMITH"},{"data":"hexamod:VolcanoVisage","floor":9,"key":"SMITH"},{"floor":13,"key":"REST"}],"circlet_count":0,"master_deck":["hexamod:Strike","hexamod:Strike","hexamod:Strike","hexamod:Strike","hexamod:Defend","hexamod:Defend","hexamod:Defend","hexamod:Defend","hexamod:Sear","hexamod:Float+1","hexamod:BurningTouch","hexamod:FirstSeal","hexamod:SecondSeal","conspire:SpireCoStock","conspire:SpireCoStock","hexamod:HeatCrush+1","hexamod:VolcanoVisage+1","hexamod:HeatShield"],"relics":["hexamod:SpiritBrand","TungstenRod","Bronze Scales","downfall:HeartBlessingBlue","Boot"],"acts_visited":["Exordium"],"potions_floor_usage":[14],"damage_taken":[{"damage":0,"enemies":"conspire:RoseBush","floor":2,"turns":3},{"damage":11,"enemies":"Small Slimes","floor":5,"turns":4},{"damage":28,"enemies":"3 Sentries","floor":8,"turns":10},{"damage":10,"enemies":"Jaw Worm","floor":10,"turns":3},{"damage":15,"enemies":"Large Slime","floor":12,"turns":4},{"damage":57,"enemies":"Gremlin Nob","floor":14,"turns":5}],"seed_played":"-4828106347930014411","potions_obtained":[{"floor":5,"key":"hexamod:EctoCoolerPotion"},{"floor":10,"key":"Dexterity Potion"}],"is_trial":false,"path_per_floor":["R","M","?","?","M","R","T","E","R","M","?","M","R","E"],"character_chosen":"THE_SPIRIT","items_purchased":[],"campfire_rested":1,"item_purchase_floors":[],"current_hp_per_floor":[63,63,57,57,53,53,53,32,42,39,39,31,52,0,0],"gold":117,"neow_bonus":"ONE_RARE_RELIC","is_daily":false,"chose_seed":false,"campfire_upgraded":3,"win_rate":0.0,"timestamp":1613812883,"path_taken":["R","M","?","?","M","R","T","E","R","?","?","M","R","E"],"items_purchased_type":[],"build_version":"2020-12-22","purchased_purges":0,"victory":false,"max_hp_per_floor":[63,63,63,63,63,63,63,63,73,73,73,73,73,73,73],"relic_stats":{"counters":[6,29],"Bronze Scales":[21],"Boot":[0],"obtain_stats":[{"downfall:HeartBlessingBlue":9,"Bronze Scales":8,"Boot":11,"hexamod:SpiritBrand":0,"TungstenRod":0},{"downfall:HeartBlessingBlue":3,"Bronze Scales":3,"Boot":4,"hexamod:SpiritBrand":0,"TungstenRod":0},{"downfall:HeartBlessingBlue":17,"Bronze Scales":17,"Boot":20,"hexamod:SpiritBrand":0,"TungstenRod":0}],"TungstenRod":16},"card_choices":[{"not_picked":["hexamod:Hexaguard","hexamod:Haunt"],"picked":"hexamod:BurningTouch","floor":2},{"not_picked":["hexamod:Firestarter","hexamod:NightmareGuise"],"picked":"hexamod:HeatCrush","floor":5},{"not_picked":["hexamod:FourthSeal","hexamod:SwordOfDarkness"],"picked":"hexamod:VolcanoVisage","floor":8},{"not_picked":["hexamod:ShieldOfDarkness","hexamod:GhostShield","hexamod:Haunt"],"picked":"SKIP","floor":10},{"not_picked":["hexamod:GhostLash","hexamod:FlamesFromBeyond"],"picked":"hexamod:HeatShield","floor":12}],"player_experience":550603,"relics_obtained":[{"floor":8,"key":"Bronze Scales"}],"event_choices":[{"damage_healed":0,"gold_gain":0,"player_choice":"Invest 2","damage_taken":0,"max_hp_gain":0,"max_hp_loss":0,"event_name":"conspire:Investor","floor":4,"gold_loss":0}],"is_beta":false,"boss_relics":[],"items_purged_floors":[],"is_endless":false,"potions_floor_spawned":[5,10],"killed_by":"Gremlin Nob","ascension_level":0}}