{"host":"l2lylj0omvglf5x0","time":1613841642,"event":{"mods":["2.2 Compatiblity","BaseMod","Bestiary","Block Reminder","Colored Map","Colored Powertips","Curses Come First","Highlight Path","Keyboard Shortcuts","Minty Spire (QoL Compilation)","Relic Sorter","Relic Stats","Slay the Relics Exporter","StSLib","SuperFastMode"],"gold_per_floor":[111,61,61,75,87,119,119,294,374,374,405,418,438,473,473,473,473],"floor_reached":16,"language":"ENG","playtime":640,"items_purged":[],"score":192,"play_id":"6622019c-4def-4213-95bd-393eb5da79de","local_time":"20210220182042","is_ascension_mode":true,"campfire_choices":[{"data":"Intimidate","floor":7,"key":"SMITH"},{"data":"Doubt","floor":15,"key":"PURGE"}],"circlet_count":0,"master_deck":["AscendersBane","Strike_R","Strike_R","Strike_R","Strike_R","Defend_R","Defend_R","Defend_R","Defend_R","Bash+1","Metallicize","Shrug It Off","Intimidate+1","Pummel","Rage+1","True Grit+1","Armaments+1"],"relics":["Burning Blood","NeowsBlessing","Oddly Smooth Stone","Toxic Egg 2","Champion Belt","Pantograph","Peace Pipe"],"acts_visited":["Exordium"],"potions_floor_usage":[6,13,14,14],"damage_taken":[{"damage":0,"enemies":"Jaw Worm","floor":1,"turns":1},{"damage":0,"enemies":"Small Slimes","floor":4,"turns":1},{"damage":0,"enemies":"Cultist","floor":5,"turns":1},{"damage":27,"enemies":"Gremlin Nob","floor":6,"turns":4},{"damage":33,"enemies":"3 Sentries","floor":11,"turns":14},{"damage":3,"enemies":"3 Louse","floor":12,"turns":7},{"damage":0,"enemies":"Blue Slaver","floor":13,"turns":6},{"damage":69,"enemies":"Gremlin Nob","floor":14,"turns":7},{"damage":58,"enemies":"Slime Boss","floor":16,"turns":14}],"seed_played":"5085926197788154501","potions_obtained":[{"floor":1,"key":"DistilledChaos"},{"floor":11,"key":"Block Potion"},{"floor":12,"key":"SmokeBomb"},{"floor":13,"key":"EntropicBrew"}],"is_trial":false,"path_per_floor":["M","?","?","M","M","E","R","?","T","T","E","M","M","E","R","B"],"character_chosen":"IRONCLAD","items_purchased":[],"campfire_rested":0,"item_purchase_floors":[],"current_hp_per_floor":[78,78,78,80,80,59,59,59,59,59,32,35,41,30,30,0,0],"gold":473,"neow_bonus":"THREE_ENEMY_KILL","is_daily":false,"chose_seed":false,"campfire_upgraded":1,"win_rate":0.0,"timestamp":1613841642,"path_taken":["M","?","?","M","?","E","R","?","T","?","E","M","M","E","R","BOSS"],"items_purchased_type":[],"build_version":"2020-12-22","purchased_purges":0,"victory":false,"max_hp_per_floor":[80,80,80,80,80,80,80,80,80,80,80,80,80,80,80,80,80],"relic_stats":{"Peace Pipe":1,"counters":[9,55],"Pantograph":25,"Champion Belt":[12],"obtain_stats":[{"Peace Pipe":14,"NeowsBlessing":0,"Pantograph":11,"Oddly Smooth Stone":6,"Champion Belt":10,"Toxic Egg 2":9,"Burning Blood":0},{"Peace Pipe":8,"NeowsBlessing":0,"Pantograph":5,"Oddly Smooth Stone":4,"Champion Belt":4,"Toxic Egg 2":4,"Burning Blood":0},{"Peace Pipe":41,"NeowsBlessing":0,"Pantograph":21,"Oddly Smooth Stone":7,"Champion Belt":7,"Toxic Egg 2":7,"Burning Blood":0}],"Burning Blood":38},"card_choices":[{"not_picked":["Havoc","Body Slam"],"picked":"Metallicize","floor":1},{"not_picked":["Clothesline","Flex"],"picked":"Shrug It Off","floor":4},{"not_picked":["Havoc","Perfected Strike"],"picked":"Intimidate","floor":5},{"not_picked":["Clash","Body Slam"],"picked":"Pummel","floor":6},{"not_picked":["Bludgeon","Wild Strike"],"picked":"Rage+1","floor":11},{"not_picked":["Perfected Strike","Warcry+1"],"picked":"True Grit+1","floor":12},{"not_picked":["Twin Strike","Warcry+1"],"picked":"Armaments+1","floor":13},{"not_picked":["Hemokinesis","Havoc+1","Evolve"],"picked":"SKIP","floor":14}],"player_experience":1014346,"relics_obtained":[{"floor":6,"key":"Oddly Smooth Stone"},{"floor":9,"key":"Toxic Egg 2"},{"floor":10,"key":"Champion Belt"},{"floor":11,"key":"Pantograph"},{"floor":14,"key":"Peace Pipe"}],"event_choices":[{"cards_removed":["Strike_R"],"damage_healed":0,"gold_gain":0,"player_choice":"Card Removal","damage_taken":0,"max_hp_gain":0,"max_hp_loss":0,"event_name":"The Cleric","floor":2,"gold_loss":50},{"damage_healed":0,"gold_gain":0,"player_choice":"Forge","damage_taken":0,"max_hp_gain":0,"max_hp_loss":0,"event_name":"Accursed Blacksmith","floor":3,"gold_loss":0,"cards_upgraded":["Bash"]},{"damage_healed":0,"gold_gain":175,"player_choice":"AGREE","damage_taken":0,"max_hp_gain":0,"max_hp_loss":0,"event_name":"Liars Game","floor":8,"gold_loss":0,"cards_obtained":["Doubt"]}],"is_beta":false,"boss_relics":[],"items_purged_floors":[],"is_endless":false,"potions_floor_spawned":[1,11,12,13],"killed_by":"Slime Boss","ascension_level":12}}