{"host":"ju1b3c4x8n2jtjm7","time":1613807895,"event":{"mods":["AchievementEnabler","BaseMod","Colored Map","Colored Powertips","DeckTracker","Highlight Path","Minty Spire (QoL Compilation)","Quick Restart","Rare Cards Sparkle","Relic Stats"],"gold_per_floor":[118,137,154,254,264,291,291,301,301,335,335,347,366,366,366],"floor_reached":14,"language":"ENG","playtime":576,"items_purged":[],"score":181,"play_id":"6cfb7d22-39ac-4bd2-a46b-0f5c1ed78a63","local_time":"20210220085815","is_ascension_mode":true,"campfire_choices":[{"data":"WheelKick","floor":7.0,"key":"SMITH"},{"data":"Worship","floor":11.0,"key":"SMITH"}],"circlet_count":0,"master_deck":["Strike_P+1","Strike_P","Strike_P","Strike_P","Defend_P","Defend_P","Defend_P","Defend_P","Eruption+1","Vigilance","Crescendo","WheelKick+1","Halt","Worship","SandsOfTime","FlurryOfBlows","Worship+1","MentalFortress+1"],"relics":["PureWater","Whetstone","Matryoshka","Frozen Egg 2"],"acts_visited":["Exordium"],"potions_floor_usage":[],"damage_taken":[{"damage":7.0,"enemies":"Small Slimes","floor":1.0,"turns":5.0},{"damage":1.0,"enemies":"Cultist","floor":2.0,"turns":5.0},{"damage":2.0,"enemies":"Jaw Worm","floor":3.0,"turns":3.0},{"damage":7.0,"enemies":"Exordium Wildlife","floor":5.0,"turns":4.0},{"damage":15.0,"enemies":"Lagavulin","floor":6.0,"turns":5.0},{"damage":0.0,"enemies":"3 Louse","floor":8.0,"turns":2.0},{"damage":0.0,"enemies":"Gremlin Nob","floor":10.0,"turns":2.0},{"damage":5.0,"enemies":"Red Slaver","floor":12.0,"turns":3.0},{"damage":6.0,"enemies":"Lots of Slimes","floor":13.0,"turns":3.0},{"damage":0,"enemies":"3 Sentries","floor":14,"turns":1}],"seed_played":"-577182689924957448","potions_obtained":[{"floor":5.0,"key":"FearPotion"},{"floor":6.0,"key":"SpeedPotion"},{"floor":8.0,"key":"CultistPotion"},{"floor":12.0,"key":"PowerPotion"}],"is_trial":false,"path_per_floor":["M","M","M","?","M","E","R","M","T","E","R","M","M","E"],"character_chosen":"WATCHER","items_purchased":[],"campfire_rested":0,"item_purchase_floors":[],"current_hp_per_floor":[65,64,62,62,55,40,40,40,40,40,40,35,29,29,29],"gold":366,"neow_bonus":"TEN_PERCENT_HP_BONUS","is_daily":false,"chose_seed":false,"campfire_upgraded":2,"win_rate":0.0,"timestamp":1613807895,"path_taken":["M","M","M","?","?","E","R","M","T","E","R","M","M","E"],"items_purchased_type":[],"build_version":"2020-12-22","purchased_purges":0,"victory":false,"max_hp_per_floor":[79,79,79,79,79,79,79,79,79,79,79,79,79,79,79],"relic_stats":{"counters":[10,33],"Whetstone":["Strike_P","Eruption"],"obtain_stats":[{"Matryoshka":9,"Whetstone":6,"PureWater":0,"Frozen Egg 2":10},{"Matryoshka":6,"Whetstone":5,"PureWater":0,"Frozen Egg 2":7},{"Matryoshka":24,"Whetstone":22,"PureWater":0,"Frozen Egg 2":26}]},"card_choices":[{"not_picked":["Prostrate","Weave"],"picked":"Crescendo","floor":1.0},{"not_picked":["Consecrate","Evaluate"],"picked":"WheelKick","floor":2.0},{"not_picked":["CarveReality","CrushJoints"],"picked":"Halt","floor":3.0},{"not_picked":["DevaForm","ClearTheMind"],"picked":"Worship","floor":5.0},{"not_picked":["SignatureMove","FlyingSleeves"],"picked":"SandsOfTime","floor":6.0},{"not_picked":["Wireheading","Evaluate"],"picked":"FlurryOfBlows","floor":8.0},{"not_picked":["Weave","JustLucky"],"picked":"Worship","floor":10.0},{"not_picked":["Prostrate","LikeWater+1"],"picked":"MentalFortress+1","floor":12.0},{"not_picked":["Fasting2+1","SandsOfTime","SashWhip"],"picked":"SKIP","floor":13.0}],"player_experience":413524,"relics_obtained":[{"floor":6.0,"key":"Whetstone"},{"floor":9.0,"key":"Matryoshka"},{"floor":10.0,"key":"Frozen Egg 2"}],"event_choices":[{"damage_healed":0.0,"max_hp_gain":0.0,"max_hp_loss":0.0,"gold_gain":100.0,"event_name":"Golden Shrine","player_choice":"Pray","floor":4.0,"gold_loss":0.0,"damage_taken":0.0}],"is_beta":false,"boss_relics":[],"items_purged_floors":[],"is_endless":false,"potions_floor_spawned":[5,6,8,12],"killed_by":"3 Sentries","ascension_level":8}}