{"host":"Pascal","time":1613857079,"event":{"mods":["BaseMod","Googly Eyes","Minty Spire (QoL Compilation)","Permanent Neow","Relic Stats","Slay-I","StSLib"],"gold_per_floor":[115,115,115,131,149,176,176,52,52,52,80,12,12,30,30,30,30],"floor_reached":16,"language":"ENG","playtime":1218,"items_purged":["Strike_B"],"score":119,"play_id":"d6522ee7-c7f3-48b4-9c91-31b06b63156c","local_time":"20210220223759","is_ascension_mode":true,"campfire_choices":[{"floor":7,"key":"REST"},{"floor":10,"key":"REST"},{"floor":15,"key":"REST"}],"circlet_count":0,"master_deck":["Defend_B+1","Defend_B","Defend_B","Defend_B","Zap","Dualcast+1","Tempest","Go for the Eyes","Steam","Multi-Cast","Leap","Storm+1","Auto Shields","Self Repair+1"],"relics":["Cracked Core","Matryoshka","Frozen Egg 2","Regal Pillow","Girya"],"acts_visited":["Exordium"],"potions_floor_usage":[],"damage_taken":[{"damage":2,"enemies":"Small Slimes","floor":1,"turns":4},{"damage":0,"enemies":"2 Louse","floor":4,"turns":3},{"damage":0,"enemies":"Jaw Worm","floor":5,"turns":3},{"damage":20,"enemies":"3 Sentries","floor":6,"turns":8},{"damage":65,"enemies":"Gremlin Nob","floor":11,"turns":6},{"damage":0,"enemies":"Blue Slaver","floor":14,"turns":5},{"damage":33,"enemies":"Hexaghost","floor":16,"turns":9}],"seed_played":"308310685652805984","potions_obtained":[{"floor":1,"key":"SmokeBomb"},{"floor":11,"key":"SkillPotion"},{"floor":14,"key":"Block Potion"}],"is_trial":false,"path_per_floor":["M","?","?","M","M","E","R","$","T","R","E","$","?","M","R","B"],"character_chosen":"DEFECT","items_purchased":["Leap","Auto Shields"],"campfire_rested":3,"item_purchase_floors":[8,12],"current_hp_per_floor":[52,37,37,37,37,17,39,39,39,75,10,10,35,35,72,39,39],"gold":30,"neow_bonus":"REMOVE_TWO","is_daily":false,"chose_seed":false,"campfire_upgraded":0,"win_rate":0.0,"timestamp":1613857079,"path_taken":["M","?","?","M","M","E","R","$","T","R","E","$","?","M","R","BOSS"],"items_purchased_type":["Card","Card"],"build_version":"2020-12-18","purchased_purges":1,"victory":false,"max_hp_per_floor":[75,75,75,75,75,75,75,75,75,75,75,75,75,75,75,75,75],"relic_stats":{"Regal Pillow":29,"counters":[7,38],"obtain_stats":[{"Girya":11,"Regal Pillow":9,"Matryoshka":6,"Frozen Egg 2":9,"Cracked Core":0},{"Girya":5,"Regal Pillow":4,"Matryoshka":4,"Frozen Egg 2":4,"Cracked Core":0},{"Girya":24,"Regal Pillow":18,"Matryoshka":18,"Frozen Egg 2":18,"Cracked Core":0}]},"card_choices":[{"not_picked":["Double Energy","Conserve Battery"],"picked":"Tempest","floor":1},{"not_picked":["Force Field","Go for the Eyes","FTL"],"picked":"SKIP","floor":4},{"not_picked":["Stack","Sunder"],"picked":"Steam","floor":5},{"not_picked":["Rebound","Hologram"],"picked":"Multi-Cast","floor":6},{"not_picked":["Rip and Tear","Beam Cell"],"picked":"Storm+1","floor":11},{"not_picked":["Streamline","Rebound"],"picked":"Self Repair+1","floor":14}],"player_experience":179406,"relics_obtained":[{"floor":6,"key":"Matryoshka"},{"floor":9,"key":"Frozen Egg 2"},{"floor":9,"key":"Regal Pillow"},{"floor":11,"key":"Girya"}],"event_choices":[{"damage_healed":0,"gold_gain":0,"player_choice":"Entered Light","damage_taken":15,"max_hp_gain":0,"max_hp_loss":0,"event_name":"Shining Light","floor":2,"gold_loss":0,"cards_upgraded":["Defend_B","Dualcast"]},{"damage_healed":0,"gold_gain":0,"cards_transformed":["Strike_B"],"player_choice":"Change","damage_taken":0,"max_hp_gain":0,"max_hp_loss":0,"event_name":"Living Wall","floor":3,"gold_loss":0,"cards_obtained":["Go for the Eyes"]},{"damage_healed":25,"gold_gain":0,"player_choice":"Banana","damage_taken":0,"max_hp_gain":0,"max_hp_loss":0,"event_name":"Big Fish","floor":13,"gold_loss":0}],"is_beta":true,"boss_relics":[],"items_purged_floors":[8],"is_endless":false,"potions_floor_spawned":[1,11,14],"killed_by":"Hexaghost","ascension_level":2}}