{"host":"38abhf7uonnoqlzr","time":1613848493,"event":{"mods":["Act Like it!","Aspiration","BaseMod","Better Note","Better Third Choice","Block Reminder","CapriCore","Colored Map","Conspire","Displayed Cursed Tome","Dota2Spire","Energized Spire","Friendly Minions","Hallownest","Hubris","Minty Spire (QoL Compilation)","Pale of the Ancients","QueenMod","Rare Cards Sparkle","Relic Stats","Reliquary","Replay The Spire","Spicy Shops","StSLib","Waifu the Spire"],"gold_per_floor":[116,116,43,43,58,58,92,105,132,132,132,143,143,161,161,256,256,273,292,25,41,60,90,90,90,116,129,154,167,195,195,195,300,300,316,516,516,528,39,64,64,64,64,95,122,142,162,189,304,319,319,319,337,349,549,44,44,61,61,61,61,161],"floor_reached":63,"language":"ENG","playtime":6466,"items_purged":[],"score":1685,"play_id":"3661575f-1a55-49ee-8f41-08bfeb883c58","local_time":"20210220201453","is_ascension_mode":false,"campfire_choices":[{"data":"QueenMod:WarriorDrones","floor":6.0,"key":"SMITH"},{"floor":11.0,"key":"REST"},{"floor":13.0,"key":"REST"},{"floor":24.0,"key":"REST"},{"data":"QueenMod:MilitaryHandbook","floor":32.0,"key":"SMITH"},{"data":"QueenMod:PollenBlast","floor":51,"key":"SMITH"},{"data":"QueenMod:Recruit","floor":57,"key":"SMITH"},{"data":"QueenMod:BuildOrder","floor":59,"key":"SMITH"}],"circlet_count":0,"master_deck":["QueenMod:Strike","QueenMod:Strike","QueenMod:Strike","QueenMod:Defend","QueenMod:Defend","QueenMod:Defend","QueenMod:Defend","QueenMod:QuickJabs","QueenMod:Recruit+1","QueenMod:WarriorDrones+1","QueenMod:Conscripts","QueenMod:Conscripts","QueenMod:Conscripts","QueenMod:Conscripts","QueenMod:Conscripts","QueenMod:Conscripts","QueenMod:Conscripts","QueenMod:Conscripts","QueenMod:Conscripts","QueenMod:Honeyblaster","QueenMod:ProtectQueen+1","Blur","QueenMod:PerfectLanding","QueenMod:MilitaryHandbook+1","QueenMod:EliteSoldiers+1","QueenMod:Gather+1","QueenMod:Parry+1","QueenMod:Charge+1","QueenMod:PopulateOrder+1","QueenMod:StrategicGenius","QueenMod:HiveDefenses","QueenMod:HexGuard+1","QueenMod:FlankingStrike+1","QueenMod:HornetSwarm+1","QueenMod:BirthingCells","QueenMod:SwarmTactics+1","QueenMod:Rally+1","QueenMod:ForcedMarch+1","QueenMod:Feast","QueenMod:ScoutingParty+1","QueenMod:BusyBees+1","Madness+1","Madness+1","QueenMod:PollenBlast+1","QueenMod:ScoutingParty+1","QueenMod:Lunge","QueenMod:Reinforcements","QueenMod:Knighting+1","QueenMod:BumbleBee+1","QueenMod:SharpStingers+1","QueenMod:BumbleBee","QueenMod:Rally+1","QueenMod:WorkerBee+1","QueenMod:WarriorDrones","QueenMod:PerfectLanding+1","QueenMod:Conscripts+1","QueenMod:Conscripts+1","QueenMod:Conscripts+1","QueenMod:Conscripts+1","QueenMod:Conscripts+1","QueenMod:Conscripts+1","QueenMod:Conscripts+1","QueenMod:Conscripts+1","QueenMod:Conscripts+1","QueenMod:BuildOrder","QueenMod:BuildOrder+1","QueenMod:Hornet","QueenMod:Rally+1"],"relics":["QueenMod:QueensBanner","Dota2Spire:ShadowBlade","Vajra","Bag of Marbles","Dota2Spire:RefresherOrb","Replay:Rubber Ducky","HandDrill","Toxic Egg 2","Oddly Smooth Stone","aspiration:FrozenJewel","conspire:Dentures","reliquary:Ember","aspiration:HummingbirdHeart","hubris:Icosahedron","reliquary:FingerTrap","Dota2Spire:Vanguard","conspire:DeflatedDodgeball","reliquary:Sod","Dota2Spire:LotusOrb","Dota2Spire:PhaseBoots","Dota2Spire:AssaultCuirass","paleoftheancients:Timepiece","paleoftheancients:KeyRelic","Letter Opener","CultistMask","paleoftheancients:SoulOfTheWatcher","conspire:Flyswatter","Replay:Baseball","Guide Book","War Paint","Dota2Spire:AghanimScepter"],"acts_visited":["Exordium","TheCity","TheBeyond","TheBeyond"],"potions_floor_usage":[54,62,62,62],"damage_taken":[{"damage":1.0,"enemies":"Jaw Worm","floor":1.0,"turns":7.0},{"damage":11.0,"enemies":"Small Slimes","floor":5.0,"turns":5.0},{"damage":15.0,"enemies":"3 Sentries","floor":7.0,"turns":10.0},{"damage":0.0,"enemies":"2 Louse","floor":8.0,"turns":2.0},{"damage":13.0,"enemies":"conspire:2 RoseBushes","floor":12.0,"turns":5.0},{"damage":0.0,"enemies":"Large Slime","floor":14.0,"turns":5.0},{"damage":19.0,"enemies":"Fading Forest","floor":16.0,"turns":11.0},{"damage":0.0,"enemies":"Shell Parasite","floor":18.0,"turns":2.0},{"damage":14.0,"enemies":"Spheric Guardian","floor":19.0,"turns":6.0},{"damage":3.0,"enemies":"Snake Plant","floor":21.0,"turns":3.0},{"damage":0.0,"enemies":"conspire:HollyBat","floor":22.0,"turns":8.0},{"damage":1.0,"enemies":"Book of Stabbing","floor":23.0,"turns":4.0},{"damage":0.0,"enemies":"Centurion and Healer","floor":27.0,"turns":4.0},{"damage":5.0,"enemies":"Gremlin Leader","floor":28.0,"turns":11.0},{"damage":0.0,"enemies":"Shelled Parasite and Fungi","floor":29.0,"turns":6.0},{"damage":0.0,"enemies":"Replay:Snechameleon","floor":30.0,"turns":5.0},{"damage":0.0,"enemies":"Automaton","floor":33.0,"turns":12.0},{"damage":0.0,"enemies":"Orb Walker","floor":35.0,"turns":3.0},{"damage":7.0,"enemies":"3 Shapes","floor":38.0,"turns":4.0},{"damage":12.0,"enemies":"Reptomancer","floor":40.0,"turns":8.0},{"damage":1.0,"enemies":"Nemesis","floor":44.0,"turns":6.0},{"damage":0.0,"enemies":"Writhing Mass","floor":46.0,"turns":3.0},{"damage":0.0,"enemies":"Sphere and 2 Shapes","floor":47.0,"turns":3.0},{"damage":0.0,"enemies":"Reptomancer","floor":48.0,"turns":4.0},{"damage":0.0,"enemies":"4 Shapes","floor":49.0,"turns":3.0},{"damage":0,"enemies":"3 Darklings","floor":50,"turns":2},{"damage":0,"enemies":"Awakened One","floor":52,"turns":5},{"damage":2,"enemies":"Awakened One","floor":53,"turns":6},{"damage":0,"enemies":"Awakened One","floor":54,"turns":5},{"damage":0,"enemies":"Awakened One","floor":58,"turns":3},{"damage":71,"enemies":"paleoftheancients:N","floor":62,"turns":4}],"seed_played":"650278155178918791","potions_obtained":[{"floor":1.0,"key":"Milkshake"},{"floor":12.0,"key":"SteroidPotion"},{"floor":16.0,"key":"PowerPotion"},{"floor":21.0,"key":"Toxic Potion"},{"floor":27.0,"key":"EssenceOfSteel"},{"floor":29.0,"key":"EssenceOfSteel"},{"floor":30.0,"key":"ColorlessPotion"},{"floor":33.0,"key":"PowerPotion"},{"floor":50,"key":"Dota2Spire:Clarity"},{"floor":54,"key":"Fire Potion"}],"is_trial":false,"path_per_floor":["M","?","$","?","M","R","E","M","T","?","R","M","R","M","R_BF","B",null,"M","M","$","M","M","E","R","?","T","M","E","M","E","?","R","B",null,"M","?","?","M","$","E","?","PTL","PTL","E","T","M","M","E","M","M","R","B","M","M","?","$","R","M","R","T","?","B",null],"character_chosen":"THE_QUEEN","items_purchased":["QueenMod:WarriorDrones","Replay:Rubber Ducky","HandDrill","QueenMod:Charge+1","reliquary:FingerTrap","Dota2Spire:Vanguard","conspire:DeflatedDodgeball","Replay:Baseball","QueenMod:BuildOrder","Guide Book","War Paint"],"campfire_rested":3,"item_purchase_floors":[3,20,20,20,39,39,39,56,56,56,56],"current_hp_per_floor":[81,81,81,81,70,70,55,55,55,16,40,27,51,51,75,64,82,82,68,68,65,65,64,82,82,82,82,77,77,77,77,77,77,82,82,82,82,75,75,63,53,53,53,52,52,52,52,52,52,52,52,82,81,82,82,82,82,82,82,82,82,47],"gold":161,"neow_bonus":"TEN_PERCENT_HP_BONUS","is_daily":false,"chose_seed":false,"campfire_upgraded":5,"win_rate":0.0,"timestamp":1613848493,"path_taken":["M","?","?","?","?","R","E","M","T","?","R","M","R","M","R_BF","BOSS","M","M","$","M","M","E","R","?","T","M","E","M","E","?","R","BOSS","M","?","?","M","$","E","?","PTL","PTL","E","T","M","M","E","M","M","R","BOSS","M","M","?","$","R","M","R","T","?","BOSS"],"items_purchased_type":["Card","Relic","Relic","Card","Relic","Relic","Relic","Relic","Card","Relic","Relic"],"build_version":"2020-12-22","purchased_purges":0,"victory":true,"max_hp_per_floor":[82,82,82,82,82,82,82,82,82,82,82,82,82,82,82,82,82,82,82,82,82,82,82,82,82,82,82,82,82,82,82,82,82,82,82,82,82,82,82,82,82,82,82,82,82,82,82,82,82,82,82,82,82,82,82,82,82,82,82,82,82,82],"relic_stats":{"counters":[31,165],"HandDrill":[72],"Letter Opener":[335],"War Paint":["QueenMod:BumbleBee","QueenMod:PopulateOrder"],"obtain_stats":[{"Vajra":9,"Dota2Spire:ShadowBlade":7,"Dota2Spire:RefresherOrb":17,"Dota2Spire:Vanguard":39,"Dota2Spire:LotusOrb":44,"Replay:Rubber Ducky":20,"hubris:Icosahedron":37,"QueenMod:QueensBanner":0,"HandDrill":20,"reliquary:FingerTrap":39,"Dota2Spire:AssaultCuirass":48,"paleoftheancients:SoulOfTheWatcher":53,"Toxic Egg 2":23,"conspire:Dentures":30,"paleoftheancients:KeyRelic":52,"Guide Book":56,"Oddly Smooth Stone":26,"aspiration:HummingbirdHeart":36,"Letter Opener":52,"War Paint":56,"aspiration:FrozenJewel":28,"reliquary:Sod":40,"paleoftheancients:Timepiece":52,"Replay:Baseball":56,"Dota2Spire:AghanimScepter":60,"CultistMask":52,"Bag of Marbles":10,"reliquary:Ember":34,"conspire:DeflatedDodgeball":39,"Dota2Spire:PhaseBoots":45,"conspire:Flyswatter":55},{"Vajra":4,"Dota2Spire:ShadowBlade":3,"Dota2Spire:RefresherOrb":7,"Dota2Spire:Vanguard":19,"Dota2Spire:LotusOrb":21,"Replay:Rubber Ducky":9,"hubris:Icosahedron":18,"QueenMod:QueensBanner":0,"HandDrill":9,"reliquary:FingerTrap":19,"Dota2Spire:AssaultCuirass":24,"paleoftheancients:SoulOfTheWatcher":28,"Toxic Egg 2":12,"conspire:Dentures":16,"paleoftheancients:KeyRelic":27,"Guide Book":29,"Oddly Smooth Stone":12,"aspiration:HummingbirdHeart":18,"Letter Opener":27,"War Paint":29,"aspiration:FrozenJewel":14,"reliquary:Sod":20,"paleoftheancients:Timepiece":27,"Replay:Baseball":29,"Dota2Spire:AghanimScepter":30,"CultistMask":27,"Bag of Marbles":4,"reliquary:Ember":17,"conspire:DeflatedDodgeball":19,"Dota2Spire:PhaseBoots":21,"conspire:Flyswatter":29},{"Vajra":24,"Dota2Spire:ShadowBlade":22,"Dota2Spire:RefresherOrb":45,"Dota2Spire:Vanguard":113,"Dota2Spire:LotusOrb":127,"Replay:Rubber Ducky":53,"hubris:Icosahedron":109,"QueenMod:QueensBanner":0,"HandDrill":53,"reliquary:FingerTrap":113,"Dota2Spire:AssaultCuirass":137,"paleoftheancients:SoulOfTheWatcher":153,"Toxic Egg 2":68,"conspire:Dentures":94,"paleoftheancients:KeyRelic":147,"Guide Book":158,"Oddly Smooth Stone":68,"aspiration:HummingbirdHeart":109,"Letter Opener":147,"War Paint":158,"aspiration:FrozenJewel":83,"reliquary:Sod":121,"paleoftheancients:Timepiece":147,"Replay:Baseball":158,"Dota2Spire:AghanimScepter":161,"CultistMask":147,"Bag of Marbles":24,"reliquary:Ember":106,"conspire:DeflatedDodgeball":113,"Dota2Spire:PhaseBoots":127,"conspire:Flyswatter":158}]},"card_choices":[{"not_picked":["QueenMod:Rally","QueenMod:PheremoneSwap"],"picked":"QueenMod:Feast","floor":1.0},{"not_picked":["QueenMod:Feast","QueenMod:HiveDefenses"],"picked":"QueenMod:Conscripts","floor":5.0},{"not_picked":["QueenMod:HoneycombSmash","QueenMod:Rally"],"picked":"QueenMod:Honeyblaster","floor":7.0},{"not_picked":["QueenMod:HoneycombSmash","QueenMod:PopulateOrder"],"picked":"QueenMod:ProtectQueen","floor":8.0},{"not_picked":["QueenMod:PollenBlast","QueenMod:ProtectQueen"],"picked":"QueenMod:PerfectLanding","floor":12.0},{"not_picked":["QueenMod:KillerQueen","QueenMod:Mark"],"picked":"QueenMod:MilitaryHandbook","floor":14.0},{"not_picked":["QueenMod:KillerBee","QueenMod:RoyalBanquet"],"picked":"QueenMod:EliteSoldiers","floor":16.0},{"not_picked":["QueenMod:PollenBlast","QueenMod:Regroup"],"picked":"QueenMod:Gather+1","floor":18.0},{"not_picked":["QueenMod:AttackOrder","QueenMod:Beekeeping"],"picked":"QueenMod:Parry+1","floor":19.0},{"not_picked":["QueenMod:Fortify","QueenMod:PheremoneSwap"],"picked":"QueenMod:PopulateOrder","floor":21.0},{"not_picked":["QueenMod:HoneycombSmash","QueenMod:Ambush"],"picked":"QueenMod:StrategicGenius","floor":22.0},{"not_picked":["QueenMod:Feint+1","QueenMod:PollenBlast"],"picked":"QueenMod:HiveDefenses","floor":23.0},{"not_picked":["QueenMod:PheremoneSwap+1","QueenMod:SplitStrike"],"picked":"QueenMod:HexGuard+1","floor":27.0},{"not_picked":["QueenMod:HoneycombSmash","QueenMod:Charge"],"picked":"QueenMod:FlankingStrike+1","floor":28.0},{"not_picked":["QueenMod:HexGuard+1","QueenMod:CrossGuard+1"],"picked":"QueenMod:HornetSwarm+1","floor":29.0},{"not_picked":["QueenMod:Fleche","QueenMod:DignifiedSlap"],"picked":"QueenMod:BirthingCells","floor":30.0},{"not_picked":["QueenMod:SecretWeapon","QueenMod:RoyalBanquet+1"],"picked":"QueenMod:SwarmTactics+1","floor":33.0},{"not_picked":["QueenMod:HoldPosition+1","QueenMod:Assimilate+1"],"picked":"QueenMod:Rally+1","floor":35.0},{"not_picked":["QueenMod:AttackOrder+1","QueenMod:Honeyblaster"],"picked":"QueenMod:ForcedMarch","floor":36.0},{"not_picked":["QueenMod:Rally+1","QueenMod:Parry+1"],"picked":"QueenMod:Feast","floor":36.0},{"not_picked":["QueenMod:HoldPosition+1","QueenMod:CrossGuard+1"],"picked":"QueenMod:ScoutingParty+1","floor":38.0},{"not_picked":["QueenMod:PopulateOrder+1","QueenMod:Ambush+1"],"picked":"QueenMod:BusyBees+1","floor":40.0},{"not_picked":["QueenMod:Conscripts+1","QueenMod:HoldPosition+1"],"picked":"QueenMod:PollenBlast","floor":44.0},{"not_picked":["QueenMod:FullRetreat+1","QueenMod:HoneycombSmash+1"],"picked":"QueenMod:ScoutingParty+1","floor":46.0},{"not_picked":["QueenMod:Ravage+1","QueenMod:Flyby"],"picked":"QueenMod:Lunge","floor":47.0},{"not_picked":["QueenMod:WorkerDrones+1","QueenMod:Lunge"],"picked":"QueenMod:Reinforcements","floor":48.0},{"not_picked":["QueenMod:Garrison+1","QueenMod:Fleche+1"],"picked":"QueenMod:Knighting+1","floor":49.0},{"not_picked":["QueenMod:Incubate+1","QueenMod:Mark+1"],"picked":"QueenMod:SharpStingers+1","floor":50},{"not_picked":["QueenMod:HoneycombSmash+1","QueenMod:SplitStrike"],"picked":"QueenMod:Rally+1","floor":53},{"not_picked":["QueenMod:SplitStrike+1","QueenMod:Fortify+1"],"picked":"QueenMod:WarriorDrones","floor":54},{"not_picked":["QueenMod:HoldPosition+1","QueenMod:ProtectQueen+1"],"picked":"QueenMod:PerfectLanding+1","floor":55},{"not_picked":["QueenMod:PollenBlast","QueenMod:Fortify+1"],"picked":"QueenMod:Conscripts+1","floor":55},{"not_picked":["QueenMod:Charge","QueenMod:Conscripts"],"picked":"QueenMod:Rally+1","floor":58}],"player_experience":206265,"relics_obtained":[{"floor":7.0,"key":"Dota2Spire:ShadowBlade"},{"floor":9.0,"key":"Vajra"},{"floor":23.0,"key":"Toxic Egg 2"},{"floor":26.0,"key":"Oddly Smooth Stone"},{"floor":28.0,"key":"aspiration:FrozenJewel"},{"floor":30.0,"key":"conspire:Dentures"},{"floor":36.0,"key":"aspiration:HummingbirdHeart"},{"floor":40.0,"key":"reliquary:Sod"},{"floor":44.0,"key":"Dota2Spire:LotusOrb"},{"floor":45.0,"key":"Dota2Spire:PhaseBoots"},{"floor":48.0,"key":"Dota2Spire:AssaultCuirass"},{"floor":53,"key":"paleoftheancients:SoulOfTheWatcher"},{"floor":55,"key":"conspire:Flyswatter"},{"floor":60,"key":"Dota2Spire:AghanimScepter"}],"event_choices":[{"damage_healed":0.0,"max_hp_gain":0.0,"max_hp_loss":0.0,"gold_gain":0.0,"event_name":"conspire:Investor","player_choice":"Leave","floor":4.0,"gold_loss":0.0,"damage_taken":0.0},{"cards_removed":["QueenMod:Conscripts"],"damage_healed":0.0,"max_hp_gain":0.0,"max_hp_loss":0.0,"gold_gain":0.0,"event_name":"betterNote:BetterNote","player_choice":"Give","floor":31.0,"gold_loss":0.0,"damage_taken":0.0,"cards_obtained":["Parasite"]},{"damage_healed":0.0,"max_hp_gain":0.0,"max_hp_loss":0.0,"gold_gain":0.0,"event_name":"Winding Halls","player_choice":"Embrace Madness","floor":41.0,"gold_loss":0.0,"damage_taken":10.0,"cards_obtained":["Madness","Madness"]}],"is_beta":false,"boss_relics":[{"not_picked":["conspire:SlowCooker","conspire:RoyalGoblet"],"picked":"Dota2Spire:RefresherOrb"},{"not_picked":["conspire:SeveredTorchhead","Velvet Choker"],"picked":"reliquary:Ember"}],"items_purged_floors":[],"is_endless":false,"potions_floor_spawned":[1,12,16,21,27,29,30,33,44,46,50,54],"ascension_level":0}}