{"host":"hqvh779b89tfrjxy","time":1613820090,"event":{"mods":["Act Like it!","BaseMod","Better Third Choice","Downfall","Elementarium","GifTheSpireLib","Minty Spire (QoL Compilation)","Reliquary","Replay The Spire","Ruina","Spicy Shops","StSLib"],"gold_per_floor":[10,30,46,58,78,78,93,93,138,138,158,171,171,199,199,296,296,312,509,54,54,173,173,203,203,248,248,104,104,134,149,149,247,247,264,264,280,62,78,78,110,110,110,124,154,154,154,174,174,174,174,174,9,42,42,42],"floor_reached":55,"language":"ENG","playtime":2541,"items_purged":["Strike_B","Beam Cell"],"score":1078,"play_id":"9d099fc1-0bea-4d8b-a578-455a0b0c0803","local_time":"20210220122130","is_ascension_mode":true,"campfire_choices":[{"data":"Ball Lightning","floor":6,"key":"SMITH"},{"data":"Defragment","floor":8,"key":"SMITH"},{"data":"Stack","floor":10,"key":"SMITH"},{"data":"Cold Snap","floor":13,"key":"SMITH"},{"data":"Loop","floor":15,"key":"SMITH"},{"data":"Barrage","floor":23,"key":"SMITH"},{"floor":25,"key":"REST"},{"data":"Static Discharge","floor":27,"key":"SMITH"},{"data":"Zap","floor":29,"key":"SMITH"},{"floor":32,"key":"REST"},{"data":"Thunder Strike","floor":40,"key":"SMITH"},{"floor":42,"key":"REST"},{"floor":47,"key":"RECALL"},{"data":"Conserve Battery","floor":49,"key":"SMITH"},{"data":"Electrodynamics","floor":52,"key":"SMITH"}],"circlet_count":0,"master_deck":["Defend_B","Defend_B","Defend_B","Zap+1","Dualcast","Auto Shields","Ball Lightning+1","Stack+1","Loop+1","Defragment+1","BootSequence","Cold Snap+1","Core Surge","Force Field+1","Barrage+1","Static Discharge+1","Coolheaded+1","Conserve Battery+1","Thunder Strike+1","Electrodynamics+1","Lockon+1","Defragment+1","Storm+1","Heatsinks"],"relics":["Cracked Core","reliquary:ExpiredCoupon","Letter Opener","Empty Cage","BargainBundle","reliquary:NewFriend","Dream Catcher","Orichalcum","Replay:Rubber Ducky","DataDisk","reliquary:RedCape","Membership Card","Runic Capacitor","reliquary:TatteredRug","ReplayTheSpireMod:Shallot","Replay:Frozen Program","Emotion Chip","Replay:Bottled Steam"],"acts_visited":["Exordium","ruina:Briah","TheBeyond","TheEnding"],"potions_floor_usage":[14,16,24,30,31,45,55],"damage_taken":[{"damage":0,"enemies":"Cultist","floor":1,"turns":3},{"damage":0,"enemies":"Jaw Worm","floor":2,"turns":3},{"damage":0,"enemies":"2 Louse","floor":3,"turns":2},{"damage":0,"enemies":"Large Slime","floor":4,"turns":5},{"damage":8,"enemies":"Exordium Thugs","floor":5,"turns":5},{"damage":0,"enemies":"Blue Slaver","floor":7,"turns":3},{"damage":9,"enemies":"Red Slaver","floor":11,"turns":3},{"damage":1,"enemies":"Gremlin Gang","floor":12,"turns":5},{"damage":0,"enemies":"3 Sentries","floor":14,"turns":4},{"damage":0,"enemies":"Slime Boss","floor":16,"turns":5},{"damage":14,"enemies":"ruina:2_Scarecrows","floor":18,"turns":5},{"damage":34,"enemies":"ruina:ServantOfWrath","floor":24,"turns":5},{"damage":25,"enemies":"ruina:Mountain","floor":30,"turns":8},{"damage":5,"enemies":"ruina:3_Bats","floor":31,"turns":3},{"damage":26,"enemies":"ruina:Red_and_Wolf","floor":33,"turns":9},{"damage":4,"enemies":"3 Darklings","floor":35,"turns":4},{"damage":2,"enemies":"3 Shapes","floor":37,"turns":3},{"damage":5,"enemies":"3 Darklings","floor":39,"turns":3},{"damage":22,"enemies":"Nemesis","floor":41,"turns":7},{"damage":3,"enemies":"Maw","floor":44,"turns":6},{"damage":14,"enemies":"R_Hoarder","floor":45,"turns":5},{"damage":1,"enemies":"Spire Growth","floor":48,"turns":4},{"damage":25,"enemies":"Donu and Deca","floor":50,"turns":5},{"damage":35,"enemies":"Shield and Spear","floor":54,"turns":3},{"damage":42,"enemies":"The Heart","floor":55,"turns":2}],"seed_played":"-6313535778606846260","potions_obtained":[{"floor":5,"key":"DuplicationPotion"},{"floor":7,"key":"PowerPotion"},{"floor":11,"key":"champ:CounterPotion"},{"floor":14,"key":"ColorlessPotion"},{"floor":18,"key":"EssenceOfSteel"},{"floor":30,"key":"Fire Potion"},{"floor":33,"key":"PowerPotion"},{"floor":35,"key":"Weak Potion"},{"floor":39,"key":"champ:CounterPotion"},{"floor":44,"key":"hexamod:SoulburnPotion"},{"floor":45,"key":"Weak Potion"}],"is_trial":false,"path_per_floor":["M","M","M","M","M","R","M","R","T","R","M","M","R","E","R","B",null,"M","?","$","?","?","R","E","R","T","R","$","R","E","M","R","B",null,"M","?","M","$","M","R","E","R","T","M","E","?","R","M","R","B",null,"R","$","E","B"],"character_chosen":"DEFECT","items_purchased":["BargainBundle","reliquary:NewFriend","Static Discharge","Replay:Rubber Ducky","Membership Card","Runic Capacitor","Replay:Frozen Program","Emotion Chip","Heatsinks"],"campfire_rested":3,"item_purchase_floors":[20,20,20,28,38,38,53,53,53],"current_hp_per_floor":[68,68,68,68,60,60,60,60,60,60,51,50,50,50,50,50,69,55,37,37,49,49,49,15,41,41,41,41,41,16,11,37,11,68,64,64,62,62,57,57,35,61,61,58,44,44,44,43,43,18,70,70,70,35,0,0],"gold":42,"neow_bonus":"REMOVE_TWO","is_daily":false,"chose_seed":false,"campfire_upgraded":11,"win_rate":0.0,"timestamp":1613820090,"path_taken":["M","M","M","M","M","R","M","R","T","R","M","?","R","E","R","BOSS","M","?","$","?","?","R","E","R","T","R","?","R","E","M","R","BOSS","M","?","M","$","?","R","E","R","T","M","E","?","R","?","R","BOSS","R","$","E","BOSS"],"items_purchased_type":["Relic","Relic","Card","Relic","Relic","Relic","Relic","Relic","Card"],"build_version":"2020-12-22","purchased_purges":2,"victory":false,"max_hp_per_floor":[75,75,75,75,75,75,75,75,75,75,75,75,75,75,75,75,75,75,75,75,87,87,87,87,87,87,87,87,87,87,87,87,87,87,87,87,87,87,87,87,87,87,87,87,87,87,87,87,87,87,87,87,87,87,87,87],"card_choices":[{"not_picked":["Turbo","Steam"],"picked":"Auto Shields","floor":1},{"not_picked":["Tempest","Undo"],"picked":"Ball Lightning","floor":2},{"not_picked":["Conserve Battery","Tempest"],"picked":"Stack","floor":3},{"not_picked":["Rebound","Blizzard"],"picked":"Sweeping Beam","floor":4},{"not_picked":["Hologram","Barrage"],"picked":"Loop","floor":5},{"not_picked":["Sweeping Beam","Darkness"],"picked":"Defragment","floor":7},{"not_picked":["Darkness","Creative AI"],"picked":"BootSequence","floor":11},{"not_picked":["Blizzard","Skim"],"picked":"Cold Snap","floor":12},{"not_picked":["Fusion","Steam","Melter"],"picked":"SKIP","floor":14},{"not_picked":["Reboot","All For One"],"picked":"Core Surge","floor":16},{"not_picked":["Go for the Eyes","Redo"],"picked":"Force Field+1","floor":18},{"not_picked":["Rebound+1","Go for the Eyes"],"picked":"Barrage","floor":19},{"not_picked":["Machine Learning","Ball Lightning"],"picked":"Coolheaded+1","floor":24},{"not_picked":["Compile Driver","Ball Lightning","Stack"],"picked":"SKIP","floor":30},{"not_picked":["Beam Cell","Stack","Streamline+1"],"picked":"SKIP","floor":31},{"not_picked":["Redo+1","Rebound"],"picked":"Conserve Battery","floor":32},{"not_picked":["All For One","Amplify"],"picked":"Thunder Strike","floor":33},{"not_picked":["Cold Snap","Sweeping Beam+1","Rebound+1"],"picked":"SKIP","floor":35},{"not_picked":["Steam","Turbo","Gash"],"picked":"SKIP","floor":37},{"not_picked":["Cold Snap","Gash+1"],"picked":"Lockon+1","floor":39},{"not_picked":["All For One","Lockon"],"picked":"Defragment+1","floor":41},{"not_picked":["Steam","Cold Snap","Go for the Eyes"],"picked":"SKIP","floor":44},{"not_picked":["Steam","Cold Snap","Go for the Eyes"],"picked":"SKIP","floor":44},{"not_picked":["All For One","Coolheaded+1"],"picked":"Storm+1","floor":45},{"not_picked":["Genetic Algorithm","Sweeping Beam","Static Discharge"],"picked":"SKIP","floor":48},{"not_picked":["Beam Cell","Barrage","Chill+1"],"picked":"SKIP","floor":54},{"not_picked":["Beam Cell","Barrage","Chill+1"],"picked":"SKIP","floor":54}],"player_experience":240748,"relics_obtained":[{"floor":9,"key":"reliquary:ExpiredCoupon"},{"floor":14,"key":"Letter Opener"},{"floor":24,"key":"Dream Catcher"},{"floor":26,"key":"Orichalcum"},{"floor":30,"key":"DataDisk"},{"floor":41,"key":"reliquary:TatteredRug"},{"floor":45,"key":"ReplayTheSpireMod:Shallot"},{"floor":54,"key":"Replay:Bottled Steam"}],"event_choices":[{"damage_healed":0,"gold_gain":0,"player_choice":"1 cards matched","damage_taken":0,"max_hp_gain":0,"max_hp_loss":0,"event_name":"Match and Keep!","floor":36,"gold_loss":0,"cards_obtained":["Electrodynamics"]},{"damage_healed":0,"gold_gain":0,"cards_transformed":["Sweeping Beam"],"player_choice":"Transformed","damage_taken":0,"max_hp_gain":0,"max_hp_loss":0,"event_name":"Transmorgrifier","floor":46,"gold_loss":0,"cards_obtained":["Beam Cell"]}],"is_beta":false,"boss_relics":[{"not_picked":["Replay:Wanted Poster","Replay:Drink Me"],"picked":"Empty Cage"},{"not_picked":["SlaversCollar","Fusion Hammer"],"picked":"reliquary:RedCape"}],"items_purged_floors":[20,53],"is_endless":false,"potions_floor_spawned":[5,7,11,14,18,30,33,35,39,44,45],"killed_by":"The Heart","ascension_level":7}}