{"host":"1a3cjta80tad0aqj","time":1613836773,"event":{"mods":["2.2 Compatiblity","AchievementEnabler","BaseMod","Colored Map","DeckTracker","KOR Keyword Fix","Keyboard Shortcuts","Minty Spire (QoL Compilation)","Permanent Neow","Quick Restart","Random Character Button","StSLib","SuperFastMode","everything is the same but u backflip on backflip"],"gold_per_floor":[216,216,235,249,269,269,282,311,360,360,372,49,49,76,76,180,180,191,191,191,34,34,34,51,67,67,67,67],"floor_reached":27,"language":"KOR","playtime":1017,"items_purged":["Defend_B"],"score":290,"play_id":"2068e5c5-c951-4e58-b6fb-aed1b8c10955","local_time":"20210221005933","is_ascension_mode":true,"campfire_choices":[{"data":"Streamline","floor":6.0,"key":"SMITH"},{"floor":10.0,"key":"REST"},{"floor":13.0,"key":"REST"},{"data":"Apotheosis","floor":15.0,"key":"SMITH"},{"floor":23.0,"key":"REST"}],"circlet_count":0,"master_deck":["Strike_B","Strike_B","Strike_B","Defend_B","Defend_B","Zap","Dualcast+1","Go for the Eyes","Streamline+1","Lockon","Capacitor","Ball Lightning","Leap","Sweeping Beam","Apotheosis+1","Consume","Buffer","Steam+1","Reinforced Body","Turbo"],"relics":["Cracked Core","Pen Nib","Juzu Bracelet","Singing Bowl","Cursed Key","Membership Card"],"acts_visited":["Exordium","TheCity"],"potions_floor_usage":[],"damage_taken":[{"damage":6.0,"enemies":"2 Louse","floor":1.0,"turns":2.0},{"damage":1.0,"enemies":"Cultist","floor":3.0,"turns":3.0},{"damage":12.0,"enemies":"Jaw Worm","floor":4.0,"turns":2.0},{"damage":0.0,"enemies":"3 Louse","floor":5.0,"turns":3.0},{"damage":9.0,"enemies":"Exordium Wildlife","floor":7.0,"turns":3.0},{"damage":20.0,"enemies":"Lagavulin","floor":8.0,"turns":6.0},{"damage":15.0,"enemies":"Large Slime","floor":11.0,"turns":5.0},{"damage":4.0,"enemies":"3 Sentries","floor":14.0,"turns":5.0},{"damage":20.0,"enemies":"Hexaghost","floor":16.0,"turns":8.0},{"damage":19.0,"enemies":"2 Thieves","floor":18.0,"turns":3.0},{"damage":6.0,"enemies":"Shell Parasite","floor":24.0,"turns":2.0},{"damage":35.0,"enemies":"Snake Plant","floor":25.0,"turns":4.0},{"damage":23,"enemies":"Book of Stabbing","floor":27,"turns":2}],"seed_played":"7999793155802474043","potions_obtained":[{"floor":1.0,"key":"LiquidBronze"},{"floor":4.0,"key":"GamblersBrew"},{"floor":5.0,"key":"SpeedPotion"},{"floor":11.0,"key":"DistilledChaos"},{"floor":16.0,"key":"CultistPotion"}],"is_trial":false,"path_per_floor":["M","?","M","M","M","R","M","E","T","R","M","$","R","E","R","B",null,"M","?","?","$","?","R","M","M","T","E"],"character_chosen":"DEFECT","items_purchased":["Apotheosis","Consume","Membership Card"],"campfire_rested":3,"item_purchase_floors":[12,12,21],"current_hp_per_floor":[62,62,61,49,49,49,40,20,20,42,27,27,49,47,47,27,65,46,46,32,32,32,56,52,19,19,0,0],"gold":67,"neow_bonus":"HUNDRED_GOLD","is_daily":false,"chose_seed":false,"campfire_upgraded":2,"win_rate":0.0,"timestamp":1613836773,"path_taken":["M","?","?","M","M","R","M","E","T","R","M","$","R","E","R","BOSS","M","?","?","$","?","R","M","M","T","E"],"items_purchased_type":["Card","Card","Relic"],"build_version":"2020-12-22","purchased_purges":1,"victory":false,"max_hp_per_floor":[75,75,75,75,75,75,75,75,75,75,75,75,75,77,77,77,77,77,77,82,82,82,82,84,86,86,86,86],"card_choices":[{"not_picked":["Rebound","Stack"],"picked":"Go for the Eyes","floor":1.0},{"not_picked":["Aggregate","Barrage"],"picked":"Streamline","floor":3.0},{"not_picked":["Ball Lightning","Compile Driver"],"picked":"Lockon","floor":4.0},{"not_picked":["Hologram","Glacier"],"picked":"Capacitor","floor":5.0},{"not_picked":["Fusion","Blizzard"],"picked":"Ball Lightning","floor":7.0},{"not_picked":["Loop","Rainbow"],"picked":"Leap","floor":8.0},{"not_picked":["Static Discharge","Conserve Battery"],"picked":"Sweeping Beam","floor":11.0},{"not_picked":["Sweeping Beam","Lockon","Leap"],"picked":"Singing Bowl","floor":14.0},{"not_picked":["Meteor Strike","All For One"],"picked":"Buffer","floor":16.0},{"not_picked":["Compile Driver","Go for the Eyes"],"picked":"Steam+1","floor":18.0},{"not_picked":["Steam","Turbo","Force Field+1"],"picked":"Singing Bowl","floor":24.0},{"not_picked":["Ball Lightning+1","Redo","Go for the Eyes"],"picked":"Singing Bowl","floor":25.0}],"player_experience":887486,"relics_obtained":[{"floor":8.0,"key":"Pen Nib"},{"floor":9.0,"key":"Juzu Bracelet"},{"floor":14.0,"key":"Singing Bowl"}],"event_choices":[{"damage_healed":0.0,"max_hp_gain":0.0,"max_hp_loss":0.0,"gold_gain":0.0,"event_name":"Upgrade Shrine","player_choice":"Upgraded","floor":2.0,"gold_loss":0.0,"damage_taken":0.0,"cards_upgraded":["Dualcast"]},{"damage_healed":0.0,"max_hp_gain":0.0,"max_hp_loss":0.0,"gold_gain":0.0,"cards_transformed":["Defend_B","Strike_B"],"event_name":"Drug Dealer","player_choice":"Became Test Subject","floor":19.0,"gold_loss":0.0,"damage_taken":0.0,"cards_obtained":["Reinforced Body","Turbo"]},{"damage_healed":0.0,"max_hp_gain":5.0,"max_hp_loss":0.0,"gold_gain":0.0,"event_name":"Forgotten Altar","player_choice":"Shed Blood","floor":20.0,"gold_loss":0.0,"damage_taken":19.0}],"is_beta":false,"boss_relics":[{"not_picked":["Astrolabe","Busted Crown"],"picked":"Cursed Key"}],"items_purged_floors":[12],"is_endless":false,"potions_floor_spawned":[1,4,5,11,16,18,25],"killed_by":"Book of Stabbing","ascension_level":6}}