{"host":"3kvzrqphghcx5kvo","time":1613802052,"event":{"mods":["AchievementEnabler","BaseMod","Colored Map","Colored Powertips","Downfall","GifTheSpireLib","Minty Spire (QoL Compilation)","Quick Restart","Rare Cards Sparkle","Relic Stats","StSLib","Unceasing Turn Reminder","everything is the same but u backflip on backflip"],"gold_per_floor":[117,167,184,196,121,121,141,66,66,77,77,98,98,114,114,188,188,188,188,188,188,188,188,188,188],"floor_reached":24,"language":"ENG","playtime":2278,"items_purged":["Defend_B"],"score":372,"play_id":"8593fc0f-7131-479d-855b-0ebaf401af97","local_time":"20210219222052","is_ascension_mode":true,"campfire_choices":[{"data":"Genetic Algorithm","floor":6.0,"key":"SMITH"},{"data":"Defragment","floor":11.0,"key":"SMITH"},{"floor":15.0,"key":"REST"},{"data":"Buffer","floor":23.0,"key":"SMITH"}],"circlet_count":0,"master_deck":["AscendersBane","Strike_B","Strike_B","Defend_B","Defend_B","Defend_B","Zap","Dualcast","Buffer+1","Auto Shields","Genetic Algorithm+1","Defragment+1","Storm","Machine Learning","BootSequence","FTL+1"],"relics":["Cracked Core","Singing Bowl","Odd Mushroom","Ectoplasm"],"acts_visited":["Exordium","TheCity"],"potions_floor_usage":[24],"damage_taken":[{"damage":4.0,"enemies":"Jaw Worm","floor":1.0,"turns":4.0},{"damage":1.0,"enemies":"Cultist","floor":3.0,"turns":4.0},{"damage":0.0,"enemies":"2 Louse","floor":4.0,"turns":3.0},{"damage":4.0,"enemies":"Blue Slaver","floor":7.0,"turns":4.0},{"damage":7.0,"enemies":"2 Fungi Beasts","floor":10.0,"turns":4.0},{"damage":18.0,"enemies":"The Mushroom Lair","floor":12.0,"turns":6.0},{"damage":12.0,"enemies":"Exordium Wildlife","floor":14.0,"turns":4.0},{"damage":10.0,"enemies":"The Guardian","floor":16.0,"turns":12.0},{"damage":29.0,"enemies":"Shell Parasite","floor":18.0,"turns":9.0},{"damage":5.0,"enemies":"Chosen","floor":21.0,"turns":5.0},{"damage":64,"enemies":"Slavers","floor":24,"turns":5}],"seed_played":"-8717055677889358470","potions_obtained":[{"floor":4.0,"key":"CultistPotion"},{"floor":12.0,"key":"SpeedPotion"}],"is_trial":false,"path_per_floor":["M","?","M","M","$","R","M","?","T","M","R","?","?","M","R","B",null,"M","?","?","M","?","R","E"],"character_chosen":"DEFECT","items_purchased":[],"campfire_rested":1,"item_purchase_floors":[],"current_hp_per_floor":[60,53,52,52,52,52,48,48,48,43,43,25,30,20,44,34,69,40,40,40,35,51,51,0,0],"gold":188,"neow_bonus":"ONE_RANDOM_RARE_CARD","is_daily":false,"chose_seed":false,"campfire_upgraded":3,"win_rate":0.0,"timestamp":1613802052,"path_taken":["M","?","?","M","$","R","M","?","T","M","R","?","?","?","R","BOSS","M","?","?","?","?","R","E"],"items_purchased_type":[],"build_version":"2020-12-22","purchased_purges":1,"victory":false,"max_hp_per_floor":[71,71,71,71,71,71,71,71,71,73,73,73,78,80,80,80,80,80,80,80,80,80,80,80,80],"relic_stats":{"Singing Bowl":4,"counters":[11,60],"Ectoplasm":32,"obtain_stats":[{"Singing Bowl":9,"Ectoplasm":17,"Odd Mushroom":12,"Cracked Core":0},{"Singing Bowl":4,"Ectoplasm":8,"Odd Mushroom":6,"Cracked Core":0},{"Singing Bowl":15,"Ectoplasm":41,"Odd Mushroom":25,"Cracked Core":0}]},"card_choices":[{"not_picked":["Go for the Eyes","Ball Lightning","Turbo"],"picked":"SKIP","floor":1.0},{"not_picked":["Conserve Battery","Steam"],"picked":"Auto Shields","floor":3.0},{"not_picked":["Tempest","Blizzard"],"picked":"Genetic Algorithm","floor":4.0},{"not_picked":["Darkness","Compile Driver"],"picked":"Defragment","floor":7.0},{"not_picked":["Beam Cell","Cold Snap","Barrage"],"picked":"Singing Bowl","floor":10.0},{"not_picked":["Static Discharge","FTL"],"picked":"Storm","floor":12.0},{"not_picked":["Glacier","Redo","Heatsinks"],"picked":"Singing Bowl","floor":14.0},{"not_picked":["Core Surge","Fission"],"picked":"Machine Learning","floor":16.0},{"not_picked":["Leap","Barrage"],"picked":"BootSequence","floor":18.0},{"not_picked":["Doom and Gloom","Undo"],"picked":"FTL+1","floor":21.0}],"player_experience":1278604,"relics_obtained":[{"floor":9.0,"key":"Singing Bowl"},{"floor":12.0,"key":"Odd Mushroom"}],"event_choices":[{"damage_healed":0.0,"max_hp_gain":0.0,"max_hp_loss":0.0,"gold_gain":50.0,"event_name":"FaceTrader","player_choice":"Touch","floor":2.0,"gold_loss":0.0,"damage_taken":7.0},{"cards_removed":["Strike_B"],"damage_healed":0.0,"max_hp_gain":0.0,"max_hp_loss":0.0,"gold_gain":0.0,"event_name":"The Cleric","player_choice":"Card Removal","floor":8.0,"gold_loss":75.0,"damage_taken":0.0},{"damage_healed":0.0,"max_hp_gain":0.0,"max_hp_loss":0.0,"gold_gain":0.0,"event_name":"Mushrooms","player_choice":"Fought Mushrooms","floor":12.0,"gold_loss":0.0,"damage_taken":0.0},{"damage_healed":0.0,"max_hp_gain":5.0,"max_hp_loss":0.0,"gold_gain":0.0,"event_name":"Big Fish","player_choice":"Donut","floor":13.0,"gold_loss":0.0,"damage_taken":0.0},{"damage_healed":0.0,"max_hp_gain":0.0,"max_hp_loss":0.0,"gold_gain":0.0,"event_name":"Vampires","player_choice":"Ignored","floor":19.0,"gold_loss":0.0,"damage_taken":0.0},{"cards_removed":["Strike_B"],"damage_healed":0.0,"max_hp_gain":0.0,"max_hp_loss":0.0,"gold_gain":0.0,"event_name":"Bonfire Elementals","player_choice":"Offered Basic","floor":20.0,"gold_loss":0.0,"damage_taken":0.0},{"damage_healed":16.0,"max_hp_gain":0.0,"max_hp_loss":0.0,"gold_gain":0.0,"event_name":"The Library","player_choice":"Heal","floor":22.0,"gold_loss":0.0,"damage_taken":0.0}],"is_beta":false,"boss_relics":[{"not_picked":["Fusion Hammer","FrozenCore"],"picked":"Ectoplasm"}],"items_purged_floors":[5],"is_endless":false,"potions_floor_spawned":[4,12,16],"killed_by":"Slavers","ascension_level":20}}