{"host":"rg29p8m4aqjozpzt","time":1613845464,"event":{"mods":["100% Spire Juice","Aspiration","Bartender","BaseMod","Beaked The Cultist","Better Altar","Better Match","Better Sensory Stone","Better Skull","Better Third Choice","BetterRewards","Chen","Colored Powertips","Conspire","Downfall","Friendly Minions","Hermit","Hubris","JesterMod","Magitek Elite","Minty Spire (QoL Compilation)","Permanent Neow","Prisma Mod","QueenMod","Quick Restart","Relic Filter","Reorder Act Four","Shade Mod","StSLib","SuperFastMode","The Alterego","The Marked","The Runesmith","Unceasing Turn Reminder"],"gold_per_floor":[99,114,124,124,143,156,179,179,219,253,428,428,428,428],"floor_reached":12,"language":"ENG","playtime":922,"items_purged":[],"score":78,"play_id":"fb67d216-42ce-4306-a7fa-163ffff32c1e","local_time":"20210220192424","is_ascension_mode":false,"campfire_choices":[{"data":"champ:Taunt","floor":1,"key":"SMITH"},{"data":"champ:DeathBlow","floor":8,"key":"SMITH"}],"circlet_count":0,"master_deck":["champ:Strike","champ:Strike","champ:Strike","champ:Strike","champ:Defend","champ:Defend","champ:Defend","champ:Defend","champ:Execute+1","champ:Taunt+1","champ:HeavySlash+1","champ:Haymaker+1","downfall:Malfunctioning","champ:ArenaPreparation","champ:DeathBlow+1","champ:ShieldWall","champ:FocusedDefense","Doubt"],"relics":["champ:ChampionCrown","Vajra","Tiny Chest"],"acts_visited":["Exordium"],"potions_floor_usage":[9,12],"damage_taken":[{"damage":10,"enemies":"2 Louse","floor":2,"turns":2},{"damage":10,"enemies":"conspire:RoseBush","floor":3,"turns":3},{"damage":24,"enemies":"Small Slimes","floor":5,"turns":4},{"damage":27,"enemies":"downfall:LooterAlt","floor":6,"turns":3},{"damage":41,"enemies":"conspire:MimicChest","floor":9,"turns":7},{"damage":46,"enemies":"Gremlin Nob","floor":10,"turns":5},{"damage":38,"enemies":"3 Sentries","floor":12,"turns":5}],"seed_played":"7549530139763859933","potions_obtained":[{"floor":3,"key":"ColorlessPotion"},{"floor":10,"key":"champ:OpenerPotion"}],"is_trial":false,"path_per_floor":["R","M","M","?","M","M","T","R","?","E","?","E"],"character_chosen":"THE_CHAMP","items_purchased":[],"campfire_rested":0,"item_purchase_floors":[],"current_hp_per_floor":[90,90,90,90,86,69,69,69,53,37,37,0,0,0],"gold":428,"neow_bonus":"ONE_RANDOM_RARE_CARD","is_daily":false,"chose_seed":false,"campfire_upgraded":2,"win_rate":0.0,"timestamp":1613845464,"path_taken":["R","M","M","?","M","M","T","R","?","E","?","E"],"items_purchased_type":[],"build_version":"2020-12-22","purchased_purges":0,"victory":false,"max_hp_per_floor":[90,90,90,90,90,90,90,90,90,90,90,90,90,90],"card_choices":[{"not_picked":["champ:PreciseThrust","champ:CrownThrow"],"picked":"champ:Haymaker","floor":2},{"not_picked":["champ:FalseCounter","champ:BerserkersShout","champ:Circumvent"],"picked":"SKIP","floor":3},{"not_picked":["champ:Backstep","champ:PerfectedStrike"],"picked":"champ:ArenaPreparation","floor":5},{"not_picked":["champ:Duel","champ:Shatter"],"picked":"champ:DeathBlow","floor":6},{"not_picked":["champ:FaceSlap","champ:DefensiveShout"],"picked":"champ:ShieldWall","floor":9},{"not_picked":["champ:TornadoPunch","champ:Haymaker"],"picked":"champ:FocusedDefense","floor":10}],"player_experience":1575923,"relics_obtained":[{"floor":7,"key":"Vajra"},{"floor":9,"key":"Tiny Chest"}],"event_choices":[],"is_beta":false,"boss_relics":[],"items_purged_floors":[],"is_endless":false,"potions_floor_spawned":[3,10],"killed_by":"3 Sentries","ascension_level":0}}