{"host":"BaronFel","time":1613858199,"event":{"mods":["BaseMod","Filter the Spire","Highlight Path","Minty Spire (QoL Compilation)","Relic Stats","ojb\u0027s Info Mod"],"gold_per_floor":[110,110,140,12,32,32,57,57,57,57,57,57,86,104,104,177,177,57,57,72,84,84,84,116,31,82,82,7,41,57,75,75,149,149,167,184,203,222,240,240,275,288,315,315,315,325,325,130,130,130,130,130,130,5,40,40,40],"floor_reached":56,"language":"ENG","playtime":6600,"items_purged":["Thunder Strike","Scrape","Reinforced Body"],"score":2050,"play_id":"39fa5a7e-a647-456f-9f97-f16b06d5be7c","local_time":"20210220155639","is_ascension_mode":true,"campfire_choices":[{"data":"Sunder","floor":6.0,"key":"SMITH"},{"data":"Seek","floor":8.0,"key":"SMITH"},{"data":"Go for the Eyes","floor":10.0,"key":"SMITH"},{"data":"Cold Snap","floor":15.0,"key":"SMITH"},{"data":"Turbo","floor":23.0,"key":"SMITH"},{"data":"Consume","floor":27.0,"key":"SMITH"},{"data":"Capacitor","floor":32.0,"key":"SMITH"},{"data":"Seek","floor":40.0,"key":"SMITH"},{"data":"Hologram","floor":44.0,"key":"SMITH"},{"floor":49,"key":"RECALL"},{"data":"Blizzard","floor":53,"key":"SMITH"}],"circlet_count":0,"master_deck":["AscendersBane","Zap","Dualcast","Sunder+1","Reinforced Body","Go for the Eyes+1","Glacier","Seek+1","Cold Snap+1","Seek+1","Consume+1","Self Repair","Glacier","Turbo+1","Blizzard+1","Sweeping Beam","Force Field","Capacitor+1","Barrage+1","Glacier","Defragment+1","Machine Learning","Hologram+1","PanicButton","Impatience"],"relics":["Inserter","Pear","Question Card","Dream Catcher","Regal Pillow","Pandora\u0027s Box","Art of War","Unceasing Top","Ancient Tea Set","Anchor","SlaversCollar","Cables","Toy Ornithopter"],"acts_visited":["Exordium","TheCity","TheBeyond","TheEnding"],"potions_floor_usage":[],"damage_taken":[{"damage":3.0,"enemies":"2 Louse","floor":1.0,"turns":3.0},{"damage":4.0,"enemies":"Jaw Worm","floor":3.0,"turns":3.0},{"damage":5.0,"enemies":"Small Slimes","floor":5.0,"turns":2.0},{"damage":5.0,"enemies":"Lagavulin","floor":7.0,"turns":11.0},{"damage":6.0,"enemies":"3 Sentries","floor":13.0,"turns":12.0},{"damage":0.0,"enemies":"Exordium Wildlife","floor":14.0,"turns":4.0},{"damage":15.0,"enemies":"Slime Boss","floor":16.0,"turns":19.0},{"damage":1.0,"enemies":"2 Thieves","floor":18.0,"turns":5.0},{"damage":15.0,"enemies":"Chosen","floor":20.0,"turns":10.0},{"damage":10.0,"enemies":"Shelled Parasite and Fungi","floor":21.0,"turns":8.0},{"damage":19.0,"enemies":"Book of Stabbing","floor":24.0,"turns":8.0},{"damage":10.0,"enemies":"Gremlin Leader","floor":29.0,"turns":9.0},{"damage":0.0,"enemies":"Centurion and Healer","floor":30.0,"turns":9.0},{"damage":0.0,"enemies":"Snake Plant","floor":31.0,"turns":8.0},{"damage":0.0,"enemies":"Champ","floor":33.0,"turns":14.0},{"damage":4.0,"enemies":"3 Shapes","floor":35.0,"turns":7.0},{"damage":7.0,"enemies":"3 Darklings","floor":36.0,"turns":8.0},{"damage":3.0,"enemies":"Sphere and 2 Shapes","floor":37.0,"turns":11.0},{"damage":0.0,"enemies":"Maw","floor":38.0,"turns":11.0},{"damage":0.0,"enemies":"Spire Growth","floor":39.0,"turns":9.0},{"damage":0.0,"enemies":"Giant Head","floor":41.0,"turns":12.0},{"damage":0.0,"enemies":"Sphere and 2 Shapes","floor":42.0,"turns":9.0},{"damage":0.0,"enemies":"Transient","floor":46.0,"turns":6.0},{"damage":0,"enemies":"Donu and Deca","floor":50,"turns":14},{"damage":11,"enemies":"Time Eater","floor":51,"turns":16},{"damage":5,"enemies":"Shield and Spear","floor":55,"turns":11},{"damage":172,"enemies":"The Heart","floor":56,"turns":15}],"seed_played":"4979127889806835205","potions_obtained":[{"floor":1.0,"key":"ColorlessPotion"},{"floor":3.0,"key":"SkillPotion"},{"floor":7.0,"key":"SpeedPotion"},{"floor":16.0,"key":"DistilledChaos"},{"floor":21.0,"key":"SkillPotion"},{"floor":24.0,"key":"FairyPotion"},{"floor":30.0,"key":"Dexterity Potion"},{"floor":33.0,"key":"SkillPotion"},{"floor":36.0,"key":"SmokeBomb"},{"floor":38.0,"key":"BlessingOfTheForge"},{"floor":41.0,"key":"FairyPotion"}],"is_trial":false,"path_per_floor":["M","?","M","$","M","R","E","R","T","R","?","?","E","M","R","B",null,"M","?","M","M","?","R","E","?","T","R","?","E","M","M","R","B",null,"M","M","M","M","M","R","E","M","T","R","?","M","?","$","R","B","B",null,"R","$","E","B"],"character_chosen":"DEFECT","items_purchased":["Go for the Eyes","Impatience"],"campfire_rested":0,"item_purchase_floors":[4,48],"current_hp_per_floor":[61,61,57,57,52,52,57,57,57,57,62,51,45,45,45,30,72,78,78,70,67,67,67,55,55,55,55,55,52,59,66,66,73,83,86,86,86,86,86,86,86,86,86,86,86,86,86,86,86,86,82,85,85,85,86,0,0],"gold":40,"neow_bonus":"BOSS_RELIC","is_daily":false,"chose_seed":false,"campfire_upgraded":10,"win_rate":0.0,"timestamp":1613858199,"path_taken":["M","?","M","$","M","R","E","R","T","R","?","?","E","M","R","BOSS","M","?","M","M","?","R","E","?","T","R","?","E","?","M","R","BOSS","M","M","M","M","M","R","E","M","T","R","?","M","?","$","R","BOSS","BOSS","R","$","E","BOSS"],"items_purchased_type":["Card","Card"],"build_version":"2020-12-18","purchased_purges":3,"victory":false,"max_hp_per_floor":[71,71,71,71,71,71,81,81,81,81,86,86,86,86,86,86,86,86,86,86,86,86,86,86,86,86,86,86,86,86,86,86,86,86,86,86,86,86,86,86,86,86,86,86,86,86,86,86,86,86,86,86,86,86,86,86,86],"relic_stats":{"Dream Catcher":0,"Regal Pillow":0,"Inserter":[123],"counters":[27,254],"Pandora\u0027s Box":["Consume","Reinforced Body","Reprogram","Self Repair","Scrape","Creative AI","Darkness"],"Art of War":[36],"Question Card":22,"obtain_stats":[{"Regal Pillow":13,"Inserter":0,"Pear":7,"Question Card":9,"Ancient Tea Set":26,"Cables":41,"SlaversCollar":34,"Dream Catcher":12,"Anchor":29,"Pandora\u0027s Box":17,"Art of War":24,"Cracked Core":0,"Unceasing Top":25,"Toy Ornithopter":55},{"Regal Pillow":5,"Inserter":0,"Pear":4,"Question Card":4,"Ancient Tea Set":11,"Cables":21,"SlaversCollar":15,"Dream Catcher":4,"Anchor":12,"Pandora\u0027s Box":7,"Art of War":11,"Cracked Core":0,"Unceasing Top":11,"Toy Ornithopter":26},{"Regal Pillow":31,"Inserter":0,"Pear":19,"Question Card":19,"Ancient Tea Set":85,"Cables":183,"SlaversCollar":125,"Dream Catcher":19,"Anchor":94,"Pandora\u0027s Box":54,"Art of War":85,"Cracked Core":0,"Unceasing Top":85,"Toy Ornithopter":239}],"Unceasing Top":[7],"Toy Ornithopter":0,"Cables":[67,10,57,0,0]},"card_choices":[{"not_picked":["Turbo","Undo"],"picked":"Sunder","floor":1.0},{"not_picked":["Stack","Redo"],"picked":"Reinforced Body","floor":3.0},{"not_picked":["Sunder","Chill"],"picked":"Glacier","floor":5.0},{"not_picked":["Stack","Reinforced Body"],"picked":"Seek","floor":7.0},{"not_picked":["Streamline","Multi-Cast","Rebound"],"picked":"Cold Snap","floor":13.0},{"not_picked":["Steam Power","Gash","Coolheaded","FTL"],"picked":"SKIP","floor":14.0},{"not_picked":["Meteor Strike","Thunder Strike","All For One"],"picked":"Seek","floor":16.0},{"not_picked":["Self Repair","Redo","Lockon"],"picked":"Glacier","floor":18.0},{"not_picked":["Chaos","Loop","Hologram"],"picked":"Turbo","floor":20.0},{"not_picked":["BootSequence","Hyperbeam","Self Repair"],"picked":"Blizzard","floor":21.0},{"not_picked":["Self Repair+1","Blizzard","Reinforced Body"],"picked":"Capacitor","floor":24.0},{"not_picked":["Genetic Algorithm","Sweeping Beam","Chaos"],"picked":"Barrage+1","floor":29.0},{"not_picked":["Go for the Eyes","Chaos","Coolheaded"],"picked":"Glacier","floor":30.0},{"not_picked":["Sunder","Turbo","Redo+1"],"picked":"Defragment+1","floor":31.0},{"not_picked":["Buffer","Core Surge","Electrodynamics"],"picked":"Machine Learning","floor":33.0},{"not_picked":["Leap+1","Rebound","Consume+1"],"picked":"Hologram","floor":35.0},{"not_picked":["Rebound","Steam","Redo+1","Gash"],"picked":"SKIP","floor":36.0},{"not_picked":["Rebound","Steam","Redo+1","Gash"],"picked":"SKIP","floor":36.0},{"not_picked":["Redo","Gash","Stack","Hyperbeam"],"picked":"SKIP","floor":37.0},{"not_picked":["Redo","Gash","Stack","Hyperbeam"],"picked":"SKIP","floor":37.0},{"not_picked":["Hello World","White Noise","Leap"],"picked":"Cold Snap+1","floor":38.0},{"not_picked":["Stack+1","Turbo","Blizzard","Steam"],"picked":"SKIP","floor":39.0},{"not_picked":["Scrape","Ball Lightning","Rebound+1","Redo"],"picked":"SKIP","floor":41.0},{"not_picked":["Genetic Algorithm","Tempest","Double Energy","Coolheaded"],"picked":"SKIP","floor":42.0},{"not_picked":["Rip and Tear","Sweeping Beam","Stack","Darkness"],"picked":"SKIP","floor":46.0},{"not_picked":["Bandage Up","Dark Shackles","Trip"],"picked":"PanicButton","floor":47},{"not_picked":["Steam Power","Electrodynamics","Coolheaded","Streamline"],"picked":"SKIP","floor":55}],"player_experience":1165204,"relics_obtained":[{"floor":7.0,"key":"Pear"},{"floor":9.0,"key":"Question Card"},{"floor":13.0,"key":"Regal Pillow"},{"floor":24.0,"key":"Art of War"},{"floor":26.0,"key":"Ancient Tea Set"},{"floor":29.0,"key":"Anchor"},{"floor":41.0,"key":"Cables"},{"floor":55,"key":"Toy Ornithopter"}],"event_choices":[{"damage_healed":0.0,"max_hp_gain":0.0,"max_hp_loss":0.0,"gold_gain":0.0,"cards_transformed":["Strike_B"],"event_name":"Living Wall","player_choice":"Change","floor":2.0,"gold_loss":0.0,"damage_taken":0.0,"cards_obtained":["Thunder Strike"]},{"damage_healed":0.0,"max_hp_gain":5.0,"max_hp_loss":0.0,"gold_gain":0.0,"event_name":"Big Fish","player_choice":"Donut","floor":11.0,"gold_loss":0.0,"damage_taken":0.0},{"damage_healed":0.0,"max_hp_gain":0.0,"max_hp_loss":0.0,"gold_gain":0.0,"event_name":"Scrap Ooze","player_choice":"Success","floor":12.0,"gold_loss":0.0,"damage_taken":11.0,"relics_obtained":["Dream Catcher"]},{"damage_healed":0.0,"max_hp_gain":0.0,"max_hp_loss":0.0,"gold_gain":0.0,"event_name":"The Mausoleum","player_choice":"Ignored","floor":19.0,"gold_loss":0.0,"damage_taken":0.0},{"damage_healed":0.0,"max_hp_gain":0.0,"max_hp_loss":0.0,"gold_gain":0.0,"cards_transformed":["Reprogram","Creative AI"],"event_name":"Drug Dealer","player_choice":"Became Test Subject","floor":22.0,"gold_loss":0.0,"damage_taken":0.0,"cards_obtained":["Sweeping Beam","Force Field"]},{"damage_healed":0.0,"max_hp_gain":0.0,"max_hp_loss":0.0,"gold_gain":0.0,"event_name":"Addict","player_choice":"Obtained Relic","floor":25.0,"gold_loss":85.0,"damage_taken":0.0,"relics_obtained":["Unceasing Top"]},{"cards_removed":["Darkness"],"damage_healed":0.0,"max_hp_gain":0.0,"max_hp_loss":0.0,"gold_gain":0.0,"event_name":"Beggar","player_choice":"Gave Gold","floor":28.0,"gold_loss":75.0,"damage_taken":0.0},{"cards_removed":["Cold Snap"],"damage_healed":0.0,"max_hp_gain":0.0,"max_hp_loss":0.0,"gold_gain":0.0,"event_name":"Falling","player_choice":"Removed Attack","floor":45.0,"gold_loss":0.0,"damage_taken":0.0},{"damage_healed":0,"gold_gain":0,"player_choice":"Memory 1","damage_taken":0,"max_hp_gain":0,"max_hp_loss":0,"event_name":"SensoryStone","floor":47,"gold_loss":0}],"is_beta":true,"boss_relics":[{"not_picked":["Nuclear Battery","Busted Crown"],"picked":"Pandora\u0027s Box"},{"not_picked":["Fusion Hammer","Tiny House"],"picked":"SlaversCollar"}],"items_purged_floors":[4,48,54],"is_endless":false,"potions_floor_spawned":[1,3,7,16,21,24,30,33,36,38,41,55],"killed_by":"The Heart","ascension_level":20}}