{"host":"7bb7osqc91rjfyph","time":1613843122,"event":{"mods":["AchievementEnabler","BaseMod","BetterRewards","Colored Map","Colored Powertips","Downfall","Googly Eyes","Hermit","Hubris","Marisa????????","Minty Spire (QoL Compilation)","Shop Mod","StSLib","The Cursed"],"gold_per_floor":[116,127,138,158,158,198,218,218,218,257,271,271,307,331,331,459,459,480,495,508,433,67,107,107,145,145,65,80,105,105,67,67,196,196,211,236,236,236,250,281,293,345,433,485,497,523,574,604,616,628,640,652,20,64,64],"floor_reached":56,"language":"ENG","playtime":2482,"items_purged":[],"score":2086,"play_id":"c9b7f030-3a3b-47c9-a811-807de3a704ed","local_time":"20210220114522","is_ascension_mode":true,"campfire_choices":[{"data":"Perfected Strike","floor":8.0,"key":"SMITH"},{"data":"Armaments","floor":15.0,"key":"SMITH"},{"data":"Inflame","floor":24.0,"key":"SMITH"},{"data":"Corruption","floor":32.0,"key":"SMITH"},{"floor":41.0,"key":"RECALL"},{"data":"Fire Breathing","floor":49.0,"key":"SMITH"},{"data":"Demon Form","floor":52.0,"key":"SMITH"}],"circlet_count":0,"master_deck":["Immolate","Strike_R","Strike_R","Strike_R","Strike_R","Strike_R","Defend_R","Defend_R","Defend_R","Bash","Armaments+1","Wild Strike","Battle Trance","Twin Strike","Perfected Strike+1","Cleave","Perfected Strike","Inflame","Twin Strike","Offering","Shrug It Off+1","Pommel Strike+1","Inflame+1","Shrug It Off","Ghostly Armor+1","Corruption+1","Dark Embrace","Armaments+1","Shrug It Off+1","Fire Breathing+1","Demon Form+1","Pommel Strike+1","Battle Trance+1","Ghostly Armor+1","hubris:ReadiedAction+1","Feel No Pain+1","Fire Breathing"],"relics":["Burning Blood","hubris:GlazedTorus","Golden Idol","Lantern","Gremlin Horn","hubris:TenFootPole","Mummified Hand","hubris:MysteriousPyramids","hubris:TerracottaHorce","hubris:Metronome","Sundial","Art of War","hubris:IronBody","Black Star","hubris:Towel","MawBank","hubris:CrystalStatue","Torii","StrikeDummy","Anchor","hubris:DeckOfHolding","hubris:Reverence","HornCleat","Charon\u0027s Ashes","Pen Nib","OrangePellets","Vajra","Nunchaku"],"acts_visited":["Exordium","TheCity","TheBeyond","TheEnding"],"potions_floor_usage":[55,55,55],"damage_taken":[{"damage":1.0,"enemies":"Cultist","floor":1.0,"turns":3.0},{"damage":7.0,"enemies":"Jaw Worm","floor":2.0,"turns":3.0},{"damage":0.0,"enemies":"2 Louse","floor":3.0,"turns":1.0},{"damage":6.0,"enemies":"Gremlin Gang","floor":4.0,"turns":3.0},{"damage":8.0,"enemies":"Lagavulin","floor":6.0,"turns":6.0},{"damage":0.0,"enemies":"Exordium Wildlife","floor":7.0,"turns":4.0},{"damage":10.0,"enemies":"3 Sentries","floor":10.0,"turns":4.0},{"damage":1.0,"enemies":"Looter","floor":11.0,"turns":2.0},{"damage":7.0,"enemies":"Gremlin Nob","floor":13.0,"turns":3.0},{"damage":8.0,"enemies":"Blue Slaver","floor":14.0,"turns":2.0},{"damage":49.0,"enemies":"Hexaghost","floor":16.0,"turns":6.0},{"damage":0.0,"enemies":"Spheric Guardian","floor":18.0,"turns":1.0},{"damage":1.0,"enemies":"2 Thieves","floor":19.0,"turns":3.0},{"damage":7.0,"enemies":"Snecko","floor":20.0,"turns":3.0},{"damage":0.0,"enemies":"Book of Stabbing","floor":23.0,"turns":2.0},{"damage":7.0,"enemies":"Slavers","floor":25.0,"turns":2.0},{"damage":0.0,"enemies":"Snake Plant","floor":28.0,"turns":3.0},{"damage":6.0,"enemies":"Chosen and Byrds","floor":29.0,"turns":3.0},{"damage":10.0,"enemies":"Champ","floor":33.0,"turns":7.0},{"damage":6.0,"enemies":"3 Darklings","floor":35.0,"turns":3.0},{"damage":0.0,"enemies":"Orb Walker","floor":36.0,"turns":2.0},{"damage":0.0,"enemies":"Writhing Mass","floor":39.0,"turns":5.0},{"damage":6.0,"enemies":"Reptomancer","floor":40.0,"turns":3.0},{"damage":6.0,"enemies":"Giant Head","floor":42.0,"turns":5.0},{"damage":6.0,"enemies":"Reptomancer","floor":44.0,"turns":2.0},{"damage":0.0,"enemies":"Maw","floor":46.0,"turns":4.0},{"damage":0.0,"enemies":"Giant Head","floor":47.0,"turns":5.0},{"damage":6.0,"enemies":"3 Darklings","floor":48.0,"turns":3.0},{"damage":6.0,"enemies":"hubris:GrandSnecko","floor":50.0,"turns":7.0},{"damage":23.0,"enemies":"Shield and Spear","floor":54.0,"turns":5.0},{"damage":19,"enemies":"The Heart","floor":55,"turns":6}],"seed_played":"-7989061100704197089","potions_obtained":[{"floor":1.0,"key":"Block Potion"},{"floor":4.0,"key":"FearPotion"},{"floor":6.0,"key":"LiquidMemories"},{"floor":11.0,"key":"AttackPotion"},{"floor":13.0,"key":"DistilledChaos"},{"floor":18.0,"key":"Fruit Juice"},{"floor":25.0,"key":"Weak Potion"},{"floor":28.0,"key":"SteroidPotion"},{"floor":44.0,"key":"Ancient Potion"},{"floor":46.0,"key":"LiquidBronze"},{"floor":54.0,"key":"Explosive Potion"}],"is_trial":false,"path_per_floor":["M","M","M","M","?","E","M","R","T","E","M","?","E","M","R","B",null,"M","M","M","?","$","E","R","E","T","$","M","M","?","$","R","B",null,"M","M","?","?","M","E","R","E","T","E","?","M","E","M","R","B",null,"R","$","E","B",null],"character_chosen":"IRONCLAD","items_purchased":["Inflame","hubris:Metronome","Shrug It Off","Dark Embrace","Fire Breathing","Charon\u0027s Ashes","Pen Nib","OrangePellets","Strength Potion"],"campfire_rested":0,"item_purchase_floors":[22,22,22,27,31,53,53,53,53],"current_hp_per_floor":[72,71,72,72,54,52,58,58,58,54,59,59,58,56,56,13,57,68,73,72,72,72,77,77,76,76,76,77,77,77,77,77,73,76,76,77,77,77,77,77,77,77,77,77,74,74,74,74,74,74,74,74,74,57,44],"gold":64,"neow_bonus":"ONE_RARE_RELIC","is_daily":false,"chose_seed":false,"campfire_upgraded":6,"win_rate":0.0,"timestamp":1613843122,"path_taken":["M","M","?","M","?","E","M","R","T","E","M","?","E","M","R","BOSS","M","M","?","?","$","E","R","E","T","$","M","M","?","?","R","BOSS","M","M","?","?","M","E","R","E","T","E","?","M","E","?","R","BOSS","R","$","E","BOSS"],"items_purchased_type":["Card","Relic","Card","Card","Card","Relic","Relic","Relic","Potion"],"build_version":"2020-12-22","purchased_purges":0,"victory":true,"max_hp_per_floor":[72,72,72,72,72,72,72,72,72,72,72,72,72,72,72,72,72,77,77,77,77,77,77,77,77,77,77,77,77,77,77,77,77,77,77,77,77,77,77,77,77,77,77,77,74,74,74,74,74,74,74,74,74,74,74],"card_choices":[{"not_picked":["Blood for Blood","Havoc"],"picked":"Armaments","floor":1.0},{"not_picked":["Dropkick","Body Slam","Havoc"],"picked":"SKIP","floor":2.0},{"not_picked":["Headbutt","Havoc","Wild Strike"],"picked":"SKIP","floor":3.0},{"not_picked":["Headbutt","Havoc"],"picked":"Wild Strike","floor":3.0},{"not_picked":["Warcry","Ghostly Armor"],"picked":"Battle Trance","floor":4.0},{"not_picked":["Flex","Warcry"],"picked":"Twin Strike","floor":6.0},{"not_picked":["Havoc","Thunderclap"],"picked":"Perfected Strike","floor":7.0},{"not_picked":["Carnage","Thunderclap"],"picked":"Cleave","floor":10.0},{"not_picked":["Thunderclap","Iron Wave"],"picked":"Perfected Strike","floor":11.0},{"not_picked":["Uppercut","Exhume"],"picked":"Inflame","floor":13.0},{"not_picked":["Clothesline","Heavy Blade"],"picked":"Twin Strike","floor":14.0},{"not_picked":["Bludgeon","Limit Break"],"picked":"Offering","floor":16.0},{"not_picked":["Perfected Strike","Flex"],"picked":"Shrug It Off+1","floor":18.0},{"not_picked":["Infernal Blade+1","Iron Wave","Headbutt+1"],"picked":"SKIP","floor":19.0},{"not_picked":["Sword Boomerang","Shrug It Off+1"],"picked":"Pommel Strike+1","floor":20.0},{"not_picked":["Warcry","Sever Soul"],"picked":"Ghostly Armor+1","floor":23.0},{"not_picked":["Pummel","Metallicize"],"picked":"Corruption","floor":25.0},{"not_picked":["Heavy Blade","Power Through+1"],"picked":"Armaments+1","floor":28.0},{"not_picked":["Iron Wave","Spot Weakness"],"picked":"Shrug It Off+1","floor":29.0},{"not_picked":["Corruption","Berserk"],"picked":"Demon Form","floor":33.0},{"not_picked":["Warcry","Sword Boomerang"],"picked":"Pommel Strike+1","floor":35.0},{"not_picked":["Sentinel","Body Slam+1","Cleave"],"picked":"SKIP","floor":36.0},{"not_picked":["Thunderclap+1","Uppercut"],"picked":"Battle Trance+1","floor":39.0},{"not_picked":["Wild Strike","Shockwave+1","Clothesline+1"],"picked":"SKIP","floor":40.0},{"not_picked":["Anger+1","Dropkick+1"],"picked":"Ghostly Armor+1","floor":42.0},{"not_picked":["Sword Boomerang+1","Rupture","Thunderclap+1"],"picked":"SKIP","floor":44.0},{"not_picked":["Dropkick+1","Perfected Strike","Inflame"],"picked":"SKIP","floor":46.0},{"not_picked":["Headbutt+1","Havoc+1"],"picked":"hubris:ReadiedAction+1","floor":47.0},{"not_picked":["Pommel Strike+1","Body Slam"],"picked":"Feel No Pain+1","floor":48.0},{"not_picked":["Pommel Strike+1","Searing Blow+1"],"picked":"Fire Breathing","floor":54.0}],"player_experience":122253,"relics_obtained":[{"floor":6.0,"key":"Lantern"},{"floor":9.0,"key":"Gremlin Horn"},{"floor":10.0,"key":"hubris:TenFootPole"},{"floor":13.0,"key":"hubris:MysteriousPyramids"},{"floor":23.0,"key":"Sundial"},{"floor":25.0,"key":"Art of War"},{"floor":26.0,"key":"hubris:IronBody"},{"floor":40.0,"key":"MawBank"},{"floor":40.0,"key":"hubris:CrystalStatue"},{"floor":42.0,"key":"Torii"},{"floor":42.0,"key":"StrikeDummy"},{"floor":44.0,"key":"Anchor"},{"floor":44.0,"key":"hubris:DeckOfHolding"},{"floor":47.0,"key":"hubris:Reverence"},{"floor":47.0,"key":"HornCleat"},{"floor":54.0,"key":"Vajra"},{"floor":54.0,"key":"Nunchaku"}],"event_choices":[{"damage_healed":0.0,"max_hp_gain":0.0,"max_hp_loss":0.0,"gold_gain":0.0,"event_name":"Golden Idol","player_choice":"Take Damage","floor":5.0,"gold_loss":0.0,"damage_taken":18.0,"relics_obtained":["Golden Idol"]},{"damage_healed":0.0,"max_hp_gain":0.0,"max_hp_loss":0.0,"gold_gain":0.0,"event_name":"WeMeetAgain","player_choice":"Gave Potion","floor":12.0,"gold_loss":0.0,"damage_taken":0.0,"relics_obtained":["Mummified Hand"]},{"cards_removed":["Defend_R"],"damage_healed":0.0,"max_hp_gain":0.0,"max_hp_loss":0.0,"gold_gain":0.0,"event_name":"Beggar","player_choice":"Gave Gold","floor":21.0,"gold_loss":75.0,"damage_taken":0.0},{"damage_healed":0.0,"max_hp_gain":0.0,"max_hp_loss":0.0,"gold_gain":0.0,"event_name":"SensoryStone","player_choice":"Memory 1","floor":37.0,"gold_loss":0.0,"damage_taken":0.0},{"cards_removed":["Parasite"],"damage_healed":0.0,"max_hp_gain":0.0,"max_hp_loss":0.0,"gold_gain":0.0,"event_name":"Fountain of Cleansing","player_choice":"Removed Curses","floor":45.0,"gold_loss":0.0,"damage_taken":0.0}],"is_beta":false,"boss_relics":[{"not_picked":["Snecko Eye","Pandora\u0027s Box"],"picked":"hubris:TerracottaHorce"},{"not_picked":["Runic Pyramid","Sozu"],"picked":"Black Star"}],"items_purged_floors":[],"is_endless":false,"potions_floor_spawned":[1,4,6,11,13,18,25,28,35,44,46,54],"ascension_level":8}}