{"host":"fbdlh90rovbiajun","time":1613807908,"event":{"mods":["AchievementEnabler","BaseMod","Colored Map","Keyboard Shortcuts","Minty Spire (QoL Compilation)","SuperFastMode"],"gold_per_floor":[109,109,109,109,124,153,78,94,94,94,94,94,127,146,146,250,250,268,168,181,195,195,195,175,190,214,237,249,176,188,235,247,362,374,398,632,644,531,542,574,574,605,605,639,657,657,119,119,119,119],"floor_reached":51,"language":"KOR","playtime":2067,"items_purged":["Strike_P","Strike_P","Defend_P","Establishment"],"score":1190,"play_id":"35319186-7a4f-42e6-8d04-f6ffad23323a","local_time":"20210220165828","is_ascension_mode":true,"campfire_choices":[{"data":"InnerPeace","floor":15.0,"key":"SMITH"},{"floor":23.0,"key":"REST"},{"data":"Halt","floor":28.0,"key":"SMITH"},{"floor":30.0,"key":"RECALL"},{"floor":32.0,"key":"REST"},{"data":"Adaptation","floor":41,"key":"SMITH"},{"floor":49,"key":"REST"}],"circlet_count":0,"master_deck":["Strike_P","Strike_P","Defend_P","Defend_P","Eruption+1","Vigilance+1","FearNoEvil+1","InnerPeace+1","Halt+1","FlurryOfBlows+1","Adaptation+1"],"relics":["PureWater","NeowsBlessing","Pocketwatch","Kunai","Ginger","Runic Pyramid","MawBank","Gremlin Horn","Red Mask","Sozu","Toy Ornithopter","Strawberry","Eternal Feather","Oddly Smooth Stone","Meat on the Bone","Damaru"],"acts_visited":["Exordium","TheCity","TheBeyond"],"potions_floor_usage":[40],"damage_taken":[{"damage":0.0,"enemies":"2 Louse","floor":1.0,"turns":1.0},{"damage":0.0,"enemies":"Small Slimes","floor":5.0,"turns":1.0},{"damage":0.0,"enemies":"3 Sentries","floor":6.0,"turns":2.0},{"damage":0.0,"enemies":"Cultist","floor":8.0,"turns":2.0},{"damage":1.0,"enemies":"Lagavulin","floor":13.0,"turns":5.0},{"damage":0.0,"enemies":"3 Louse","floor":14.0,"turns":2.0},{"damage":19.0,"enemies":"The Guardian","floor":16.0,"turns":9.0},{"damage":18.0,"enemies":"Shell Parasite","floor":18.0,"turns":4.0},{"damage":19.0,"enemies":"3 Byrds","floor":20.0,"turns":4.0},{"damage":21.0,"enemies":"Snake Plant","floor":21.0,"turns":4.0},{"damage":0.0,"enemies":"Centurion and Healer","floor":25.0,"turns":4.0},{"damage":0.0,"enemies":"Snecko","floor":27.0,"turns":3.0},{"damage":0.0,"enemies":"Masked Bandits","floor":31.0,"turns":3.0},{"damage":13.0,"enemies":"Collector","floor":33.0,"turns":8.0},{"damage":4,"enemies":"Orb Walker","floor":35,"turns":3},{"damage":7,"enemies":"3 Darklings","floor":39,"turns":4},{"damage":0,"enemies":"Reptomancer","floor":40,"turns":5},{"damage":0,"enemies":"Giant Head","floor":42,"turns":6},{"damage":47,"enemies":"Nemesis","floor":44,"turns":11},{"damage":0,"enemies":"Spire Growth","floor":45,"turns":4},{"damage":0,"enemies":"Awakened One","floor":50,"turns":3}],"seed_played":"8723647098953242530","potions_obtained":[{"floor":5.0,"key":"SpeedPotion"},{"floor":6.0,"key":"SmokeBomb"},{"floor":10.0,"key":"BlessingOfTheForge"},{"floor":10.0,"key":"Ambrosia"},{"floor":10.0,"key":"StancePotion"},{"floor":20.0,"key":"DuplicationPotion"},{"floor":24.0,"key":"FearPotion"},{"floor":25.0,"key":"SpeedPotion"},{"floor":27.0,"key":"SneckoOil"}],"is_trial":false,"path_per_floor":["M","?","?","?","M","E","$","M","T","?","$","?","E","M","R","B",null,"M","$","M","M","?","R","?","M","T","M","R","?","R","?","R","B",null,"M","?","?","$","M","E","R","E","T","E","M","?","$","?","R","B",null],"character_chosen":"WATCHER","items_purchased":["Meat on the Bone","Damaru"],"campfire_rested":3,"item_purchase_floors":[47,47],"current_hp_per_floor":[72,58,51,44,44,44,44,44,44,44,44,44,43,43,43,24,72,54,54,35,14,1,24,24,24,24,24,24,24,24,24,47,34,77,73,73,73,73,66,66,66,73,73,26,26,26,26,26,57,57],"gold":119,"neow_bonus":"THREE_ENEMY_KILL","is_daily":false,"chose_seed":false,"campfire_upgraded":3,"win_rate":0.0,"timestamp":1613807908,"path_taken":["M","?","?","?","M","E","$","?","T","?","?","?","E","M","R","BOSS","M","$","M","M","?","R","?","?","T","M","R","?","R","?","R","BOSS","M","?","?","$","M","E","R","E","T","E","?","?","$","?","R","BOSS"],"items_purchased_type":["Relic","Relic"],"build_version":"2020-12-22","purchased_purges":4,"victory":true,"max_hp_per_floor":[72,72,72,72,72,72,72,72,72,72,72,72,72,72,72,72,72,72,72,72,72,77,77,77,77,77,77,77,77,77,77,77,77,77,77,77,77,77,77,77,77,84,84,84,84,84,84,84,84,84],"card_choices":[{"not_picked":["SashWhip","Conclude"],"picked":"FearNoEvil","floor":1.0},{"not_picked":["FearNoEvil","ClearTheMind"],"picked":"InnerPeace","floor":5.0},{"not_picked":["Study","Sanctity","JustLucky"],"picked":"SKIP","floor":6.0},{"not_picked":["Nirvana","Prostrate","BowlingBash"],"picked":"SKIP","floor":8.0},{"not_picked":["FlyingSleeves","Fasting2","WheelKick"],"picked":"SKIP","floor":13.0},{"not_picked":["FollowUp","PathToVictory","ThirdEye"],"picked":"SKIP","floor":14.0},{"not_picked":["WindmillStrike+1","BowlingBash+1","Crescendo"],"picked":"SKIP","floor":18.0},{"not_picked":["Study+1","DeceiveReality","FlyingSleeves+1"],"picked":"SKIP","floor":20.0},{"not_picked":["Prostrate+1","CrushJoints"],"picked":"Halt","floor":21.0},{"not_picked":["FlurryOfBlows","Conclude","Crescendo"],"picked":"SKIP","floor":25.0},{"not_picked":["FlyingSleeves","PathToVictory","Halt+1"],"picked":"SKIP","floor":27.0},{"not_picked":["BowlingBash","Pray+1"],"picked":"FlurryOfBlows+1","floor":31.0},{"not_picked":["FlyingSleeves+1","FlurryOfBlows","Crescendo+1"],"picked":"SKIP","floor":35},{"not_picked":["ClearTheMind+1","EmptyBody+1","DeceiveReality+1"],"picked":"SKIP","floor":39},{"not_picked":["ThirdEye+1","FlurryOfBlows+1"],"picked":"Adaptation","floor":40},{"not_picked":["JustLucky+1","WaveOfTheHand","Protect+1"],"picked":"SKIP","floor":42},{"not_picked":["PathToVictory+1","Pray+1","Vengeance+1"],"picked":"SKIP","floor":44},{"not_picked":["Indignation","Wish","Prostrate+1"],"picked":"SKIP","floor":45}],"player_experience":107445,"relics_obtained":[{"floor":6.0,"key":"Pocketwatch"},{"floor":9.0,"key":"Kunai"},{"floor":13.0,"key":"Ginger"},{"floor":26.0,"key":"MawBank"},{"floor":31.0,"key":"Red Mask"},{"floor":40,"key":"Toy Ornithopter"},{"floor":42,"key":"Strawberry"},{"floor":43,"key":"Eternal Feather"},{"floor":44,"key":"Oddly Smooth Stone"}],"event_choices":[{"damage_healed":0.0,"max_hp_gain":0.0,"max_hp_loss":0.0,"gold_gain":0.0,"event_name":"Shining Light","player_choice":"Entered Light","floor":2.0,"gold_loss":0.0,"damage_taken":14.0,"cards_upgraded":["FearNoEvil","Vigilance"]},{"cards_removed":["Defend_P"],"damage_healed":0.0,"max_hp_gain":0.0,"max_hp_loss":0.0,"gold_gain":0.0,"event_name":"Golden Wing","player_choice":"Card Removal","floor":3.0,"gold_loss":0.0,"damage_taken":7.0},{"damage_healed":0.0,"max_hp_gain":0.0,"max_hp_loss":0.0,"gold_gain":0.0,"event_name":"Wheel of Change","player_choice":"Damaged","floor":4.0,"gold_loss":0.0,"damage_taken":7.0},{"damage_healed":0.0,"max_hp_gain":0.0,"max_hp_loss":0.0,"gold_gain":0.0,"event_name":"Lab","player_choice":"Got Potions","floor":10.0,"gold_loss":0.0,"damage_taken":0.0},{"damage_healed":0.0,"max_hp_gain":0.0,"max_hp_loss":0.0,"gold_gain":0.0,"event_name":"Living Wall","player_choice":"Grow","floor":12.0,"gold_loss":0.0,"damage_taken":0.0,"cards_upgraded":["Eruption"]},{"damage_healed":0.0,"max_hp_gain":5.0,"max_hp_loss":0.0,"gold_gain":0.0,"event_name":"Forgotten Altar","player_choice":"Shed Blood","floor":22.0,"gold_loss":0.0,"damage_taken":18.0},{"damage_healed":0.0,"max_hp_gain":0.0,"max_hp_loss":0.0,"gold_gain":0.0,"event_name":"The Woman in Blue","player_choice":"Bought 1 Potion","floor":24.0,"gold_loss":0.0,"damage_taken":0.0},{"damage_healed":0.0,"max_hp_gain":0.0,"max_hp_loss":0.0,"gold_gain":0.0,"event_name":"Addict","player_choice":"Obtained Relic","floor":29.0,"gold_loss":85.0,"damage_taken":0.0,"relics_obtained":["Gremlin Horn"]},{"damage_healed":0.0,"max_hp_gain":0.0,"max_hp_loss":0.0,"gold_gain":0.0,"event_name":"Masked Bandits","player_choice":"Fought Bandits","floor":31.0,"gold_loss":0.0,"damage_taken":0.0},{"damage_healed":0,"gold_gain":222,"player_choice":"Wore Mask","damage_taken":0,"max_hp_gain":0,"max_hp_loss":0,"event_name":"Tomb of Lord Red Mask","floor":36,"gold_loss":0},{"damage_healed":0,"gold_gain":0,"player_choice":"1 cards matched","damage_taken":0,"max_hp_gain":0,"max_hp_loss":0,"event_name":"Match and Keep!","floor":37,"gold_loss":0,"cards_obtained":["Establishment"]},{"damage_healed":0,"gold_gain":0,"player_choice":"Memory 1","damage_taken":0,"max_hp_gain":0,"max_hp_loss":0,"event_name":"SensoryStone","floor":46,"gold_loss":0},{"damage_healed":0,"gold_gain":0,"player_choice":"Ignored","damage_taken":0,"max_hp_gain":0,"max_hp_loss":0,"event_name":"Mysterious Sphere","floor":48,"gold_loss":0}],"is_beta":false,"boss_relics":[{"not_picked":["Philosopher\u0027s Stone","Fusion Hammer"],"picked":"Runic Pyramid"},{"not_picked":["SacredBark","Snecko Eye"],"picked":"Sozu"}],"items_purged_floors":[7,19,38,47],"is_endless":false,"potions_floor_spawned":[5,6,20,25,27,39,42,44],"ascension_level":3}}