{"host":"5aybe1nma5c8fep7","time":1613784864,"event":{"mods":["BaseMod","Conspire","Downfall","Friendly Minions","Minty Spire (QoL Compilation)","Replay The Spire","SacredBarkPlus","StSLib"],"gold_per_floor":[99,119,138,138,138,138,208,200,21,47,47,89,89,116,127,234,234,134,153,153,167,102,102,102,2,33,118,118,138,38,74,99,194,194,194,204,219,230,41,141,141,69,115,152,180,212,212,212,212,212,238,256,256,294,45,45,51,55,55,55],"floor_reached":58,"language":"ENG","playtime":5348,"items_purged":["hexamod:Strike","hexamod:Strike","hexamod:Defend","hexamod:Strike","hexamod:Defend+1"],"score":802,"play_id":"52109dde-4975-4e00-bdc2-bf6f13e48e15","local_time":"20210219173424","is_ascension_mode":false,"campfire_choices":[{"data":"hexamod:Float","floor":1.0,"key":"SMITH"},{"data":"hexamod:Sear","floor":1.0,"key":"SMITH"},{"data":"hexamod:FastForward","floor":6.0,"key":"SMITH"},{"data":"hexamod:HeatCrush","floor":6.0,"key":"SMITH"},{"data":"hexamod:ExtraCrispy","floor":11.0,"key":"SMITH"},{"data":"hexamod:SpectersWail","floor":11.0,"key":"SMITH"},{"data":"hexamod:NightmareGuise","floor":18.0,"key":"SMITH"},{"data":"hexamod:ThermalTransfer","floor":18.0,"key":"SMITH"},{"floor":23.0,"key":"RECALL"},{"data":"hexamod:ForkedFlame","floor":25.0,"key":"SMITH"},{"data":"hexamod:SwordOfDarkness","floor":25.0,"key":"SMITH"},{"data":"hexamod:Hexaguard","floor":30.0,"key":"SMITH"},{"data":"hexamod:SearingWound","floor":30.0,"key":"SMITH"},{"data":"hexamod:Defend","floor":35.0,"key":"PURGE"},{"floor":47.0,"key":"DIG"},{"floor":56,"key":"REST"}],"circlet_count":0,"master_deck":["hexamod:Sear+1","hexamod:Float+1","hexamod:FastForward+1","hexamod:HeatCrush+1","hexamod:ExtraCrispy+1","hexamod:SpectersWail+1","hexamod:ForkedFlame+1","hexamod:NightmareGuise+1","hexamod:ThermalTransfer+1","hexamod:SearingWound+1","CurseOfTheBell","hexamod:NecessarySacrifice+1","hexamod:Hexaguard+1","hexamod:SwordOfDarkness+1","hexamod:HauntingEcho+1","hexamod:UnlimitedPower","hexamod:GhostLash+1","hexamod:EmpoweredFlame","hexamod:Firestarter+1","hexamod:GhostLash+1","hexamod:ThermalTransfer+1","hexamod:Hexaguard+1","hexamod:SoulSteal+1","hexamod:StepThrough+1","hexamod:GhostOfSpireFuture","hexamod:FastForward+1","expansioncontent:InvincibleStrength","hexamod:ForkedFlame+1"],"relics":["hexamod:SpiritBrand","Replay:Arrowhead","Bronze Scales","Sundial","Smiling Mask","Calling Bell","Replay:Mystery Machine","Lizard Tail","Replay:Bottled Snecko","downfall:HeartBlessingGreen","downfall:HeartBlessingRed","Molten Egg 2","downfall:HeartBlessingBlue","Replay:Multitool","hexamod:IceCube","Durian","downfall:GremlinWheel","Replay:Bandana","Toxic Egg 2","hexamod:TheBrokenSeal","Divine Protection","Whetstone","BargainBundle"],"acts_visited":["Exordium","TheCity","TheBeyond","TheEnding"],"potions_floor_usage":[57,57,57],"damage_taken":[{"damage":0.0,"enemies":"Jaw Worm","floor":2.0,"turns":3.0},{"damage":0.0,"enemies":"Small Slimes","floor":3.0,"turns":3.0},{"damage":5.0,"enemies":"downfall:FleeingMerchant","floor":9.0,"turns":4.0},{"damage":4.0,"enemies":"conspire:RoseBush","floor":10.0,"turns":4.0},{"damage":15.0,"enemies":"Replay:BlueRogue","floor":12.0,"turns":6.0},{"damage":5.0,"enemies":"Exordium Thugs","floor":14.0,"turns":3.0},{"damage":8.0,"enemies":"Large Slime","floor":15.0,"turns":5.0},{"damage":21.0,"enemies":"DF_ARCHETYPE_STREAMLINE","floor":16.0,"turns":8.0},{"damage":11.0,"enemies":"Spheric Guardian","floor":19.0,"turns":4.0},{"damage":0.0,"enemies":"Chosen","floor":20.0,"turns":1.0},{"damage":14.0,"enemies":"Shelled Parasite and Fungi","floor":21.0,"turns":6.0},{"damage":0.0,"enemies":"downfall:FleeingMerchant","floor":22.0,"turns":4.0},{"damage":8.0,"enemies":"Book of Stabbing","floor":26.0,"turns":3.0},{"damage":0.0,"enemies":"Snecko","floor":29.0,"turns":3.0},{"damage":30.0,"enemies":"Gremlin Leader","floor":31.0,"turns":6.0},{"damage":12.0,"enemies":"Chosen and Byrds","floor":32.0,"turns":6.0},{"damage":47.0,"enemies":"IC_MUSHROOM_ARCHETYPE","floor":33.0,"turns":8.0},{"damage":12.0,"enemies":"3 Shapes","floor":36.0,"turns":4.0},{"damage":4.0,"enemies":"Orb Walker","floor":37.0,"turns":4.0},{"damage":43.0,"enemies":"Jaw Worm Horde","floor":38.0,"turns":3.0},{"damage":5.0,"enemies":"downfall:FleeingMerchant","floor":39.0,"turns":4.0},{"damage":5.0,"enemies":"downfall:FleeingMerchant","floor":40.0,"turns":3.0},{"damage":65.0,"enemies":"Reptomancer","floor":43.0,"turns":6.0},{"damage":16.0,"enemies":"Writhing Mass","floor":44.0,"turns":5.0},{"damage":15.0,"enemies":"Sphere and 2 Shapes","floor":45.0,"turns":4.0},{"damage":0.0,"enemies":"Jaw Worm Horde","floor":46.0,"turns":4.0},{"damage":0.0,"enemies":"Transient","floor":51.0,"turns":5.0},{"damage":52.0,"enemies":"WA_ARCHETYPE_DIVINITY","floor":52.0,"turns":9.0},{"damage":90.0,"enemies":"downfall:CharBossMerchant","floor":54.0,"turns":7.0},{"damage":31,"enemies":"downfall:NeowBoss","floor":57,"turns":12},{"damage":15,"enemies":"downfall:NeowBossFinal","floor":58,"turns":3}],"seed_played":"4218788902394113871","potions_obtained":[{"floor":10.0,"key":"Fire Potion"},{"floor":14.0,"key":"sneckomod:MuddlingPotion"},{"floor":15.0,"key":"hexamod:DoubleChargePotion"},{"floor":21.0,"key":"conspire:TimeTravelPotion"},{"floor":31.0,"key":"Strength Potion"},{"floor":32.0,"key":"SkillPotion"},{"floor":33.0,"key":"EssenceOfSteel"},{"floor":37.0,"key":"Venom Potion"},{"floor":37.0,"key":"sneckomod:MuddlingPotion"},{"floor":38.0,"key":"Dexterity Potion"},{"floor":43.0,"key":"SkillPotion"},{"floor":45.0,"key":"CultistPotion"},{"floor":46.0,"key":"Regen Potion"}],"is_trial":false,"path_per_floor":["R","M","M","?","?","R","T","?","$","M","R","E","?","M","M","B",null,"R","M","M","M","$","R","T","R","E","?","?","M","R","E","M","B",null,"R","M","M","M","$","?","T","$","E","M","M","M","R","PTL","PTL","?","M","B",null,"E","$","R","B","B"],"character_chosen":"THE_SPIRIT","items_purchased":["FairyPotion","hexamod:FifthSeal","Durian","hexamod:Firestarter+1","BargainBundle","Fruit Juice","SkillPotion","hexamod:GhostOfSpireFuture","hexamod:FastForward+1","expansioncontent:InvincibleStrength","hexamod:ForkedFlame+1"],"campfire_rested":1,"item_purchase_floors":[9,39,39,42,55,55,55,55,55,55,55],"current_hp_per_floor":[49,49,49,42,42,42,42,35,37,40,40,32,32,34,33,12,70,70,66,66,59,66,66,66,66,65,51,51,51,61,60,55,15,80,80,75,78,42,49,44,44,44,7,95,80,80,80,80,80,80,80,42,95,5,5,33,7,0,0,0],"gold":55,"neow_bonus":"ONE_RARE_RELIC","is_daily":false,"chose_seed":false,"campfire_upgraded":12,"win_rate":0.0,"timestamp":1613784864,"path_taken":["R","M","M","?","?","R","T","?","$","M","R","E","?","M","M","BOSS","R","M","M","M","$","R","T","R","E","?","?","M","R","E","M","BOSS","R","M","M","M","$","?","T","?","E","M","?","M","R","PTL","PTL","?","M","BOSS","E","$","R","BOSS","BOSS"],"items_purchased_type":["Potion","Card","Relic","Card","Relic","Potion","Potion","Card","Card","Card","Card"],"build_version":"2020-12-22","purchased_purges":5,"victory":false,"max_hp_per_floor":[70,70,70,70,70,70,70,70,70,70,70,70,70,70,70,70,70,70,70,70,70,70,70,70,70,70,70,70,70,80,80,80,80,80,80,80,80,80,85,85,85,85,85,95,95,95,95,95,95,95,95,95,95,95,95,95,100,100,100,100],"card_choices":[{"not_picked":["hexamod:HeatMetal","hexamod:GhostOfSpirePast"],"picked":"hexamod:FastForward","floor":2.0},{"not_picked":["hexamod:HeatMetal","hexamod:ThermalTransfer"],"picked":"hexamod:HeatCrush","floor":3.0},{"not_picked":["hexamod:HeatCrush","hexamod:BacktrackSmack"],"picked":"hexamod:ExtraCrispy","floor":9.0},{"not_picked":["hexamod:InspiringFlames","hexamod:ThirdSeal"],"picked":"hexamod:SpectersWail","floor":10.0},{"not_picked":["hexamod:Firestarter","hexamod:NightmareStrike"],"picked":"hexamod:ForkedFlame","floor":12.0},{"not_picked":["hexamod:DynamicBlow","hexamod:SpectersWail","hexamod:PhantomCloak"],"picked":"SKIP","floor":14.0},{"not_picked":["hexamod:NightmareGuise","hexamod:SecondSeal"],"picked":"hexamod:ThermalTransfer","floor":15.0},{"not_picked":["hexamod:TimeWarp","hexamod:SixthSeal"],"picked":"hexamod:SearingWound","floor":16.0},{"not_picked":["hexamod:CatchUp","hexamod:HeatMetal"],"picked":"hexamod:NecessarySacrifice+1","floor":19.0},{"not_picked":["hexamod:ThermalTransfer","hexamod:SwordOfDarkness","hexamod:PhantomCloak"],"picked":"SKIP","floor":20.0},{"not_picked":["hexamod:NightmareGuise","hexamod:Firestarter"],"picked":"hexamod:Hexaguard","floor":21.0},{"not_picked":["hexamod:GhostflameInferno","hexamod:HeatMetal"],"picked":"hexamod:SwordOfDarkness","floor":22.0},{"not_picked":["hexamod:BurningTouch","hexamod:FirstSeal","hexamod:Rewind"],"picked":"SKIP","floor":26.0},{"not_picked":["hexamod:HeatCrush+1","hexamod:HeatShield","hexamod:Rewind"],"picked":"SKIP","floor":29.0},{"not_picked":["hexamod:ShieldOfDarkness+1","hexamod:SpectersWail+1"],"picked":"hexamod:FourthSeal","floor":31.0},{"not_picked":["hexamod:InspiringFlames","hexamod:HexaLevel"],"picked":"hexamod:HauntingEcho+1","floor":32.0},{"not_picked":["hexamod:SearingWound","hexamod:UnleashSpirits+1"],"picked":"hexamod:UnlimitedPower","floor":33.0},{"not_picked":["hexamod:Hexaguard","hexamod:ShieldOfDarkness","hexamod:HeatMetal+1"],"picked":"SKIP","floor":36.0},{"not_picked":["hexamod:Firestarter+1","hexamod:Incineration+1","hexamod:HauntingEcho+1"],"picked":"SKIP","floor":37.0},{"not_picked":["hexamod:BacktrackSmack+1","hexamod:FastForward+1"],"picked":"hexamod:GhostLash+1","floor":38.0},{"not_picked":["hexamod:SpectersWail+1","hexamod:BacktrackSmack+1"],"picked":"hexamod:EmpoweredFlame","floor":39.0},{"not_picked":["hexamod:ThirdSeal","hexamod:SecondSeal"],"picked":"hexamod:SixthSeal","floor":40.0},{"not_picked":["hexamod:SixthSeal","hexamod:SecondSeal"],"picked":"hexamod:ThirdSeal","floor":43.0},{"not_picked":["hexamod:HeatMetal+1","hexamod:RadiantFlame"],"picked":"hexamod:GhostLash+1","floor":43.0},{"not_picked":["hexamod:Rewind+1","hexamod:SwordOfDarkness+1"],"picked":"hexamod:ThermalTransfer+1","floor":44.0},{"not_picked":["hexamod:ExtraCrispy+1","hexamod:GhostShield+1"],"picked":"hexamod:Hexaguard+1","floor":45.0},{"not_picked":["hexamod:FastForward+1","hexamod:SwordOfDarkness+1","hexamod:HauntingEcho+1"],"picked":"SKIP","floor":46.0},{"not_picked":["hexamod:GhostShield+1","hexamod:RetreatToShadows+1"],"picked":"hexamod:SoulSteal+1","floor":51.0},{"not_picked":["hexamod:RecurringNightmare+1","hexamod:Hexaguard+1"],"picked":"hexamod:StepThrough+1","floor":54.0}],"player_experience":474293,"relics_obtained":[{"floor":7.0,"key":"Sundial"},{"floor":12.0,"key":"Smiling Mask"},{"floor":17.0,"key":"Replay:Mystery Machine"},{"floor":17.0,"key":"Lizard Tail"},{"floor":17.0,"key":"Replay:Bottled Snecko"},{"floor":26.0,"key":"Molten Egg 2"},{"floor":31.0,"key":"Replay:Multitool"},{"floor":40.0,"key":"downfall:GremlinWheel"},{"floor":41.0,"key":"Replay:Bandana"},{"floor":43.0,"key":"Toxic Egg 2"},{"floor":47.0,"key":"Divine Protection"},{"floor":54.0,"key":"Whetstone"}],"event_choices":[{"damage_healed":0.0,"max_hp_gain":0.0,"max_hp_loss":0.0,"gold_gain":0.0,"event_name":"Scrap Ooze","player_choice":"Success","floor":4.0,"gold_loss":0.0,"damage_taken":7.0,"relics_obtained":["Bronze Scales"]},{"damage_healed":0.0,"max_hp_gain":0.0,"max_hp_loss":0.0,"gold_gain":0.0,"event_name":"conspire:Investor","player_choice":"Leave","floor":50.0,"gold_loss":0.0,"damage_taken":0.0},{"cards_removed":["hexamod:Defend"],"damage_healed":0,"gold_gain":0,"player_choice":"Card Removal","damage_taken":0,"max_hp_gain":0,"max_hp_loss":0,"event_name":"Wheel of Change","floor":56,"gold_loss":0}],"is_beta":false,"boss_relics":[{"not_picked":["SlaversCollar","Pandora\u0027s Box"],"picked":"Calling Bell"},{"not_picked":["Runic Dome","conspire:RunicOctahedron"],"picked":"hexamod:IceCube"}],"items_purged_floors":[9,22,39,42,55],"is_endless":false,"potions_floor_spawned":[10,14,15,16,21,26,31,32,37,38,45,46],"killed_by":"downfall:NeowBossFinal","ascension_level":0}}