{"host":"xkc7tfemhzdc5j5t","time":1613839872,"event":{"mods":["AchievementEnabler","Act Like it!","BaseMod","BetterRewards","Colored Map","Colored Powertips","Downfall","Gensokyo","Hallownest","Hermit","Highlight Path","Infinite Spire","Marisa£®ÏF”Í°°ƒß¿Ì…≥£©","Minty Spire (QoL Compilation)","Prisma Mod","Quick Restart","Reimu£®≤©¿ˆ¡È√Œ£©","Replay The Spire","Shop Mod","StSLib","SuperFastMode","The Bug Knight","The Construct","The Cursed","The Disciple","The Hierophant","The Jungle","The Necromancer","The Runesmith","The Servant 0.9.4","Youmu£®ªÍ∆«—˝√Œ£©"],"gold_per_floor":[117,117,131,56,56,56,91,110,110,125,25,40,40,40,40,113,113,125,125,50,65,76,76,93,93,93,93,105,115,130,143,143,219,219,233,108,108,108,122,122,141,141,141,166,16,33,33,46,46,46],"floor_reached":51,"language":"ZHS","playtime":3202,"items_purged":["Defend_B","Defend_B","Strike_B","Defend_B","Parasite"],"score":951,"play_id":"626660f1-0ff7-4a65-aebb-be7b0f30c8ad","local_time":"20210221005112","is_ascension_mode":true,"campfire_choices":[{"data":"Zap","floor":6.0,"key":"SMITH"},{"data":"Consume","floor":13.0,"key":"SMITH"},{"data":"Dualcast","floor":15.0,"key":"SMITH"},{"data":"Coolheaded","floor":23.0,"key":"SMITH"},{"floor":32.0,"key":"REST"},{"floor":40.0,"key":"REST"},{"data":"Gash","floor":42.0,"key":"SMITH"},{"data":"Madness","floor":47,"key":"SMITH"},{"data":"Madness","floor":49,"key":"SMITH"}],"circlet_count":0,"master_deck":["AscendersBane","Strike_B","Zap+1","Dualcast+1","Genetic Algorithm","Gash+1","Skim","Consume+1","Beam Cell","Glacier","All For One","Undo+1","Coolheaded+1","Steam","Self Repair","Echo Form","Madness+1","Madness+1","Fusion+1","Turbo+1"],"relics":["Cracked Core","NeowsBlessing","MealTicket","RedLine:ReiMu","ReplayTheSpireMod:Ninjato","Runic Pyramid","infinitespire:SolderingIron","Torii","construct:WeddingRing","PureWhite:ReiMu","Gambling Chip"],"acts_visited":["Exordium","TheCity","TheBeyond"],"potions_floor_usage":[50],"damage_taken":[{"damage":0.0,"enemies":"Small Slimes","floor":1.0,"turns":1.0},{"damage":0.0,"enemies":"Jaw Worm","floor":3.0,"turns":1.0},{"damage":0.0,"enemies":"Gremlin Nob","floor":7.0,"turns":1.0},{"damage":1.0,"enemies":"Cultist","floor":8.0,"turns":4.0},{"damage":10.0,"enemies":"Blue Slaver","floor":10.0,"turns":3.0},{"damage":20.0,"enemies":"Exordium Wildlife","floor":12.0,"turns":5.0},{"damage":26.0,"enemies":"Slime Boss","floor":16.0,"turns":9.0},{"damage":2.0,"enemies":"Chosen","floor":18.0,"turns":3.0},{"damage":0.0,"enemies":"Spheric Guardian","floor":21.0,"turns":4.0},{"damage":4.0,"enemies":"Centurion and Healer","floor":22.0,"turns":6.0},{"damage":16.0,"enemies":"Snake Plant","floor":24.0,"turns":3.0},{"damage":12.0,"enemies":"Chosen and Byrds","floor":28.0,"turns":3.0},{"damage":5.0,"enemies":"Shelled Parasite and Fungi","floor":29.0,"turns":4.0},{"damage":2.0,"enemies":"3 Cultists","floor":31.0,"turns":6.0},{"damage":1.0,"enemies":"Champ","floor":33.0,"turns":9.0},{"damage":38.0,"enemies":"3 Darklings","floor":35.0,"turns":6.0},{"damage":22.0,"enemies":"Orb Walker","floor":39.0,"turns":4.0},{"damage":0.0,"enemies":"Writhing Mass","floor":41.0,"turns":4.0},{"damage":30,"enemies":"Nemesis","floor":44,"turns":7},{"damage":1,"enemies":"3 Darklings","floor":46,"turns":3},{"damage":0,"enemies":"Maw","floor":48,"turns":4},{"damage":20,"enemies":"Replay:Hell Engine","floor":50,"turns":8}],"seed_played":"1935294022646977510","potions_obtained":[{"floor":7.0,"key":"Weak Potion"},{"floor":10.0,"key":"Fire Potion"},{"floor":12.0,"key":"SteroidPotion"},{"floor":16.0,"key":"Milkshake"},{"floor":21.0,"key":"SkillPotion"},{"floor":29.0,"key":"FearPotion"},{"floor":33.0,"key":"FearPotion"},{"floor":35.0,"key":"SpeedPotion"},{"floor":38.0,"key":"EssenceOfSteel"},{"floor":38.0,"key":"Adrenaline Potion"},{"floor":46,"key":"ZuzhouPotion:ReiMu"}],"is_trial":false,"path_per_floor":["M","?","M","$","?","R","E","M","T","M","$","M","R","$","R","B",null,"M","?","?","M","M","R","M","AVR","T","?","M","M","?","M","R","B",null,"M","$","?","?","M","R","M","R","T","E","$","M","R","M","R","B",null],"character_chosen":"DEFECT","items_purchased":[],"campfire_rested":2,"item_purchase_floors":[],"current_hp_per_floor":[64,69,69,69,69,69,69,68,68,58,73,53,53,68,68,42,68,66,66,66,66,62,62,46,46,46,46,34,29,4,9,31,37,66,35,50,36,36,21,43,50,50,50,27,42,48,48,55,55,42],"gold":46,"neow_bonus":"THREE_ENEMY_KILL","is_daily":false,"chose_seed":false,"campfire_upgraded":7,"win_rate":0.0,"timestamp":1613839872,"path_taken":["M","?","M","$","?","R","E","?","T","M","$","M","R","$","R","BOSS","M","?","?","M","M","R","M","AVR","T","?","?","M","?","M","R","BOSS","M","$","?","?","?","R","M","R","T","E","?","?","R","M","R","BOSS"],"items_purchased_type":[],"build_version":"2020-12-22","purchased_purges":5,"victory":true,"max_hp_per_floor":[71,76,76,76,76,76,76,76,76,76,76,76,76,76,76,76,76,76,76,76,76,76,76,76,76,76,76,76,76,76,76,76,76,76,76,76,76,76,76,76,76,76,76,76,73,73,73,73,73,73],"card_choices":[{"not_picked":["Rebound","Turbo"],"picked":"Genetic Algorithm","floor":1.0},{"not_picked":["Cold Snap","Steam"],"picked":"Gash","floor":3.0},{"not_picked":["Thunder Strike","Ball Lightning"],"picked":"Consume","floor":7.0},{"not_picked":["Rebound","Heatsinks"],"picked":"Beam Cell","floor":8.0},{"not_picked":["Panic Button","Cold Snap"],"picked":"Glacier","floor":10.0},{"not_picked":["Sweeping Beam","Rebound","Compile Driver"],"picked":"SKIP","floor":12.0},{"not_picked":["Reboot","Hyperbeam"],"picked":"All For One","floor":16.0},{"not_picked":["Panic Button","Leap"],"picked":"Undo+1","floor":18.0},{"not_picked":["Sunder","Force Field+1","FIFO Queue"],"picked":"SKIP","floor":21.0},{"not_picked":["Ball Lightning","Leap+1"],"picked":"Coolheaded","floor":22.0},{"not_picked":["Heatsinks","Undo","Time Bomb"],"picked":"SKIP","floor":24.0},{"not_picked":["Sunder","Time Bomb"],"picked":"Steam","floor":28.0},{"not_picked":["Lockon","Panic Button","Steam"],"picked":"SKIP","floor":29.0},{"not_picked":["Genetic Algorithm","Stack"],"picked":"Self Repair","floor":30.0},{"not_picked":["BasicCrystalCard","Tempest","Rebound"],"picked":"SKIP","floor":31.0},{"not_picked":["Creative AI","Biased Cognition"],"picked":"Echo Form","floor":33.0},{"not_picked":["Reinforced Body","Cold Snap","Rebound"],"picked":"SKIP","floor":35.0},{"not_picked":["Coolheaded+1","Steam"],"picked":"Fusion+1","floor":39.0},{"not_picked":["Darkness","Cold Snap","Aggregate+1"],"picked":"SKIP","floor":41.0},{"not_picked":["Go for the Eyes","Coolheaded","Sweeping Beam"],"picked":"SKIP","floor":44},{"not_picked":["Ball Lightning+1","Hologram","Coolheaded"],"picked":"SKIP","floor":46},{"not_picked":["Go for the Eyes","Rip and Tear"],"picked":"Turbo+1","floor":48}],"player_experience":790416,"relics_obtained":[{"floor":7.0,"key":"MealTicket"},{"floor":26.0,"key":"infinitespire:SolderingIron"},{"floor":30.0,"key":"Torii"},{"floor":43.0,"key":"PureWhite:ReiMu"},{"floor":44,"key":"Gambling Chip"}],"event_choices":[{"damage_healed":0.0,"max_hp_gain":5.0,"max_hp_loss":0.0,"gold_gain":0.0,"event_name":"Big Fish","player_choice":"Donut","floor":2.0,"gold_loss":0.0,"damage_taken":0.0},{"damage_healed":0.0,"max_hp_gain":0.0,"max_hp_loss":0.0,"gold_gain":0.0,"cards_transformed":["Strike_B"],"event_name":"Transmorgrifier","player_choice":"Transformed","floor":5.0,"gold_loss":0.0,"damage_taken":0.0,"cards_obtained":["Skim"]},{"cards_removed":["Strike_B"],"damage_healed":0.0,"max_hp_gain":0.0,"max_hp_loss":0.0,"gold_gain":0.0,"event_name":"Back to Basics","player_choice":"Elegance","floor":19.0,"gold_loss":0.0,"damage_taken":0.0},{"cards_removed":["Defend_B"],"damage_healed":0.0,"max_hp_gain":0.0,"max_hp_loss":0.0,"gold_gain":0.0,"event_name":"Beggar","player_choice":"Gave Gold","floor":20.0,"gold_loss":75.0,"damage_taken":0.0},{"damage_healed":0.0,"max_hp_gain":0.0,"max_hp_loss":0.0,"gold_gain":0.0,"event_name":"The Mausoleum","player_choice":"Ignored","floor":27.0,"gold_loss":0.0,"damage_taken":0.0},{"damage_healed":0.0,"max_hp_gain":0.0,"max_hp_loss":0.0,"gold_gain":0.0,"event_name":"Winding Halls","player_choice":"Embrace Madness","floor":37.0,"gold_loss":0.0,"damage_taken":14.0,"cards_obtained":["Madness","Madness"]},{"damage_healed":0.0,"max_hp_gain":0.0,"max_hp_loss":0.0,"gold_gain":0.0,"event_name":"Lab","player_choice":"Got Potions","floor":38.0,"gold_loss":0.0,"damage_taken":0.0}],"is_beta":false,"boss_relics":[{"not_picked":["Kintsugi","Replay:Fungal Core"],"picked":"RedLine:ReiMu"},{"not_picked":["Empty Cage","FrozenCore"],"picked":"construct:WeddingRing"}],"items_purged_floors":[4,11,25,36,45],"is_endless":false,"potions_floor_spawned":[7,10,12,16,21,29,33,35,39,46],"ascension_level":15}}