{"host":"bpdbi03e31cbjklx","time":1613783800,"event":{"mods":["BaseMod","Colored Map","Colored Powertips","Downfall","Highlight Path","Minty Spire (QoL Compilation)","Replay The Spire","StSLib","The Senshi"],"gold_per_floor":[119,133,133,144,155,155,187,199,211,223,246,269,299,327,339,455,467,498,528,553,582,544,556,568,568],"floor_reached":24,"language":"ENG","playtime":3563,"items_purged":[],"score":214,"play_id":"ff3f4218-5973-4988-bf44-c95097c39bf5","local_time":"20210219191640","is_ascension_mode":true,"campfire_choices":[{"data":"Consume","floor":6,"key":"SMITH"},{"floor":8,"key":"REST"},{"data":"Multi-Cast","floor":10,"key":"SMITH"},{"floor":15,"key":"REST"},{"data":"Fission","floor":23,"key":"SMITH"}],"circlet_count":0,"master_deck":["Strike_B","Defend_B","Defend_B","Defend_B","Zap","Dualcast","Buffer+1","Redo","Cold Snap","Consume+1","FIFO Queue","Multi-Cast+1","Conserve Battery","Chaos","BootSequence","Fission+1","Leap+1","Reinforced Body+1","Steam Power+1","ReplayTheSpireMod:System Scan","Coolheaded","Cold Snap","Time Bomb+1"],"relics":["Cracked Core","MawBank","Astrolabe"],"acts_visited":["Exordium","TheCity"],"potions_floor_usage":[4,5,13,16,18],"damage_taken":[{"damage":0,"enemies":"Jaw Worm","floor":1,"turns":4},{"damage":1,"enemies":"Cultist","floor":2,"turns":3},{"damage":1,"enemies":"Small Slimes","floor":4,"turns":3},{"damage":29,"enemies":"Gremlin Gang","floor":5,"turns":5},{"damage":16,"enemies":"3 Sentries","floor":7,"turns":7},{"damage":0,"enemies":"2 Fungi Beasts","floor":11,"turns":4},{"damage":14,"enemies":"Exordium Wildlife","floor":12,"turns":4},{"damage":18,"enemies":"3 Louse","floor":13,"turns":4},{"damage":5,"enemies":"Looter","floor":14,"turns":4},{"damage":26,"enemies":"Slime Boss","floor":16,"turns":13},{"damage":0,"enemies":"Chosen","floor":18,"turns":7},{"damage":6,"enemies":"Spheric Guardian","floor":19,"turns":8},{"damage":18,"enemies":"Chosen and Byrds","floor":20,"turns":7},{"damage":24,"enemies":"Snecko","floor":21,"turns":13},{"damage":36,"enemies":"3 Cultists","floor":24,"turns":4}],"seed_played":"3108828097858674650","potions_obtained":[{"floor":1,"key":"AttackPotion"},{"floor":2,"key":"SkillPotion"},{"floor":5,"key":"Milkshake"},{"floor":12,"key":"Adrenaline Potion"},{"floor":14,"key":"ColorlessPotion"},{"floor":16,"key":"PowerPotion"},{"floor":20,"key":"SteroidPotion"}],"is_trial":false,"path_per_floor":["M","M","?","M","M","R","E","R","T","R","M","M","M","M","R","B",null,"M","M","M","M","?","R","M"],"character_chosen":"DEFECT","items_purchased":[],"campfire_rested":2,"item_purchase_floors":[],"current_hp_per_floor":[75,74,74,73,44,44,28,50,50,50,50,36,18,13,35,9,75,75,69,51,27,27,27,0,0],"gold":568,"neow_bonus":"TRANSFORM_CARD","is_daily":false,"chose_seed":false,"campfire_upgraded":3,"win_rate":0.0,"timestamp":1613783800,"path_taken":["M","M","?","M","?","R","E","R","T","R","M","M","M","M","R","BOSS","M","M","M","M","?","R","?"],"items_purchased_type":[],"build_version":"2020-12-22","purchased_purges":0,"victory":false,"max_hp_per_floor":[75,75,75,75,75,75,75,75,75,75,75,75,75,75,75,75,75,75,75,75,75,75,75,75,75],"card_choices":[{"not_picked":["Steam Power","Beam Cell"],"picked":"Redo","floor":1},{"not_picked":["Turbo","Skim"],"picked":"Cold Snap","floor":2},{"not_picked":["Coolheaded","Go for the Eyes"],"picked":"Consume","floor":4},{"not_picked":["Beam Cell","Blizzard"],"picked":"FIFO Queue","floor":5},{"not_picked":["Reinforced Body","Ball Lightning"],"picked":"Multi-Cast","floor":7},{"not_picked":["Streamline","Redo"],"picked":"Conserve Battery","floor":11},{"not_picked":["Heatsinks","Ball Lightning"],"picked":"Chaos","floor":12},{"not_picked":["Rebound","Undo","Barrage"],"picked":"SKIP","floor":13},{"not_picked":["ReplayTheSpireMod:Calculation Training","Genetic Algorithm"],"picked":"BootSequence","floor":14},{"not_picked":["Buffer","ReplayTheSpireMod:Omega Cannon"],"picked":"Fission","floor":16},{"not_picked":["Cold Snap","Consume+1"],"picked":"ReplayTheSpireMod:System Scan","floor":18},{"not_picked":["Hologram","Barrage"],"picked":"Coolheaded","floor":19},{"not_picked":["All For One","Doom and Gloom+1"],"picked":"Cold Snap","floor":20},{"not_picked":["Stack","Barrage"],"picked":"Time Bomb+1","floor":21}],"player_experience":437236,"relics_obtained":[{"floor":7,"key":"MawBank"}],"event_choices":[{"damage_healed":0,"gold_gain":0,"player_choice":"Upgraded","damage_taken":0,"max_hp_gain":0,"max_hp_loss":0,"event_name":"Upgrade Shrine","floor":3,"gold_loss":0,"cards_upgraded":["Buffer"]},{"damage_healed":0,"gold_gain":0,"player_choice":"Bet on Owner","damage_taken":0,"max_hp_gain":0,"max_hp_loss":0,"event_name":"The Joust","floor":22,"gold_loss":50}],"is_beta":false,"boss_relics":[{"not_picked":["Pandora\u0027s Box","Replay:Grab Bag"],"picked":"Astrolabe"}],"items_purged_floors":[],"is_endless":false,"potions_floor_spawned":[1,2,5,12,14,16,20],"killed_by":"3 Cultists","ascension_level":1}}