{"host":"z37g2hkgkh2zjyzk","time":1613834084,"event":{"mods":["2.2 Compatiblity","AchievementEnabler","BaseMod","Bestiary","Colored Map","Colored Powertips","Curses Come First","Highlight Path","Keyboard Shortcuts","Minty Spire (QoL Compilation)","Relic Stats","StSLib","SuperFastMode"],"gold_per_floor":[115,115,215,229,246,246,280,296,296,371,389,409,425,61,61,166,166,186,213,226,226,279,279,179,179,256,256,288,37,136,150,150,254,254,266,266,19,19,19,19,32,32,32,62,82,117,117,127,127,127,127,127,43,72,72],"floor_reached":56,"language":"ENG","playtime":6086,"items_purged":["Strike_B","Meteor Strike"],"score":1361,"play_id":"aececffd-7713-462d-939b-3be02e7e80f1","local_time":"20210220161444","is_ascension_mode":true,"campfire_choices":[{"data":"Sweeping Beam","floor":6.0,"key":"SMITH"},{"floor":15.0,"key":"REST"},{"data":"Defragment","floor":23.0,"key":"SMITH"},{"data":"White Noise","floor":25.0,"key":"SMITH"},{"data":"Amplify","floor":27.0,"key":"SMITH"},{"data":"Creative AI","floor":32.0,"key":"SMITH"},{"data":"Coolheaded","floor":40.0,"key":"SMITH"},{"floor":42.0,"key":"RECALL"},{"data":"Barrage","floor":49,"key":"SMITH"},{"data":"Machine Learning","floor":52,"key":"SMITH"}],"circlet_count":0,"master_deck":["Zap","Dualcast","Ball Lightning","Capacitor","Sweeping Beam+1","Go for the Eyes","Capacitor","Cold Snap","Amplify+1","Thunder Strike","White Noise+1","Defragment+1","Chill+1","Darkness","Barrage+1","Auto Shields+1","Creative AI+1","Coolheaded+1","Machine Learning+1","Consume+1","Defragment+1","Chill+1","Fusion+1","Force Field+1","Capacitor+1","Enlightenment","Double Energy+1"],"relics":["FrozenCore","Incense Burner","Turnip","Orichalcum","Centennial Puzzle","Pandora\u0027s Box","Red Mask","Question Card","Bird Faced Urn","Singing Bowl","Frozen Egg 2","Bottled Lightning","Pear","HornCleat","War Paint","Torii"],"acts_visited":["Exordium","TheCity","TheBeyond","TheEnding"],"potions_floor_usage":[50,55,55],"damage_taken":[{"damage":4.0,"enemies":"2 Louse","floor":1.0,"turns":2.0},{"damage":1.0,"enemies":"Cultist","floor":4.0,"turns":3.0},{"damage":2.0,"enemies":"Jaw Worm","floor":5.0,"turns":3.0},{"damage":30.0,"enemies":"3 Sentries","floor":7.0,"turns":6.0},{"damage":2.0,"enemies":"3 Louse","floor":8.0,"turns":2.0},{"damage":0.0,"enemies":"2 Fungi Beasts","floor":11.0,"turns":3.0},{"damage":4.0,"enemies":"Blue Slaver","floor":12.0,"turns":3.0},{"damage":11.0,"enemies":"Exordium Thugs","floor":13.0,"turns":3.0},{"damage":25.0,"enemies":"Slime Boss","floor":16.0,"turns":8.0},{"damage":12.0,"enemies":"Chosen","floor":18.0,"turns":5.0},{"damage":38.0,"enemies":"Masked Bandits","floor":19.0,"turns":5.0},{"damage":2.0,"enemies":"Shell Parasite","floor":20.0,"turns":5.0},{"damage":20.0,"enemies":"Gremlin Leader","floor":28.0,"turns":6.0},{"damage":6.0,"enemies":"Centurion and Healer","floor":31.0,"turns":7.0},{"damage":3.0,"enemies":"Champ","floor":33.0,"turns":10.0},{"damage":7.0,"enemies":"Orb Walker","floor":35.0,"turns":5.0},{"damage":0.0,"enemies":"3 Darklings","floor":41.0,"turns":5.0},{"damage":29.0,"enemies":"Nemesis","floor":44.0,"turns":13.0},{"damage":0,"enemies":"4 Shapes","floor":45,"turns":4},{"damage":47,"enemies":"Reptomancer","floor":46,"turns":13},{"damage":0,"enemies":"Spire Growth","floor":48,"turns":7},{"damage":13,"enemies":"Time Eater","floor":50,"turns":8},{"damage":24,"enemies":"Shield and Spear","floor":54,"turns":9},{"damage":37,"enemies":"The Heart","floor":55,"turns":12}],"seed_played":"-6128172697277182969","potions_obtained":[{"floor":8.0,"key":"EntropicBrew"},{"floor":11.0,"key":"FocusPotion"},{"floor":20.0,"key":"Fire Potion"},{"floor":28.0,"key":"SkillPotion"},{"floor":31.0,"key":"Regen Potion"},{"floor":35.0,"key":"PotionOfCapacity"},{"floor":46,"key":"Dexterity Potion"},{"floor":54,"key":"FairyPotion"}],"is_trial":false,"path_per_floor":["M","?","?","M","M","R","E","M","T","?","M","M","M","$","R","B",null,"M","?","M","?","T","R","$","R","T","R","E","$","?","M","R","B",null,"M","?","$","T","?","R","M","R","T","E","M","E","?","M","R","B",null,"R","$","E","B",null],"character_chosen":"DEFECT","items_purchased":["Orichalcum","Centennial Puzzle","Singing Bowl","Frozen Egg 2","Enlightenment"],"campfire_rested":1,"item_purchase_floors":[14,14,29,37,53],"current_hp_per_floor":[78,78,78,77,75,75,45,43,43,32,32,28,17,17,41,16,82,70,32,30,57,57,57,57,57,57,57,37,37,37,55,55,76,82,82,82,82,82,82,82,82,82,92,92,92,89,91,96,96,89,96,96,96,96,96],"gold":72,"neow_bonus":"TEN_PERCENT_HP_BONUS","is_daily":false,"chose_seed":false,"campfire_upgraded":8,"win_rate":0.0,"timestamp":1613834084,"path_taken":["M","?","?","M","M","R","E","?","T","?","M","M","M","$","R","BOSS","M","?","M","?","?","R","$","R","T","R","E","$","?","M","R","BOSS","M","?","$","?","?","R","?","R","T","E","M","E","?","M","R","BOSS","R","$","E","BOSS"],"items_purchased_type":["Relic","Relic","Relic","Relic","Card"],"build_version":"2020-12-22","purchased_purges":2,"victory":true,"max_hp_per_floor":[82,82,82,82,82,82,82,82,82,82,82,82,82,82,82,82,82,82,82,82,82,82,82,82,82,82,82,82,82,82,82,82,82,82,82,82,82,82,82,82,82,82,92,92,92,94,96,96,96,96,96,96,96,96,96],"relic_stats":{"Centennial Puzzle":[39],"Singing Bowl":4,"Torii":7,"counters":[24,147],"Bird Faced Urn":[191],"Pandora\u0027s Box":["Thunder Strike","Meteor Strike","White Noise","Defragment","Chill","Darkness"],"Turnip":[6],"Orichalcum":[342],"War Paint":["Chill","Fusion"],"Question Card":12,"obtain_stats":[{"Pear":43,"Singing Bowl":29,"Torii":54,"Incense Burner":7,"Orichalcum":14,"Frozen Egg 2":37,"War Paint":46,"Question Card":26,"FrozenCore":34,"Centennial Puzzle":14,"HornCleat":44,"Bird Faced Urn":28,"Pandora\u0027s Box":17,"Turnip":9,"Red Mask":19,"Bottled Lightning":38,"Cracked Core":0},{"Pear":17,"Singing Bowl":13,"Torii":23,"Incense Burner":4,"Orichalcum":8,"Frozen Egg 2":16,"War Paint":20,"Question Card":12,"FrozenCore":15,"Centennial Puzzle":8,"HornCleat":18,"Bird Faced Urn":13,"Pandora\u0027s Box":9,"Turnip":5,"Red Mask":11,"Bottled Lightning":16,"Cracked Core":0},{"Pear":81,"Singing Bowl":54,"Torii":135,"Incense Burner":14,"Orichalcum":25,"Frozen Egg 2":76,"War Paint":111,"Question Card":48,"FrozenCore":71,"Centennial Puzzle":25,"HornCleat":94,"Bird Faced Urn":54,"Pandora\u0027s Box":33,"Turnip":16,"Red Mask":43,"Bottled Lightning":76,"Cracked Core":0}],"FrozenCore":[25]},"card_choices":[{"not_picked":["Steam","Hello World"],"picked":"Ball Lightning","floor":1.0},{"not_picked":["Stack","Melter"],"picked":"Capacitor","floor":4.0},{"not_picked":["Gash","Compile Driver"],"picked":"Sweeping Beam","floor":5.0},{"not_picked":["Streamline","Beam Cell"],"picked":"Go for the Eyes","floor":7.0},{"not_picked":["Steam","Rip and Tear"],"picked":"Capacitor","floor":8.0},{"not_picked":["Redo","Beam Cell","Hologram"],"picked":"SKIP","floor":11.0},{"not_picked":["Biased Cognition","Streamline"],"picked":"Cold Snap","floor":12.0},{"not_picked":["Lockon","BootSequence","Static Discharge"],"picked":"SKIP","floor":13.0},{"not_picked":["Reboot","Hyperbeam"],"picked":"Amplify","floor":16.0},{"not_picked":["Lockon","White Noise"],"picked":"Barrage","floor":18.0},{"not_picked":["Static Discharge","Redo"],"picked":"Auto Shields+1","floor":20.0},{"not_picked":["Stack","Loop","Turbo"],"picked":"Creative AI","floor":28.0},{"not_picked":["Go for the Eyes+1","Skim","Streamline"],"picked":"Coolheaded","floor":31.0},{"not_picked":["Meteor Strike","Creative AI","Electrodynamics"],"picked":"Machine Learning","floor":33.0},{"not_picked":["Turbo+1","Steam+1","Ball Lightning"],"picked":"Consume+1","floor":35.0},{"not_picked":["FTL+1","Aggregate+1","Rip and Tear"],"picked":"Chill+1","floor":41.0},{"not_picked":["Streamline+1","Tempest+1","Stack+1"],"picked":"Fusion","floor":44},{"not_picked":["Stack","Go for the Eyes+1","Aggregate"],"picked":"Force Field+1","floor":45},{"not_picked":["Turbo","Scrape","Redo","Lockon"],"picked":"Singing Bowl","floor":46},{"not_picked":["PanicButton","Transmutation","Swift Strike","Metamorphosis"],"picked":"Singing Bowl","floor":47},{"not_picked":["Rebound+1","Melter","Stack"],"picked":"Capacitor+1","floor":48},{"not_picked":["Thunder Strike","Recycle+1","Compile Driver"],"picked":"Double Energy+1","floor":54}],"player_experience":143804,"relics_obtained":[{"floor":7.0,"key":"Incense Burner"},{"floor":9.0,"key":"Turnip"},{"floor":19.0,"key":"Red Mask"},{"floor":26.0,"key":"Question Card"},{"floor":28.0,"key":"Bird Faced Urn"},{"floor":38.0,"key":"Bottled Lightning"},{"floor":43.0,"key":"Pear"},{"floor":44,"key":"HornCleat"},{"floor":46,"key":"War Paint"},{"floor":54,"key":"Torii"}],"event_choices":[{"cards_removed":["Strike_B"],"damage_healed":0.0,"max_hp_gain":0.0,"max_hp_loss":0.0,"gold_gain":0.0,"event_name":"Living Wall","player_choice":"Forget","floor":2.0,"gold_loss":0.0,"damage_taken":0.0},{"damage_healed":0.0,"max_hp_gain":0.0,"max_hp_loss":0.0,"gold_gain":100.0,"event_name":"Golden Shrine","player_choice":"Pray","floor":3.0,"gold_loss":0.0,"damage_taken":0.0},{"damage_healed":0.0,"max_hp_gain":0.0,"max_hp_loss":0.0,"gold_gain":75.0,"event_name":"World of Goop","player_choice":"Gather Gold","floor":10.0,"gold_loss":0.0,"damage_taken":11.0},{"damage_healed":0.0,"max_hp_gain":0.0,"max_hp_loss":0.0,"gold_gain":0.0,"event_name":"Masked Bandits","player_choice":"Fought Bandits","floor":19.0,"gold_loss":0.0,"damage_taken":0.0},{"damage_healed":27.0,"max_hp_gain":0.0,"max_hp_loss":0.0,"gold_gain":0.0,"event_name":"The Library","player_choice":"Heal","floor":21.0,"gold_loss":0.0,"damage_taken":0.0},{"damage_healed":0.0,"max_hp_gain":0.0,"max_hp_loss":0.0,"gold_gain":99.0,"event_name":"Nest","player_choice":"Stole From Cult","floor":30.0,"gold_loss":0.0,"damage_taken":0.0},{"damage_healed":0.0,"max_hp_gain":0.0,"max_hp_loss":0.0,"gold_gain":0.0,"event_name":"Lab","player_choice":"Got Potions","floor":36.0,"gold_loss":0.0,"damage_taken":0.0},{"damage_healed":0.0,"max_hp_gain":0.0,"max_hp_loss":0.0,"gold_gain":0.0,"event_name":"Duplicator","player_choice":"Copied","floor":39.0,"gold_loss":0.0,"damage_taken":0.0,"cards_obtained":["Defragment"]},{"damage_healed":0,"gold_gain":0,"player_choice":"Memory 1","damage_taken":0,"max_hp_gain":0,"max_hp_loss":0,"event_name":"SensoryStone","floor":47,"gold_loss":0}],"is_beta":false,"boss_relics":[{"not_picked":["SacredBark","Fusion Hammer"],"picked":"Pandora\u0027s Box"},{"not_picked":["Tiny House","Velvet Choker"],"picked":"FrozenCore"}],"items_purged_floors":[14,24],"is_endless":false,"potions_floor_spawned":[8,11,12,20,28,31,35,46,48,54],"ascension_level":3}}