{"host":"eglukmwb6rueyn6u","time":1613842852,"event":{"mods":["AchievementEnabler","BaseMod","Colored Powertips","Highlight Path","Minty Spire (QoL Compilation)"],"gold_per_floor":[369,387,398,415,415,449,449,475,475,135,145,145,145,175,175,280,280,296,596,596,596,612,612,287,287,287,287,15,30,49,63,63,161,161,178,178,196,196,215,249,249,249,273,273,305,323,335,10,10,10,10,10,10,39,39,39],"floor_reached":55,"language":"ENG","playtime":7433,"items_purged":["Strike_P","Strike_P"],"score":735,"play_id":"6b628a39-1c8a-4f60-9d74-4f639100b29d","local_time":"20210220194052","is_ascension_mode":false,"campfire_choices":[{"floor":7.0,"key":"REST"},{"data":"Tantrum","floor":13.0,"key":"SMITH"},{"data":"Adaptation","floor":15.0,"key":"SMITH"},{"data":"DevaForm","floor":23.0,"key":"SMITH"},{"data":"LikeWater","floor":25.0,"key":"SMITH"},{"data":"ThirdEye","floor":27.0,"key":"SMITH"},{"floor":32.0,"key":"REST"},{"data":"Weave","floor":41.0,"key":"SMITH"},{"data":"TalkToTheHand","floor":44.0,"key":"SMITH"},{"floor":49.0,"key":"RECALL"},{"data":"Devotion","floor":52.0,"key":"SMITH"}],"circlet_count":0,"master_deck":["Eruption+1","Vigilance","LikeWater+1","EmptyBody","JustLucky+1","JustLucky+1","ThirdEye+1","Tantrum+1","ClearTheMind+1","Adaptation+1","DevaForm+1","Nirvana","ThirdEye+1","EmptyFist","Weave+1","TalkToTheHand+1","Prostrate+1","DevaForm+1","EmptyBody+1","CutThroughFate","CutThroughFate","Devotion+1","Judgement+1","Indignation+1","Meditate+1","ReachHeaven","Vengeance+1","DeusExMachina+1","Halt+1","Swivel+1","Perseverance+1","Establishment","Discovery+1","Panacea+1","TalkToTheHand+1"],"relics":["PureWater","Damaru","Shuriken","Mango","Toxic Egg 2","Runic Pyramid","Old Coin","Enchiridion","Whetstone","Matryoshka","DollysMirror","Pandora\u0027s Box","Regal Pillow","Eternal Feather","Bag of Preparation","Meat on the Bone","Bottled Tornado","White Beast Statue","Pantograph"],"acts_visited":["Exordium","TheCity","TheBeyond","TheEnding"],"potions_floor_usage":[55,55],"damage_taken":[{"damage":1.0,"enemies":"2 Louse","floor":1.0,"turns":3.0},{"damage":2.0,"enemies":"Small Slimes","floor":2.0,"turns":5.0},{"damage":0.0,"enemies":"Jaw Worm","floor":3.0,"turns":3.0},{"damage":0.0,"enemies":"Looter","floor":4.0,"turns":3.0},{"damage":44.0,"enemies":"Gremlin Nob","floor":6.0,"turns":4.0},{"damage":8.0,"enemies":"3 Sentries","floor":8.0,"turns":13.0},{"damage":8.0,"enemies":"2 Fungi Beasts","floor":11.0,"turns":5.0},{"damage":19.0,"enemies":"Hexaghost","floor":16.0,"turns":9.0},{"damage":20.0,"enemies":"2 Thieves","floor":18.0,"turns":3.0},{"damage":3.0,"enemies":"Shell Parasite","floor":22.0,"turns":4.0},{"damage":23.0,"enemies":"Snecko","floor":29.0,"turns":6.0},{"damage":5.0,"enemies":"3 Cultists","floor":30.0,"turns":7.0},{"damage":5.0,"enemies":"Chosen and Byrds","floor":31.0,"turns":6.0},{"damage":1.0,"enemies":"Champ","floor":33.0,"turns":7.0},{"damage":5.0,"enemies":"3 Shapes","floor":35.0,"turns":5.0},{"damage":0.0,"enemies":"3 Darklings","floor":37.0,"turns":4.0},{"damage":8.0,"enemies":"Writhing Mass","floor":39.0,"turns":4.0},{"damage":23.0,"enemies":"Reptomancer","floor":40.0,"turns":5.0},{"damage":4.0,"enemies":"Giant Head","floor":45.0,"turns":6.0},{"damage":9.0,"enemies":"4 Shapes","floor":46.0,"turns":4.0},{"damage":14.0,"enemies":"3 Darklings","floor":47.0,"turns":4.0},{"damage":54.0,"enemies":"Awakened One","floor":50.0,"turns":8.0},{"damage":19,"enemies":"Shield and Spear","floor":54,"turns":8},{"damage":82,"enemies":"The Heart","floor":55,"turns":6}],"seed_played":"-1385642410001600924","potions_obtained":[{"floor":1.0,"key":"AttackPotion"},{"floor":4.0,"key":"Ancient Potion"},{"floor":11.0,"key":"Explosive Potion"},{"floor":16.0,"key":"SteroidPotion"},{"floor":22.0,"key":"AttackPotion"},{"floor":30.0,"key":"EssenceOfSteel"},{"floor":31.0,"key":"LiquidBronze"},{"floor":37.0,"key":"LiquidMemories"},{"floor":39.0,"key":"Regen Potion"},{"floor":47.0,"key":"Block Potion"},{"floor":54,"key":"PowerPotion"}],"is_trial":false,"path_per_floor":["M","M","M","M","?","E","R","E","T","$","M","?","R","?","R","B",null,"M","?","?","?","M","R","$","R","T","R","$","M","M","M","R","B",null,"M","T","M","?","M","E","R","?","T","R","E","M","M","$","R","B",null,"R","$","E","B"],"character_chosen":"WATCHER","items_purchased":["Toxic Egg 2","ClearTheMind+1","Weave","Whetstone","TalkToTheHand","Prostrate+1","DollysMirror","Panacea+1","White Beast Statue"],"campfire_rested":2,"item_purchase_floors":[10,10,24,24,28,28,28,48,48],"current_hp_per_floor":[64,62,62,62,67,23,44,36,50,50,42,42,42,42,42,23,84,64,64,48,48,45,45,45,45,45,45,45,22,17,12,37,36,84,79,79,79,79,71,48,66,66,66,80,76,67,53,53,71,44,80,80,80,61,0,0],"gold":39,"neow_bonus":"TWO_FIFTY_GOLD","is_daily":false,"chose_seed":false,"campfire_upgraded":8,"win_rate":0.0,"timestamp":1613842852,"path_taken":["M","M","M","M","?","E","R","E","T","$","M","?","R","?","R","BOSS","M","?","?","?","?","R","?","R","T","R","$","?","M","M","R","BOSS","M","?","M","?","M","E","R","?","T","R","E","M","M","$","R","BOSS","R","$","E","BOSS"],"items_purchased_type":["Relic","Card","Card","Relic","Card","Card","Relic","Card","Relic"],"build_version":"2020-12-22","purchased_purges":2,"victory":false,"max_hp_per_floor":[65,65,65,65,70,70,70,70,84,84,84,84,84,84,84,84,84,84,84,84,84,84,84,84,84,84,84,84,84,84,84,84,84,84,84,84,84,80,80,80,80,80,80,80,80,80,80,80,80,80,80,80,80,80,80,80],"card_choices":[{"not_picked":["BowlingBash","EmptyBody"],"picked":"LikeWater","floor":1.0},{"not_picked":["BattleHymn","FlyingSleeves"],"picked":"EmptyBody","floor":2.0},{"not_picked":["WreathOfFlame","Wallop"],"picked":"JustLucky","floor":3.0},{"not_picked":["Protect","Sanctity"],"picked":"JustLucky","floor":4.0},{"not_picked":["FlurryOfBlows","WreathOfFlame"],"picked":"ThirdEye","floor":6.0},{"not_picked":["SandsOfTime","FlurryOfBlows"],"picked":"Tantrum","floor":8.0},{"not_picked":["Conclude","DevaForm"],"picked":"Adaptation","floor":11.0},{"not_picked":["DeusExMachina+1","Brilliance"],"picked":"DevaForm","floor":16.0},{"not_picked":["Consecrate","TalkToTheHand"],"picked":"Nirvana","floor":18.0},{"not_picked":["CrushJoints","LikeWater"],"picked":"EmptyFist","floor":22.0},{"not_picked":["CrushJoints","Vengeance+1"],"picked":"EmptyBody+1","floor":29.0},{"not_picked":["Worship+1","Halt+1"],"picked":"CutThroughFate","floor":30.0},{"not_picked":["FlyingSleeves","Protect+1"],"picked":"CutThroughFate","floor":31.0},{"not_picked":["Establishment","MasterReality"],"picked":"Devotion","floor":33.0},{"not_picked":["EmptyBody+1","ClearTheMind+1"],"picked":"Halt+1","floor":35.0},{"not_picked":["CarveReality","FlurryOfBlows+1","CrushJoints"],"picked":"SKIP","floor":37.0},{"not_picked":["PathToVictory+1","EmptyBody+1"],"picked":"Swivel+1","floor":39.0},{"not_picked":["Evaluate+1","Meditate+1"],"picked":"Perseverance+1","floor":40.0},{"not_picked":["SignatureMove+1","EmptyFist+1","Vengeance+1"],"picked":"SKIP","floor":45.0},{"not_picked":["SashWhip+1","EmptyFist+1","Evaluate+1"],"picked":"SKIP","floor":46.0},{"not_picked":["DeceiveReality+1","Meditate+1","SignatureMove+1"],"picked":"SKIP","floor":47.0},{"not_picked":["WindmillStrike","Protect+1"],"picked":"TalkToTheHand+1","floor":54}],"player_experience":129164,"relics_obtained":[{"floor":6.0,"key":"Damaru"},{"floor":8.0,"key":"Shuriken"},{"floor":9.0,"key":"Mango"},{"floor":20.0,"key":"Enchiridion"},{"floor":26.0,"key":"Matryoshka"},{"floor":36.0,"key":"Regal Pillow"},{"floor":36.0,"key":"Eternal Feather"},{"floor":40.0,"key":"Bag of Preparation"},{"floor":43.0,"key":"Meat on the Bone"},{"floor":45.0,"key":"Bottled Tornado"},{"floor":54,"key":"Pantograph"}],"event_choices":[{"damage_healed":0.0,"max_hp_gain":5.0,"max_hp_loss":0.0,"gold_gain":0.0,"event_name":"Big Fish","player_choice":"Donut","floor":5.0,"gold_loss":0.0,"damage_taken":0.0},{"damage_healed":0.0,"max_hp_gain":0.0,"max_hp_loss":0.0,"gold_gain":0.0,"event_name":"Living Wall","player_choice":"Grow","floor":12.0,"gold_loss":0.0,"damage_taken":0.0,"cards_upgraded":["Eruption"]},{"damage_healed":0.0,"max_hp_gain":0.0,"max_hp_loss":0.0,"gold_gain":30.0,"event_name":"Dead Adventurer","player_choice":"Searched \u00272\u0027 times","floor":14.0,"gold_loss":0.0,"damage_taken":0.0},{"damage_healed":0.0,"max_hp_gain":0.0,"max_hp_loss":0.0,"gold_gain":0.0,"event_name":"The Mausoleum","player_choice":"Opened","floor":19.0,"gold_loss":0.0,"damage_taken":0.0,"relics_obtained":["Old Coin"]},{"damage_healed":0.0,"max_hp_gain":0.0,"max_hp_loss":0.0,"gold_gain":0.0,"event_name":"Cursed Tome","player_choice":"Obtained Book","floor":20.0,"gold_loss":0.0,"damage_taken":16.0},{"damage_healed":0.0,"max_hp_gain":0.0,"max_hp_loss":0.0,"gold_gain":0.0,"event_name":"The Library","player_choice":"Read","floor":21.0,"gold_loss":0.0,"damage_taken":0.0,"cards_obtained":["ThirdEye"]},{"damage_healed":0.0,"max_hp_gain":0.0,"max_hp_loss":4.0,"gold_gain":0.0,"event_name":"Winding Halls","player_choice":"Max HP","floor":38.0,"gold_loss":0.0,"damage_taken":0.0},{"damage_healed":0.0,"max_hp_gain":0.0,"max_hp_loss":0.0,"gold_gain":0.0,"event_name":"Match and Keep!","player_choice":"2 cards matched","floor":42.0,"gold_loss":0.0,"damage_taken":0.0,"cards_obtained":["Establishment","Discovery"]}],"is_beta":false,"boss_relics":[{"not_picked":["Calling Bell","Snecko Eye"],"picked":"Runic Pyramid"},{"not_picked":["Cursed Key","Empty Cage"],"picked":"Pandora\u0027s Box"}],"items_purged_floors":[10,24],"is_endless":false,"potions_floor_spawned":[1,4,11,16,22,30,31,33,37,39,47,54],"killed_by":"The Heart","ascension_level":0}}