{"host":"yassvrowvc2yfwp2","time":1613790091,"event":{"mods":["2.2 Compatiblity","Act Like it!","BaseMod","Better Note","Curses Come First","Dota2Spire","Downfall","HololiveMod","Jorbs\u0027s Wanderer Trilogy","Minty Spire (QoL Compilation)","Prisma Mod","Rare Cards Sparkle","Reimu£®≤©¿ˆ¡È√Œ£©","Replay The Spire","Say the Spire","Spicy Shops","StSLib","The Bug Knight","The Cursed","The Servant 0.9.4"],"gold_per_floor":[119,119,119,132,149,149,175,194,221,221,221,240,256,283,283,388,388,403,403,403,430,430,430,459,374,374,374,384,384,415,426,426,529,579,594,594,206,217,267,267,295,295,320,336,350,366,400,449,449,479],"floor_reached":51,"language":"ZHS","playtime":2265,"items_purged":[],"score":714,"play_id":"6d4860ea-e5f7-46b9-adc7-28c14f63a8a2","local_time":"20210220110131","is_ascension_mode":true,"campfire_choices":[{"data":"stsjorbsmod:SmithingStrike","floor":6,"key":"SMITH"},{"data":"stsjorbsmod:FaerieFire","floor":10,"key":"SMITH"},{"data":"stsjorbsmod:Stalwart","floor":15,"key":"SMITH"},{"data":"stsjorbsmod:ColorSpray","floor":23,"key":"SMITH"},{"data":"stsjorbsmod:PurgeMind","floor":29,"key":"SMITH"},{"data":"stsjorbsmod:Mending","floor":32,"key":"SMITH"},{"data":"stsjorbsmod:Fireball","floor":40,"key":"SMITH"},{"floor":42,"key":"REST"},{"floor":49,"key":"DIG"}],"circlet_count":0,"master_deck":["stsjorbsmod:ForbiddenGrimoire+1","stsjorbsmod:Strike_Wanderer","stsjorbsmod:Strike_Wanderer","stsjorbsmod:Strike_Wanderer","stsjorbsmod:Strike_Wanderer+1","stsjorbsmod:Defend_Wanderer+1","stsjorbsmod:Defend_Wanderer","stsjorbsmod:Defend_Wanderer","stsjorbsmod:FreshAdventure","stsjorbsmod:EyeOfTheStorm","stsjorbsmod:Prestidigitation","stsjorbsmod:FindFamiliar+1","stsjorbsmod:SmithingStrike+1","stsjorbsmod:FaerieFire+1","stsjorbsmod:RefuseToForget+1","stsjorbsmod:FlameWard","stsjorbsmod:Stalwart+1","stsjorbsmod:Thorns","stsjorbsmod:DeathThroes","stsjorbsmod:ColorSpray+1","stsjorbsmod:MistyStep","stsjorbsmod:MageArmor+1","stsjorbsmod:PurgeMind+1","stsjorbsmod:Mending+1","stsjorbsmod:Fireball+1","stsjorbsmod:Firebolt","stsjorbsmod:ScorchingRay+1","Sadistic Nature+1","stsjorbsmod:BookOfTongues","stsjorbsmod:Inferno+1","stsjorbsmod:HedgeWizard+1","Parasite","stsjorbsmod:Fireball","stsjorbsmod:Firebolt+1"],"relics":["stsjorbsmod:GrimoireRelic","Dota2Spire:DrumOfEndurance","Oddly Smooth Stone","Pet Ghost","Hololive_Finger","Ornamental Fan","Gremlin Food","ReplayTheSpireMod:TigerMarble","ReplayTheSpireMod:Lightbulb","Dota2Spire:Mjollnir","Tiny House","Dead Branch","Chameleon Ring","Dota2Spire:ArcaneBoots","Dota2Spire:HandOfMidas","Bag of Marbles"],"acts_visited":["Exordium","TheCity","TheBeyond"],"potions_floor_usage":[50,50,50],"damage_taken":[{"damage":0,"enemies":"Small Slimes","floor":1,"turns":4},{"damage":0,"enemies":"2 Louse","floor":4,"turns":2},{"damage":6,"enemies":"Jaw Worm","floor":5,"turns":4},{"damage":0,"enemies":"Replay:BlueRogue","floor":7,"turns":7},{"damage":0,"enemies":"2 Fungi Beasts","floor":8,"turns":3},{"damage":12,"enemies":"3 Louse","floor":12,"turns":4},{"damage":0,"enemies":"Exordium Wildlife","floor":13,"turns":4},{"damage":11,"enemies":"Lagavulin","floor":14,"turns":6},{"damage":18,"enemies":"The Guardian","floor":16,"turns":7},{"damage":3,"enemies":"2 Thieves","floor":18,"turns":4},{"damage":8,"enemies":"Chosen","floor":21,"turns":5},{"damage":3,"enemies":"Gremlin Leader","floor":24,"turns":5},{"damage":7,"enemies":"Centurion and Healer","floor":28,"turns":4},{"damage":12,"enemies":"Replay:Snechameleon","floor":30,"turns":4},{"damage":0,"enemies":"Snecko","floor":31,"turns":3},{"damage":0,"enemies":"Collector","floor":33,"turns":6},{"damage":6,"enemies":"3 Darklings","floor":35,"turns":4},{"damage":2,"enemies":"3 Shapes","floor":38,"turns":2},{"damage":6,"enemies":"Mind Bloom Boss Battle","floor":39,"turns":3},{"damage":9,"enemies":"R_Hoarder","floor":41,"turns":4},{"damage":0,"enemies":"Writhing Mass","floor":44,"turns":3},{"damage":0,"enemies":"Sphere and 2 Shapes","floor":45,"turns":2},{"damage":11,"enemies":"Spire Growth","floor":46,"turns":4},{"damage":9,"enemies":"Reptomancer","floor":47,"turns":2},{"damage":0,"enemies":"Jaw Worm Horde","floor":48,"turns":2},{"damage":16,"enemies":"Replay:Hell Engine","floor":50,"turns":4}],"seed_played":"-1809892690687020880","potions_obtained":[{"floor":5,"key":"CultistPotion"},{"floor":7,"key":"EssenceOfSteel"},{"floor":8,"key":"GamblersBrew"},{"floor":34,"key":"Regen Potion"}],"is_trial":false,"path_per_floor":["M","?","?","M","M","R","E","M","T","R","?","M","M","E","R","B",null,"M","?","?","M","T","R","E","?","T","?","M","R","E","M","R","B",null,"M","?","$","M","?","R","E","R","T","M","M","M","E","M","R","B",null],"character_chosen":"WANDERER","items_purchased":["Sadistic Nature"],"campfire_rested":1,"item_purchase_floors":[37],"current_hp_per_floor":[68,68,68,68,64,64,68,68,68,68,68,59,62,57,57,46,70,70,70,70,66,66,66,66,66,66,66,64,64,57,59,59,70,75,74,74,74,73,67,67,64,77,77,77,77,71,63,64,64,76],"gold":479,"neow_bonus":"TRANSFORM_CARD","is_daily":false,"chose_seed":false,"campfire_upgraded":7,"win_rate":0.0,"timestamp":1613790091,"path_taken":["M","?","?","M","M","R","E","M","T","R","?","M","M","E","R","BOSS","M","?","?","M","?","R","E","?","T","?","M","R","E","?","R","BOSS","M","?","$","M","?","R","E","R","T","M","M","M","E","M","R","BOSS"],"items_purchased_type":["Card"],"build_version":"2020-12-22","purchased_purges":0,"victory":true,"max_hp_per_floor":[68,68,68,68,68,68,68,68,68,68,68,68,68,68,68,70,70,70,70,70,70,70,70,70,70,70,70,70,70,70,70,70,70,75,75,75,75,75,75,75,77,77,77,77,77,77,77,77,77,81],"card_choices":[{"not_picked":["stsjorbsmod:WeightOfMemory","stsjorbsmod:RayOfFrost"],"picked":"stsjorbsmod:Prestidigitation","floor":1},{"not_picked":["stsjorbsmod:Will","stsjorbsmod:Hurt"],"picked":"stsjorbsmod:SmithingStrike","floor":4},{"not_picked":["stsjorbsmod:FranticSearch","stsjorbsmod:ParryingBlow"],"picked":"stsjorbsmod:FaerieFire","floor":5},{"not_picked":["stsjorbsmod:Index","stsjorbsmod:FracturedMind","stsjorbsmod:RayOfFrost"],"picked":"SKIP","floor":7},{"not_picked":["stsjorbsmod:DisguiseSelf","stsjorbsmod:BurningFlask"],"picked":"stsjorbsmod:RefuseToForget","floor":8},{"not_picked":["stsjorbsmod:Will","stsjorbsmod:TrueStrike"],"picked":"stsjorbsmod:FlameWard","floor":12},{"not_picked":["stsjorbsmod:TollTheDead","stsjorbsmod:WeightOfMemory"],"picked":"stsjorbsmod:Stalwart","floor":13},{"not_picked":["stsjorbsmod:RefuseToForget","stsjorbsmod:Mania"],"picked":"stsjorbsmod:Thorns","floor":14},{"not_picked":["stsjorbsmod:Pyromancy","stsjorbsmod:ArcaneForm"],"picked":"stsjorbsmod:DeathThroes","floor":16},{"not_picked":["stsjorbsmod:TollTheDead","stsjorbsmod:TrueStrike+1"],"picked":"stsjorbsmod:ColorSpray","floor":18},{"not_picked":["stsjorbsmod:Will+1","stsjorbsmod:LocateObject"],"picked":"stsjorbsmod:MistyStep","floor":21},{"not_picked":["stsjorbsmod:WeightOfMemory","stsjorbsmod:Aid+1"],"picked":"stsjorbsmod:MageArmor","floor":24},{"not_picked":["stsjorbsmod:Stalwart","stsjorbsmod:Materialize","stsjorbsmod:RefuseToForget"],"picked":"SKIP","floor":28},{"not_picked":["stsjorbsmod:FlameWard","stsjorbsmod:OldPocket+1"],"picked":"stsjorbsmod:Mending","floor":30},{"not_picked":["stsjorbsmod:RayOfFrost","stsjorbsmod:Hibernate","stsjorbsmod:Introspection"],"picked":"SKIP","floor":31},{"not_picked":["stsjorbsmod:Banish","stsjorbsmod:Entangle"],"picked":"stsjorbsmod:Fireball","floor":33},{"not_picked":["stsjorbsmod:Introspection","stsjorbsmod:Prepare"],"picked":"stsjorbsmod:Firebolt","floor":34},{"not_picked":["stsjorbsmod:Aid+1","stsjorbsmod:ChatteringStrike"],"picked":"stsjorbsmod:ScorchingRay+1","floor":35},{"not_picked":["stsjorbsmod:MageArmor","stsjorbsmod:ChainLightning+1"],"picked":"stsjorbsmod:BookOfTongues","floor":38},{"not_picked":["stsjorbsmod:RayOfFrost+1","stsjorbsmod:Fireball"],"picked":"stsjorbsmod:Inferno+1","floor":39},{"not_picked":["stsjorbsmod:UnseenServant","stsjorbsmod:ChainLightning+1"],"picked":"stsjorbsmod:HedgeWizard+1","floor":41},{"not_picked":["stsjorbsmod:FracturedMind+1","stsjorbsmod:WanderingMind","stsjorbsmod:Will"],"picked":"SKIP","floor":44},{"not_picked":["stsjorbsmod:TollTheDead+1","stsjorbsmod:MagicMissiles+1","stsjorbsmod:DisguiseSelf"],"picked":"SKIP","floor":45},{"not_picked":["stsjorbsmod:Firebolt","stsjorbsmod:RayOfFrost+1","stsjorbsmod:BlackTentacles"],"picked":"SKIP","floor":46},{"not_picked":["stsjorbsmod:SmithingStrike","stsjorbsmod:TollTheDead+1"],"picked":"stsjorbsmod:Fireball","floor":47},{"not_picked":["stsjorbsmod:ColorSpray","stsjorbsmod:Channel+1"],"picked":"stsjorbsmod:Firebolt+1","floor":48}],"player_experience":2173832,"relics_obtained":[{"floor":7,"key":"Dota2Spire:DrumOfEndurance"},{"floor":9,"key":"Oddly Smooth Stone"},{"floor":14,"key":"Pet Ghost"},{"floor":22,"key":"Ornamental Fan"},{"floor":24,"key":"Gremlin Food"},{"floor":26,"key":"ReplayTheSpireMod:Lightbulb"},{"floor":30,"key":"Dota2Spire:Mjollnir"},{"floor":39,"key":"Dead Branch"},{"floor":41,"key":"Chameleon Ring"},{"floor":43,"key":"Dota2Spire:ArcaneBoots"},{"floor":47,"key":"Dota2Spire:HandOfMidas"},{"floor":49,"key":"Bag of Marbles"}],"event_choices":[{"damage_healed":0,"gold_gain":0,"player_choice":"Ignored","damage_taken":0,"max_hp_gain":0,"max_hp_loss":0,"event_name":"Vampires","floor":19,"gold_loss":0},{"damage_healed":0,"gold_gain":0,"player_choice":"Ignored","damage_taken":0,"max_hp_gain":0,"max_hp_loss":0,"event_name":"Ghosts","floor":20,"gold_loss":0},{"damage_healed":0,"gold_gain":0,"player_choice":"Obtained Relic","damage_taken":0,"relics_obtained":["ReplayTheSpireMod:TigerMarble"],"max_hp_gain":0,"max_hp_loss":0,"event_name":"Addict","floor":25,"gold_loss":85},{"damage_healed":0,"gold_gain":0,"player_choice":"Read","damage_taken":0,"max_hp_gain":0,"max_hp_loss":0,"event_name":"The Library","floor":27,"gold_loss":0,"cards_obtained":["stsjorbsmod:PurgeMind"]},{"damage_healed":0,"gold_gain":0,"player_choice":"Ignored","damage_taken":0,"max_hp_gain":0,"max_hp_loss":0,"event_name":"Tomb of Lord Red Mask","floor":36,"gold_loss":0},{"damage_healed":0,"gold_gain":0,"player_choice":"Fight","damage_taken":0,"max_hp_gain":0,"max_hp_loss":0,"event_name":"MindBloom","floor":39,"gold_loss":0}],"is_beta":false,"boss_relics":[{"not_picked":["Honey Jar","Velvet Choker"],"picked":"Hololive_Finger"},{"not_picked":["Replay:Ancient Bell","Snecko Eye"],"picked":"Tiny House"}],"items_purged_floors":[],"is_endless":false,"potions_floor_spawned":[5,7,8,16,24,28,38,44,45,46,48],"ascension_level":1}}