{"host":"cw5mrddkw4tq3s8v","time":1613782905,"event":{"mods":["BaseMod","Block Reminder","Colored Map","Colored Powertips","DeckTracker","Highlight Path","Hubris","Infinite Spire","Minty Spire (QoL Compilation)","Permanent Neow","Quick Restart","Random Character Button","Relic Sorter","Relic Stats","Replay The Spire","StSLib","SuperFastMode","The Blue Laboratory","The Jungle"],"gold_per_floor":[115,115,126,0,16,50,63,98,98,126,140,140,140],"floor_reached":12,"language":"ENG","playtime":608,"items_purged":["Strike_R"],"score":105,"play_id":"f096a5d6-07e7-4f78-b25d-8191f2efdb43","local_time":"20210220030145","is_ascension_mode":true,"campfire_choices":[],"circlet_count":0,"master_deck":["Strike_R","Strike_R+1","Strike_R","Strike_R","Defend_R+1","Defend_R","Defend_R","Defend_R","Bash+1","Body Slam+1","Flex","Twin Strike","Cleave","Pommel Strike"],"relics":["Burning Blood","infinitespire:Magic Flask","Simple Rune","Replay:Ringing Soul","Toxic Egg 2"],"acts_visited":["Exordium"],"potions_floor_usage":[6],"damage_taken":[{"damage":2,"enemies":"2 Louse","floor":1,"turns":2},{"damage":1,"enemies":"Cultist","floor":3,"turns":3},{"damage":1,"enemies":"Jaw Worm","floor":5,"turns":3},{"damage":26,"enemies":"3 Sentries","floor":6,"turns":6},{"damage":16,"enemies":"Exordium Thugs","floor":7,"turns":4},{"damage":32,"enemies":"Lagavulin","floor":8,"turns":6},{"damage":18,"enemies":"3 Sentries","floor":10,"turns":7},{"damage":2,"enemies":"Looter","floor":11,"turns":2},{"damage":31,"enemies":"Gremlin Nob","floor":12,"turns":3}],"seed_played":"-7142769514220130328","potions_obtained":[{"floor":3,"key":"Strength Potion"},{"floor":5,"key":"blueLaboratory:AbyssPotion"},{"floor":11,"key":"blueLaboratory:CorrosionFlask"}],"is_trial":false,"path_per_floor":["M","?","M","$","M","E","M","E","T","E","M","E"],"character_chosen":"IRONCLAD","items_purchased":["Twin Strike"],"campfire_rested":0,"item_purchase_floors":[4],"current_hp_per_floor":[80,80,80,80,80,60,50,24,24,12,16,0,0],"gold":140,"neow_bonus":"UPGRADE_CARD","is_daily":false,"chose_seed":false,"campfire_upgraded":0,"win_rate":0.0,"timestamp":1613782905,"path_taken":["M","?","M","$","M","E","M","E","T","E","M","E"],"items_purchased_type":["Card"],"build_version":"2020-12-13","purchased_purges":1,"victory":false,"max_hp_per_floor":[80,80,80,80,80,80,80,80,80,80,80,80,80],"relic_stats":{"counters":[9,36],"obtain_stats":[{"Replay:Ringing Soul":9,"Simple Rune":6,"infinitespire:Magic Flask":8,"Toxic Egg 2":10,"Burning Blood":0},{"Replay:Ringing Soul":6,"Simple Rune":4,"infinitespire:Magic Flask":6,"Toxic Egg 2":7,"Burning Blood":0},{"Replay:Ringing Soul":24,"Simple Rune":14,"infinitespire:Magic Flask":24,"Toxic Egg 2":31,"Burning Blood":0}],"Burning Blood":34},"card_choices":[{"not_picked":["Replay:Undeath\u0027s Touch","Flex"],"picked":"Body Slam","floor":1},{"not_picked":["Sword Boomerang","Combust"],"picked":"Flex","floor":3},{"not_picked":["Run Through","Rage"],"picked":"Cleave","floor":5},{"not_picked":["Body Slam","Dropkick"],"picked":"Pommel Strike","floor":6},{"not_picked":["Dual Wield","Run Through","Pommel Strike"],"picked":"SKIP","floor":7},{"not_picked":["Limit Break","Clothesline","ReplayTheSpireMod:Corrosion Curse"],"picked":"SKIP","floor":8},{"not_picked":["Rupture","Sword Boomerang","Fiend Fire"],"picked":"SKIP","floor":10},{"not_picked":["Rampage","hubris:SharpeningStone+1","Anger"],"picked":"SKIP","floor":11}],"player_experience":71024,"relics_obtained":[{"floor":6,"key":"Simple Rune"},{"floor":8,"key":"infinitespire:Magic Flask"},{"floor":9,"key":"Replay:Ringing Soul"},{"floor":10,"key":"Toxic Egg 2"}],"event_choices":[{"damage_healed":0,"gold_gain":0,"player_choice":"Upgraded","damage_taken":0,"max_hp_gain":0,"max_hp_loss":0,"event_name":"Upgrade Shrine","floor":2,"gold_loss":0,"cards_upgraded":["Body Slam"]}],"is_beta":false,"boss_relics":[],"items_purged_floors":[4],"is_endless":false,"potions_floor_spawned":[3,5,11],"killed_by":"Gremlin Nob","ascension_level":1}}