{"host":"9z6a73ubmgnn64m2","time":1613790850,"event":{"mods":["BaseMod","Bestiary","Highlight Path","Minty Spire (QoL Compilation)"],"gold_per_floor":[111,128,203,220,220,235,235,245,272,272,298,320,351,33,33,33,33],"floor_reached":16,"language":"ENG","playtime":3988,"items_purged":[],"score":116,"play_id":"a13fc566-d5e6-493d-aec3-2d0739864146","local_time":"20210219231410","is_ascension_mode":true,"campfire_choices":[{"floor":7,"key":"REST"},{"floor":10,"key":"REST"},{"floor":15,"key":"REST"}],"circlet_count":0,"master_deck":["Strike_R","Strike_R","Strike_R","Strike_R","Strike_R","Defend_R","Defend_R","Defend_R","Defend_R","Bash","Cleave","Rupture","Headbutt","Clothesline","Thunderclap","Feed","Ghostly Armor","Hemokinesis","The Bomb"],"relics":["Burning Blood","Unceasing Top","Orichalcum","Toy Ornithopter","Odd Mushroom","MealTicket","OrangePellets"],"acts_visited":["Exordium"],"potions_floor_usage":[16],"damage_taken":[{"damage":10,"enemies":"Small Slimes","floor":1,"turns":5},{"damage":7,"enemies":"Jaw Worm","floor":2,"turns":4},{"damage":0,"enemies":"2 Louse","floor":4,"turns":2},{"damage":8,"enemies":"Exordium Thugs","floor":6,"turns":4},{"damage":9,"enemies":"3 Louse","floor":8,"turns":3},{"damage":25,"enemies":"3 Sentries","floor":11,"turns":8},{"damage":13,"enemies":"The Mushroom Lair","floor":12,"turns":3},{"damage":50,"enemies":"Lagavulin","floor":13,"turns":9},{"damage":60,"enemies":"Hexaghost","floor":16,"turns":9}],"seed_played":"-8064672117511329443","potions_obtained":[{"floor":1,"key":"GamblersBrew"},{"floor":4,"key":"SpeedPotion"},{"floor":6,"key":"PowerPotion"},{"floor":11,"key":"LiquidBronze"}],"is_trial":false,"path_per_floor":["M","M","?","M","?","M","R","M","T","R","E","?","E","$","R","B"],"character_chosen":"IRONCLAD","items_purchased":["OrangePellets","The Bomb"],"campfire_rested":3,"item_purchase_floors":[14,14],"current_hp_per_floor":[52,51,40,46,46,44,68,65,65,80,61,57,13,28,52,0,0],"gold":33,"neow_bonus":"ONE_RARE_RELIC","is_daily":false,"chose_seed":false,"campfire_upgraded":0,"win_rate":0.0,"timestamp":1613790850,"path_taken":["M","M","?","M","?","M","R","M","T","R","E","?","E","$","R","BOSS"],"items_purchased_type":["Relic","Card"],"build_version":"2020-12-22","purchased_purges":0,"victory":false,"max_hp_per_floor":[80,80,80,80,80,80,80,80,80,80,80,83,83,83,83,83,83],"card_choices":[{"not_picked":["Dropkick","Seeing Red"],"picked":"Cleave","floor":1},{"not_picked":["Clash","Body Slam"],"picked":"Rupture","floor":2},{"not_picked":["Sword Boomerang","True Grit"],"picked":"Headbutt","floor":4},{"not_picked":["Rage","Sword Boomerang"],"picked":"Clothesline","floor":6},{"not_picked":["Cleave","Perfected Strike"],"picked":"Thunderclap","floor":8},{"not_picked":["Berserk","Combust"],"picked":"Feed","floor":11},{"not_picked":["Wild Strike","Second Wind"],"picked":"Ghostly Armor","floor":12},{"not_picked":["Dual Wield","Fiend Fire"],"picked":"Hemokinesis","floor":13}],"player_experience":127986,"relics_obtained":[{"floor":9,"key":"Orichalcum"},{"floor":11,"key":"Toy Ornithopter"},{"floor":12,"key":"Odd Mushroom"},{"floor":13,"key":"MealTicket"}],"event_choices":[{"damage_healed":0,"gold_gain":75,"player_choice":"Gather Gold","damage_taken":11,"max_hp_gain":0,"max_hp_loss":0,"event_name":"World of Goop","floor":3,"gold_loss":0},{"damage_healed":0,"gold_gain":0,"player_choice":"Ignored","damage_taken":0,"max_hp_gain":0,"max_hp_loss":0,"event_name":"Shining Light","floor":5,"gold_loss":0},{"damage_healed":0,"gold_gain":0,"player_choice":"Fought Mushrooms","damage_taken":0,"max_hp_gain":0,"max_hp_loss":0,"event_name":"Mushrooms","floor":12,"gold_loss":0}],"is_beta":false,"boss_relics":[],"items_purged_floors":[],"is_endless":false,"potions_floor_spawned":[1,4,6,11],"killed_by":"Hexaghost","ascension_level":1}}