{"host":"za9ilm1uiwmpmin1","time":1613803551,"event":{"mods":["AchievementEnabler","Act Like it!","BaseMod","Dota2Spire","Downfall","Friendly Minions","Gensokyo","KomeijiMod","Lobotomy","LobotomyExtend","Marisa£®ÏF”Í°°ƒß¿Ì…≥£©","Minty Spire (QoL Compilation)","MostiFishMod","StSLib","TestMod","Waifu the Spire"],"gold_per_floor":[114,132,132,146,156,156,174,174,201,12,12,44,44,71,71,150,150,150,150,150,162,55,55,71,96,96,108,341,341,372,382,382,455,455,471,374,374,392,392,727,652,886,886,924,924,956,973,973,973,979,979,979,979,14,44,53],"floor_reached":57,"language":"ZHS","playtime":2217,"items_purged":["champ:Strike","champ:Strike"],"score":2972,"play_id":"e4c2ad9c-02ce-4aa5-a230-722c1cf66f05","local_time":"20210220144551","is_ascension_mode":true,"campfire_choices":[{"floor":6.0,"key":"RECALL"},{"data":"champ:Duel","floor":8.0,"key":"SMITH"},{"data":"champ:Taunt","floor":15,"key":"SMITH"},{"data":"champ:HoldFirm","floor":23,"key":"SMITH"},{"data":"champ:ShieldThrow","floor":29,"key":"SMITH"},{"data":"champ:Execute","floor":32,"key":"SMITH"},{"data":"1","floor":49,"key":"LIFT"},{"data":"2","floor":53,"key":"LIFT"}],"circlet_count":0,"master_deck":["AscendersBane","champ:Defend","champ:Defend+1","champ:Defend","champ:Defend+1","champ:Taunt+1","champ:HoldFirm+1","champ:Duel+1","champ:ShieldThrow+1","Gensokyo:MedicineKit","champ:ShieldWall"],"relics":["DaveBox","testmod-TestBox","ChiXiaoBlade","testmod-FatalChain","DianPoetry","SynthV:TestCard","LetterFromLob","Civilization","Orichalcum","testmod-OneHitWonder","testmod-LifeArmor","testmod-RainbowHikingShoes","Vajra","Gambling Chip","WingedGreaves","MealTicket","testmod-DeterminationOfClimber","testmod-BouquetWithThorns","Girya","Omamori","testmod-Hope","The Courier","InkBottle","Oddly Smooth Stone","Eternal Feather","Dota2Spire:Desolator","Bronze Scales","champ:DefensiveTrainingManual","Boot","War Paint","Dota2Spire:MonkeyKingBar","Lantern"],"acts_visited":["Exordium","Gensokyo:Gensokyo","Gensokyo:Gensokyoer","TheEnding"],"potions_floor_usage":[55,56,56],"damage_taken":[{"damage":28.0,"enemies":"Gensokyo:Gryphon","floor":1.0,"turns":3.0},{"damage":30.0,"enemies":"Gensokyo:Python","floor":2.0,"turns":3.0},{"damage":20.0,"enemies":"Gensokyo:3_Fairies","floor":4.0,"turns":2.0},{"damage":0.0,"enemies":"Gensokyo:3_Kodama","floor":5.0,"turns":3.0},{"damage":0.0,"enemies":"Gensokyo:Kitsune","floor":7.0,"turns":3.0},{"damage":40,"enemies":"Gensokyo:Mamizou","floor":12,"turns":7},{"damage":30,"enemies":"Gensokyo:Cirno","floor":14,"turns":4},{"damage":10,"enemies":"Gensokyo:Kokoro","floor":16,"turns":6},{"damage":10,"enemies":"Gensokyo:2_Gloops","floor":21,"turns":4},{"damage":0,"enemies":"Gensokyo:Chomper","floor":24,"turns":3},{"damage":10,"enemies":"Gensokyo:Koishi","floor":25,"turns":4},{"damage":0,"enemies":"Gensokyo:Mirror_and_Dog","floor":27,"turns":3},{"damage":10,"enemies":"Gensokyo:Reisen","floor":28,"turns":3},{"damage":0,"enemies":"Gensokyo:Koishi","floor":30,"turns":4},{"damage":0,"enemies":"Gensokyo:Swordslinger","floor":31,"turns":2},{"damage":0,"enemies":"Gensokyo:Eiki","floor":33,"turns":6},{"damage":10,"enemies":"Gensokyo:3_Bats","floor":35,"turns":2},{"damage":0,"enemies":"Gensokyo:AncientGuardian","floor":38,"turns":2},{"damage":10,"enemies":"Gensokyo:Doremy","floor":40,"turns":4},{"damage":0,"enemies":"Gensokyo:Marisa","floor":42,"turns":3},{"damage":0,"enemies":"Gensokyo:Doremy","floor":44,"turns":3},{"damage":0,"enemies":"Gensokyo:Marisa","floor":46,"turns":2},{"damage":0,"enemies":"Gensokyo:AtlasGolem","floor":47,"turns":3},{"damage":0,"enemies":"Gensokyo:Shinki","floor":50,"turns":4},{"damage":0,"enemies":"Shield and Spear","floor":55,"turns":3},{"damage":0,"enemies":"The Heart","floor":56,"turns":3}],"seed_played":"-1643323839650688672","potions_obtained":[{"floor":2.0,"key":"testmod-SpacePotion"},{"floor":4.0,"key":"Dota2Spire:HealingSalve"},{"floor":7.0,"key":"Block Potion"},{"floor":14,"key":"DuplicationPotion"},{"floor":42,"key":"SkillPotion"}],"is_trial":false,"path_per_floor":["M","M","?","M","M","R","M","R","T","COS","$","E","$","E","R","B",null,"M","?","$","M","COS","R","M","E","T","M","E","R","E","M","R","B",null,"M","COS","?","M","?","E","$","E","T","E","?","E","M","T","R","B",null,null,"R","$","E","B",null],"character_chosen":"THE_CHAMP","items_purchased":["Dota2Spire:Desolator","Bronze Scales","champ:DefensiveTrainingManual","Boot","War Paint","Dota2Spire:MonkeyKingBar"],"campfire_rested":0,"item_purchase_floors":[54,54,54,54,54,54],"current_hp_per_floor":[65,65,60,60,60,60,60,60,60,60,60,61,61,62,62,64,80,80,80,80,84,84,84,89,94,94,99,104,104,109,114,114,119,123,129,129,65,74,74,82,97,106,106,116,116,124,133,133,139,150,150,161,164,164,169,174],"gold":53,"neow_bonus":"BOSS_RELIC","is_daily":false,"chose_seed":false,"campfire_upgraded":5,"win_rate":0.0,"timestamp":1613803551,"path_taken":["M","M","?","M","M","R","?","R","T","COS","?","E","$","E","R","BOSS","M","?","$","?","COS","R","M","E","T","M","E","R","E","M","R","BOSS","M","COS","?","M","?","E","$","E","T","E","?","E","?","?","R","BOSS","R","$","E","BOSS"],"items_purchased_type":["Relic","Relic","Relic","Relic","Relic","Relic"],"build_version":"2020-12-22","purchased_purges":2,"victory":true,"max_hp_per_floor":[81,81,81,81,81,81,81,81,81,81,81,82,82,83,83,85,85,85,85,85,89,89,89,94,99,99,104,109,109,114,119,119,124,124,129,129,129,134,134,139,139,144,144,149,149,154,159,159,159,164,164,164,164,164,169,174],"card_choices":[{"not_picked":["champ:TornadoPunch","champ:BerserkersShout","champ:GladiatorStyle"],"picked":"SKIP","floor":1.0},{"not_picked":["champ:TornadoPunch","champ:Backstep","champ:BladeFlurry","champ:HeartStrike"],"picked":"champ:HoldFirm","floor":2.0},{"not_picked":["champ:Haymaker","champ:PerfectedStrike","champ:BerserkersShout","champ:ArenaPreparation"],"picked":"champ:Duel","floor":4.0},{"not_picked":["champ:Lariat","champ:RapidStrikes","champ:BerserkersShout","champ:FancyFootwork","champ:PerfectedStrike"],"picked":"SKIP","floor":5.0},{"not_picked":["champ:Circumvent","champ:CrownThrow","champ:Duel","champ:CrookedStrike","champ:PerfectedStrike"],"picked":"SKIP","floor":7.0},{"not_picked":["champ:IronFortress","champ:EndlessRage","champ:Endure","champ:ShieldSigil","champ:Backstep"],"picked":"SKIP","floor":12},{"not_picked":["champ:Encircle","champ:Circumvent","champ:FocusedDefense","champ:HeartStrike"],"picked":"champ:ShieldThrow","floor":14},{"not_picked":["champ:Encircle","champ:BladeFlurry+1","champ:ShieldSigil","champ:Circumvent","champ:TornadoPunch"],"picked":"SKIP","floor":21},{"not_picked":["champ:EnchantShield","champ:Haymaker","champ:CrownThrow","champ:DefensiveShout","champ:GladiatorStyle"],"picked":"SKIP","floor":24},{"not_picked":["champ:StanceDance","champ:StrikeOfGenius","champ:AdrenalArmor","champ:HeartStrike","champ:Encircle"],"picked":"SKIP","floor":25},{"not_picked":["champ:DefensiveShout","champ:PerfectedStrike+1","champ:ShieldSigil+1","champ:CalledShot","champ:DeathBlow"],"picked":"SKIP","floor":27},{"not_picked":["champ:DancingMaster","champ:Circumvent","champ:PreciseThrust","champ:BringItOn","champ:ArenaPreparation"],"picked":"SKIP","floor":28},{"not_picked":["champ:Circumvent","champ:CrookedStrike","champ:FocusedBerserking","champ:StanceDance","champ:SwordSigil"],"picked":"SKIP","floor":30},{"not_picked":["champ:DefensiveStyle","champ:StanceDance","champ:BerserkersShout","champ:ShieldSigil","champ:PreciseThrust"],"picked":"SKIP","floor":31},{"not_picked":["champ:TornadoPunch","champ:Circumvent","champ:ViciousMockery","champ:BerserkersShout","champ:CalledShot"],"picked":"SKIP","floor":35},{"not_picked":["champ:StanceDance","champ:FocusedDefense","champ:AdrenalArmor","champ:SwordSigil","champ:FlashCut"],"picked":"SKIP","floor":38},{"not_picked":["champ:RisingSlash","champ:Backstep","champ:Duel+1","champ:BringItOn","champ:FaceSlap+1"],"picked":"SKIP","floor":40},{"not_picked":["champ:EnGarde","champ:ViciousMockery","champ:Lariat","champ:FaceSlap","champ:TornadoPunch"],"picked":"SKIP","floor":42},{"not_picked":["champ:BladeFlurry","champ:HeartStrike+1","champ:ViciousMockery","champ:StanceDance","champ:FaceSlap"],"picked":"SKIP","floor":44},{"not_picked":["champ:BladeFlurry","champ:HeartStrike+1","champ:ViciousMockery","champ:StanceDance","champ:FaceSlap"],"picked":"SKIP","floor":44},{"not_picked":["champ:BringItOn","champ:ShieldThrow","champ:AdrenalArmor+1","champ:PreemptiveStrike"],"picked":"champ:ShieldWall","floor":46},{"not_picked":["champ:DefensiveShout","champ:BerserkersShout","champ:Haymaker","champ:BladeFlurry","champ:TornadoPunch+1"],"picked":"SKIP","floor":47},{"not_picked":["champ:DefensiveShout","champ:PreemptiveStrike","champ:GutPunch","champ:BerserkersShout+1","champ:TornadoPunch"],"picked":"SKIP","floor":55}],"player_experience":1298123,"relics_obtained":[{"floor":1.0,"key":"SynthV:TestCard"},{"floor":1.0,"key":"LetterFromLob"},{"floor":12,"key":"Orichalcum"},{"floor":14,"key":"testmod-OneHitWonder"},{"floor":25,"key":"testmod-RainbowHikingShoes"},{"floor":26,"key":"Vajra"},{"floor":28,"key":"WingedGreaves"},{"floor":30,"key":"MealTicket"},{"floor":40,"key":"Girya"},{"floor":42,"key":"testmod-Hope"},{"floor":43,"key":"The Courier"},{"floor":44,"key":"InkBottle"},{"floor":46,"key":"Oddly Smooth Stone"},{"floor":48,"key":"Eternal Feather"},{"floor":55,"key":"Lantern"}],"event_choices":[],"is_beta":false,"boss_relics":[{"not_picked":["testmod-KeyOfTheVoid","Velvet Choker","NightmareShop"]},{"not_picked":["SacredBark","expansioncontent:StudyCardRelic"],"picked":"testmod-DeterminationOfClimber"}],"items_purged_floors":[41,54],"is_endless":false,"potions_floor_spawned":[2,4,7,14,21,30,31,38,42,55],"ascension_level":15}}