{"host":"tchp4ssh6eu1bj0c","time":1613800753,"event":{"mods":["AchievementEnabler","BaseMod","KOR Keyword Fix","Minty Spire (QoL Compilation)","SuperFastMode"],"gold_per_floor":[109,127,78,94,94,94,120,120,171,171,241,241,273,293,293,370,370,384,384,384,384],"floor_reached":20,"language":"KOR","playtime":517,"items_purged":[],"score":391,"play_id":"932b1b05-3b75-4e99-9878-08b5da21e842","local_time":"20210220145913","is_ascension_mode":true,"campfire_choices":[{"data":"Uppercut","floor":6,"key":"SMITH"},{"data":"Cleave","floor":8,"key":"SMITH"},{"floor":10,"key":"REST"},{"data":"Battle Trance","floor":12,"key":"SMITH"},{"floor":15,"key":"REST"}],"circlet_count":0,"master_deck":["AscendersBane","Strike_R","Strike_R","Strike_R","Strike_R","Defend_R+1","Defend_R","Defend_R","Defend_R","Bash","Pommel Strike+1","Uppercut+1","Cleave+1","Battle Trance+1","Pommel Strike","Pummel","Rupture"],"relics":["Burning Blood","Ancient Tea Set","Nunchaku","Dream Catcher"],"acts_visited":["Exordium","TheCity"],"potions_floor_usage":[16],"damage_taken":[{"damage":12,"enemies":"Jaw Worm","floor":1,"turns":3},{"damage":0,"enemies":"Small Slimes","floor":2,"turns":3},{"damage":0,"enemies":"2 Louse","floor":4,"turns":3},{"damage":45,"enemies":"3 Sentries","floor":7,"turns":9},{"damage":30,"enemies":"Lagavulin","floor":13,"turns":6},{"damage":14,"enemies":"Looter","floor":14,"turns":3},{"damage":0,"enemies":"Slime Boss","floor":16,"turns":5},{"damage":45,"enemies":"Shell Parasite","floor":18,"turns":5},{"damage":33,"enemies":"Spheric Guardian","floor":20,"turns":3}],"seed_played":"3534549134360397342","potions_obtained":[{"floor":2,"key":"AttackPotion"},{"floor":7,"key":"Swift Potion"},{"floor":14,"key":"DistilledChaos"}],"is_trial":false,"path_per_floor":["M","M","$","M","?","R","E","R","T","R","?","R","E","M","R","B",null,"M","?","M"],"character_chosen":"IRONCLAD","items_purchased":["Cleave"],"campfire_rested":2,"item_purchase_floors":[3],"current_hp_per_floor":[62,68,68,74,59,59,20,20,20,42,42,42,18,10,32,38,66,27,27,0,0],"gold":384,"neow_bonus":"REMOVE_CARD","is_daily":false,"chose_seed":false,"campfire_upgraded":3,"win_rate":0.0,"timestamp":1613800753,"path_taken":["M","M","$","M","?","R","E","R","T","R","?","R","E","M","R","BOSS","M","?","M"],"items_purchased_type":["Card"],"build_version":"2020-12-22","purchased_purges":0,"victory":false,"max_hp_per_floor":[75,75,75,75,75,75,75,75,75,75,75,75,75,75,75,75,75,75,75,75,75],"card_choices":[{"not_picked":["Cleave","Dark Embrace"],"picked":"Pommel Strike","floor":1},{"not_picked":["Bloodletting","Inflame"],"picked":"Uppercut","floor":2},{"not_picked":["Shockwave","Body Slam"],"picked":"Wild Strike","floor":4},{"not_picked":["Cleave","Warcry"],"picked":"Battle Trance","floor":7},{"not_picked":["Rupture","Inflame","Searing Blow"],"picked":"SKIP","floor":13},{"not_picked":["Blood for Blood","Wild Strike"],"picked":"Pommel Strike","floor":14},{"not_picked":["Wild Strike","Armaments"],"picked":"Clothesline","floor":15},{"not_picked":["Sword Boomerang","Fire Breathing","Armaments"],"picked":"SKIP","floor":18}],"player_experience":442240,"relics_obtained":[{"floor":7,"key":"Ancient Tea Set"},{"floor":9,"key":"Nunchaku"},{"floor":13,"key":"Dream Catcher"}],"event_choices":[{"damage_healed":0,"gold_gain":0,"player_choice":"Entered Light","damage_taken":15,"max_hp_gain":0,"max_hp_loss":0,"event_name":"Shining Light","floor":5,"gold_loss":0,"cards_upgraded":["Pommel Strike","Defend_R"]},{"damage_healed":0,"gold_gain":70,"player_choice":"Gained Gold","damage_taken":0,"max_hp_gain":0,"max_hp_loss":0,"event_name":"Golden Wing","floor":11,"gold_loss":0},{"damage_healed":0,"gold_gain":0,"cards_transformed":["Clothesline","Wild Strike"],"player_choice":"Became Test Subject","damage_taken":0,"max_hp_gain":0,"max_hp_loss":0,"event_name":"Drug Dealer","floor":19,"gold_loss":0,"cards_obtained":["Pummel","Rupture"]}],"is_beta":false,"boss_relics":[{"not_picked":["Black Star","Runic Dome","Coffee Dripper"]}],"items_purged_floors":[],"is_endless":false,"potions_floor_spawned":[2,7,14],"killed_by":"Spheric Guardian","ascension_level":14}}