{"host":"3c8ytfy490czj03c","time":1613853515,"event":{"mods":["BaseMod","Downfall","Minty Spire (QoL Compilation)","StSLib"],"gold_per_floor":[99,117,133,43,43,77,77,91,120,120,136,136,136,148,158,158,158,158],"floor_reached":16,"language":"ENG","playtime":1651,"items_purged":["Guardian:Defend_Guardian"],"score":118,"play_id":"3167df21-08ff-417f-95e4-ff90cd7f5986","local_time":"20210220123835","is_ascension_mode":true,"campfire_choices":[{"data":"Guardian:TwinSlam","floor":1,"key":"SMITH"},{"floor":10,"key":"REST"},{"floor":13,"key":"REST"}],"circlet_count":0,"master_deck":["Guardian:Strike_Guardian","Guardian:Strike_Guardian","Guardian:Defend_Guardian","Guardian:Defend_Guardian","Guardian:Defend_Guardian","Guardian:CurlUp","Guardian:TwinSlam+1","Guardian:Clone","Guardian:Gem_Green","Guardian:Gem_Synthetic","Guardian:ChargeCore","Guardian:SentryBeam","Guardian:ShieldCharger","Guardian:PrismaticBarrier"],"relics":["Guardian:ModeShifter","Orichalcum","Centennial Puzzle"],"acts_visited":["Exordium"],"potions_floor_usage":[9,16],"damage_taken":[{"damage":7,"enemies":"2 Louse","floor":2,"turns":3},{"damage":1,"enemies":"Jaw Worm","floor":3,"turns":5},{"damage":0,"enemies":"downfall:FleeingMerchant","floor":4,"turns":4},{"damage":34,"enemies":"Gremlin Nob","floor":6,"turns":7},{"damage":1,"enemies":"Cultist","floor":8,"turns":3},{"damage":20,"enemies":"3 Sentries","floor":9,"turns":10},{"damage":7,"enemies":"Lots of Slimes","floor":11,"turns":4},{"damage":9,"enemies":"downfall:LooterAlt","floor":14,"turns":3},{"damage":13,"enemies":"3 Louse","floor":15,"turns":3},{"damage":41,"enemies":"IC_STATUS_ARCHETYPE","floor":16,"turns":10}],"seed_played":"587094819986611968","potions_obtained":[{"floor":2,"key":"Swift Potion"},{"floor":6,"key":"SpeedPotion"},{"floor":8,"key":"FearPotion"},{"floor":11,"key":"PowerPotion"}],"is_trial":false,"path_per_floor":["R","M","M","$","?","E","T","M","E","R","M","?","R","M","M","B"],"character_chosen":"GUARDIAN","items_purchased":[],"campfire_rested":2,"item_purchase_floors":[],"current_hp_per_floor":[80,73,72,72,72,38,38,37,17,41,34,34,58,49,36,0,0,0],"gold":158,"neow_bonus":"REMOVE_CARD","is_daily":false,"chose_seed":false,"campfire_upgraded":1,"win_rate":0.0,"timestamp":1613853515,"path_taken":["R","M","M","$","?","E","T","M","E","R","M","?","R","?","M","BOSS"],"items_purchased_type":[],"build_version":"2020-12-22","purchased_purges":1,"victory":false,"max_hp_per_floor":[80,80,80,80,80,80,80,80,80,80,80,80,80,80,80,80,80,80],"card_choices":[{"not_picked":["Guardian:VentSteam","Guardian:TemporalStrike"],"picked":"Guardian:Clone","floor":2},{"not_picked":["Guardian:Reroute","Guardian:ShieldCharger"],"picked":"Guardian:Gem_Green","floor":3},{"not_picked":["Guardian:Harden","Guardian:ShieldCharger"],"picked":"Guardian:Gem_Synthetic","floor":4},{"not_picked":["Guardian:VentSteam","Guardian:Planning"],"picked":"Guardian:ChargeCore","floor":6},{"not_picked":["Guardian:TemporalStrike","Guardian:WalkerClaw"],"picked":"Guardian:Gem_White","floor":8},{"not_picked":["Guardian:Gem_Green","Guardian:Gem_Crimson"],"picked":"Guardian:SentryBeam","floor":9},{"not_picked":["Guardian:Gem_Green","Guardian:RollAttack"],"picked":"Guardian:ShieldCharger","floor":11},{"not_picked":["Guardian:Gem_Fragmented","Guardian:Suspension","Guardian:RollAttack"],"picked":"SKIP","floor":14},{"not_picked":["Guardian:BodySlam","Guardian:ChargeCore"],"picked":"Guardian:PrismaticBarrier","floor":15}],"player_experience":196303,"relics_obtained":[{"floor":6,"key":"Ornamental Fan"},{"floor":7,"key":"Orichalcum"},{"floor":9,"key":"Centennial Puzzle"}],"event_choices":[],"is_beta":false,"boss_relics":[],"items_purged_floors":[4],"is_endless":false,"potions_floor_spawned":[2,6,8,11],"killed_by":"IC_STATUS_ARCHETYPE","ascension_level":1}}