{"host":"2dp3t1i5s6bd92af","time":1613846439,"event":{"mods":["ATMod(ªü½@Mod)","BaseMod","Minty Spire (QoL Compilation)","StSLib","The Marked"],"gold_per_floor":[109,135,154,168,187,187,112,123,123,157,170,170,203,203,203,308,308,320,338,350,363,263,295,312,346,369,389,407,407,427,460,460,565,565,580,591,466,513,363,398,415,415,463,478,506,526,526,536,536,536,536,536,361,389,389,389],"floor_reached":55,"language":"ZHS","playtime":2440,"items_purged":["theMarked:Defend","theMarked:Strike","theMarked:Defend","theMarked:Strike","theMarked:Strike"],"score":880,"play_id":"fbf8bead-4b03-4d40-9f89-68e4c8e929e6","local_time":"20210221024039","is_ascension_mode":false,"campfire_choices":[{"data":"theMarked:WardOff","floor":6.0,"key":"SMITH"},{"data":"AT_KingSlayer","floor":12.0,"key":"SMITH"},{"data":"theMarked:Abjuration","floor":15.0,"key":"SMITH"},{"data":"theMarked:EmpowerWeapon","floor":29.0,"key":"SMITH"},{"floor":32.0,"key":"REST"},{"floor":42.0,"key":"RECALL"},{"data":"theMarked:MysticalArsenal","floor":49.0,"key":"SMITH"},{"data":"theMarked:BanishingStrike","floor":52.0,"key":"SMITH"}],"circlet_count":0,"master_deck":["theMarked:Strike+1","theMarked:Defend","theMarked:Defend","theMarked:SoldierOfQuellstein+1","AT_KingSlayer+1","theMarked:WardOff+1","theMarked:BanishingStrike+1","theMarked:SwordAndMagic+1","theMarked:EmpowerWeapon+1","theMarked:MysticalArsenal+1","theMarked:EternalStudent+1","theMarked:Memento+1","theMarked:Abjuration+1","theMarked:FavorableWinds+1","theMarked:OneWithTheBlade+1","theMarked:ChannelForce+1","theMarked:Levitate+1","theMarked:TwofoldDefense+1"],"relics":["theMarked:ArtifactOfAir","AT_ATBox","AT_BladeRuinedKing","Toxic Egg 2","Bird Faced Urn","Regal Pillow","theMarked:SpiritSword","AT_ArcaneBoots","Omamori","AT_BellowingDragoncrestRing","AT_TrinityForce","Whetstone","Art of War","Pen Nib","AT_ArchangelStaff"],"acts_visited":["Exordium","TheCity","TheBeyond","TheEnding"],"potions_floor_usage":[55,55,55],"damage_taken":[{"damage":0.0,"enemies":"Cultist","floor":1.0,"turns":3.0},{"damage":0.0,"enemies":"Small Slimes","floor":3.0,"turns":3.0},{"damage":0.0,"enemies":"2 Louse","floor":4.0,"turns":2.0},{"damage":0.0,"enemies":"Gremlin Gang","floor":5.0,"turns":6.0},{"damage":11.0,"enemies":"Lots of Slimes","floor":8.0,"turns":4.0},{"damage":11.0,"enemies":"Lagavulin","floor":10.0,"turns":4.0},{"damage":0.0,"enemies":"Large Slime","floor":11.0,"turns":3.0},{"damage":13.0,"enemies":"Gremlin Nob","floor":13.0,"turns":4.0},{"damage":24.0,"enemies":"Hexaghost","floor":16.0,"turns":6.0},{"damage":5.0,"enemies":"Shell Parasite","floor":18.0,"turns":3.0},{"damage":0.0,"enemies":"Spheric Guardian","floor":19.0,"turns":2.0},{"damage":0.0,"enemies":"Snecko","floor":20.0,"turns":3.0},{"damage":18.0,"enemies":"3 Cultists","floor":21.0,"turns":3.0},{"damage":11.0,"enemies":"Book of Stabbing","floor":23.0,"turns":3.0},{"damage":18.0,"enemies":"Snake Plant","floor":24.0,"turns":3.0},{"damage":0.0,"enemies":"Gremlin Leader","floor":25.0,"turns":4.0},{"damage":0.0,"enemies":"Cultist and Chosen","floor":27.0,"turns":3.0},{"damage":0.0,"enemies":"3 Cultists","floor":28.0,"turns":3.0},{"damage":0.0,"enemies":"Snecko","floor":30.0,"turns":2.0},{"damage":19.0,"enemies":"Slavers","floor":31.0,"turns":2.0},{"damage":32.0,"enemies":"Collector","floor":33.0,"turns":4.0},{"damage":0.0,"enemies":"3 Darklings","floor":35.0,"turns":2.0},{"damage":0.0,"enemies":"Orb Walker","floor":36.0,"turns":1.0},{"damage":13.0,"enemies":"Giant Head","floor":40.0,"turns":3.0},{"damage":0.0,"enemies":"Sphere and 2 Shapes","floor":41.0,"turns":1.0},{"damage":0.0,"enemies":"3 Darklings","floor":44.0,"turns":2.0},{"damage":9.0,"enemies":"Reptomancer","floor":45.0,"turns":2.0},{"damage":0.0,"enemies":"Jaw Worm Horde","floor":46.0,"turns":2.0},{"damage":0.0,"enemies":"Maw","floor":48.0,"turns":2.0},{"damage":0.0,"enemies":"Time Eater","floor":50.0,"turns":1.0},{"damage":0.0,"enemies":"Shield and Spear","floor":54.0,"turns":1.0},{"damage":92,"enemies":"The Heart","floor":55,"turns":3}],"seed_played":"7073176299194939917","potions_obtained":[{"floor":3.0,"key":"Fire Potion"},{"floor":4.0,"key":"AttackPotion"},{"floor":11.0,"key":"SkillPotion"},{"floor":16.0,"key":"SpeedPotion"},{"floor":23.0,"key":"Regen Potion"},{"floor":33.0,"key":"Energy Potion"},{"floor":36.0,"key":"AttackPotion"},{"floor":40.0,"key":"theMarked:ChargePotion"},{"floor":41.0,"key":"PowerPotion"},{"floor":47.0,"key":"theMarked:SummonPotion"},{"floor":48.0,"key":"PowerPotion"}],"is_trial":false,"path_per_floor":["M","T","M","M","M","R","$","M","T","E","M","R","E","?","R","B",null,"M","M","M","M","$","E","M","E","T","M","M","R","M","E","R","B",null,"M","M","$","T","$","E","M","R","T","M","E","M","?","M","R","B",null,"R","$","E","B"],"character_chosen":"THE_DEFAULT","items_purchased":[],"campfire_rested":1,"item_purchase_floors":[],"current_hp_per_floor":[72,72,72,72,72,72,72,61,61,50,50,50,37,37,37,15,72,67,67,69,51,51,40,22,22,22,22,24,24,24,5,41,22,72,72,72,72,72,72,59,59,59,59,59,50,50,50,50,50,50,72,72,72,72,0,0],"gold":389,"neow_bonus":"UPGRADE_CARD","is_daily":false,"chose_seed":false,"campfire_upgraded":6,"win_rate":0.0,"timestamp":1613846439,"path_taken":["M","?","M","M","M","R","$","M","T","E","M","R","E","?","R","BOSS","M","M","M","M","$","E","M","E","T","M","M","R","M","E","R","BOSS","M","M","$","?","$","E","M","R","T","M","E","M","?","M","R","BOSS","R","$","E","BOSS"],"items_purchased_type":[],"build_version":"2020-12-22","purchased_purges":5,"victory":false,"max_hp_per_floor":[72,72,72,72,72,72,72,72,72,72,72,72,72,72,72,72,72,72,72,72,72,72,72,72,72,72,72,72,72,72,72,72,72,72,72,72,72,72,72,72,72,72,72,72,72,72,72,72,72,72,72,72,72,72,72,72],"card_choices":[{"not_picked":["theMarked:Frustration","theMarked:TakeCover"],"picked":"theMarked:WardOff","floor":1.0},{"not_picked":["theMarked:HeightenedSenses","theMarked:AttractMetal"],"picked":"theMarked:BanishingStrike","floor":3.0},{"not_picked":["theMarked:HeightenedSenses","theMarked:TwofoldDefense"],"picked":"theMarked:SwordAndMagic","floor":4.0},{"not_picked":["theMarked:TwofoldDefense","theMarked:ThrowWeapon"],"picked":"theMarked:EmpowerWeapon","floor":5.0},{"not_picked":["theMarked:Polarize","theMarked:Improvise"],"picked":"theMarked:MysticalArsenal","floor":8.0},{"not_picked":["theMarked:HeightenedSenses+1","theMarked:MysticalArsenal"],"picked":"theMarked:EternalStudent+1","floor":10.0},{"not_picked":["theMarked:TwofoldDefense+1","theMarked:RepellingDischarge+1"],"picked":"theMarked:Memento+1","floor":11.0},{"not_picked":["theMarked:RogueSparks","theMarked:BiggerThanFate+1","theMarked:Frustration"],"picked":"SKIP","floor":13.0},{"not_picked":["theMarked:Toughness","theMarked:Vacuum"],"picked":"theMarked:FavorableWinds+1","floor":16.0},{"not_picked":["theMarked:KeepCalmAndFight","theMarked:BanishingStrike","theMarked:Parkour+1"],"picked":"SKIP","floor":18.0},{"not_picked":["theMarked:ChainLightning","theMarked:WastefulAttack","theMarked:BanishingStrike"],"picked":"SKIP","floor":19.0},{"not_picked":["theMarked:RepellingDischarge+1","theMarked:HeightenedSenses+1","theMarked:Aftermath+1"],"picked":"SKIP","floor":20.0},{"not_picked":["theMarked:Frustration","theMarked:BanishingStrike","theMarked:ContemptForTheProud+1"],"picked":"SKIP","floor":21.0},{"not_picked":["theMarked:FavorableWinds+1","theMarked:Parkour","theMarked:ResourceFulStrike+1"],"picked":"SKIP","floor":23.0},{"not_picked":["theMarked:TakeCover+1","theMarked:RepellingDischarge+1","theMarked:WastefulAttack"],"picked":"SKIP","floor":24.0},{"not_picked":["theMarked:Parry+1","theMarked:Memento+1","theMarked:UnarmedFury"],"picked":"SKIP","floor":25.0},{"not_picked":["theMarked:Improvise+1","theMarked:RepellingDischarge+1","theMarked:TakeCover+1"],"picked":"SKIP","floor":27.0},{"not_picked":["theMarked:ParalyzingBlade+1","theMarked:ComboAttacks+1"],"picked":"theMarked:OneWithTheBlade+1","floor":28.0},{"not_picked":["theMarked:Memento+1","theMarked:Static+1","theMarked:ElectricStrings"],"picked":"SKIP","floor":30.0},{"not_picked":["theMarked:SelfDefenseTraining","theMarked:ResourceFulStrike"],"picked":"theMarked:ChannelForce+1","floor":31.0},{"not_picked":["theMarked:Vacuum","theMarked:DispelDoubt"],"picked":"theMarked:Levitate+1","floor":33.0},{"not_picked":["theMarked:LightningStrikesTwice","theMarked:Seal+1","theMarked:TwofoldDefense+1"],"picked":"SKIP","floor":35.0},{"not_picked":["theMarked:ChainLightning","theMarked:Heritage+1","theMarked:WastefulAttack"],"picked":"SKIP","floor":36.0},{"not_picked":["theMarked:ElectricStrings+1","theMarked:HeightenedSenses+1","theMarked:FavorableWinds+1"],"picked":"SKIP","floor":40.0},{"not_picked":["theMarked:TwofoldDefense+1","theMarked:WastefulAttack+1","theMarked:GodGivenPower+1"],"picked":"SKIP","floor":41.0},{"not_picked":["theMarked:TwofoldDefense+1","theMarked:TakeCover+1","theMarked:TurnInvisible+1"],"picked":"SKIP","floor":44.0},{"not_picked":["theMarked:Parkour","theMarked:Toughness","theMarked:SwordAndMagic+1"],"picked":"SKIP","floor":45.0},{"not_picked":["theMarked:Opportunist+1","theMarked:Improvise+1","theMarked:TakeCover+1"],"picked":"SKIP","floor":46.0},{"not_picked":["theMarked:Frustration+1","theMarked:KeepCalmAndFight+1","theMarked:RogueSparks"],"picked":"SKIP","floor":48.0},{"not_picked":["theMarked:Frustration+1","theMarked:KeepCalmAndFight+1","theMarked:RogueSparks"],"picked":"SKIP","floor":48.0},{"not_picked":["theMarked:Abjuration","theMarked:Electrocute+1"],"picked":"theMarked:TwofoldDefense+1","floor":54.0}],"player_experience":445848,"relics_obtained":[{"floor":2.0,"key":"AT_BladeRuinedKing"},{"floor":9.0,"key":"Toxic Egg 2"},{"floor":10.0,"key":"Bird Faced Urn"},{"floor":13.0,"key":"Regal Pillow"},{"floor":23.0,"key":"AT_SpeedBoots"},{"floor":25.0,"key":"Omamori"},{"floor":31.0,"key":"AT_BellowingDragoncrestRing"},{"floor":38.0,"key":"Whetstone"},{"floor":40.0,"key":"Art of War"},{"floor":43.0,"key":"Pen Nib"},{"floor":45.0,"key":"AT_ArchangelStaff"}],"event_choices":[{"damage_healed":0.0,"max_hp_gain":0.0,"max_hp_loss":0.0,"gold_gain":0.0,"cards_transformed":["theMarked:Strike"],"event_name":"Transmorgrifier","player_choice":"Transformed","floor":14.0,"gold_loss":0.0,"damage_taken":0.0,"cards_obtained":["theMarked:Abjuration"]},{"damage_healed":0.0,"max_hp_gain":0.0,"max_hp_loss":0.0,"gold_gain":0.0,"event_name":"Lab","player_choice":"Got Potions","floor":47.0,"gold_loss":0.0,"damage_taken":0.0}],"is_beta":false,"boss_relics":[{"not_picked":["Tiny House","Empty Cage"],"picked":"theMarked:SpiritSword"},{"not_picked":["Calling Bell","Pandora\u0027s Box"],"picked":"AT_TrinityForce"}],"items_purged_floors":[7,22,37,39,53],"is_endless":false,"potions_floor_spawned":[3,4,11,16,19,23,27,28,30,33,36,40,41,44,48],"killed_by":"The Heart","ascension_level":0}}