{"host":"j37i0m9ltjmpbz2t","time":1613839731,"event":{"mods":["BaseMod","Minty Spire (QoL Compilation)","StSLib","WarShipGirlsR/’ΩΩ¢…Ÿ≈ÆR mod"],"gold_per_floor":[10018,10018,10018,10029,14,43,43,77,77,77,98,98,18,29,29,110,110,126,126,137,137,164,193,243,268,347,22,22,63,63,92,92,180,180,196,220,243,243,1242,1276,1276,1156,1210,1219,1219,1232,1253,668,668,668,668,668,135,174,174],"floor_reached":56,"language":"ZHS","playtime":2260,"items_purged":["rmod:strick","rmod:strick","rmod:strick","rmod:defend","rmod:defend+1"],"score":2715,"play_id":"b61efe3c-10f1-47e7-a971-ec4d1aac4ff9","local_time":"20210221004851","is_ascension_mode":true,"campfire_choices":[{"floor":7.0,"key":"RECALL"},{"floor":10.0,"key":"DIG"},{"floor":15.0,"key":"DIG"},{"floor":30.0,"key":"DIG"},{"floor":32.0,"key":"DIG"},{"data":"rmod:strick+1","floor":41.0,"key":"PURGE"},{"data":"rmod:defend","floor":45.0,"key":"PURGE"},{"data":"rmod:fuelsupply","floor":49.0,"key":"SMITH"},{"data":"Ghostly","floor":52.0,"key":"SMITH"}],"circlet_count":2,"master_deck":["AscendersBane","rmod:basicallowance+1","rmod:maingunfire+1","rmod:secretscript+1","rmod:fuelsupply+1","Juggernaut+1","Ghostly+1","Ghostly","Ghostly","rmod:wife+1","Pommel Strike+1","Vault+1","Limit Break+1","Heavy Blade+1","Thinking Ahead+1","Finesse+1","Coolheaded+1","Finesse+1","Secret Technique+1","Secret Technique+1","rmod:steelsupply+1","rmod:fuelsupply+1","rmod:royalracing+1","rmod:firesupport+1","rmod:maintain+1","rmod:ridicule+1","rmod:ammunitionsupply+1","rmod:ammunitionsupply+1","rmod:windflower+1","rmod:victimresponsibility+1","rmod:garrisonisland+1"],"relics":["The Courier","NeowsBlessing","Frozen Egg 2","Turnip","StrikeDummy","CeramicFish","Vajra","Ornamental Fan","Letter Opener","PrismaticShard","FossilizedHelix","Gremlin Horn","Blue Candle","Bag of Preparation","rmod:equipmentrecovery","Lizard Tail","Anchor","War Paint","Art of War","Pen Nib","Regal Pillow","Kunai","Nunchaku","Calipers","Happy Flower","Whetstone","Juzu Bracelet","Molten Egg 2","Strawberry","Centennial Puzzle","Pocketwatch","Blood Vial","PreservedInsect","Ice Cream","InkBottle","Akabeko","WingedGreaves","Ancient Tea Set","HornCleat","White Beast Statue","Bottled Tornado","Bird Faced Urn","Bronze Scales","Unceasing Top","Omamori","Mango","Pantograph","MealTicket","rmod:extraamm","Thread and Needle","Mummified Hand","Meat on the Bone","Question Card","Orichalcum","Boot","Shovel","Potion Belt","Toy Ornithopter","Sundial","Du-Vu Doll","Tiny Chest","Bag of Marbles","Oddly Smooth Stone","Shuriken","rmod:quickrepair","Lantern","Runic Pyramid","Enchiridion","Gambling Chip","Pear","Incense Burner","Matryoshka","Toxic Egg 2","CaptainsWheel","Peace Pipe","TungstenRod","rmod:mogul","Torii","Prayer Wheel","StoneCalendar","Circlet","Lee\u0027s Waffle"],"acts_visited":["TheCity","TheBeyond","TheEnding"],"potions_floor_usage":[],"damage_taken":[{"damage":0.0,"enemies":"Cultist","floor":1.0,"turns":1.0},{"damage":0.0,"enemies":"Jaw Worm","floor":4.0,"turns":1.0},{"damage":0.0,"enemies":"Gremlin Nob","floor":6.0,"turns":1.0},{"damage":0.0,"enemies":"Lagavulin","floor":8.0,"turns":1.0},{"damage":0.0,"enemies":"Small Slimes","floor":11.0,"turns":1.0},{"damage":0.0,"enemies":"3 Louse","floor":14.0,"turns":1.0},{"damage":0.0,"enemies":"Hexaghost","floor":16.0,"turns":5.0},{"damage":0.0,"enemies":"2 Thieves","floor":18.0,"turns":2.0},{"damage":0.0,"enemies":"3 Byrds","floor":20.0,"turns":2.0},{"damage":0.0,"enemies":"Book of Stabbing","floor":23.0,"turns":3.0},{"damage":0.0,"enemies":"Gremlin Leader","floor":25.0,"turns":2.0},{"damage":0.0,"enemies":"Book of Stabbing","floor":29.0,"turns":2.0},{"damage":0.0,"enemies":"Shelled Parasite and Fungi","floor":31.0,"turns":1.0},{"damage":0.0,"enemies":"Collector","floor":33.0,"turns":3.0},{"damage":0.0,"enemies":"Orb Walker","floor":35.0,"turns":2.0},{"damage":0.0,"enemies":"3 Darklings","floor":37.0,"turns":2.0},{"damage":0.0,"enemies":"Reptomancer","floor":40.0,"turns":2.0},{"damage":0.0,"enemies":"Maw","floor":46.0,"turns":2.0},{"damage":0.0,"enemies":"Transient","floor":47.0,"turns":4.0},{"damage":0.0,"enemies":"Time Eater","floor":50.0,"turns":3.0},{"damage":0,"enemies":"Shield and Spear","floor":54,"turns":2},{"damage":0,"enemies":"The Heart","floor":55,"turns":4}],"seed_played":"1399701318864667392","potions_obtained":[{"floor":3.0,"key":"LiquidBronze"},{"floor":3.0,"key":"FairyPotion"},{"floor":4.0,"key":"DistilledChaos"},{"floor":6.0,"key":"PowerPotion"},{"floor":8.0,"key":"Swift Potion"}],"is_trial":false,"path_per_floor":["M","?","?","M","$","E","R","E","T","R","M","?","$","M","R","B",null,"M","?","M","T","?","E","?","E","T","$","?","E","R","M","R","B",null,"M","T","M","?","?","E","R","$","T","?","R","M","M","$","R","B",null,"R","$","E","B",null],"character_chosen":"PRAEFECT","items_purchased":["Turnip","StrikeDummy","rmod:secretscript+1","CeramicFish","Vajra","Ornamental Fan","Letter Opener","PrismaticShard","FossilizedHelix","Gremlin Horn","Blue Candle","Bag of Preparation","rmod:equipmentrecovery","Lizard Tail","Anchor","War Paint","Art of War","Pen Nib","Regal Pillow","Kunai","Nunchaku","Calipers","Happy Flower","Whetstone","Juzu Bracelet","Molten Egg 2","Strawberry","Centennial Puzzle","Pocketwatch","Blood Vial","PreservedInsect","Ice Cream","InkBottle","Akabeko","WingedGreaves","Ancient Tea Set","HornCleat","White Beast Statue","Bottled Tornado","Bird Faced Urn","Bronze Scales","Unceasing Top","Omamori","Mango","Pantograph","MealTicket","rmod:extraamm","Thread and Needle","Mummified Hand","Meat on the Bone","Question Card","Orichalcum","Boot","Shovel","Potion Belt","Toy Ornithopter","Sundial","Du-Vu Doll","Tiny Chest","Toxic Egg 2","rmod:wife+1","Finesse+1","Secret Technique+1","Secret Technique+1","rmod:steelsupply+1","rmod:fuelsupply+1","rmod:royalracing+1","Lee\u0027s Waffle","rmod:firesupport+1","rmod:maintain+1","rmod:ridicule+1","rmod:ammunitionsupply+1","rmod:ammunitionsupply+1","rmod:windflower+1","rmod:victimresponsibility+1"],"campfire_rested":0,"item_purchase_floors":[5,5,5,5,5,5,5,5,5,5,5,5,5,5,5,5,5,5,5,5,5,5,5,5,5,5,5,5,5,5,5,5,5,5,5,5,5,5,5,5,5,5,5,5,5,5,5,5,5,5,5,5,5,5,5,5,5,5,5,27,27,48,48,48,48,48,48,53,53,53,53,53,53,53,53],"current_hp_per_floor":[63,52,52,52,73,75,75,79,79,79,83,83,91,91,91,91,91,91,70,78,78,45,55,55,55,55,55,55,55,55,55,55,55,55,55,55,55,55,55,55,55,55,55,46,46,54,55,55,55,55,55,55,62,62,62],"gold":174,"neow_bonus":"THREE_ENEMY_KILL","is_daily":false,"chose_seed":false,"campfire_upgraded":2,"win_rate":0.0,"timestamp":1613839731,"path_taken":["M","?","?","?","$","E","R","E","T","R","M","?","?","M","R","BOSS","M","?","M","?","?","E","?","E","T","$","?","E","R","M","R","BOSS","M","?","M","?","?","E","R","$","T","?","R","M","M","$","R","BOSS","R","$","E","BOSS"],"items_purchased_type":["Relic","Relic","Card","Relic","Relic","Relic","Relic","Relic","Relic","Relic","Relic","Relic","Relic","Relic","Relic","Relic","Relic","Relic","Relic","Relic","Relic","Relic","Relic","Relic","Relic","Relic","Relic","Relic","Relic","Relic","Relic","Relic","Relic","Relic","Relic","Relic","Relic","Relic","Relic","Relic","Relic","Relic","Relic","Relic","Relic","Relic","Relic","Relic","Relic","Relic","Relic","Relic","Relic","Relic","Relic","Relic","Relic","Relic","Relic","Relic","Card","Card","Card","Card","Card","Card","Card","Relic","Card","Card","Card","Card","Card","Card","Card"],"build_version":"2020-12-22","purchased_purges":5,"victory":true,"max_hp_per_floor":[70,70,70,70,91,91,91,91,91,91,91,91,91,91,91,91,91,91,91,91,91,45,55,55,55,55,55,55,55,55,55,55,55,55,55,55,55,55,55,55,55,55,55,55,55,55,55,55,55,55,55,55,62,62,62],"card_choices":[{"not_picked":["rmod:diamondstrike","rmod:steelsupply","rmod:supportescort"],"picked":"SKIP","floor":1.0},{"not_picked":["rmod:tearstotiara","rmod:supportescort","rmod:chargemoney+1"],"picked":"SKIP","floor":4.0},{"not_picked":["rmod:tearstotiara","rmod:supportescort","rmod:chargemoney+1"],"picked":"SKIP","floor":4.0},{"not_picked":["Sweeping Beam+1","rmod:selfconfidence+1","Prepared","Deadly Poison"],"picked":"SKIP","floor":6.0},{"not_picked":["Blood for Blood+1","Conserve Battery","Predator+1","Barrage+1"],"picked":"SKIP","floor":8.0},{"not_picked":["Stack","Good Instincts","Flying Knee+1"],"picked":"rmod:fuelsupply","floor":11.0},{"not_picked":["rmod:supportescort","Ghostly Armor","rmod:openingtorpedo+1","All Out Attack+1"],"picked":"SKIP","floor":14.0},{"not_picked":["Transmutation","All For One+1","Machine Learning+1"],"picked":"Juggernaut+1","floor":16.0},{"not_picked":["EmptyFist+1","Capacitor+1","Deadly Poison","Skewer+1"],"picked":"SKIP","floor":18.0},{"not_picked":["Sword Boomerang+1","SashWhip+1","EmptyFist+1","Concentrate"],"picked":"SKIP","floor":20.0},{"not_picked":["rmod:aggressivemary+1","Forethought+1","Footwork+1","Perfected Strike+1"],"picked":"SKIP","floor":23.0},{"not_picked":["Slice+1","Dash+1","rmod:slowdown","Armaments"],"picked":"SKIP","floor":25.0},{"not_picked":["Hyperbeam+1","Cloak And Dagger+1","FlyingSleeves+1"],"picked":"Pommel Strike+1","floor":29.0},{"not_picked":["Underhanded Strike+1","EmptyFist+1","Ball Lightning+1"],"picked":"Vault+1","floor":31.0},{"not_picked":["Apotheosis+1","Magnetism+1","rmod:desperatesituation+1"],"picked":"Limit Break+1","floor":33.0},{"not_picked":["rmod:goodsister+1","Rip and Tear+1","Protect+1","CrushJoints+1"],"picked":"SKIP","floor":35.0},{"not_picked":["Headbutt+1","Rupture+1","Reckless Charge+1"],"picked":"Heavy Blade+1","floor":37.0},{"not_picked":["rmod:circuitoustactics+1","Perfected Strike+1","Sword Boomerang+1","Sweeping Beam+1"],"picked":"SKIP","floor":37.0},{"not_picked":["rmod:circuitoustactics+1","Perfected Strike+1","Sword Boomerang+1","Sweeping Beam+1"],"picked":"SKIP","floor":37.0},{"not_picked":["rmod:lonelyqueen+1","Fire Breathing+1","Quick Slash+1"],"picked":"Thinking Ahead+1","floor":40.0},{"not_picked":["Chrysalis+1","Blind+1","PanicButton+1"],"picked":"Finesse+1","floor":44.0},{"not_picked":["rmod:firesupport+1","rmod:maintain+1","Ball Lightning+1","Dark Shackles+1"],"picked":"SKIP","floor":46.0},{"not_picked":["rmod:combined+1","Iron Wave+1","CutThroughFate+1","Prepared+1"],"picked":"SKIP","floor":46.0},{"not_picked":["Twin Strike+1","Prepared+1","Dagger Spray+1"],"picked":"Coolheaded+1","floor":47.0},{"not_picked":["Stack+1","SashWhip+1","rmod:goodfighter+1","rmod:combined+1"],"picked":"SKIP","floor":47.0},{"not_picked":["Sentinel+1","CutThroughFate+1","rmod:firesupport+1"],"picked":"rmod:garrisonisland+1","floor":54}],"player_experience":239863,"relics_obtained":[{"floor":6.0,"key":"Bag of Marbles"},{"floor":8.0,"key":"Oddly Smooth Stone"},{"floor":9.0,"key":"Shuriken"},{"floor":10.0,"key":"rmod:quickrepair"},{"floor":15.0,"key":"Lantern"},{"floor":19.0,"key":"Enchiridion"},{"floor":21.0,"key":"Gambling Chip"},{"floor":23.0,"key":"Pear"},{"floor":25.0,"key":"Incense Burner"},{"floor":26.0,"key":"Matryoshka"},{"floor":29.0,"key":"CaptainsWheel"},{"floor":30.0,"key":"Peace Pipe"},{"floor":32.0,"key":"TungstenRod"},{"floor":36.0,"key":"Torii"},{"floor":36.0,"key":"Prayer Wheel"},{"floor":40.0,"key":"StoneCalendar"},{"floor":43.0,"key":"Circlet"},{"floor":54,"key":"Circlet"}],"event_choices":[{"damage_healed":0.0,"max_hp_gain":0.0,"max_hp_loss":0.0,"gold_gain":0.0,"event_name":"Scrap Ooze","player_choice":"Success","floor":2.0,"gold_loss":0.0,"damage_taken":11.0,"relics_obtained":["Frozen Egg 2"]},{"damage_healed":0.0,"max_hp_gain":0.0,"max_hp_loss":0.0,"gold_gain":0.0,"event_name":"Lab","player_choice":"Got Potions","floor":3.0,"gold_loss":0.0,"damage_taken":0.0},{"damage_healed":0.0,"max_hp_gain":0.0,"max_hp_loss":0.0,"gold_gain":0.0,"event_name":"Liars Game","player_choice":"Ignored","floor":12.0,"gold_loss":0.0,"damage_taken":0.0},{"damage_healed":0.0,"max_hp_gain":0.0,"max_hp_loss":0.0,"gold_gain":0.0,"event_name":"Cursed Tome","player_choice":"Obtained Book","floor":19.0,"gold_loss":0.0,"damage_taken":21.0},{"damage_healed":0.0,"max_hp_gain":0.0,"max_hp_loss":46.0,"gold_gain":0.0,"event_name":"Ghosts","player_choice":"Became a Ghost","floor":22.0,"gold_loss":0.0,"damage_taken":0.0,"cards_obtained":["Ghostly","Ghostly","Ghostly"]},{"damage_healed":0.0,"max_hp_gain":0.0,"max_hp_loss":0.0,"gold_gain":50.0,"event_name":"Nest","player_choice":"Stole From Cult","floor":24.0,"gold_loss":0.0,"damage_taken":0.0},{"cards_removed":["rmod:defend"],"damage_healed":0.0,"max_hp_gain":0.0,"max_hp_loss":0.0,"gold_gain":0.0,"event_name":"Purifier","player_choice":"Purged","floor":38.0,"gold_loss":0.0,"damage_taken":0.0},{"damage_healed":0.0,"max_hp_gain":0.0,"max_hp_loss":0.0,"gold_gain":999.0,"event_name":"MindBloom","player_choice":"Gold","floor":39.0,"gold_loss":0.0,"damage_taken":0.0,"cards_obtained":["Normality","Normality"]},{"damage_healed":0.0,"max_hp_gain":0.0,"max_hp_loss":0.0,"gold_gain":0.0,"event_name":"SensoryStone","player_choice":"Memory 3","floor":44.0,"gold_loss":0.0,"damage_taken":10.0}],"is_beta":false,"boss_relics":[{"not_picked":["Velvet Choker","SlaversCollar"],"picked":"Runic Pyramid"},{"not_picked":["Sozu","Empty Cage"],"picked":"rmod:mogul"}],"items_purged_floors":[5,13,27,42,48],"is_endless":false,"potions_floor_spawned":[4,6,8,11,14,16,18,20,23,25,29,31,33,35,37,40,46,47,54],"ascension_level":15}}