{"host":"spd19cimorv47raq","time":1613834751,"event":{"mods":["AchievementEnabler","BaseMod","Colored Map","DeckTracker","Keyboard Shortcuts","Minty Spire (QoL Compilation)","Quick Restart","StSLib","SuperFastMode"],"gold_per_floor":[117,127,146,146,160,160,195,195,245,256,282,298,32,57,57,57,57],"floor_reached":16,"language":"KOR","playtime":492,"items_purged":["Strike_R"],"score":244,"play_id":"9b3eb448-a66b-48ec-a4fb-8c4652975af7","local_time":"20210221002551","is_ascension_mode":true,"campfire_choices":[{"data":"Heavy Blade","floor":6.0,"key":"SMITH"},{"data":"Offering","floor":8.0,"key":"SMITH"},{"floor":15.0,"key":"REST"}],"circlet_count":0,"master_deck":["AscendersBane","Strike_R","Strike_R","Strike_R","Defend_R","Defend_R","Defend_R","Defend_R","Bash","Heavy Blade+1","Hemokinesis","Offering+1","Flex","Evolve","Dark Embrace","Whirlwind","Double Tap","Whirlwind","Heavy Blade","Armaments","Rampage"],"relics":["Burning Blood","Bottled Lightning","PreservedInsect","Akabeko","Shuriken"],"acts_visited":["Exordium"],"potions_floor_usage":[16],"damage_taken":[{"damage":4.0,"enemies":"Small Slimes","floor":1.0,"turns":4.0},{"damage":6.0,"enemies":"Cultist","floor":2.0,"turns":3.0},{"damage":9.0,"enemies":"Jaw Worm","floor":3.0,"turns":3.0},{"damage":13.0,"enemies":"Looter","floor":5.0,"turns":3.0},{"damage":14.0,"enemies":"Gremlin Nob","floor":7.0,"turns":3.0},{"damage":8.0,"enemies":"2 Fungi Beasts","floor":10.0,"turns":4.0},{"damage":18.0,"enemies":"Lagavulin","floor":11.0,"turns":3.0},{"damage":6.0,"enemies":"3 Louse","floor":12.0,"turns":1.0},{"damage":15.0,"enemies":"3 Sentries","floor":14.0,"turns":4.0},{"damage":74,"enemies":"Slime Boss","floor":16,"turns":6}],"seed_played":"-3925901736713396943","potions_obtained":[{"floor":3.0,"key":"CultistPotion"},{"floor":5.0,"key":"Weak Potion"},{"floor":10.0,"key":"BloodPotion"}],"is_trial":false,"path_per_floor":["M","M","M","?","M","R","E","R","T","M","E","M","$","E","R","B"],"character_chosen":"IRONCLAD","items_purchased":["Whirlwind","Heavy Blade","Armaments"],"campfire_rested":1,"item_purchase_floors":[13,13,13],"current_hp_per_floor":[66,66,63,63,56,56,48,48,48,46,34,34,34,25,51,0,0],"gold":57,"neow_bonus":"TWENTY_PERCENT_HP_BONUS","is_daily":false,"chose_seed":false,"campfire_upgraded":2,"win_rate":0.0,"timestamp":1613834751,"path_taken":["M","M","M","?","M","R","E","R","T","?","E","M","$","E","R","BOSS"],"items_purchased_type":["Card","Card","Card"],"build_version":"2020-12-22","purchased_purges":1,"victory":false,"max_hp_per_floor":[89,89,89,89,89,89,89,89,89,89,89,89,89,89,89,89,89],"card_choices":[{"not_picked":["Clothesline","Warcry"],"picked":"Heavy Blade","floor":1.0},{"not_picked":["Burning Pact","True Grit"],"picked":"Hemokinesis","floor":2.0},{"not_picked":["Uppercut","Body Slam"],"picked":"Offering","floor":3.0},{"not_picked":["Dark Embrace","Burning Pact"],"picked":"Flex","floor":5.0},{"not_picked":["Twin Strike","Sword Boomerang"],"picked":"Evolve","floor":7.0},{"not_picked":["Havoc","Headbutt"],"picked":"Dark Embrace","floor":10.0},{"not_picked":["Warcry","Headbutt"],"picked":"Whirlwind","floor":11.0},{"not_picked":["Seeing Red","Perfected Strike"],"picked":"Double Tap","floor":12.0},{"not_picked":["Intimidate","True Grit"],"picked":"Rampage","floor":14.0}],"player_experience":885372,"relics_obtained":[{"floor":7.0,"key":"Bottled Lightning"},{"floor":9.0,"key":"PreservedInsect"},{"floor":11.0,"key":"Akabeko"},{"floor":14.0,"key":"Shuriken"}],"event_choices":[{"cards_removed":["Strike_R"],"damage_healed":0.0,"max_hp_gain":0.0,"max_hp_loss":0.0,"gold_gain":0.0,"event_name":"Bonfire Elementals","player_choice":"Offered Basic","floor":4.0,"gold_loss":0.0,"damage_taken":0.0}],"is_beta":false,"boss_relics":[],"items_purged_floors":[13],"is_endless":false,"potions_floor_spawned":[3,5,10],"killed_by":"Slime Boss","ascension_level":20}}