{"host":"8m7is3yylgn0pnts","time":1613787530,"event":{"mods":["ATMod(阿瑾Mod)","Act Like it!","Arknights","BaseMod","Downfall","Gensokyo","Hallownest","KinomotoSakuraMod(木之本樱)","Koishi","Lobotomy","Minty Spire (QoL Compilation)","Remilia（蕾米莉亚）","StSLib","Waifu the Spire","WarShipGirlsR/战舰少女R mod","Yakumo Yukari mod"],"gold_per_floor":[111,111,111,61,72,97,107,107,107,107,136,10,30,45,45,145,145,157,157,157,157,12,39,39,39,39],"floor_reached":25,"language":"ZHS","playtime":1850,"items_purged":["rmod:defend"],"score":237,"play_id":"2af4e81f-21f4-48bb-93ad-ce473bd750e8","local_time":"20210220101850","is_ascension_mode":true,"campfire_choices":[{"floor":8,"key":"RECALL"},{"data":"rmod:aviationdawn","floor":10,"key":"SMITH"},{"floor":15,"key":"REST"},{"floor":24,"key":"REST"}],"circlet_count":0,"master_deck":["rmod:strick","rmod:strick","rmod:strick","rmod:defend","rmod:defend","rmod:basicallowance","rmod:maingunfire","rmod:firesupport","rmod:aviationdawn+1","rmod:smokecover","rmod:desperatesituation","rmod:expedition","rmod:ammunitionsupply","rmod:fuelsupply","rmod:advancebysurprise","rmod:acesubmarine","CurseOfTheBell","rmod:lastglory","rmod:wife","Gensokyo:TarnishedGold","Gensokyo:BlemishedSteel","rmod:shuttlebombing+1"],"relics":["rmod:firstchargereward","AT_ATBox","Regal Pillow","AT_GuinsooRageblade","Mummified Hand","ScarletDevilRocket","Calling Bell","AT_SpeedBoots","Gremlin Horn","TungstenRod","Gensokyo:SongOfSouls","Omamori","MawBank"],"acts_visited":["Exordium","Gensokyo:Gensokyoer"],"potions_floor_usage":[5,11,11,13,23],"damage_taken":[{"damage":0,"enemies":"Jaw Worm","floor":1,"turns":2},{"damage":0,"enemies":"2 Louse","floor":5,"turns":2},{"damage":9,"enemies":"Gremlin Nob","floor":6,"turns":3},{"damage":0,"enemies":"Cultist","floor":7,"turns":2},{"damage":23,"enemies":"3 Sentries","floor":11,"turns":7},{"damage":10,"enemies":"Large Slime","floor":13,"turns":6},{"damage":0,"enemies":"Blue Slaver","floor":14,"turns":1},{"damage":26,"enemies":"Slime Boss","floor":16,"turns":10},{"damage":1,"enemies":"Gensokyo:2_Gloops","floor":18,"turns":3},{"damage":73,"enemies":"Gensokyo:Koishi","floor":23,"turns":9},{"damage":44,"enemies":"Gensokyo:Reisen","floor":25,"turns":8}],"seed_played":"-3293180344019992949","potions_obtained":[{"floor":5,"key":"EntropicBrew"},{"floor":11,"key":"PowerPotion"},{"floor":23,"key":"GamblersBrew"}],"is_trial":false,"path_per_floor":["M","?","T","?","M","E","M","R","T","R","E","$","M","M","R","B",null,"M","?","?","?","COS","E","R","E"],"character_chosen":"PRAEFECT","items_purchased":["rmod:ammunitionsupply"],"campfire_rested":2,"item_purchase_floors":[12],"current_hp_per_floor":[75,63,63,63,63,54,54,54,54,54,46,46,36,36,73,47,75,74,74,74,74,74,1,38,0,0],"gold":39,"neow_bonus":"TRANSFORM_CARD","is_daily":false,"chose_seed":false,"campfire_upgraded":1,"win_rate":0.0,"timestamp":1613787530,"path_taken":["M","?","?","?","?","E","M","R","T","R","E","$","?","M","R","BOSS","M","?","?","?","COS","E","R","E"],"items_purchased_type":["Card"],"build_version":"2020-12-22","purchased_purges":1,"victory":false,"max_hp_per_floor":[75,75,75,75,75,75,75,75,75,75,75,75,75,75,75,75,75,75,75,75,75,75,75,75,75,75],"card_choices":[{"not_picked":["rmod:aluminumsupply","rmod:lonelyqueen"],"picked":"rmod:firesupport","floor":1},{"not_picked":["rmod:goodfighter","rmod:firesupport"],"picked":"rmod:aviationdawn","floor":5},{"not_picked":["rmod:sl","rmod:victimresponsibility"],"picked":"rmod:smokecover","floor":6},{"not_picked":["rmod:tearstotiara","rmod:victimresponsibility"],"picked":"rmod:desperatesituation","floor":7},{"not_picked":["rmod:concentratefire","rmod:overbreakdown"],"picked":"rmod:expedition","floor":11},{"not_picked":["rmod:launchingtorpedo","rmod:victimresponsibility"],"picked":"rmod:fuelsupply","floor":13},{"not_picked":["rmod:royalracing","rmod:maintain"],"picked":"rmod:advancebysurprise","floor":14},{"not_picked":["rmod:seals","rmod:auspiciousomen"],"picked":"rmod:acesubmarine","floor":16},{"not_picked":["rmod:spoils","rmod:slowdown","rmod:rockthrower"],"picked":"SKIP","floor":18},{"not_picked":["rmod:intelligenceanalysis+1","rmod:generalist"],"picked":"rmod:shuttlebombing+1","floor":23}],"player_experience":78090,"relics_obtained":[{"floor":3,"key":"AT_GuinsooRageblade"},{"floor":6,"key":"Mummified Hand"},{"floor":11,"key":"ScarletDevilRocket"},{"floor":17,"key":"AT_SpeedBoots"},{"floor":17,"key":"Gremlin Horn"},{"floor":17,"key":"TungstenRod"},{"floor":23,"key":"Omamori"}],"event_choices":[{"damage_healed":0,"gold_gain":0,"player_choice":"Success","damage_taken":12,"relics_obtained":["Regal Pillow"],"max_hp_gain":0,"max_hp_loss":0,"event_name":"Scrap Ooze","floor":2,"gold_loss":0},{"cards_removed":["rmod:defend"],"damage_healed":0,"gold_gain":0,"player_choice":"Card Removal","damage_taken":0,"max_hp_gain":0,"max_hp_loss":0,"event_name":"The Cleric","floor":4,"gold_loss":50}],"is_beta":false,"boss_relics":[{"not_picked":["Runic Dome","Tiny House"],"picked":"Calling Bell"}],"items_purged_floors":[12],"is_endless":false,"potions_floor_spawned":[5,6,11,23],"killed_by":"Gensokyo:Reisen","ascension_level":1}}