{"host":"d52brwsy6af8zvaq","time":1613796558,"event":{"mods":["AchievementEnabler","BaseMod","Bestiary","Highlight Path","Minty Spire (QoL Compilation)","Quick Restart","Relic Stats","ojb\u0027s Better Paths Mod"],"gold_per_floor":[123,135,163,175,201,213,259,271,283,309,352,364,301,301,301,400,400,320,320,341,364,91,91,91,91],"floor_reached":24,"language":"ENG","playtime":719,"items_purged":["Strike_B","Strike_B"],"score":404,"play_id":"5afb4104-bdf9-4aac-9720-dcc76a7d10de","local_time":"20210219214918","is_ascension_mode":true,"campfire_choices":[{"data":"Zap","floor":6.0,"key":"SMITH"},{"data":"Multi-Cast","floor":8.0,"key":"SMITH"},{"floor":12,"key":"REST"},{"data":"Lockon","floor":15,"key":"SMITH"},{"floor":23,"key":"REST"}],"circlet_count":0,"master_deck":["AscendersBane","Strike_B","Defend_B","Defend_B","Defend_B","Defend_B","Zap+1","Dualcast","Cold Snap","Darkness","Multi-Cast+1","Self Repair","Leap","Lockon+1","Buffer","Streamline","Glacier"],"relics":["Cracked Core","MawBank","Golden Idol","HornCleat","Blue Candle","Gremlin Horn","Nuclear Battery","OrangePellets"],"acts_visited":["Exordium","TheCity"],"potions_floor_usage":[11,16,24,24],"damage_taken":[{"damage":5.0,"enemies":"Small Slimes","floor":1.0,"turns":2.0},{"damage":0.0,"enemies":"Jaw Worm","floor":3.0,"turns":3.0},{"damage":4.0,"enemies":"Cultist","floor":5.0,"turns":4.0},{"damage":18.0,"enemies":"Lagavulin","floor":7.0,"turns":7.0},{"damage":5,"enemies":"Large Slime","floor":10,"turns":4},{"damage":56,"enemies":"Gremlin Nob","floor":11,"turns":6},{"damage":23,"enemies":"Hexaghost","floor":16,"turns":8},{"damage":1,"enemies":"2 Thieves","floor":18,"turns":4},{"damage":9,"enemies":"Chosen","floor":20,"turns":4},{"damage":38,"enemies":"Shelled Parasite and Fungi","floor":21,"turns":8},{"damage":51,"enemies":"Book of Stabbing","floor":24,"turns":7}],"seed_played":"1951043145324357954","potions_obtained":[{"floor":5.0,"key":"FairyPotion"},{"floor":10,"key":"Fire Potion"},{"floor":11,"key":"Weak Potion"},{"floor":20,"key":"Weak Potion"},{"floor":21,"key":"Regen Potion"}],"is_trial":false,"path_per_floor":["M","?","M","?","M","R","E","R","T","M","E","R","$","T","R","B",null,"M","?","M","M","$","R","E"],"character_chosen":"DEFECT","items_purchased":["OrangePellets"],"campfire_rested":2,"item_purchase_floors":[22],"current_hp_per_floor":[59,59,59,59,55,55,37,37,37,39,15,34,34,34,34,18,53,52,52,50,19,19,38,0,0],"gold":91,"neow_bonus":"RANDOM_COMMON_RELIC","is_daily":false,"chose_seed":false,"campfire_upgraded":3,"win_rate":0.0,"timestamp":1613796558,"path_taken":["M","?","M","?","M","R","E","R","T","M","E","R","?","?","R","BOSS","M","?","M","?","$","R","E"],"items_purchased_type":["Relic"],"build_version":"2020-12-22","purchased_purges":2,"victory":false,"max_hp_per_floor":[71,64,64,64,64,64,64,64,64,64,64,64,64,64,64,64,64,64,64,64,64,64,64,64,64],"relic_stats":{"OrangePellets":[0],"Gremlin Horn":[1,1],"counters":[11,57],"Golden Idol":51,"Blue Candle":[0],"MawBank":156,"obtain_stats":[{"OrangePellets":22,"HornCleat":7,"Gremlin Horn":14,"Golden Idol":2,"Blue Candle":11,"Cracked Core":0,"MawBank":0,"Nuclear Battery":17},{"OrangePellets":10,"HornCleat":4,"Gremlin Horn":6,"Golden Idol":1,"Blue Candle":6,"Cracked Core":0,"MawBank":0,"Nuclear Battery":7},{"OrangePellets":50,"HornCleat":16,"Gremlin Horn":26,"Golden Idol":2,"Blue Candle":26,"Cracked Core":0,"MawBank":0,"Nuclear Battery":34}]},"card_choices":[{"not_picked":["Compile Driver","Steam Power"],"picked":"Cold Snap","floor":1.0},{"not_picked":["Hologram","Double Energy"],"picked":"Darkness","floor":3.0},{"not_picked":["Loop","Redo"],"picked":"Multi-Cast","floor":5.0},{"not_picked":["Force Field","Core Surge"],"picked":"Self Repair","floor":7.0},{"not_picked":["Self Repair","Capacitor"],"picked":"Leap","floor":10},{"not_picked":["Self Repair","Barrage"],"picked":"Lockon","floor":11},{"not_picked":["Creative AI","Rainbow"],"picked":"Buffer","floor":16},{"not_picked":["Rebound","Conserve Battery"],"picked":"Streamline","floor":18},{"not_picked":["Tempest+1","Hello World","Hyperbeam"],"picked":"SKIP","floor":20},{"not_picked":["Gash","Streamline+1"],"picked":"Glacier","floor":21}],"player_experience":2320583,"relics_obtained":[{"floor":7.0,"key":"HornCleat"},{"floor":11,"key":"Blue Candle"},{"floor":14,"key":"Gremlin Horn"}],"event_choices":[{"damage_healed":0.0,"max_hp_gain":0.0,"max_hp_loss":7.0,"gold_gain":0.0,"event_name":"Golden Idol","player_choice":"Lose Max HP","floor":2.0,"gold_loss":0.0,"damage_taken":0.0,"relics_obtained":["Golden Idol"]},{"damage_healed":0.0,"max_hp_gain":0.0,"max_hp_loss":0.0,"gold_gain":0.0,"event_name":"Golden Wing","player_choice":"Ignored","floor":4.0,"gold_loss":0.0,"damage_taken":0.0},{"cards_removed":["Strike_B"],"damage_healed":0,"gold_gain":0,"player_choice":"Purged","damage_taken":0,"max_hp_gain":0,"max_hp_loss":0,"event_name":"Purifier","floor":19,"gold_loss":0}],"is_beta":false,"boss_relics":[{"not_picked":["Snecko Eye","Busted Crown"],"picked":"Nuclear Battery"}],"items_purged_floors":[13,22],"is_endless":false,"potions_floor_spawned":[5,10,11,20,21],"killed_by":"Book of Stabbing","ascension_level":20}}