{"host":"Mercy","time":1613856169,"event":{"mods":["BaseMod","Minty Spire (QoL Compilation)","Relic Stats","StSLib"],"gold_per_floor":[112,387,55,68,86,86,103,103,103,103,103,131,164,191,191,291,291,301,39,49,67,86,114,133,168,168,179,207,218,251,100,100,196,196,209,224,237,255,255,284,315,343,343,370,370,370,262,276,276,276],"floor_reached":51,"language":"ENG","playtime":2190,"items_purged":["Regret"],"score":1555,"play_id":"a6ae95bb-72cc-4629-b8ab-5da5c5061a83","local_time":"20210220132249","daily_mods":["SealedDeck","Vintage","Heirloom","Flight","DeadlyEvents"],"is_ascension_mode":true,"campfire_choices":[{"data":"After Image","floor":6,"key":"SMITH"},{"data":"Accuracy","floor":8,"key":"SMITH"},{"data":"Feel No Pain","floor":10,"key":"SMITH"},{"data":"Accuracy","floor":11,"key":"SMITH"},{"data":"Accuracy","floor":15,"key":"SMITH"},{"data":"Feel No Pain","floor":32,"key":"SMITH"},{"data":"Leg Sweep","floor":49,"key":"SMITH"}],"circlet_count":0,"master_deck":["Accuracy+1","Accuracy+1","Accuracy+1","Infinite Blades","Infinite Blades","Infinite Blades","Feel No Pain+1","Feel No Pain+1","Leg Sweep+1","Accuracy+1"],"relics":["Ring of the Snake","Ice Cream","Mercury Hourglass","Shuriken","Prayer Wheel","Ornamental Fan","Darkstone Periapt","Meat on the Bone","Regal Pillow","Paper Crane","Centennial Puzzle","Coffee Dripper","Tingsha","HornCleat","Eternal Feather","Boot","Ninja Scroll","Mummified Hand","The Specimen","Ginger","Lizard Tail","Bronze Scales","Pantograph","Letter Opener","Calipers","Membership Card","Black Star","Anchor","Kunai","Singing Bowl","Frozen Egg 2","White Beast Statue","Snake Skull","FossilizedHelix","Bottled Tornado","Bag of Preparation","Akabeko","Pear","Toxic Egg 2","Molten Egg 2","Lantern","Dream Catcher"],"acts_visited":["Exordium","TheCity","TheBeyond"],"potions_floor_usage":[21,50],"damage_taken":[{"damage":0,"enemies":"Cultist","floor":1,"turns":4},{"damage":0,"enemies":"Jaw Worm","floor":4,"turns":5},{"damage":0,"enemies":"Small Slimes","floor":5,"turns":4},{"damage":6,"enemies":"3 Louse","floor":7,"turns":4},{"damage":8,"enemies":"3 Sentries","floor":12,"turns":5},{"damage":0,"enemies":"Gremlin Nob","floor":13,"turns":5},{"damage":0,"enemies":"Lagavulin","floor":14,"turns":5},{"damage":0,"enemies":"Slime Boss","floor":16,"turns":5},{"damage":17,"enemies":"2 Thieves","floor":18,"turns":4},{"damage":8,"enemies":"3 Byrds","floor":20,"turns":4},{"damage":3,"enemies":"Shelled Parasite and Fungi","floor":21,"turns":4},{"damage":0,"enemies":"Snecko","floor":22,"turns":4},{"damage":0,"enemies":"Book of Stabbing","floor":23,"turns":5},{"damage":0,"enemies":"Centurion and Healer","floor":24,"turns":3},{"damage":0,"enemies":"Slavers","floor":25,"turns":4},{"damage":0,"enemies":"Cultist and Chosen","floor":27,"turns":3},{"damage":0,"enemies":"Gremlin Leader","floor":28,"turns":5},{"damage":0,"enemies":"Chosen and Byrds","floor":29,"turns":3},{"damage":0,"enemies":"Book of Stabbing","floor":30,"turns":4},{"damage":0,"enemies":"Champ","floor":33,"turns":7},{"damage":0,"enemies":"3 Darklings","floor":35,"turns":4},{"damage":0,"enemies":"3 Shapes","floor":36,"turns":2},{"damage":0,"enemies":"Transient","floor":37,"turns":5},{"damage":0,"enemies":"Sphere and 2 Shapes","floor":38,"turns":3},{"damage":0,"enemies":"Reptomancer","floor":40,"turns":4},{"damage":0,"enemies":"Nemesis","floor":41,"turns":5},{"damage":0,"enemies":"Giant Head","floor":42,"turns":6},{"damage":0,"enemies":"Nemesis","floor":44,"turns":5},{"damage":0,"enemies":"3 Darklings","floor":48,"turns":3},{"damage":0,"enemies":"Donu and Deca","floor":50,"turns":5}],"seed_played":"-8198924700338435899","potions_obtained":[{"floor":4,"key":"Regen Potion"},{"floor":12,"key":"Swift Potion"},{"floor":14,"key":"Block Potion"},{"floor":20,"key":"Energy Potion"},{"floor":21,"key":"LiquidBronze"},{"floor":23,"key":"Ancient Potion"},{"floor":29,"key":"FearPotion"},{"floor":42,"key":"CunningPotion"}],"is_trial":true,"path_per_floor":["M","?","$","M","M","R","M","R","T","R","R","E","E","E","R","B",null,"M","$","M","M","M","E","M","E","T","M","E","M","E","$","R","B",null,"M","M","M","M","?","E","E","E","T","E","?","$","$","M","R","B",null],"character_chosen":"THE_SILENT","items_purchased":["Shuriken","HornCleat","Membership Card","Lantern","Accuracy+1"],"campfire_rested":0,"item_purchase_floors":[3,19,31,47,47],"current_hp_per_floor":[70,70,70,70,70,70,64,64,64,64,64,56,56,56,56,56,70,53,53,45,42,42,42,42,42,42,42,42,42,42,42,48,70,70,70,70,70,70,70,72,74,76,86,88,98,98,98,98,98,98],"gold":276,"neow_bonus":"","is_daily":false,"chose_seed":false,"campfire_upgraded":7,"win_rate":0.0,"timestamp":1613856169,"path_taken":["M","?","$","M","M","R","M","R","T","R","R","E","E","E","R","BOSS","M","$","M","M","M","E","M","E","T","?","E","M","E","$","R","BOSS","M","?","M","M","?","E","E","E","T","E","?","$","$","M","R","BOSS"],"items_purchased_type":["Relic","Relic","Relic","Relic","Card"],"build_version":"2020-12-18","purchased_purges":1,"victory":true,"max_hp_per_floor":[70,70,70,70,70,70,70,70,70,70,70,70,70,70,70,70,70,70,70,70,70,70,70,70,70,70,70,70,70,70,70,70,70,70,70,70,70,70,70,72,74,76,86,88,98,98,98,98,98,98],"relic_stats":{"Darkstone Periapt":0,"Regal Pillow":0,"Singing Bowl":8,"Snake Skull":[0],"Bag of Preparation":[0],"Ginger":[6],"Boot":[43],"Centennial Puzzle":[9],"Lizard Tail":0,"Dream Catcher":0,"Mummified Hand":[165],"Pantograph":22,"Prayer Wheel":0,"Kunai":[27],"Ring of the Snake":[60],"counters":[30,127],"Tingsha":[0],"Eternal Feather":6,"Letter Opener":[0],"Mercury Hourglass":[507],"Shuriken":[59],"Ornamental Fan":[236],"Bronze Scales":[142],"Black Star":4,"obtain_stats":[{"Ice Cream":0,"Darkstone Periapt":7,"Regal Pillow":12,"Lantern":47,"Calipers":30,"Singing Bowl":37,"Snake Skull":40,"Bag of Preparation":42,"Ginger":25,"Bottled Tornado":41,"Boot":21,"Centennial Puzzle":14,"Lizard Tail":26,"Dream Catcher":48,"HornCleat":19,"Ninja Scroll":22,"Mummified Hand":23,"Pantograph":28,"Prayer Wheel":4,"Kunai":36,"Toxic Egg 2":44,"Ring of the Snake":0,"Pear":43,"The Specimen":24,"Tingsha":18,"Eternal Feather":20,"Letter Opener":29,"Paper Crane":13,"Frozen Egg 2":38,"White Beast Statue":40,"Akabeko":42,"Mercury Hourglass":1,"Anchor":35,"Shuriken":3,"Ornamental Fan":5,"Bronze Scales":27,"Molten Egg 2":44,"Coffee Dripper":17,"Black Star":34,"Membership Card":31,"FossilizedHelix":41,"Meat on the Bone":9},{"Ice Cream":0,"Darkstone Periapt":4,"Regal Pillow":5,"Lantern":28,"Calipers":19,"Singing Bowl":23,"Snake Skull":25,"Bag of Preparation":27,"Ginger":15,"Bottled Tornado":26,"Boot":11,"Centennial Puzzle":7,"Lizard Tail":15,"Dream Catcher":29,"HornCleat":9,"Ninja Scroll":12,"Mummified Hand":13,"Pantograph":17,"Prayer Wheel":2,"Kunai":22,"Toxic Egg 2":28,"Ring of the Snake":0,"Pear":27,"The Specimen":14,"Tingsha":9,"Eternal Feather":10,"Letter Opener":18,"Paper Crane":6,"Frozen Egg 2":24,"White Beast Statue":25,"Akabeko":27,"Mercury Hourglass":1,"Anchor":21,"Shuriken":1,"Ornamental Fan":3,"Bronze Scales":16,"Molten Egg 2":28,"Coffee Dripper":8,"Black Star":20,"Membership Card":19,"FossilizedHelix":26,"Meat on the Bone":4},{"Ice Cream":0,"Darkstone Periapt":16,"Regal Pillow":21,"Lantern":119,"Calipers":78,"Singing Bowl":96,"Snake Skull":103,"Bag of Preparation":114,"Ginger":63,"Bottled Tornado":108,"Boot":48,"Centennial Puzzle":31,"Lizard Tail":63,"Dream Catcher":122,"HornCleat":40,"Ninja Scroll":52,"Mummified Hand":57,"Pantograph":71,"Prayer Wheel":9,"Kunai":91,"Toxic Egg 2":119,"Ring of the Snake":0,"Pear":114,"The Specimen":60,"Tingsha":40,"Eternal Feather":44,"Letter Opener":74,"Paper Crane":26,"Frozen Egg 2":99,"White Beast Statue":103,"Akabeko":114,"Mercury Hourglass":4,"Anchor":89,"Shuriken":4,"Ornamental Fan":12,"Bronze Scales":66,"Molten Egg 2":119,"Coffee Dripper":36,"Black Star":85,"Membership Card":78,"FossilizedHelix":108,"Meat on the Bone":16}],"Meat on the Bone":0},"card_choices":[{"not_picked":["Flying Knee","Predator","Noxious Fumes"],"picked":"SKIP","floor":12},{"not_picked":["Crippling Poison","Reflex","Outmaneuver"],"picked":"SKIP","floor":13},{"not_picked":["Flying Knee","Slice","Deadly Poison"],"picked":"SKIP","floor":14},{"not_picked":["Expertise","Quick Slash","Acrobatics"],"picked":"SKIP","floor":23},{"not_picked":["Quick Slash","Cloak And Dagger","PiercingWail+1"],"picked":"SKIP","floor":25},{"not_picked":["Sucker Punch","Backflip","Caltrops+1"],"picked":"SKIP","floor":28},{"not_picked":["Calculated Gamble","Underhanded Strike+1","Grand Finale"],"picked":"SKIP","floor":30},{"not_picked":["Quick Slash+1","Caltrops+1","Blade Dance+1"],"picked":"Singing Bowl","floor":40},{"not_picked":["Blur","Footwork+1","Acrobatics"],"picked":"Singing Bowl","floor":41},{"not_picked":["Poisoned Stab","Terror+1","Cloak And Dagger+1"],"picked":"Singing Bowl","floor":42},{"not_picked":["Footwork+1","Sucker Punch+1","Dagger Spray+1"],"picked":"Singing Bowl","floor":44}],"player_experience":1467742,"relics_obtained":[{"floor":1,"key":"Mercury Hourglass"},{"floor":4,"key":"Prayer Wheel"},{"floor":5,"key":"Ornamental Fan"},{"floor":7,"key":"Darkstone Periapt"},{"floor":9,"key":"Meat on the Bone"},{"floor":12,"key":"Regal Pillow"},{"floor":13,"key":"Paper Crane"},{"floor":14,"key":"Centennial Puzzle"},{"floor":18,"key":"Tingsha"},{"floor":20,"key":"Eternal Feather"},{"floor":21,"key":"Boot"},{"floor":22,"key":"Ninja Scroll"},{"floor":23,"key":"Mummified Hand"},{"floor":24,"key":"The Specimen"},{"floor":25,"key":"Ginger"},{"floor":26,"key":"Lizard Tail"},{"floor":27,"key":"Bronze Scales"},{"floor":28,"key":"Pantograph"},{"floor":29,"key":"Letter Opener"},{"floor":30,"key":"Calipers"},{"floor":35,"key":"Anchor"},{"floor":36,"key":"Kunai"},{"floor":37,"key":"Singing Bowl"},{"floor":38,"key":"Frozen Egg 2"},{"floor":40,"key":"White Beast Statue"},{"floor":40,"key":"Snake Skull"},{"floor":41,"key":"FossilizedHelix"},{"floor":41,"key":"Bottled Tornado"},{"floor":42,"key":"Bag of Preparation"},{"floor":42,"key":"Akabeko"},{"floor":43,"key":"Pear"},{"floor":44,"key":"Toxic Egg 2"},{"floor":44,"key":"Molten Egg 2"},{"floor":48,"key":"Dream Catcher"}],"event_choices":[{"damage_healed":0,"gold_gain":275,"player_choice":"Desecrate","damage_taken":0,"max_hp_gain":0,"max_hp_loss":0,"event_name":"Golden Shrine","floor":2,"gold_loss":0,"cards_obtained":["Regret"]},{"cards_removed":["Leg Sweep"],"damage_healed":0,"gold_gain":0,"player_choice":"Removed Skill","damage_taken":0,"max_hp_gain":0,"max_hp_loss":0,"event_name":"Falling","floor":39,"gold_loss":0},{"cards_removed":["After Image"],"damage_healed":0,"gold_gain":0,"player_choice":"Offered Rare","damage_taken":0,"max_hp_gain":10,"max_hp_loss":0,"event_name":"Bonfire Elementals","floor":45,"gold_loss":0}],"is_beta":true,"boss_relics":[{"not_picked":["Velvet Choker","Runic Pyramid","Empty Cage"]},{"not_picked":["Fusion Hammer","Busted Crown"],"picked":"Black Star"}],"items_purged_floors":[3],"is_endless":false,"potions_floor_spawned":[4,12,14,20,21,23,27,29,35,37,38,41,42,44,48],"ascension_level":1}}