{"host":"f5gffvlv6a66yqkd","time":1613789379,"event":{"mods":["2.2 Compatiblity","BaseMod","Colored Map","Custom Start","DeckTracker","Keyboard Shortcuts","Minty Spire (QoL Compilation)","Permanent Neow","Quick Restart","Relic Stats","StSLib","SuperFastMode"],"gold_per_floor":[118,130,142,142,153,153,184,201,201,218,237,237,250,266,266,266,266],"floor_reached":16,"language":"KOR","playtime":324,"items_purged":[],"score":266,"play_id":"ad86133c-3a98-42e4-9afa-0bca98151b12","local_time":"20210220114939","is_ascension_mode":true,"campfire_choices":[{"data":"WheelKick","floor":6.0,"key":"SMITH"},{"data":"EmptyFist","floor":12.0,"key":"SMITH"},{"floor":15,"key":"REST"}],"circlet_count":0,"master_deck":["AscendersBane","Strike_P","Strike_P","Strike_P","Defend_P","Defend_P","Defend_P","Defend_P","Eruption+1","Vigilance","WheelKick+1","Consecrate","EmptyFist+1","Nirvana","MentalFortress","CutThroughFate"],"relics":["PureWater","Incense Burner"],"acts_visited":["Exordium"],"potions_floor_usage":[13,13],"damage_taken":[{"damage":1.0,"enemies":"2 Louse","floor":1.0,"turns":2.0},{"damage":0.0,"enemies":"Cultist","floor":2.0,"turns":2.0},{"damage":2.0,"enemies":"Jaw Worm","floor":3.0,"turns":2.0},{"damage":17.0,"enemies":"Red Slaver","floor":5.0,"turns":4.0},{"damage":0.0,"enemies":"Lagavulin","floor":7.0,"turns":3.0},{"damage":0.0,"enemies":"Exordium Wildlife","floor":8.0,"turns":2.0},{"damage":11.0,"enemies":"3 Louse","floor":10.0,"turns":2.0},{"damage":12.0,"enemies":"Exordium Thugs","floor":11.0,"turns":3.0},{"damage":2,"enemies":"Gremlin Gang","floor":13,"turns":2},{"damage":15,"enemies":"Exordium Wildlife","floor":14,"turns":4},{"damage":0,"enemies":"Slime Boss","floor":16,"turns":3}],"seed_played":"6235347007851948246","potions_obtained":[{"floor":2.0,"key":"AttackPotion"},{"floor":8.0,"key":"Swift Potion"},{"floor":11.0,"key":"DistilledChaos"}],"is_trial":false,"path_per_floor":["M","M","M","?","M","R","E","M","T","M","M","R","M","M","R","B"],"character_chosen":"WATCHER","items_purchased":[],"campfire_rested":1,"item_purchase_floors":[],"current_hp_per_floor":[60,60,58,58,41,41,41,41,41,30,18,18,16,1,21,21,21],"gold":266,"neow_bonus":"UPGRADE_CARD","is_daily":false,"chose_seed":false,"campfire_upgraded":2,"win_rate":0.0,"timestamp":1613789379,"path_taken":["M","M","M","?","M","R","E","M","T","?","M","R","M","M","R","BOSS"],"items_purchased_type":[],"build_version":"2020-12-22","purchased_purges":0,"victory":false,"max_hp_per_floor":[68,68,68,68,68,68,68,68,68,68,68,68,68,68,68,68,68],"relic_stats":{"counters":[11,29],"obtain_stats":[{"Incense Burner":7,"PureWater":0},{"Incense Burner":5,"PureWater":0},{"Incense Burner":13,"PureWater":0}]},"card_choices":[{"not_picked":["Crescendo","Protect"],"picked":"WheelKick","floor":1.0},{"not_picked":["Study","Fasting2"],"picked":"Consecrate","floor":2.0},{"not_picked":["SignatureMove","PathToVictory"],"picked":"EmptyFist","floor":3.0},{"not_picked":["Perseverance","Consecrate"],"picked":"MentalFortress","floor":5.0},{"not_picked":["Alpha","ForeignInfluence","CrushJoints"],"picked":"SKIP","floor":7.0},{"not_picked":["CrushJoints","PathToVictory","WheelKick"],"picked":"SKIP","floor":8.0},{"not_picked":["ClearTheMind","ForeignInfluence"],"picked":"CutThroughFate","floor":10.0},{"not_picked":["Perseverance","Consecrate","Halt"],"picked":"SKIP","floor":11.0},{"not_picked":["Consecrate","Collect","EmptyBody"],"picked":"SKIP","floor":13},{"not_picked":["MentalFortress","CrushJoints","WreathOfFlame"],"picked":"SKIP","floor":14}],"player_experience":1521441,"relics_obtained":[{"floor":7.0,"key":"Incense Burner"}],"event_choices":[{"damage_healed":0.0,"max_hp_gain":0.0,"max_hp_loss":0.0,"gold_gain":0.0,"cards_transformed":["Strike_P"],"event_name":"Transmorgrifier","player_choice":"Transformed","floor":4.0,"gold_loss":0.0,"damage_taken":0.0,"cards_obtained":["Nirvana"]}],"is_beta":false,"boss_relics":[],"items_purged_floors":[],"is_endless":false,"potions_floor_spawned":[2,8,11],"killed_by":"Slime Boss","ascension_level":20}}