{"host":"en4narc5947t7k9n","time":1613791376,"event":{"mods":["AchievementEnabler","BaseMod","Colored Map","Minty Spire (QoL Compilation)","SuperFastMode"],"gold_per_floor":[114,114,131,149,168,168,20,20,43,13,31,31,31],"floor_reached":12,"language":"KOR","playtime":572,"items_purged":[],"score":70,"play_id":"5c730c7f-69cd-4d18-a960-b965ed3a2927","local_time":"20210220122256","is_ascension_mode":false,"campfire_choices":[{"floor":6,"key":"RECALL"},{"data":"Accuracy","floor":8,"key":"SMITH"}],"circlet_count":0,"master_deck":["Strike_G","Strike_G","Strike_G","Strike_G","Strike_G","Defend_G","Defend_G+1","Defend_G","Defend_G","Defend_G","Survivor+1","Neutralize","Bane","Well Laid Plans","Reflex","Accuracy+1","Cleave","Secret Technique"],"relics":["Ring of the Snake","War Paint","FaceOfCleric","PrismaticShard"],"acts_visited":["Exordium"],"potions_floor_usage":[12],"damage_taken":[{"damage":0,"enemies":"Small Slimes","floor":1,"turns":4},{"damage":0,"enemies":"Cultist","floor":3,"turns":6},{"damage":1,"enemies":"2 Louse","floor":4,"turns":2},{"damage":40,"enemies":"Gremlin Gang","floor":5,"turns":8},{"damage":0,"enemies":"Looter","floor":10,"turns":4},{"damage":16,"enemies":"Exordium Thugs","floor":11,"turns":6},{"damage":28,"enemies":"Gremlin Nob","floor":12,"turns":4}],"seed_played":"-6280412437070316495","potions_obtained":[{"floor":3,"key":"FearPotion"},{"floor":11,"key":"GamblersBrew"}],"is_trial":false,"path_per_floor":["M","?","M","M","M","R","$","R","T","M","M","E"],"character_chosen":"THE_SILENT","items_purchased":["PrismaticShard"],"campfire_rested":0,"item_purchase_floors":[7],"current_hp_per_floor":[70,70,71,71,32,32,32,32,32,33,18,0,0],"gold":31,"neow_bonus":"RANDOM_COMMON_RELIC","is_daily":false,"chose_seed":false,"campfire_upgraded":1,"win_rate":0.0,"timestamp":1613791376,"path_taken":["M","?","M","M","M","R","$","R","T","M","M","E"],"items_purchased_type":["Relic"],"build_version":"2020-12-22","purchased_purges":0,"victory":false,"max_hp_per_floor":[70,70,71,72,73,73,73,73,73,74,75,75,75],"card_choices":[{"not_picked":["Dodge and Roll","Skewer"],"picked":"Bane","floor":1},{"not_picked":["Bane","Dagger Throw"],"picked":"Well Laid Plans","floor":3},{"not_picked":["Bane","Acrobatics"],"picked":"Reflex","floor":4},{"not_picked":["Dagger Throw","Backflip"],"picked":"Accuracy","floor":5},{"not_picked":["Nirvana","Bane"],"picked":"Cleave","floor":10},{"not_picked":["Sword Boomerang","SashWhip"],"picked":"Secret Technique","floor":11}],"player_experience":96815,"relics_obtained":[],"event_choices":[{"damage_healed":0,"gold_gain":0,"player_choice":"Trade","damage_taken":0,"relics_obtained":["FaceOfCleric"],"max_hp_gain":0,"max_hp_loss":0,"event_name":"FaceTrader","floor":2,"gold_loss":0}],"is_beta":false,"boss_relics":[],"items_purged_floors":[],"is_endless":false,"potions_floor_spawned":[3,11],"killed_by":"Gremlin Nob","ascension_level":0}}