{"host":"1k5bsi9o8i4fadyn","time":1613847528,"event":{"mods":["BaseMod","Colored Map","Colored Powertips","DeckTracker","KOR Keyword Fix","Minty Spire (QoL Compilation)","Permanent Neow","Quick Restart","Relic Stats","StSLib","SuperFastMode"],"gold_per_floor":[219,230,248,98,116,142,142,162,162,162,197,197,197,212,212,313,313,324,335,235,235,235,235,235,235,235,259,274,290,319,336,336,336,336],"floor_reached":33,"language":"KOR","playtime":1020,"items_purged":["Strike_R","Strike_R"],"score":291,"play_id":"cebdfb99-a77f-41b9-9cc8-0969011db8a5","local_time":"20210221035848","is_ascension_mode":true,"campfire_choices":[{"floor":7.0,"key":"REST"},{"floor":10.0,"key":"REST"},{"data":"Strike_R","floor":12.0,"key":"PURGE"},{"data":"Fire Breathing","floor":15.0,"key":"SMITH"},{"data":"Defend_R","floor":23.0,"key":"PURGE"},{"data":"Warcry","floor":25.0,"key":"SMITH"},{"data":"Dual Wield","floor":32.0,"key":"SMITH"}],"circlet_count":0,"master_deck":["Strike_R","Defend_R","Defend_R","Bash","Fire Breathing+1","Warcry+1","Evolve+1","Headbutt","Corruption+1","Fire Breathing+1","CurseOfTheBell","Feel No Pain+1","Searing Blow","Dual Wield+1"],"relics":["Burning Blood","Red Skull","Frozen Egg 2","Peace Pipe","Calling Bell","Toy Ornithopter","Shuriken","Bird Faced Urn","Matryoshka","Smiling Mask","TungstenRod","Orichalcum","Nunchaku","Strawberry"],"acts_visited":["TheCity"],"potions_floor_usage":[33],"damage_taken":[{"damage":9.0,"enemies":"Jaw Worm","floor":1.0,"turns":4.0},{"damage":3.0,"enemies":"2 Louse","floor":2.0,"turns":5.0},{"damage":4.0,"enemies":"Small Slimes","floor":3.0,"turns":5.0},{"damage":15.0,"enemies":"Looter","floor":5.0,"turns":4.0},{"damage":63.0,"enemies":"Lagavulin","floor":6.0,"turns":10.0},{"damage":17.0,"enemies":"Gremlin Gang","floor":8.0,"turns":4.0},{"damage":12.0,"enemies":"3 Sentries","floor":11.0,"turns":3.0},{"damage":13.0,"enemies":"Exordium Wildlife","floor":14.0,"turns":6.0},{"damage":27.0,"enemies":"Hexaghost","floor":16.0,"turns":11.0},{"damage":0.0,"enemies":"Chosen","floor":18.0,"turns":3.0},{"damage":44.0,"enemies":"Shell Parasite","floor":19.0,"turns":11.0},{"damage":33.0,"enemies":"Shelled Parasite and Fungi","floor":28.0,"turns":6.0},{"damage":6.0,"enemies":"Chosen and Byrds","floor":29.0,"turns":4.0},{"damage":53.0,"enemies":"Slavers","floor":30.0,"turns":4.0},{"damage":11.0,"enemies":"Cultist and Chosen","floor":31.0,"turns":4.0},{"damage":54,"enemies":"Collector","floor":33,"turns":6}],"seed_played":"-3869164802788079011","potions_obtained":[{"floor":2.0,"key":"SpeedPotion"},{"floor":11.0,"key":"Block Potion"},{"floor":14.0,"key":"Dexterity Potion"},{"floor":16.0,"key":"CultistPotion"},{"floor":19.0,"key":"BloodPotion"},{"floor":28.0,"key":"BlessingOfTheForge"}],"is_trial":false,"path_per_floor":["M","M","M","$","M","E","R","M","T","R","E","R","?","M","R","B",null,"M","M","$","?","T","R","?","R","T","T","M","M","E","M","R","B"],"character_chosen":"IRONCLAD","items_purchased":["Evolve"],"campfire_rested":2,"item_purchase_floors":[4],"current_hp_per_floor":[77,80,80,80,71,14,38,27,27,51,45,45,45,38,38,17,80,80,46,46,46,46,46,46,46,46,46,48,60,30,35,35,0,0],"gold":336,"neow_bonus":"HUNDRED_GOLD","is_daily":false,"chose_seed":false,"campfire_upgraded":3,"win_rate":0.0,"timestamp":1613847528,"path_taken":["M","M","M","$","M","E","R","M","T","R","E","R","?","M","R","BOSS","M","M","$","?","?","R","?","R","T","?","M","M","E","M","R","BOSS"],"items_purchased_type":["Card"],"build_version":"2020-12-22","purchased_purges":2,"victory":false,"max_hp_per_floor":[80,80,80,80,80,80,80,80,80,80,80,80,80,80,80,80,80,80,80,80,80,80,80,80,80,80,80,80,80,87,87,87,87,87],"relic_stats":{"Peace Pipe":2,"Nunchaku":[1],"counters":[16,90],"Shuriken":[0],"Bird Faced Urn":[52],"Orichalcum":[54],"Smiling Mask":0,"obtain_stats":[{"Frozen Egg 2":9,"Orichalcum":27,"Smiling Mask":26,"Burning Blood":0,"Peace Pipe":11,"Calling Bell":17,"Nunchaku":27,"Matryoshka":22,"Shuriken":17,"Bird Faced Urn":17,"Strawberry":30,"Red Skull":6,"Toy Ornithopter":17,"TungstenRod":26},{"Frozen Egg 2":6,"Orichalcum":11,"Smiling Mask":11,"Burning Blood":0,"Peace Pipe":7,"Calling Bell":9,"Nunchaku":11,"Matryoshka":11,"Shuriken":9,"Bird Faced Urn":9,"Strawberry":14,"Red Skull":5,"Toy Ornithopter":9,"TungstenRod":11},{"Frozen Egg 2":32,"Orichalcum":66,"Smiling Mask":66,"Burning Blood":0,"Peace Pipe":35,"Calling Bell":52,"Nunchaku":66,"Matryoshka":66,"Shuriken":52,"Bird Faced Urn":52,"Strawberry":80,"Red Skull":28,"Toy Ornithopter":52,"TungstenRod":66}],"Burning Blood":82,"Toy Ornithopter":10,"TungstenRod":26},"card_choices":[{"not_picked":["Havoc","Rupture"],"picked":"Fire Breathing","floor":1.0},{"not_picked":["Seeing Red","True Grit","Cleave"],"picked":"SKIP","floor":2.0},{"not_picked":["Sentinel","Iron Wave"],"picked":"Warcry","floor":3.0},{"not_picked":["Blood for Blood","Clash","Rage"],"picked":"SKIP","floor":5.0},{"not_picked":["Anger","Spot Weakness"],"picked":"Headbutt","floor":6.0},{"not_picked":["Sever Soul","Dark Embrace","Sword Boomerang"],"picked":"SKIP","floor":8.0},{"not_picked":["Disarm","Thunderclap"],"picked":"Corruption+1","floor":11.0},{"not_picked":["Cleave","Anger"],"picked":"Fire Breathing+1","floor":14.0},{"not_picked":["Twin Strike","Whirlwind","Heavy Blade"],"picked":"SKIP","floor":18.0},{"not_picked":["Pommel Strike","Perfected Strike","Thunderclap+1"],"picked":"SKIP","floor":19.0},{"not_picked":["Pommel Strike","Perfected Strike"],"picked":"Dual Wield","floor":28.0},{"not_picked":["Spot Weakness","Clothesline","Whirlwind+1"],"picked":"SKIP","floor":29.0},{"not_picked":["Anger","Body Slam","Iron Wave+1"],"picked":"SKIP","floor":30.0},{"not_picked":["Flex","Wild Strike","Twin Strike"],"picked":"SKIP","floor":31.0}],"player_experience":34330,"relics_obtained":[{"floor":6.0,"key":"Red Skull"},{"floor":9.0,"key":"Frozen Egg 2"},{"floor":11.0,"key":"Peace Pipe"},{"floor":17.0,"key":"Toy Ornithopter"},{"floor":17.0,"key":"Shuriken"},{"floor":17.0,"key":"Bird Faced Urn"},{"floor":22.0,"key":"Matryoshka"},{"floor":26.0,"key":"Smiling Mask"},{"floor":26.0,"key":"TungstenRod"},{"floor":27.0,"key":"Orichalcum"},{"floor":27.0,"key":"Nunchaku"},{"floor":30.0,"key":"Strawberry"}],"event_choices":[{"damage_healed":0.0,"max_hp_gain":0.0,"max_hp_loss":0.0,"gold_gain":0.0,"event_name":"Upgrade Shrine","player_choice":"Upgraded","floor":13.0,"gold_loss":0.0,"damage_taken":0.0,"cards_upgraded":["Evolve"]},{"damage_healed":0.0,"max_hp_gain":0.0,"max_hp_loss":0.0,"gold_gain":0.0,"cards_transformed":["Strike_R","Defend_R"],"event_name":"Drug Dealer","player_choice":"Became Test Subject","floor":21.0,"gold_loss":0.0,"damage_taken":0.0,"cards_obtained":["Feel No Pain","Searing Blow"]},{"damage_healed":0.0,"max_hp_gain":0.0,"max_hp_loss":0.0,"gold_gain":0.0,"event_name":"Vampires","player_choice":"Ignored","floor":24.0,"gold_loss":0.0,"damage_taken":0.0}],"is_beta":false,"boss_relics":[{"not_picked":["Circlet","Empty Cage"],"picked":"Calling Bell"}],"items_purged_floors":[4,20],"is_endless":false,"potions_floor_spawned":[2,11,14,16,19,28],"killed_by":"Collector","ascension_level":1}}