{"host":"bg8va46pgqgvtzim","time":1613839794,"event":{"mods":["BaseMod","Minty Spire (QoL Compilation)","Quick Restart","StSLib","SuperFastMode"],"gold_per_floor":[118,118,128,144,94,112,126,50,80,80,94,94,109,132,144,174,191,225,238,251,282,295,295,396,396,412,337,355,355,370,381,381,393,393,419,450,468,501,547,575,595,606,619,619,619,633,71,97,97,194,194,210,210,224,224,241,257,290,290,310,321,347,393,393,413,448,466,494,494,513,530,545,545,545,545,545,14,39,39],"floor_reached":80,"language":"ZHS","playtime":2996,"items_purged":["Strike_G","Bane","Survivor"],"score":1954,"play_id":"df946b64-3b6c-451a-8b32-9aa7ebc7e340","local_time":"20210221004954","is_ascension_mode":true,"campfire_choices":[{"data":"Calculated Gamble","floor":10.0,"key":"SMITH"},{"data":"Crippling Poison","floor":12.0,"key":"SMITH"},{"data":"Prepared","floor":23.0,"key":"SMITH"},{"data":"Terror","floor":34,"key":"SMITH"},{"data":"Tactician","floor":45,"key":"SMITH"},{"data":"Dagger Throw","floor":49,"key":"PURGE"},{"data":"Defend_G","floor":59,"key":"PURGE"},{"data":"Defend_G","floor":64,"key":"PURGE"},{"data":"Defend_G","floor":69,"key":"PURGE"},{"floor":73,"key":"RECALL"},{"data":"Defend_G+1","floor":76,"key":"PURGE"}],"circlet_count":0,"master_deck":["Defend_G+1","Neutralize+1","Crippling Poison+1","Acrobatics","Calculated Gamble+1","Eviscerate","Acrobatics+1","Prepared+1","Terror+1","Footwork","Adrenaline","Calculated Gamble+1","Phantasmal Killer+1","Reflex","Well Laid Plans+1","Tactician+1","Footwork+1","Backflip","Prepared+1"],"relics":["Ring of the Snake","Centennial Puzzle","Happy Flower","Bird Faced Urn","Pear","War Paint","Astrolabe","Bag of Marbles","Red Mask","Boot","PreservedInsect","Lantern","Peace Pipe","OrangePellets","Ornamental Fan","Runic Dome","Blue Candle","Toy Ornithopter","Bronze Scales","StoneCalendar","Mummified Hand","Oddly Smooth Stone","Torii"],"acts_visited":["Exordium","TheCity","TheBeyond","TheEnding"],"potions_floor_usage":[35,79,79],"damage_taken":[{"damage":0.0,"enemies":"2 Louse","floor":1.0,"turns":4.0},{"damage":0.0,"enemies":"Jaw Worm","floor":3.0,"turns":4.0},{"damage":0.0,"enemies":"Small Slimes","floor":4.0,"turns":4.0},{"damage":0.0,"enemies":"Looter","floor":6.0,"turns":4.0},{"damage":4.0,"enemies":"Exordium Thugs","floor":7.0,"turns":4.0},{"damage":12.0,"enemies":"Lagavulin","floor":9.0,"turns":9.0},{"damage":0.0,"enemies":"Gremlin Gang","floor":11.0,"turns":5.0},{"damage":1.0,"enemies":"Red Slaver","floor":13.0,"turns":3.0},{"damage":2.0,"enemies":"Looter","floor":15.0,"turns":3.0},{"damage":2.0,"enemies":"3 Sentries","floor":16.0,"turns":8.0},{"damage":0.0,"enemies":"Lots of Slimes","floor":17.0,"turns":4.0},{"damage":25.0,"enemies":"Gremlin Nob","floor":18.0,"turns":5.0},{"damage":0.0,"enemies":"Blue Slaver","floor":19.0,"turns":3.0},{"damage":1.0,"enemies":"Exordium Thugs","floor":20.0,"turns":6.0},{"damage":2.0,"enemies":"3 Sentries","floor":21.0,"turns":9.0},{"damage":0.0,"enemies":"2 Fungi Beasts","floor":22.0,"turns":3.0},{"damage":0.0,"enemies":"Hexaghost","floor":24.0,"turns":9.0},{"damage":0,"enemies":"Chosen","floor":26,"turns":2},{"damage":0,"enemies":"Shell Parasite","floor":28,"turns":2},{"damage":1,"enemies":"Sentry and Sphere","floor":30,"turns":5},{"damage":0,"enemies":"Snake Plant","floor":31,"turns":2},{"damage":9,"enemies":"Centurion and Healer","floor":33,"turns":3},{"damage":11,"enemies":"Slavers","floor":35,"turns":2},{"damage":0,"enemies":"Masked Bandits","floor":36,"turns":5},{"damage":1,"enemies":"Snecko","floor":37,"turns":3},{"damage":5,"enemies":"Book of Stabbing","floor":38,"turns":5},{"damage":0,"enemies":"Gremlin Leader","floor":40,"turns":3},{"damage":0,"enemies":"Sentry and Sphere","floor":41,"turns":3},{"damage":0,"enemies":"Snake Plant","floor":42,"turns":4},{"damage":0,"enemies":"Centurion and Healer","floor":43,"turns":3},{"damage":0,"enemies":"Snecko","floor":46,"turns":1},{"damage":0,"enemies":"Book of Stabbing","floor":48,"turns":2},{"damage":0,"enemies":"Automaton","floor":50,"turns":1},{"damage":0,"enemies":"3 Shapes","floor":52,"turns":2},{"damage":0,"enemies":"3 Darklings","floor":54,"turns":2},{"damage":0,"enemies":"Transient","floor":56,"turns":5},{"damage":0,"enemies":"4 Shapes","floor":57,"turns":1},{"damage":0,"enemies":"Nemesis","floor":58,"turns":1},{"damage":0,"enemies":"Spire Growth","floor":60,"turns":2},{"damage":0,"enemies":"Sphere and 2 Shapes","floor":61,"turns":1},{"damage":0,"enemies":"Maw","floor":65,"turns":2},{"damage":0,"enemies":"Reptomancer","floor":66,"turns":2},{"damage":0,"enemies":"Spire Growth","floor":67,"turns":2},{"damage":0,"enemies":"Giant Head","floor":68,"turns":1},{"damage":0,"enemies":"4 Shapes","floor":70,"turns":1},{"damage":0,"enemies":"Writhing Mass","floor":71,"turns":2},{"damage":0,"enemies":"Maw","floor":72,"turns":2},{"damage":0,"enemies":"Awakened One","floor":74,"turns":2},{"damage":0,"enemies":"Shield and Spear","floor":78,"turns":1},{"damage":0,"enemies":"The Heart","floor":79,"turns":3}],"seed_played":"4788204423311846394","potions_obtained":[{"floor":1.0,"key":"SpeedPotion"},{"floor":6.0,"key":"DistilledChaos"},{"floor":9.0,"key":"Block Potion"},{"floor":11.0,"key":"Dexterity Potion"},{"floor":35,"key":"Swift Potion"},{"floor":42,"key":"SkillPotion"},{"floor":56,"key":"DistilledChaos"},{"floor":71,"key":"DistilledChaos"}],"is_trial":false,"path_per_floor":["M","?","M","M","?","M","M","$","E","R","M","R","M","T","M","E","M","E","M","M","E","M","R","B",null,"M","$","M","?","M","M","?","M","R","E","?","M","E","T","E","M","M","M","?","R","M","$","E","R","B",null,"M","$","M","?","M","M","E","R","M","M","T","T","R","M","E","M","E","R","M","M","M","R","B",null,"R","$","E","B",null],"character_chosen":"THE_SILENT","items_purchased":["Eviscerate","Peace Pipe","OrangePellets","Mummified Hand","Oddly Smooth Stone"],"campfire_rested":0,"item_purchase_floors":[8,47,47,77,77],"current_hp_per_floor":[70,56,56,56,56,56,52,52,40,40,40,40,39,39,37,35,35,20,20,19,19,19,19,21,80,80,80,80,80,79,80,65,58,58,51,55,58,55,55,59,63,67,71,71,71,75,75,79,79,83,85,85,85,85,85,85,85,85,85,85,85,85,85,85,85,85,85,85,85,85,85,85,85,85,85,85,85,85,85],"gold":39,"neow_bonus":"UPGRADE_CARD","is_daily":false,"chose_seed":false,"campfire_upgraded":5,"win_rate":0.0,"timestamp":1613839794,"path_taken":["M","?","M","M","?","M","M","$","E","R","M","R","M","T","M","E","?","E","M","M","E","M","R","BOSS","M","$","M","?","M","M","?","M","R","E","?","M","E","T","E","M","M","M","?","R","M","?","E","R","BOSS","M","$","M","?","M","M","E","R","M","M","T","T","R","M","E","M","E","R","M","M","M","R","BOSS","R","$","E","BOSS"],"items_purchased_type":["Card","Relic","Relic","Relic","Relic"],"build_version":"2020-12-22","purchased_purges":3,"victory":true,"max_hp_per_floor":[70,70,70,70,70,70,70,70,70,70,70,70,70,70,70,70,70,80,80,80,80,80,80,80,80,80,80,80,80,80,80,85,85,85,85,85,85,85,85,85,85,85,85,85,85,85,85,85,85,85,85,85,85,85,85,85,85,85,85,85,85,85,85,85,85,85,85,85,85,85,85,85,85,85,85,85,85,85,85],"card_choices":[{"not_picked":["Bane","Backflip"],"picked":"Dash","floor":1.0},{"not_picked":["Choke","Sucker Punch"],"picked":"Crippling Poison","floor":3.0},{"not_picked":["Caltrops","Prepared"],"picked":"Acrobatics","floor":4.0},{"not_picked":["Dagger Throw","Finisher"],"picked":"Calculated Gamble","floor":6.0},{"not_picked":["Distraction","Dagger Throw","Accuracy"],"picked":"SKIP","floor":9.0},{"not_picked":["Deflect","Underhanded Strike","Quick Slash"],"picked":"SKIP","floor":11.0},{"not_picked":["Slice","Dagger Throw"],"picked":"Acrobatics","floor":13.0},{"not_picked":["Riddle With Holes","PiercingWail","Deflect"],"picked":"SKIP","floor":15.0},{"not_picked":["Phantasmal Killer","Underhanded Strike"],"picked":"Prepared","floor":16.0},{"not_picked":["Outmaneuver","Escape Plan"],"picked":"Terror","floor":17.0},{"not_picked":["Dodge and Roll","Sucker Punch","A Thousand Cuts"],"picked":"SKIP","floor":18.0},{"not_picked":["Dagger Throw","Accuracy"],"picked":"Footwork","floor":19.0},{"not_picked":["Flying Knee","Backflip","Outmaneuver"],"picked":"SKIP","floor":20.0},{"not_picked":["Backflip","All Out Attack"],"picked":"Adrenaline","floor":21.0},{"not_picked":["Terror","Deadly Poison","Riddle With Holes"],"picked":"SKIP","floor":22.0},{"not_picked":["Slice","Quick Slash","Deadly Poison"],"picked":"SKIP","floor":26},{"not_picked":["Heel Hook","Leg Sweep","Underhanded Strike"],"picked":"SKIP","floor":28},{"not_picked":["Acrobatics","Dodge and Roll"],"picked":"Reflex","floor":30},{"not_picked":["Poisoned Stab","Sucker Punch"],"picked":"Well Laid Plans+1","floor":31},{"not_picked":["PiercingWail","Night Terror","Deadly Poison"],"picked":"SKIP","floor":33},{"not_picked":["Predator","Deadly Poison","Underhanded Strike"],"picked":"SKIP","floor":35},{"not_picked":["Bouncing Flask","Bane+1","Cloak And Dagger+1"],"picked":"SKIP","floor":37},{"not_picked":["All Out Attack","Cloak And Dagger","Flying Knee"],"picked":"SKIP","floor":38},{"not_picked":["Venomology","Sucker Punch","Acrobatics"],"picked":"SKIP","floor":40},{"not_picked":["Bane","PiercingWail","Catalyst"],"picked":"SKIP","floor":41},{"not_picked":["Dagger Spray","Quick Slash","Catalyst"],"picked":"SKIP","floor":42},{"not_picked":["Eviscerate","Backflip","Deflect+1"],"picked":"SKIP","floor":43},{"not_picked":["Poisoned Stab","Bouncing Flask+1","Blade Dance"],"picked":"SKIP","floor":46},{"not_picked":["All Out Attack","Slice+1","Sucker Punch+1"],"picked":"SKIP","floor":48},{"not_picked":["Prepared","Cloak And Dagger+1","Quick Slash"],"picked":"SKIP","floor":52},{"not_picked":["Backflip","Cloak And Dagger+1","Storm of Steel"],"picked":"SKIP","floor":54},{"not_picked":["Deflect+1","Outmaneuver+1","Finisher"],"picked":"SKIP","floor":56},{"not_picked":["Infinite Blades","Flying Knee+1","Poisoned Stab+1"],"picked":"SKIP","floor":57},{"not_picked":["Masterful Stab+1","Heel Hook","Envenom"],"picked":"SKIP","floor":58},{"not_picked":["Cloak And Dagger+1","Riddle With Holes+1"],"picked":"Footwork+1","floor":60},{"not_picked":["Leg Sweep","PiercingWail","Reflex+1"],"picked":"SKIP","floor":61},{"not_picked":["Acrobatics+1","Eviscerate"],"picked":"Backflip","floor":65},{"not_picked":["Backflip","Flying Knee+1","Underhanded Strike+1"],"picked":"SKIP","floor":66},{"not_picked":["Dagger Throw","Setup+1","Bane+1"],"picked":"SKIP","floor":67},{"not_picked":["All Out Attack","Grand Finale"],"picked":"Prepared+1","floor":68},{"not_picked":["Flying Knee+1","Finisher","All Out Attack"],"picked":"SKIP","floor":70},{"not_picked":["Bane+1","Poisoned Stab","Blade Dance"],"picked":"SKIP","floor":71},{"not_picked":["Cloak And Dagger","Catalyst+1","Backflip+1"],"picked":"SKIP","floor":72},{"not_picked":["Endless Agony+1","Blade Dance+1","Bouncing Flask+1"],"picked":"SKIP","floor":78}],"player_experience":2507773,"relics_obtained":[{"floor":9.0,"key":"Centennial Puzzle"},{"floor":14.0,"key":"Happy Flower"},{"floor":16.0,"key":"Bird Faced Urn"},{"floor":18.0,"key":"Pear"},{"floor":21.0,"key":"War Paint"},{"floor":35,"key":"Bag of Marbles"},{"floor":36,"key":"Red Mask"},{"floor":38,"key":"Boot"},{"floor":39,"key":"PreservedInsect"},{"floor":40,"key":"Lantern"},{"floor":48,"key":"Ornamental Fan"},{"floor":58,"key":"Blue Candle"},{"floor":63,"key":"Toy Ornithopter"},{"floor":66,"key":"Bronze Scales"},{"floor":68,"key":"StoneCalendar"},{"floor":78,"key":"Torii"}],"event_choices":[{"damage_healed":0.0,"max_hp_gain":0.0,"max_hp_loss":0.0,"gold_gain":0.0,"event_name":"Shining Light","player_choice":"Entered Light","floor":2.0,"gold_loss":0.0,"damage_taken":14.0,"cards_upgraded":["Strike_G","Defend_G"]},{"cards_removed":["Strike_G"],"damage_healed":0.0,"max_hp_gain":0.0,"max_hp_loss":0.0,"gold_gain":0.0,"event_name":"The Cleric","player_choice":"Card Removal","floor":5.0,"gold_loss":50.0,"damage_taken":0.0},{"damage_healed":0,"gold_gain":0,"cards_transformed":["Strike_G","Flying Knee"],"player_choice":"Became Test Subject","damage_taken":0,"max_hp_gain":0,"max_hp_loss":0,"event_name":"Drug Dealer","floor":29,"gold_loss":0,"cards_obtained":["Dagger Throw","Bane"]},{"damage_healed":0,"gold_gain":0,"player_choice":"Shed Blood","damage_taken":20,"max_hp_gain":5,"max_hp_loss":0,"event_name":"Forgotten Altar","floor":32,"gold_loss":0},{"damage_healed":0,"gold_gain":0,"player_choice":"Fought Bandits","damage_taken":0,"max_hp_gain":0,"max_hp_loss":0,"event_name":"Masked Bandits","floor":36,"gold_loss":0},{"damage_healed":0,"gold_gain":0,"player_choice":"Read","damage_taken":0,"max_hp_gain":0,"max_hp_loss":0,"event_name":"The Library","floor":44,"gold_loss":0,"cards_obtained":["Tactician"]},{"damage_healed":0,"gold_gain":0,"player_choice":"Ignored","damage_taken":0,"max_hp_gain":0,"max_hp_loss":0,"event_name":"SecretPortal","floor":55,"gold_loss":0}],"is_beta":false,"boss_relics":[{"not_picked":["WristBlade","Busted Crown"],"picked":"Astrolabe"},{"not_picked":["SacredBark","SlaversCollar"],"picked":"Runic Dome"}],"items_purged_floors":[27,47,77],"is_endless":false,"potions_floor_spawned":[1,6,9,11,15,16,20,21,22,28,35,36,40,41,42,43,48,50,52,56,65,66,67,70,71,72],"ascension_level":1}}