{"host":"etc34k4ck9qyv0fa","time":1613855481,"event":{"mods":["AchievementEnabler","BaseMod","Colored Map","Colored Powertips","Marisa????????","Minty Spire (QoL Compilation)","Reimu??????","Replay The Spire","StSLib","The Animator","The Servant 0.9.4"],"gold_per_floor":[111,111,126,142,142,142,187,218,218,264,264,305,62,111,111,197,197,217,249,249,249,249,249,274,274,297,297,47,87,87,116,116,116,116],"floor_reached":33,"language":"ENG","playtime":1427,"items_purged":["Pain","Strike_MRS"],"score":745,"play_id":"19708d02-29dd-4c6d-8d79-4f953d976044","local_time":"20210220221121","is_ascension_mode":true,"campfire_choices":[{"data":"AsteroidBelt","floor":6,"key":"SMITH"},{"floor":23,"key":"REST"},{"floor":25,"key":"REST"},{"floor":27,"key":"REST"},{"floor":30,"key":"REST"},{"data":"1","floor":32,"key":"LIFT"}],"circlet_count":0,"master_deck":["AscendersBane","Strike_MRS","Strike_MRS","Defend_MRS","Defend_MRS","Defend_MRS","Defend_MRS","MasterSpark","UpSweep","WitchOfGreed","AsteroidBelt+1","MillisecondPulsars+1","FinalSpark","GrandCross","ShootingEcho","Parasite","Parasite","MagicAbsorber","Pot Of Greed+1","Pot Of Greed","JA","BigCrunch","Singularity","AlicesGift"],"relics":["BewitchedHakkero","NeowsBlessing","Gambling Chip","Pocketwatch","Replay:Towering Pillar of Hats","Ancient Tea Set","ShroomBag","Lee\u0027s Waffle","Grinning Jar","Girya","Nunchaku","Membership Card","Replay:Wax Seal","Quantum Egg"],"acts_visited":["Exordium","TheCity"],"potions_floor_usage":[8,10,10,12,14,16,16,24,29,29,33],"damage_taken":[{"damage":0,"enemies":"Cultist","floor":1,"turns":1},{"damage":0,"enemies":"Small Slimes","floor":4,"turns":1},{"damage":2,"enemies":"3 Sentries","floor":7,"turns":2},{"damage":1,"enemies":"Jaw Worm","floor":8,"turns":4},{"damage":17,"enemies":"Replay:BlueRogue","floor":10,"turns":5},{"damage":11,"enemies":"Lagavulin","floor":12,"turns":5},{"damage":28,"enemies":"Gremlin Nob","floor":14,"turns":4},{"damage":0,"enemies":"The Guardian","floor":16,"turns":9},{"damage":9,"enemies":"3 Byrds","floor":18,"turns":6},{"damage":13,"enemies":"Spheric Guardian","floor":19,"turns":4},{"damage":63,"enemies":"Slavers","floor":24,"turns":7},{"damage":30,"enemies":"Book of Stabbing","floor":29,"turns":5},{"damage":0,"enemies":"3 Cultists","floor":31,"turns":6},{"damage":73,"enemies":"Pondfish","floor":33,"turns":9}],"seed_played":"-8055697693981848301","potions_obtained":[{"floor":1,"key":"Block Potion"},{"floor":7,"key":"EssenceOfSteel"},{"floor":8,"key":"BottledSpark"},{"floor":10,"key":"Weak Potion"},{"floor":12,"key":"ColorlessPotion"},{"floor":12,"key":"EssenceOfSteel"},{"floor":14,"key":"EssenceOfSteel"},{"floor":16,"key":"Block Potion"},{"floor":18,"key":"ZuzhouPotion:ReiMu"},{"floor":19,"key":"Strength Potion"},{"floor":24,"key":"Weak Potion"},{"floor":29,"key":"Block Potion"},{"floor":31,"key":"Toxic Potion"}],"is_trial":false,"path_per_floor":["M","?","?","M","?","R","E","M","T","E","?","E","$","E","R_BF","B",null,"M","M","?","?","?","R","E","R","T","R","$","E","R","M","R","B"],"character_chosen":"MARISA","items_purchased":["Lee\u0027s Waffle","Membership Card","Replay:Wax Seal"],"campfire_rested":4,"item_purchase_floors":[13,28,28],"current_hp_per_floor":[63,68,68,68,68,68,66,65,65,48,48,37,82,56,80,82,82,77,68,68,44,44,70,11,37,37,63,63,37,63,67,67,0,0],"gold":116,"neow_bonus":"THREE_ENEMY_KILL","is_daily":false,"chose_seed":false,"campfire_upgraded":1,"win_rate":0.0,"timestamp":1613855481,"path_taken":["M","?","?","?","?","R","E","M","T","E","?","E","?","E","R_BF","BOSS","M","M","?","?","?","R","E","R","T","R","$","E","R","?","R","BOSS"],"items_purchased_type":["Relic","Relic","Relic"],"build_version":"2020-12-22","purchased_purges":2,"victory":false,"max_hp_per_floor":[70,75,75,75,75,75,75,75,75,75,75,75,82,82,82,82,82,82,82,82,87,87,87,87,87,87,87,87,87,87,87,87,87,87],"card_choices":[{"not_picked":["EventHorizon","AsteroidBelt"],"picked":"WitchOfGreed","floor":1},{"not_picked":["OrrerysSun","MilkyWay"],"picked":"AsteroidBelt","floor":4},{"not_picked":["Acceleration","DoubleSpark"],"picked":"FinalSpark","floor":7},{"not_picked":["WitchOfGreed","IllusionStar"],"picked":"GrandCross","floor":8},{"not_picked":["OpenUniverse","MagicChant"],"picked":"ShootingEcho","floor":10},{"not_picked":["PulseMagic","Acceleration"],"picked":"MagicAbsorber","floor":12},{"not_picked":["SporeBomb","GravityBeat","LuminesStrike"],"picked":"SKIP","floor":14},{"not_picked":["SuperNova","FinalSpark"],"picked":"JA","floor":16},{"not_picked":["Acceleration","EnergyRecoil+1","SprinkleStarSeal"],"picked":"SKIP","floor":18},{"not_picked":["EnergyRecoil","Acceleration+1","OpenUniverse"],"picked":"SKIP","floor":19},{"not_picked":["Robbery","DarkSpark","SporeBomb"],"picked":"SKIP","floor":24},{"not_picked":["IllusionStar","FinalSpark"],"picked":"AlicesGift","floor":29},{"not_picked":["GalacticHalo+1","Acceleration","DC"],"picked":"SKIP","floor":31}],"player_experience":505281,"relics_obtained":[{"floor":3,"key":"Gambling Chip"},{"floor":7,"key":"Pocketwatch"},{"floor":9,"key":"Replay:Towering Pillar of Hats"},{"floor":10,"key":"Ancient Tea Set"},{"floor":12,"key":"ShroomBag"},{"floor":14,"key":"Grinning Jar"},{"floor":24,"key":"Girya"},{"floor":26,"key":"Nunchaku"},{"floor":29,"key":"Quantum Egg"}],"event_choices":[{"damage_healed":0,"gold_gain":0,"player_choice":"Donut","damage_taken":0,"max_hp_gain":5,"max_hp_loss":0,"event_name":"Big Fish","floor":2,"gold_loss":0},{"damage_healed":0,"gold_gain":0,"player_choice":"Searched \u00270\u0027 times","damage_taken":0,"max_hp_gain":0,"max_hp_loss":0,"event_name":"Dead Adventurer","floor":11,"gold_loss":0},{"damage_healed":0,"gold_gain":0,"player_choice":"Shed Blood","damage_taken":29,"max_hp_gain":5,"max_hp_loss":0,"event_name":"Forgotten Altar","floor":21,"gold_loss":0},{"damage_healed":0,"gold_gain":0,"player_choice":"2 cards matched","damage_taken":0,"max_hp_gain":0,"max_hp_loss":0,"event_name":"Match and Keep!","floor":22,"gold_loss":0,"cards_obtained":["BigCrunch","Singularity"]}],"is_beta":false,"boss_relics":[{"not_picked":["Ectoplasm","Busted Crown"],"picked":"BewitchedHakkero"}],"items_purged_floors":[13,28],"is_endless":false,"potions_floor_spawned":[1,7,12,14,18,24],"killed_by":"Pondfish","ascension_level":19}}