{"host":"cw5mrddkw4tq3s8v","time":1613782290,"event":{"mods":["BaseMod","Block Reminder","Colored Map","Colored Powertips","DeckTracker","Highlight Path","Hubris","Infinite Spire","Minty Spire (QoL Compilation)","Permanent Neow","Quick Restart","Random Character Button","Relic Sorter","Relic Stats","Replay The Spire","StSLib","SuperFastMode","The Blue Laboratory","The Jungle"],"gold_per_floor":[113,113,130,143,157,190,190,190,190,216,231,249,276,201,201,201,201],"floor_reached":16,"language":"ENG","playtime":832,"items_purged":["Strike_R"],"score":128,"play_id":"782c28f0-33a5-48b8-bef9-3d1ab364edfa","local_time":"20210220025130","is_ascension_mode":true,"campfire_choices":[{"floor":15,"key":"REST"}],"circlet_count":0,"master_deck":["Strike_R","Strike_R","Strike_R","Strike_R","Defend_R","Defend_R","Defend_R","Defend_R","Bash+1","Twin Strike","Cleave","Twin Strike","Flame Barrier","Iron Wave"],"relics":["Burning Blood","Ancient Tea Set","Replay:Accelerometer","Sundial","Pear","Gremlin Horn"],"acts_visited":["Exordium"],"potions_floor_usage":[10,10,12,16],"damage_taken":[{"damage":5,"enemies":"Cultist","floor":1,"turns":4},{"damage":8,"enemies":"Jaw Worm","floor":3,"turns":4},{"damage":7,"enemies":"2 Louse","floor":4,"turns":2},{"damage":1,"enemies":"Exordium Thugs","floor":5,"turns":4},{"damage":43,"enemies":"3 Sentries","floor":6,"turns":9},{"damage":21,"enemies":"Lagavulin","floor":10,"turns":6},{"damage":10,"enemies":"Exordium Wildlife","floor":11,"turns":6},{"damage":9,"enemies":"2 Fungi Beasts","floor":12,"turns":2},{"damage":24,"enemies":"3 Sentries","floor":13,"turns":9},{"damage":68,"enemies":"The Guardian","floor":16,"turns":12}],"seed_played":"6599180744428948284","potions_obtained":[{"floor":1,"key":"Milkshake"},{"floor":8,"key":"Venom Potion"},{"floor":8,"key":"ColorlessPotion"},{"floor":11,"key":"blueLaboratory:FruitPunch"},{"floor":13,"key":"blueLaboratory:EmptyBottle"}],"is_trial":false,"path_per_floor":["M","?","M","M","M","E","?","?","T","E","M","M","E","$","R","B"],"character_chosen":"IRONCLAD","items_purchased":[],"campfire_rested":1,"item_purchase_floors":[],"current_hp_per_floor":[80,80,78,77,80,43,43,43,43,38,34,33,15,15,42,0,0],"gold":201,"neow_bonus":"RANDOM_COMMON_RELIC","is_daily":false,"chose_seed":false,"campfire_upgraded":0,"win_rate":0.0,"timestamp":1613782290,"path_taken":["M","?","M","M","M","E","?","?","T","E","M","M","E","$","R","BOSS"],"items_purchased_type":[],"build_version":"2020-12-13","purchased_purges":1,"victory":false,"max_hp_per_floor":[80,80,80,80,80,80,80,80,80,90,90,92,92,92,92,92,92],"relic_stats":{"Gremlin Horn":[0,0],"counters":[10,58],"Sundial":[6],"obtain_stats":[{"Replay:Accelerometer":6,"Pear":10,"Gremlin Horn":13,"Sundial":9,"Ancient Tea Set":0,"Burning Blood":0},{"Replay:Accelerometer":5,"Pear":6,"Gremlin Horn":9,"Sundial":5,"Ancient Tea Set":0,"Burning Blood":0},{"Replay:Accelerometer":23,"Pear":29,"Gremlin Horn":46,"Sundial":23,"Ancient Tea Set":0,"Burning Blood":0}],"Burning Blood":51},"card_choices":[{"not_picked":["Spot Weakness","True Grit"],"picked":"Twin Strike","floor":1},{"not_picked":["Intimidate","ReplayTheSpireMod:Limb From Limb","Entrench"],"picked":"SKIP","floor":3},{"not_picked":["Pommel Strike","Seeing Red"],"picked":"Cleave","floor":4},{"not_picked":["ReplayTheSpireMod:Stacked","ReplayTheSpireMod:Muscle Training"],"picked":"Twin Strike","floor":5},{"not_picked":["Ghostly Armor","ReplayTheSpireMod:Stacked","Clash"],"picked":"SKIP","floor":6},{"not_picked":["Wild Strike","Twin Strike"],"picked":"Flame Barrier","floor":10},{"not_picked":["Blood for Blood","Feel No Pain"],"picked":"Iron Wave","floor":11},{"not_picked":["True Grit","Blood for Blood","Thunderclap"],"picked":"SKIP","floor":12},{"not_picked":["Replay:Undeath\u0027s Touch","Searing Blow","Life Link"],"picked":"SKIP","floor":13}],"player_experience":71024,"relics_obtained":[{"floor":6,"key":"Replay:Accelerometer"},{"floor":9,"key":"Sundial"},{"floor":10,"key":"Pear"},{"floor":13,"key":"Gremlin Horn"}],"event_choices":[{"damage_healed":0,"gold_gain":0,"player_choice":"Got Potions","damage_taken":0,"max_hp_gain":0,"max_hp_loss":0,"event_name":"Lab","floor":8,"gold_loss":0}],"is_beta":false,"boss_relics":[],"items_purged_floors":[14],"is_endless":false,"potions_floor_spawned":[1,11,13],"killed_by":"The Guardian","ascension_level":1}}