{"host":"mithrandi","time":1613817122,"event":{"mods":["BaseMod","Colored Map","Highlight Path","Minty Spire (QoL Compilation)","SuperFastMode"],"gold_per_floor":[116,131,56,56,56,89,89,103,103,103,128,147,147,160,160,232,232,247,262,187,12,25,25,56,56,129,129,145,162,77,92,92,164,164,180,180,65,76,87,115,115,145,145,145,145],"floor_reached":44,"language":"ENG","playtime":2353,"items_purged":[],"score":1096,"play_id":"c88e8998-e4ed-40fa-b7c2-4f8e02ebbb42","local_time":"20210220123202","is_ascension_mode":true,"campfire_choices":[{"data":"Barricade","floor":7.0,"key":"SMITH"},{"data":"Spot Weakness","floor":10.0,"key":"SMITH"},{"data":"Flame Barrier","floor":13.0,"key":"SMITH"},{"data":"Perfected Strike","floor":15.0,"key":"SMITH"},{"data":"Body Slam","floor":23.0,"key":"SMITH"},{"data":"True Grit","floor":25.0,"key":"SMITH"},{"data":"Impervious","floor":27.0,"key":"SMITH"},{"data":"Shrug It Off","floor":32.0,"key":"SMITH"},{"floor":41.0,"key":"REST"}],"circlet_count":0,"master_deck":["AscendersBane","Strike_R","Strike_R","Strike_R","Strike_R","Strike_R","Defend_R","Defend_R+1","Defend_R","Perfected Strike+1","Twin Strike","Spot Weakness+1","Sentinel+1","Barricade+1","Shockwave","Pommel Strike","Flame Barrier+1","Impervious+1","Intimidate","Body Slam+1","True Grit+1","Perfected Strike","Wild Strike","Shrug It Off+1","Pommel Strike+1","Body Slam","Entrench","Armaments","Headbutt"],"relics":["Black Blood","NeowsBlessing","Ginger","Bag of Preparation","Pocketwatch","Lizard Tail","Sozu","War Paint","Singing Bowl","Ornamental Fan","Ice Cream","The Courier"],"acts_visited":["Exordium","TheCity","TheBeyond"],"potions_floor_usage":[],"damage_taken":[{"damage":0.0,"enemies":"Cultist","floor":1.0,"turns":1.0},{"damage":0.0,"enemies":"Jaw Worm","floor":2.0,"turns":1.0},{"damage":0.0,"enemies":"Lagavulin","floor":6.0,"turns":1.0},{"damage":10.0,"enemies":"Small Slimes","floor":8.0,"turns":3.0},{"damage":20.0,"enemies":"3 Sentries","floor":11.0,"turns":4.0},{"damage":32.0,"enemies":"Exordium Thugs","floor":12.0,"turns":4.0},{"damage":15.0,"enemies":"Looter","floor":14.0,"turns":4.0},{"damage":12.0,"enemies":"Hexaghost","floor":16.0,"turns":7.0},{"damage":0.0,"enemies":"3 Byrds","floor":18.0,"turns":3.0},{"damage":0.0,"enemies":"Spheric Guardian","floor":19.0,"turns":4.0},{"damage":0.0,"enemies":"Snecko","floor":22.0,"turns":3.0},{"damage":27.0,"enemies":"Gremlin Leader","floor":24.0,"turns":7.0},{"damage":12.0,"enemies":"Chosen and Byrds","floor":28.0,"turns":5.0},{"damage":8.0,"enemies":"Snake Plant","floor":29.0,"turns":4.0},{"damage":16.0,"enemies":"Sentry and Sphere","floor":31.0,"turns":5.0},{"damage":28.0,"enemies":"Collector","floor":33.0,"turns":12.0},{"damage":6.0,"enemies":"3 Darklings","floor":35.0,"turns":7.0},{"damage":0.0,"enemies":"Orb Walker","floor":38.0,"turns":3.0},{"damage":5.0,"enemies":"3 Darklings","floor":39.0,"turns":7.0},{"damage":111.0,"enemies":"Reptomancer","floor":40.0,"turns":15.0},{"damage":9.0,"enemies":"Nemesis","floor":42.0,"turns":7.0},{"damage":93,"enemies":"Reptomancer","floor":44,"turns":3}],"seed_played":"9007619395926298588","potions_obtained":[{"floor":1.0,"key":"CultistPotion"},{"floor":6.0,"key":"BlessingOfTheForge"},{"floor":12.0,"key":"SteroidPotion"}],"is_trial":false,"path_per_floor":["M","M","$","?","?","E","R","M","T","R","E","M","R","M","R","B",null,"M","M","?","$","M","R","E","R","T","R","M","M","?","M","R","B",null,"M","?","$","M","M","E","R","E","T","E"],"character_chosen":"IRONCLAD","items_purchased":["Spot Weakness","True Grit","Perfected Strike","Wild Strike","Entrench","Armaments"],"campfire_rested":1,"item_purchase_floors":[3,21,21,21,37,37],"current_hp_per_floor":[74,75,75,70,70,75,75,71,71,71,57,31,31,22,22,16,60,66,72,72,72,75,75,54,54,54,54,50,48,48,40,40,20,66,72,72,72,83,85,34,60,63,63,0,0],"gold":145,"neow_bonus":"THREE_ENEMY_KILL","is_daily":false,"chose_seed":false,"campfire_upgraded":8,"win_rate":0.0,"timestamp":1613817122,"path_taken":["M","M","$","?","?","E","R","M","T","R","E","M","R","?","R","BOSS","M","M","?","$","M","R","E","R","T","R","M","M","?","M","R","BOSS","M","?","?","M","M","E","R","E","T","E"],"items_purchased_type":["Card","Card","Card","Card","Card","Card"],"build_version":"2020-12-18","purchased_purges":0,"victory":false,"max_hp_per_floor":[75,75,75,75,75,75,75,75,75,75,75,75,75,75,75,75,75,75,75,75,75,75,75,75,75,75,75,77,77,77,79,79,81,81,81,81,81,83,85,87,87,87,87,87,87],"card_choices":[{"not_picked":["Power Through","Warcry"],"picked":"Perfected Strike","floor":1.0},{"not_picked":["True Grit","Clothesline"],"picked":"Twin Strike","floor":2.0},{"not_picked":["Rage","Armaments"],"picked":"Barricade","floor":6.0},{"not_picked":["Fire Breathing","Second Wind"],"picked":"Shockwave","floor":8.0},{"not_picked":["Uppercut","Clash"],"picked":"Pommel Strike","floor":11.0},{"not_picked":["Warcry","Havoc"],"picked":"Flame Barrier","floor":12.0},{"not_picked":["Clothesline","Thunderclap","Heavy Blade"],"picked":"SKIP","floor":14.0},{"not_picked":["Corruption","Juggernaut"],"picked":"Impervious","floor":16.0},{"not_picked":["Burning Pact","Fire Breathing"],"picked":"Intimidate","floor":18.0},{"not_picked":["Ghostly Armor+1","True Grit"],"picked":"Body Slam","floor":19.0},{"not_picked":["Armaments","Spot Weakness"],"picked":"Shrug It Off","floor":22.0},{"not_picked":["Headbutt","Bludgeon","Havoc"],"picked":"SKIP","floor":24.0},{"not_picked":["Havoc","Whirlwind","Power Through"],"picked":"Singing Bowl","floor":28.0},{"not_picked":["Intimidate+1","Cleave"],"picked":"Pommel Strike+1","floor":29.0},{"not_picked":["Headbutt","Disarm","Perfected Strike"],"picked":"Singing Bowl","floor":31.0},{"not_picked":["Corruption","Brutality","Exhume"],"picked":"Singing Bowl","floor":33.0},{"not_picked":["Pommel Strike+1","Whirlwind"],"picked":"Body Slam","floor":35.0},{"not_picked":["Twin Strike","Sword Boomerang","Armaments"],"picked":"Singing Bowl","floor":38.0},{"not_picked":["Feel No Pain","Whirlwind","Havoc+1"],"picked":"Singing Bowl","floor":39.0},{"not_picked":["Clothesline","Iron Wave+1","Barricade"],"picked":"Singing Bowl","floor":40.0},{"not_picked":["Rampage","Thunderclap+1"],"picked":"Headbutt","floor":42.0}],"player_experience":3017827,"relics_obtained":[{"floor":6.0,"key":"Bag of Preparation"},{"floor":9.0,"key":"Pocketwatch"},{"floor":11.0,"key":"Lizard Tail"},{"floor":24.0,"key":"War Paint"},{"floor":26.0,"key":"Singing Bowl"},{"floor":40.0,"key":"Ice Cream"},{"floor":42.0,"key":"The Courier"}],"event_choices":[{"damage_healed":0.0,"max_hp_gain":0.0,"max_hp_loss":0.0,"gold_gain":0.0,"event_name":"Scrap Ooze","player_choice":"Success","floor":4.0,"gold_loss":0.0,"damage_taken":5.0,"relics_obtained":["Ginger"]},{"damage_healed":0.0,"max_hp_gain":0.0,"max_hp_loss":0.0,"gold_gain":0.0,"cards_transformed":["Defend_R"],"event_name":"Transmorgrifier","player_choice":"Transformed","floor":5.0,"gold_loss":0.0,"damage_taken":0.0,"cards_obtained":["Sentinel"]},{"cards_removed":["Bash"],"damage_healed":0.0,"max_hp_gain":0.0,"max_hp_loss":0.0,"gold_gain":0.0,"event_name":"Beggar","player_choice":"Gave Gold","floor":20.0,"gold_loss":75.0,"damage_taken":0.0},{"damage_healed":0.0,"max_hp_gain":0.0,"max_hp_loss":0.0,"gold_gain":0.0,"event_name":"Addict","player_choice":"Obtained Relic","floor":30.0,"gold_loss":85.0,"damage_taken":0.0,"relics_obtained":["Ornamental Fan"]},{"damage_healed":0.0,"max_hp_gain":0.0,"max_hp_loss":0.0,"gold_gain":0.0,"event_name":"Transmorgrifier","player_choice":"Ignored","floor":36.0,"gold_loss":0.0,"damage_taken":0.0}],"is_beta":true,"boss_relics":[{"not_picked":["Philosopher\u0027s Stone","Black Star"],"picked":"Sozu"},{"not_picked":["Empty Cage","SlaversCollar"],"picked":"Black Blood"}],"items_purged_floors":[],"is_endless":false,"potions_floor_spawned":[1,6,12,14,24,29,33,39,42],"killed_by":"Reptomancer","ascension_level":20}}