{"host":"51qmnr9isyv85d0p","time":1613812334,"event":{"mods":["AchievementEnabler","BaseMod","Colored Map","Colored Powertips","Curses Come First","Downfall","Minty Spire (QoL Compilation)","Red Circlet Mod","Relic Stats","Replay The Spire","StSLib","TestMod"],"gold_per_floor":[11600,11600,10291,10691,9817,9817,9848,9866,9866,8851,8851,8851,8864,8894,8894,8997,8997,9007,8077,8095,7426,7445,7477,7477,7492,7518,7528,6868,6887,6887,6921,6921,7016,7016,7036,20307,20324,20085,20135,20135,20161,20161,20161,20161,20161,20194,20194,20221,20251,0,0,30,30,30,30,65,72],"floor_reached":58,"language":"ZHS","playtime":2452,"items_purged":["Regret","Defend_P","Strike_P","Defend_P","Strike_P","Defend_P","Strike_P","Normality"],"score":1724,"play_id":"097c00d4-7cac-49e2-a8c9-46ac37487841","local_time":"20210220171214","is_ascension_mode":true,"campfire_choices":[{"data":"Eruption","floor":6,"key":"SMITH"},{"data":"HalloweenModCandy","floor":12,"key":"SMITH"},{"data":"HalloweenModGhostCostume","floor":15,"key":"SMITH"},{"data":"Adaptation","floor":24,"key":"SMITH"},{"floor":32,"key":"RECALL"},{"data":"1","floor":40,"key":"LIFT"},{"data":"2","floor":51,"key":"LIFT"},{"data":"3","floor":54,"key":"LIFT"}],"circlet_count":5,"master_deck":["Strike_P","Defend_P","Eruption+1","Vigilance","HalloweenModCandy+1","Adaptation+1","Adaptation","Secret Technique+1","EmptyMind","WindmillStrike+1","Replay:ManipulateFuture","Replay:LoomingThreat","Weave","Vengeance+1","ForeignInfluence","Devotion","MasterReality+1","Consecrate+1","HalloweenModTrick","HalloweenModGhostCostume+1","Secret Technique","DevaForm","Finesse+1","Worship","Pot Of Greed+1","Pot Of Greed+1","Pot Of Greed+1","AbeCurse","ReplayTheSpireMod:Faulty Equipment","Injury","FlurryOfBlows+1"],"relics":["PureWater","HalloweenModHalloween","Blue Candle","Pantograph","Orichalcum","testmod-D¨¦j¨¤vu","ClockworkSouvenir","Snack Pack","Bag of Preparation","Orrery","Anchor","Garlic","TheAbacus","Bottled Tornado","Bird Faced Urn","testmod-TimeTraveler","Dream Catcher","Guardian:PocketSentry","OrangePellets","Gremlin Food","bronze:DonusWashers","Replay:Baseball","ReplayTheSpireMod:TigerMarble","Lantern","ReplayFunnel","Sling","Grinning Jar","Tiny Chest","Replay:Ancient Bell","Vajra","The Courier","Calipers","testmod-Fortitude","Regal Pillow","Sundial","Guardian:GemstoneGun","testmod-InfectionSource","Damaru","Girya","Pen Nib","Oddly Smooth Stone","Replay:Bandana","MealTicket","Strawberry","Question Card","Juzu Bracelet","Onion Ring","Blood Vial","testmod-Justice","testmod-AssaultLearning","Potion Belt","Ornamental Fan","Ancient Tea Set","Ginger","hexamod:CandleOfCauterizing","Golden Egg","Replay:Bottled Flurry","Bottled Lightning","testmod-Acrobat","Divine Protection","hexamod:BolsterEngine","PreservedInsect","testmod-Maize","Pet Ghost","Whetstone","Art of War","Toxic Egg 2","Replay:Wax Seal","Replay:Rubber Ducky","Replay:Bottled Eggs","War Paint","Simple Rune","champ:DuelingGlove","Guide Book","Meat on the Bone","testmod-TurbochargingSystem","Toy Ornithopter","testmod-IndustrialRevolution","Omamori","Mummified Hand","Darkstone Periapt","testmod-TheFather","Shuriken","testmod-LifeArmor","Quantum Egg","testmod-ConstraintPeriapt","testmod-Alchemist","White Beast Statue","Frozen Egg 2","testmod-OneHitWonder","Eternal Feather","Lizard Tail","Nunchaku","Centennial Puzzle","ReplayTheSpireMod:Ninjato","Bronze Scales","Kunai","ReplayTheSpireMod:Lightbulb","Boot","Replay:Accelerometer","testmod-Antiphasic","testmod-Hope","bronze:BronzeIdol","Blue Doll","Bag of Marbles","InkBottle","Replay:Bottled Snecko","Pear","Replay:Ringing Soul","Chameleon Ring","Mango","hexamod:Sixitude","Replay:WaspNest","Molten Egg 2","Mercury Hourglass","Gremlin Horn","Letter Opener","Iron Hammer","Replay:Bottled Steam","testmod-ArcanaOfDestiny","Matryoshka","bronze:DecasWashers","testmod-BalancedPeriapt","FossilizedHelix","Bottled Flame","Du-Vu Doll","testmod-RandomTest","HornCleat","Mirror","TungstenRod","Turnip","testmod-BlackFramedGlasses","Replay:Kaleidoscope","CaptainsWheel","Pocketwatch","Peace Pipe","Pondfish Scales","Durian","Thread and Needle","Ice Cream","testmod-Nyarlathotep","Unceasing Top","Prayer Wheel","Replay:PocketPolymizer","testmod-CyclicPeriapt","Replay:Arrowhead","testmod-FatalChain","Replay:Towering Pillar of Hats","testmod-Laevatain","testmod-BouquetWithThorns","Replay:Purple Gloves","testmod-CasingShield","testmod-IntensifyImprint","WingedGreaves","GoldenEye","StoneCalendar","Replay:Multitool","testmod-ThousandKnives","testmod-InjuryResistance","testmod-RealStoneCalender","Incense Burner","Counterbalance","testmod-EqualTreatment","Torii","testmod-CrystalShield","testmod-Brilliant","testmod-ObsoleteBoomerang","testmod-Muramasa","champ:DeflectingBracers","Membership Card","BranchBurnRelic","Circlet","Ring of Peace","Ring of Searing","Red Mask"],"acts_visited":["Exordium","TheCity","TheBeyond","TheEnding"],"potions_floor_usage":[7,18,23,31],"damage_taken":[{"damage":0,"enemies":"Jaw Worm","floor":1,"turns":3},{"damage":0,"enemies":"Gremlin Nob","floor":7,"turns":3},{"damage":0,"enemies":"Cultist","floor":8,"turns":2},{"damage":0,"enemies":"Small Slimes","floor":13,"turns":3},{"damage":8,"enemies":"3 Sentries","floor":14,"turns":4},{"damage":25,"enemies":"The Guardian","floor":16,"turns":6},{"damage":19,"enemies":"Spheric Guardian","floor":18,"turns":4},{"damage":0,"enemies":"2 Thieves","floor":20,"turns":2},{"damage":0,"enemies":"Snecko","floor":22,"turns":3},{"damage":0,"enemies":"Book of Stabbing","floor":23,"turns":4},{"damage":0,"enemies":"3 Cultists","floor":25,"turns":2},{"damage":0,"enemies":"Chosen and Byrds","floor":27,"turns":2},{"damage":12,"enemies":"Cultist and Chosen","floor":29,"turns":3},{"damage":37,"enemies":"Slavers","floor":31,"turns":4},{"damage":49,"enemies":"Collector","floor":33,"turns":5},{"damage":1,"enemies":"3 Shapes","floor":35,"turns":2},{"damage":0,"enemies":"Orb Walker","floor":37,"turns":1},{"damage":0,"enemies":"Mind Bloom Boss Battle","floor":39,"turns":1},{"damage":0,"enemies":"Giant Head","floor":41,"turns":1},{"damage":0,"enemies":"Reptomancer","floor":46,"turns":1},{"damage":0,"enemies":"R_Hoarder","floor":49,"turns":1},{"damage":0,"enemies":"Awakened One","floor":52,"turns":2},{"damage":0,"enemies":"Shield and Spear","floor":56,"turns":1},{"damage":0,"enemies":"The Heart","floor":57,"turns":1}],"seed_played":"7591033803644368311","potions_obtained":[{"floor":18,"key":"Guardian:BlockOnCardUsePotion"},{"floor":25,"key":"champ:CounterPotion"},{"floor":27,"key":"Strength Potion"}],"is_trial":false,"path_per_floor":["M","?","$","?","$","R","E","M","T","$","?","R","M","E","R","B",null,"M","$","M","$","M","E","R","M","T","M","$","M","?","E","R","B",null,"M","$","M","$","?","R","E","?","T","PTL","PTL","E","?","T","E","?","R","B",null,"R","$","E","B",null],"character_chosen":"WATCHER","items_purchased":["Orichalcum","testmod-D¨¦j¨¤vu","ClockworkSouvenir","Adaptation","Secret Technique","Reflective Coating","Guardian:BlockOnCardUsePotion","Languid Potion","EmptyMind","WindmillStrike","Replay:ManipulateFuture","Snack Pack","Bag of Preparation","Replay:LoomingThreat","Weave","Orrery","Garlic","TheAbacus","Secret Technique","Bottled Tornado","Toxic Potion","Dream Catcher","Guardian:PocketSentry","OrangePellets","DevaForm","Finesse","Worship","Gremlin Food","bronze:DonusWashers","Replay:Baseball","Fire Potion","ReplayFunnel","Sling","Grinning Jar","testmod-Fortitude","Regal Pillow","Sundial","Guardian:GemstoneGun","testmod-InfectionSource","Damaru","Girya","Pen Nib","Oddly Smooth Stone","Replay:Bandana","MealTicket","Strawberry","Question Card","Juzu Bracelet","Onion Ring","Blood Vial","testmod-Justice","testmod-AssaultLearning","Potion Belt","Ornamental Fan","Ancient Tea Set","Ginger","hexamod:CandleOfCauterizing","Golden Egg","Replay:Bottled Flurry","Bottled Lightning","testmod-Acrobat","Divine Protection","hexamod:BolsterEngine","PreservedInsect","testmod-Maize","Pet Ghost","Whetstone","Art of War","Toxic Egg 2","Replay:Wax Seal","Replay:Rubber Ducky","Replay:Bottled Eggs","War Paint","Simple Rune","champ:DuelingGlove","Guide Book","Meat on the Bone","testmod-TurbochargingSystem","Toy Ornithopter","testmod-IndustrialRevolution","Omamori","Mummified Hand","Darkstone Periapt","testmod-TheFather","Shuriken","testmod-LifeArmor","Quantum Egg","testmod-ConstraintPeriapt","testmod-Alchemist","Ambrosia","EntropicBrew","Dexterity Potion","StancePotion","White Beast Statue","Frozen Egg 2","testmod-OneHitWonder","Eternal Feather","Lizard Tail","Nunchaku","Centennial Puzzle","ReplayTheSpireMod:Ninjato","Bronze Scales","Kunai","ReplayTheSpireMod:Lightbulb","Boot","Replay:Accelerometer","testmod-Antiphasic","testmod-Hope","bronze:BronzeIdol","Blue Doll","Bag of Marbles","InkBottle","Replay:Bottled Snecko","Pear","Replay:Ringing Soul","Chameleon Ring","Mango","hexamod:Sixitude","Replay:WaspNest","Molten Egg 2","Mercury Hourglass","Gremlin Horn","Letter Opener","Iron Hammer","Replay:Bottled Steam","testmod-ArcanaOfDestiny","Matryoshka","bronze:DecasWashers","testmod-BalancedPeriapt","FossilizedHelix","Bottled Flame","Du-Vu Doll","testmod-RandomTest","HornCleat","Mirror","TungstenRod","Turnip","testmod-BlackFramedGlasses","Replay:Kaleidoscope","CaptainsWheel","Pocketwatch","Peace Pipe","Pondfish Scales","Durian","Thread and Needle","Ice Cream","testmod-Nyarlathotep","Unceasing Top","Prayer Wheel","Replay:PocketPolymizer","testmod-CyclicPeriapt","Replay:Arrowhead","testmod-FatalChain","Replay:Towering Pillar of Hats","testmod-Laevatain","testmod-BouquetWithThorns","Replay:Purple Gloves","testmod-CasingShield","testmod-IntensifyImprint","WingedGreaves","GoldenEye","StoneCalendar","Replay:Multitool","testmod-ThousandKnives","testmod-InjuryResistance","testmod-RealStoneCalender","Incense Burner","Counterbalance","Dead Branch","testmod-EqualTreatment","Torii","testmod-CrystalShield","testmod-Brilliant","testmod-ObsoleteBoomerang","testmod-Muramasa","champ:DeflectingBracers","Membership Card"],"campfire_rested":0,"item_purchase_floors":[3,3,3,3,3,3,3,3,3,3,3,5,5,5,5,5,10,10,10,10,10,19,19,19,19,19,19,21,21,21,21,28,28,28,36,36,36,36,36,36,36,36,36,36,36,36,36,36,36,36,36,36,36,36,36,36,36,36,36,36,36,36,36,36,36,36,36,36,36,36,36,36,36,36,36,36,36,36,36,36,36,36,36,36,36,36,36,36,36,36,36,36,36,36,36,36,36,36,36,36,36,36,36,36,36,36,36,36,36,36,36,36,36,36,36,36,36,36,36,36,36,36,36,36,36,36,36,36,36,36,36,36,36,36,36,36,36,36,36,36,36,36,36,36,36,36,36,36,36,36,36,36,36,36,36,36,36,36,36,36,36,36,36,36,36,36,36,36,36,36,36,36,36,36,36,36,38],"current_hp_per_floor":[79,79,79,79,79,79,79,79,79,79,79,79,79,73,73,62,79,62,62,76,76,79,79,79,79,79,79,79,69,69,52,52,41,79,79,110,110,110,110,110,110,110,110,110,110,110,110,110,110,110,110,110,110,110,110,110,110],"gold":72,"neow_bonus":"TEN_PERCENT_HP_BONUS","is_daily":false,"chose_seed":false,"campfire_upgraded":4,"win_rate":0.0,"timestamp":1613812334,"path_taken":["M","?","$","?","$","R","E","M","T","$","?","R","M","E","R","BOSS","M","$","?","$","M","E","R","M","T","M","$","M","?","E","R","BOSS","M","$","M","$","?","R","E","?","T","PTL","PTL","E","?","?","E","?","R","BOSS","R","$","E","BOSS"],"items_purchased_type":["Relic","Relic","Relic","Card","Card","Potion","Potion","Potion","Card","Card","Card","Relic","Relic","Card","Card","Relic","Relic","Relic","Card","Relic","Potion","Relic","Relic","Relic","Card","Card","Card","Relic","Relic","Relic","Potion","Relic","Relic","Relic","Relic","Relic","Relic","Relic","Relic","Relic","Relic","Relic","Relic","Relic","Relic","Relic","Relic","Relic","Relic","Relic","Relic","Relic","Relic","Relic","Relic","Relic","Relic","Relic","Relic","Relic","Relic","Relic","Relic","Relic","Relic","Relic","Relic","Relic","Relic","Relic","Relic","Relic","Relic","Relic","Relic","Relic","Relic","Relic","Relic","Relic","Relic","Relic","Relic","Relic","Relic","Relic","Relic","Relic","Relic","Potion","Potion","Potion","Potion","Relic","Relic","Relic","Relic","Relic","Relic","Relic","Relic","Relic","Relic","Relic","Relic","Relic","Relic","Relic","Relic","Relic","Relic","Relic","Relic","Relic","Relic","Relic","Relic","Relic","Relic","Relic","Relic","Relic","Relic","Relic","Relic","Relic","Relic","Relic","Relic","Relic","Relic","Relic","Relic","Relic","Relic","Relic","Relic","Relic","Relic","Relic","Relic","Relic","Relic","Relic","Relic","Relic","Relic","Relic","Relic","Relic","Relic","Relic","Relic","Relic","Relic","Relic","Relic","Relic","Relic","Relic","Relic","Relic","Relic","Relic","Relic","Relic","Relic","Relic","Relic","Relic","Relic","Relic","Relic","Relic","Relic","Relic","Relic"],"build_version":"2020-12-22","purchased_purges":8,"victory":true,"max_hp_per_floor":[79,79,79,79,79,79,79,79,79,79,79,79,79,79,79,79,79,79,79,79,79,79,79,79,79,79,79,79,79,79,79,79,79,79,79,110,110,110,110,110,110,110,110,110,110,110,110,110,110,110,110,110,110,110,110,110,110],"relic_stats":{"Gremlin Horn":[0,3],"Ginger":[9],"Whetstone":["Consecrate","WindmillStrike"],"Boot":[0],"Blood Vial":0,"Lizard Tail":0,"Centennial Puzzle":[0],"Sundial":[0],"MealTicket":0,"Prayer Wheel":1,"Kunai":[1],"counters":[24,60],"Blue Candle":[1],"Eternal Feather":0,"Pen Nib":[1],"Letter Opener":[31],"War Paint":["Finesse","Vengeance"],"Question Card":40787,"OrangePellets":[2],"Shuriken":[1],"Bird Faced Urn":[33],"Bronze Scales":[0],"obtain_stats":[{"Golden Egg":36,"Replay:Accelerometer":36,"HalloweenModHalloween":0,"testmod-LifeArmor":36,"Ginger":36,"Whetstone":36,"Bottled Tornado":10,"Sling":28,"Boot":36,"testmod-BlackFramedGlasses":36,"Ring of Searing":47,"Blood Vial":36,"Replay:Ringing Soul":36,"Sundial":36,"MealTicket":36,"Replay:Bottled Flurry":36,"Kunai":36,"Replay:Wax Seal":36,"Replay:Bottled Steam":36,"testmod-Maize":36,"testmod-IntensifyImprint":36,"testmod-TestBox":0,"testmod-TimeTraveler":17,"Pear":36,"Blue Candle":0,"Counterbalance":36,"Eternal Feather":36,"Pen Nib":36,"Guardian:PocketSentry":19,"Replay:Ancient Bell":34,"testmod-Fortitude":36,"Bird Faced Urn":14,"Unceasing Top":36,"Lantern":26,"Regal Pillow":36,"Torii":36,"Replay:Purple Gloves":36,"testmod-EqualTreatment":36,"Blue Doll":36,"StoneCalendar":36,"Bag of Preparation":5,"Replay:Multitool":36,"testmod-RandomTest":36,"Ancient Tea Set":36,"Pet Ghost":36,"testmod-CasingShield":36,"Replay:Rubber Ducky":36,"testmod-Brilliant":36,"BranchBurnRelic":40,"Matryoshka":36,"Ring of Peace":47,"testmod-ObsoleteBoomerang":36,"WingedGreaves":36,"Replay:Bottled Eggs":36,"InkBottle":36,"Potion Belt":36,"testmod-Muramasa":36,"Guardian:GemstoneGun":36,"bronze:DecasWashers":36,"Damaru":36,"Circlet":46,"Thread and Needle":36,"The Courier":34,"PreservedInsect":36,"testmod-CyclicPeriapt":36,"champ:DeflectingBracers":36,"Omamori":36,"testmod-TurbochargingSystem":36,"testmod-ConstraintPeriapt":36,"Frozen Egg 2":36,"GoldenEye":36,"Replay:Arrowhead":36,"bronze:BronzeIdol":36,"Ornamental Fan":36,"Orrery":5,"testmod-Hope":36,"Turnip":36,"Garlic":10,"Art of War":36,"Durian":36,"Bottled Lightning":36,"hexamod:BolsterEngine":36,"testmod-BalancedPeriapt":36,"ReplayTheSpireMod:Lightbulb":36,"Toy Ornithopter":36,"Ice Cream":36,"Divine Protection":36,"champ:DuelingGlove":36,"Calipers":34,"Gremlin Horn":36,"Vajra":34,"Lizard Tail":36,"Centennial Puzzle":36,"HornCleat":36,"testmod-Laevatain":36,"Strawberry":36,"Prayer Wheel":36,"Iron Hammer":36,"testmod-InfectionSource":36,"Toxic Egg 2":36,"Girya":36,"testmod-FatalChain":36,"Dead Branch":36,"Oddly Smooth Stone":36,"Letter Opener":36,"Replay:Kaleidoscope":36,"War Paint":36,"Question Card":36,"Du-Vu Doll":36,"OrangePellets":19,"testmod-RealStoneCalender":36,"Replay:Baseball":21,"Bottled Flame":36,"Shuriken":36,"testmod-Acrobat":36,"Bronze Scales":36,"Onion Ring":36,"Simple Rune":36,"Molten Egg 2":36,"ReplayTheSpireMod:TigerMarble":23,"Grinning Jar":28,"Mirror":36,"testmod-OneHitWonder":36,"Meat on the Bone":36,"Pocketwatch":36,"ReplayFunnel":28,"Darkstone Periapt":36,"Replay:PocketPolymizer":36,"Mango":36,"Juzu Bracelet":36,"Incense Burner":36,"testmod-Nyarlathotep":36,"testmod-BouquetWithThorns":36,"ClockworkSouvenir":3,"Dream Catcher":19,"Replay:Bandana":36,"Nunchaku":36,"testmod-CrystalShield":36,"TheAbacus":10,"testmod-Alchemist":36,"Chameleon Ring":36,"testmod-InjuryResistance":36,"Mummified Hand":36,"Pantograph":2,"testmod-ThousandKnives":36,"Tiny Chest":31,"testmod-TheFather":36,"testmod-D¨¦j¨¤vu":3,"Red Mask":50,"Replay:Bottled Snecko":36,"testmod-ArcanaOfDestiny":36,"Gremlin Food":21,"bronze:DonusWashers":21,"hexamod:CandleOfCauterizing":36,"ReplayTheSpireMod:Ninjato":36,"Replay:Towering Pillar of Hats":36,"Guide Book":36,"Quantum Egg":36,"hexamod:Sixitude":36,"Replay:WaspNest":36,"Orichalcum":3,"testmod-Justice":36,"testmod-IndustrialRevolution":36,"White Beast Statue":36,"Mercury Hourglass":36,"Peace Pipe":36,"testmod-Antiphasic":36,"Anchor":7,"CaptainsWheel":36,"Pondfish Scales":36,"testmod-AssaultLearning":36,"Snack Pack":5,"Bag of Marbles":36,"Membership Card":38,"PureWater":0,"FossilizedHelix":36,"TungstenRod":36},{"Golden Egg":16,"Replay:Accelerometer":16,"HalloweenModHalloween":0,"testmod-LifeArmor":16,"Ginger":16,"Whetstone":16,"Bottled Tornado":3,"Sling":12,"Boot":16,"testmod-BlackFramedGlasses":16,"Ring of Searing":20,"Blood Vial":16,"Replay:Ringing Soul":16,"Sundial":16,"MealTicket":16,"Replay:Bottled Flurry":16,"Kunai":16,"Replay:Wax Seal":16,"Replay:Bottled Steam":16,"testmod-Maize":16,"testmod-IntensifyImprint":16,"testmod-TestBox":0,"testmod-TimeTraveler":6,"Pear":16,"Blue Candle":0,"Counterbalance":16,"Eternal Feather":16,"Pen Nib":16,"Guardian:PocketSentry":7,"Replay:Ancient Bell":15,"testmod-Fortitude":16,"Bird Faced Urn":5,"Unceasing Top":16,"Lantern":11,"Regal Pillow":16,"Torii":16,"Replay:Purple Gloves":16,"testmod-EqualTreatment":16,"Blue Doll":16,"StoneCalendar":16,"Bag of Preparation":1,"Replay:Multitool":16,"testmod-RandomTest":16,"Ancient Tea Set":16,"Pet Ghost":16,"testmod-CasingShield":16,"Replay:Rubber Ducky":16,"testmod-Brilliant":16,"BranchBurnRelic":18,"Matryoshka":16,"Ring of Peace":20,"testmod-ObsoleteBoomerang":16,"WingedGreaves":16,"Replay:Bottled Eggs":16,"InkBottle":16,"Potion Belt":16,"testmod-Muramasa":16,"Guardian:GemstoneGun":16,"bronze:DecasWashers":16,"Damaru":16,"Circlet":20,"Thread and Needle":16,"The Courier":15,"PreservedInsect":16,"testmod-CyclicPeriapt":16,"champ:DeflectingBracers":16,"Omamori":16,"testmod-TurbochargingSystem":16,"testmod-ConstraintPeriapt":16,"Frozen Egg 2":16,"GoldenEye":16,"Replay:Arrowhead":16,"bronze:BronzeIdol":16,"Ornamental Fan":16,"Orrery":1,"testmod-Hope":16,"Turnip":16,"Garlic":3,"Art of War":16,"Durian":16,"Bottled Lightning":16,"hexamod:BolsterEngine":16,"testmod-BalancedPeriapt":16,"ReplayTheSpireMod:Lightbulb":16,"Toy Ornithopter":16,"Ice Cream":16,"Divine Protection":16,"champ:DuelingGlove":16,"Calipers":15,"Gremlin Horn":16,"Vajra":15,"Lizard Tail":16,"Centennial Puzzle":16,"HornCleat":16,"testmod-Laevatain":16,"Strawberry":16,"Prayer Wheel":16,"Iron Hammer":16,"testmod-InfectionSource":16,"Toxic Egg 2":16,"Girya":16,"testmod-FatalChain":16,"Dead Branch":16,"Oddly Smooth Stone":16,"Letter Opener":16,"Replay:Kaleidoscope":16,"War Paint":16,"Question Card":16,"Du-Vu Doll":16,"OrangePellets":7,"testmod-RealStoneCalender":16,"Replay:Baseball":8,"Bottled Flame":16,"Shuriken":16,"testmod-Acrobat":16,"Bronze Scales":16,"Onion Ring":16,"Simple Rune":16,"Molten Egg 2":16,"ReplayTheSpireMod:TigerMarble":10,"Grinning Jar":12,"Mirror":16,"testmod-OneHitWonder":16,"Meat on the Bone":16,"Pocketwatch":16,"ReplayFunnel":12,"Darkstone Periapt":16,"Replay:PocketPolymizer":16,"Mango":16,"Juzu Bracelet":16,"Incense Burner":16,"testmod-Nyarlathotep":16,"testmod-BouquetWithThorns":16,"ClockworkSouvenir":1,"Dream Catcher":7,"Replay:Bandana":16,"Nunchaku":16,"testmod-CrystalShield":16,"TheAbacus":3,"testmod-Alchemist":16,"Chameleon Ring":16,"testmod-InjuryResistance":16,"Mummified Hand":16,"Pantograph":1,"testmod-ThousandKnives":16,"Tiny Chest":14,"testmod-TheFather":16,"testmod-D¨¦j¨¤vu":1,"Red Mask":21,"Replay:Bottled Snecko":16,"testmod-ArcanaOfDestiny":16,"Gremlin Food":8,"bronze:DonusWashers":8,"hexamod:CandleOfCauterizing":16,"ReplayTheSpireMod:Ninjato":16,"Replay:Towering Pillar of Hats":16,"Guide Book":16,"Quantum Egg":16,"hexamod:Sixitude":16,"Replay:WaspNest":16,"Orichalcum":1,"testmod-Justice":16,"testmod-IndustrialRevolution":16,"White Beast Statue":16,"Mercury Hourglass":16,"Peace Pipe":16,"testmod-Antiphasic":16,"Anchor":2,"CaptainsWheel":16,"Pondfish Scales":16,"testmod-AssaultLearning":16,"Snack Pack":1,"Bag of Marbles":16,"Membership Card":17,"PureWater":0,"FossilizedHelix":16,"TungstenRod":16},{"Golden Egg":51,"Replay:Accelerometer":51,"HalloweenModHalloween":0,"testmod-LifeArmor":51,"Ginger":51,"Whetstone":51,"Bottled Tornado":8,"Sling":38,"Boot":51,"testmod-BlackFramedGlasses":51,"Ring of Searing":55,"Blood Vial":51,"Replay:Ringing Soul":51,"Sundial":51,"MealTicket":51,"Replay:Bottled Flurry":51,"Kunai":51,"Replay:Wax Seal":51,"Replay:Bottled Steam":51,"testmod-Maize":51,"testmod-IntensifyImprint":51,"testmod-TestBox":0,"testmod-TimeTraveler":21,"Pear":51,"Blue Candle":0,"Counterbalance":51,"Eternal Feather":51,"Pen Nib":51,"Guardian:PocketSentry":25,"Replay:Ancient Bell":49,"testmod-Fortitude":51,"Bird Faced Urn":15,"Unceasing Top":51,"Lantern":36,"Regal Pillow":51,"Torii":51,"Replay:Purple Gloves":51,"testmod-EqualTreatment":51,"Blue Doll":51,"StoneCalendar":51,"Bag of Preparation":3,"Replay:Multitool":51,"testmod-RandomTest":51,"Ancient Tea Set":51,"Pet Ghost":51,"testmod-CasingShield":51,"Replay:Rubber Ducky":51,"testmod-Brilliant":51,"BranchBurnRelic":53,"Matryoshka":51,"Ring of Peace":55,"testmod-ObsoleteBoomerang":51,"WingedGreaves":51,"Replay:Bottled Eggs":51,"InkBottle":51,"Potion Belt":51,"testmod-Muramasa":51,"Guardian:GemstoneGun":51,"bronze:DecasWashers":51,"Damaru":51,"Circlet":55,"Thread and Needle":51,"The Courier":49,"PreservedInsect":51,"testmod-CyclicPeriapt":51,"champ:DeflectingBracers":51,"Omamori":51,"testmod-TurbochargingSystem":51,"testmod-ConstraintPeriapt":51,"Frozen Egg 2":51,"GoldenEye":51,"Replay:Arrowhead":51,"bronze:BronzeIdol":51,"Ornamental Fan":51,"Orrery":3,"testmod-Hope":51,"Turnip":51,"Garlic":8,"Art of War":51,"Durian":51,"Bottled Lightning":51,"hexamod:BolsterEngine":51,"testmod-BalancedPeriapt":51,"ReplayTheSpireMod:Lightbulb":51,"Toy Ornithopter":51,"Ice Cream":51,"Divine Protection":51,"champ:DuelingGlove":51,"Calipers":49,"Gremlin Horn":51,"Vajra":49,"Lizard Tail":51,"Centennial Puzzle":51,"HornCleat":51,"testmod-Laevatain":51,"Strawberry":51,"Prayer Wheel":51,"Iron Hammer":51,"testmod-InfectionSource":51,"Toxic Egg 2":51,"Girya":51,"testmod-FatalChain":51,"Dead Branch":51,"Oddly Smooth Stone":51,"Letter Opener":51,"Replay:Kaleidoscope":51,"War Paint":51,"Question Card":51,"Du-Vu Doll":51,"OrangePellets":25,"testmod-RealStoneCalender":51,"Replay:Baseball":27,"Bottled Flame":51,"Shuriken":51,"testmod-Acrobat":51,"Bronze Scales":51,"Onion Ring":51,"Simple Rune":51,"Molten Egg 2":51,"ReplayTheSpireMod:TigerMarble":34,"Grinning Jar":38,"Mirror":51,"testmod-OneHitWonder":51,"Meat on the Bone":51,"Pocketwatch":51,"ReplayFunnel":38,"Darkstone Periapt":51,"Replay:PocketPolymizer":51,"Mango":51,"Juzu Bracelet":51,"Incense Burner":51,"testmod-Nyarlathotep":51,"testmod-BouquetWithThorns":51,"ClockworkSouvenir":3,"Dream Catcher":25,"Replay:Bandana":51,"Nunchaku":51,"testmod-CrystalShield":51,"TheAbacus":8,"testmod-Alchemist":51,"Chameleon Ring":51,"testmod-InjuryResistance":51,"Mummified Hand":51,"Pantograph":3,"testmod-ThousandKnives":51,"Tiny Chest":44,"testmod-TheFather":51,"testmod-D¨¦j¨¤vu":3,"Red Mask":56,"Replay:Bottled Snecko":51,"testmod-ArcanaOfDestiny":51,"Gremlin Food":27,"bronze:DonusWashers":27,"hexamod:CandleOfCauterizing":51,"ReplayTheSpireMod:Ninjato":51,"Replay:Towering Pillar of Hats":51,"Guide Book":51,"Quantum Egg":51,"hexamod:Sixitude":51,"Replay:WaspNest":51,"Orichalcum":3,"testmod-Justice":51,"testmod-IndustrialRevolution":51,"White Beast Statue":51,"Mercury Hourglass":51,"Peace Pipe":51,"testmod-Antiphasic":51,"Anchor":6,"CaptainsWheel":51,"Pondfish Scales":51,"testmod-AssaultLearning":51,"Snack Pack":3,"Bag of Marbles":51,"Membership Card":52,"PureWater":0,"FossilizedHelix":51,"TungstenRod":51}],"Unceasing Top":[0],"Meat on the Bone":0,"Pocketwatch":[0],"Darkstone Periapt":6,"Regal Pillow":0,"Torii":0,"StoneCalendar":[0],"Bag of Preparation":[49],"Juzu Bracelet":1,"Dream Catcher":0,"Nunchaku":[0],"TheAbacus":[54],"Mummified Hand":[15],"Pantograph":31,"Tiny Chest":1,"InkBottle":[1],"PreservedInsect":328,"Orichalcum":[54],"GoldenEye":[0],"Mercury Hourglass":[32],"Peace Pipe":0,"Ornamental Fan":[4],"Turnip":[2],"Art of War":[1],"Toy Ornithopter":0,"TungstenRod":0},"card_choices":[{"not_picked":["HalloweenModTrick","HalloweenModGhostCostume"],"picked":"HalloweenModCandy","floor":1},{"not_picked":["Evaluate","ThirdEye"],"picked":"Vengeance","floor":5},{"not_picked":["Replay:ManipulateFuture","WaveOfTheHand"],"picked":"ForeignInfluence","floor":5},{"not_picked":["BattleHymn","Crescendo"],"picked":"Devotion","floor":5},{"not_picked":["Replay:Battleflow","Sanctity"],"picked":"MasterReality","floor":5},{"not_picked":["Replay:Vibes","ConjureBlade"],"picked":"Consecrate","floor":5},{"not_picked":["HalloweenModGhostCostume","HalloweenModCandy"],"picked":"HalloweenModTrick","floor":7},{"not_picked":["HalloweenModCandy","HalloweenModTrick"],"picked":"HalloweenModGhostCostume","floor":8},{"not_picked":["HalloweenModGhostCostume","HalloweenModTrick","HalloweenModCandy"],"picked":"SKIP","floor":13},{"not_picked":["HalloweenModGhostCostume","HalloweenModCandy","HalloweenModTrick"],"picked":"SKIP","floor":14},{"not_picked":["HalloweenModTrick","HalloweenModCandy","HalloweenModGhostCostume"],"picked":"SKIP","floor":18},{"not_picked":["HalloweenModGhostCostume","HalloweenModTrick","HalloweenModCandy"],"picked":"SKIP","floor":20},{"not_picked":["HalloweenModCandy","HalloweenModTrick","HalloweenModGhostCostume"],"picked":"SKIP","floor":22},{"not_picked":["HalloweenModGhostCostume","HalloweenModCandy","HalloweenModTrick"],"picked":"SKIP","floor":23},{"not_picked":["HalloweenModGhostCostume+1","HalloweenModTrick","HalloweenModCandy+1"],"picked":"SKIP","floor":25},{"not_picked":["HalloweenModGhostCostume+1","HalloweenModTrick+1","HalloweenModCandy"],"picked":"SKIP","floor":27},{"not_picked":["HalloweenModTrick","HalloweenModCandy","HalloweenModGhostCostume"],"picked":"SKIP","floor":29},{"not_picked":["HalloweenModGhostCostume+1","HalloweenModTrick","HalloweenModCandy"],"picked":"SKIP","floor":31},{"not_picked":["Writhe","Normality"],"picked":"AbeCurse","floor":34},{"not_picked":["Normality","Delirium"],"picked":"ReplayTheSpireMod:Faulty Equipment","floor":34},{"not_picked":["Normality","ReplayTheSpireMod:Faulty Equipment"],"picked":"Injury","floor":34},{"not_picked":["HalloweenModGhostCostume+1","HalloweenModTrick","HalloweenModCandy"],"picked":"SKIP","floor":35},{"not_picked":["HalloweenModTrick+1","HalloweenModGhostCostume+1","HalloweenModCandy+1","HalloweenModCandy+1"],"picked":"SKIP","floor":37},{"not_picked":["HalloweenModCandy+1","HalloweenModTrick+1","HalloweenModGhostCostume+1","HalloweenModCandy+1"],"picked":"SKIP","floor":37},{"not_picked":["HalloweenModCandy+1","HalloweenModGhostCostume+1","HalloweenModTrick+1","HalloweenModGhostCostume+1"],"picked":"SKIP","floor":41},{"not_picked":["HalloweenModGhostCostume+1","HalloweenModCandy+1","HalloweenModTrick+1","HalloweenModTrick+1"],"picked":"SKIP","floor":46},{"not_picked":["HalloweenModTrick+1","HalloweenModGhostCostume+1","HalloweenModCandy+1","HalloweenModCandy+1"],"picked":"SKIP","floor":49},{"not_picked":["HalloweenModGhostCostume+1","HalloweenModTrick+1","HalloweenModCandy+1","HalloweenModGhostCostume+1"],"picked":"SKIP","floor":56}],"player_experience":146885,"relics_obtained":[{"floor":7,"key":"Anchor"},{"floor":14,"key":"Bird Faced Urn"},{"floor":23,"key":"ReplayTheSpireMod:TigerMarble"},{"floor":26,"key":"Lantern"},{"floor":31,"key":"Tiny Chest"},{"floor":46,"key":"Circlet"},{"floor":47,"key":"Ring of Peace"},{"floor":47,"key":"Ring of Searing"},{"floor":48,"key":"Circlet"},{"floor":48,"key":"Circlet"},{"floor":49,"key":"Circlet"},{"floor":56,"key":"Circlet"}],"event_choices":[{"damage_healed":0,"gold_gain":0,"player_choice":"Box","damage_taken":0,"relics_obtained":["Pantograph"],"max_hp_gain":0,"max_hp_loss":0,"event_name":"Big Fish","floor":2,"gold_loss":0,"cards_obtained":["Regret"]},{"damage_healed":0,"gold_gain":400,"player_choice":"Sell","damage_taken":0,"max_hp_gain":0,"max_hp_loss":0,"event_name":"¶÷ÂåË¹µÄÅÌ×Ó","floor":4,"relics_lost":["testmod-TestBox"],"gold_loss":0},{"damage_healed":0,"gold_gain":0,"player_choice":"Got Potions","damage_taken":0,"max_hp_gain":0,"max_hp_loss":0,"event_name":"Lab","floor":11,"gold_loss":0},{"damage_healed":0,"gold_gain":0,"player_choice":"Fight","damage_taken":0,"max_hp_gain":0,"max_hp_loss":0,"event_name":"MindBloom","floor":39,"gold_loss":0},{"damage_healed":0,"gold_gain":0,"player_choice":"1 cards matched","damage_taken":0,"max_hp_gain":0,"max_hp_loss":0,"event_name":"Match and Keep!","floor":42,"gold_loss":0,"cards_obtained":["FlurryOfBlows"]},{"damage_healed":0,"gold_gain":0,"player_choice":"Paid","damage_taken":0,"relics_obtained":["Red Mask"],"max_hp_gain":0,"max_hp_loss":0,"event_name":"Tomb of Lord Red Mask","floor":50,"gold_loss":20251}],"is_beta":false,"boss_relics":[{"not_picked":["testmod-HarvestTotem","Cursed Key"],"picked":"testmod-TimeTraveler"},{"not_picked":["Pandora\u0027s Box","Runic Pyramid"],"picked":"Replay:Ancient Bell"},{"not_picked":["Replay:Mystery Machine","sneckomod:BlankCard"],"picked":"Vajra"},{"not_picked":["Singing Bowl","ReplayTheSpireMod:Shallot"],"picked":"The Courier"},{"not_picked":["testmod-HeartOfStrike","testmod-RainbowHikingShoes"],"picked":"Calipers"}],"items_purged_floors":[3,5,10,19,21,28,36,38],"is_endless":false,"potions_floor_spawned":[13,14,18,25,27,29,37,39,41,46,49,56],"ascension_level":1}}