{"host":"78edkx97cmgws1r9","time":1613824324,"event":{"mods":["Act Like it!","BaseMod","Better Note","Better Sensory Stone","Colored Map","Colored Powertips","Hermit","Minty Spire (QoL Compilation)","Rare Cards Sparkle","Replay The Spire","StSLib"],"gold_per_floor":[109,119,43,43,55,55,66,66,90,90,101,126,139,157,157,259,259,269,269,229,35,45,45,45,45],"floor_reached":24,"language":"ENG","playtime":2274,"items_purged":["Strike_G"],"score":208,"play_id":"b0682ec5-9a9d-42fe-b66d-3932f1421228","local_time":"20210220133204","is_ascension_mode":true,"campfire_choices":[{"floor":6,"key":"RECALL"},{"floor":15,"key":"REST"},{"floor":23,"key":"REST"}],"circlet_count":0,"master_deck":["Strike_G","Strike_G","Strike_G","Strike_G","Defend_G","Defend_G","Defend_G","Defend_G+1","Defend_G+1","Survivor","Neutralize","Noxious Fumes","After Image","Catalyst","Burst","Prepared"],"relics":["Ring of the Snake","Bronze Scales","Art of War","Membership Card"],"acts_visited":["Exordium","TheCity"],"potions_floor_usage":[16,16],"damage_taken":[{"damage":0,"enemies":"Cultist","floor":1,"turns":4},{"damage":0,"enemies":"Small Slimes","floor":2,"turns":3},{"damage":0,"enemies":"2 Louse","floor":5,"turns":3},{"damage":2,"enemies":"Looter","floor":7,"turns":4},{"damage":10,"enemies":"Exordium Wildlife","floor":11,"turns":5},{"damage":17,"enemies":"Lagavulin","floor":12,"turns":10},{"damage":14,"enemies":"Exordium Thugs","floor":13,"turns":6},{"damage":2,"enemies":"Blue Slaver","floor":14,"turns":5},{"damage":40,"enemies":"Slime Boss","floor":16,"turns":11},{"damage":17,"enemies":"Shell Parasite","floor":18,"turns":10},{"damage":21,"enemies":"Chosen","floor":22,"turns":7},{"damage":69,"enemies":"3 Cultists","floor":24,"turns":6}],"seed_played":"9091533164177659713","potions_obtained":[{"floor":2,"key":"Strength Potion"},{"floor":5,"key":"EssenceOfSteel"},{"floor":7,"key":"Fire Potion"},{"floor":12,"key":"Fire Potion"}],"is_trial":false,"path_per_floor":["M","M","$","?","M","R","M","$","T","?","M","E","M","M","R","B",null,"M","?","?","$","M","R","M"],"character_chosen":"THE_SILENT","items_purchased":["Noxious Fumes","Membership Card"],"campfire_rested":2,"item_purchase_floors":[3,21],"current_hp_per_floor":[77,77,77,77,77,77,75,75,75,75,65,48,34,32,55,15,77,60,60,60,60,39,62,0,0],"gold":45,"neow_bonus":"TEN_PERCENT_HP_BONUS","is_daily":false,"chose_seed":false,"campfire_upgraded":0,"win_rate":0.0,"timestamp":1613824324,"path_taken":["M","?","$","?","M","R","?","$","T","?","M","E","M","M","R","BOSS","M","?","?","$","?","R","M"],"items_purchased_type":["Card","Relic"],"build_version":"2020-12-22","purchased_purges":1,"victory":false,"max_hp_per_floor":[77,77,77,77,77,77,77,77,77,77,77,77,77,77,77,77,77,77,77,77,77,77,77,77,77],"card_choices":[{"not_picked":["Underhanded Strike","Poisoned Stab","Choke"],"picked":"SKIP","floor":1},{"not_picked":["Calculated Gamble","Tactician","Quick Slash"],"picked":"SKIP","floor":2},{"not_picked":["Accuracy","Dagger Spray","Cloak And Dagger"],"picked":"SKIP","floor":5},{"not_picked":["Backflip","ReplayTheSpireMod:The Works"],"picked":"After Image","floor":7},{"not_picked":["Accuracy","Acrobatics","Flying Knee"],"picked":"SKIP","floor":11},{"not_picked":["Quick Slash","Underhanded Strike","Eviscerate"],"picked":"SKIP","floor":12},{"not_picked":["Blur","A Thousand Cuts"],"picked":"Catalyst","floor":13},{"not_picked":["Sucker Punch","Dagger Throw","Dagger Spray"],"picked":"SKIP","floor":14},{"not_picked":["Wraith Form v2","Venomology"],"picked":"Burst","floor":16},{"not_picked":["Underhanded Strike","Endless Agony+1","Quick Slash"],"picked":"SKIP","floor":18},{"not_picked":["Underhanded Strike","Die Die Die"],"picked":"Prepared","floor":22}],"player_experience":153270,"relics_obtained":[{"floor":12,"key":"Art of War"}],"event_choices":[{"damage_healed":0,"gold_gain":0,"player_choice":"Gave Potion","damage_taken":0,"relics_obtained":["Bronze Scales"],"max_hp_gain":0,"max_hp_loss":0,"event_name":"WeMeetAgain","floor":4,"gold_loss":0},{"damage_healed":0,"gold_gain":0,"player_choice":"Searched \u00270\u0027 times","damage_taken":0,"max_hp_gain":0,"max_hp_loss":0,"event_name":"Dead Adventurer","floor":10,"gold_loss":0},{"cards_removed":["Strike_G"],"damage_healed":0,"gold_gain":0,"player_choice":"Give","damage_taken":0,"max_hp_gain":0,"max_hp_loss":0,"event_name":"betterNote:BetterNote","floor":19,"gold_loss":0,"cards_obtained":["Defend_G"]},{"damage_healed":0,"gold_gain":0,"player_choice":"Upgraded Two","damage_taken":0,"max_hp_gain":0,"max_hp_loss":0,"event_name":"Designer","floor":20,"gold_loss":40,"cards_upgraded":["Defend_G","Defend_G"]}],"is_beta":false,"boss_relics":[{"not_picked":["Snecko Eye","Painkiller Herb","Ectoplasm"]}],"items_purged_floors":[21],"is_endless":false,"potions_floor_spawned":[2,5,7,12,14],"killed_by":"3 Cultists","ascension_level":1}}