{"host":"dz37y7s0f4dytpbs","time":1613855835,"event":{"mods":["AchievementEnabler","BaseMod","BetterRewards","Colored Map","Keyboard Shortcuts","Minty Spire (QoL Compilation)","Permanent Neow","StSLib","SuperFastMode","everything is the same but u backflip on backflip"],"gold_per_floor":[116,116,16,36,51,82,59,85,132,167,184,215,215,249,249,350,350,370,385,385,401,207,233,233,265,289,305,305,325,121,153,153,254,254,266,312,93,107,121,147,157,185,185,219,219,5,5,5,5,5],"floor_reached":51,"language":"KOR","playtime":3791,"items_purged":["Strike_R","Strike_R","Strike_R","Defend_R","Defend_R","Defend_R"],"score":1073,"play_id":"f34b3eaf-d029-4198-bc60-fbd434f7d3e8","local_time":"20210221061715","is_ascension_mode":true,"campfire_choices":[{"floor":13.0,"key":"REST"},{"data":"Limit Break","floor":15.0,"key":"SMITH"},{"data":"Inflame","floor":24.0,"key":"SMITH"},{"data":"Pommel Strike","floor":28.0,"key":"SMITH"},{"floor":32.0,"key":"REST"},{"data":"Berserk","floor":45,"key":"SMITH"},{"data":"Strike_R","floor":49,"key":"PURGE"}],"circlet_count":0,"master_deck":["Defend_R+1","Bash","Whirlwind+1","Seeing Red","Evolve","Disarm","Inflame+1","Limit Break+1","Headbutt+1","Rage+1","Shrug It Off","Rampage","Pommel Strike+1","Flex","Impervious","Limit Break","Immolate","Flex+1","Seeing Red+1","Shockwave","True Grit+1","Reaper","Whirlwind+1","Shrug It Off","Warcry+1","Rage+1","Ghostly Armor+1","Shame","Berserk+1","Headbutt","Rage+1","Seeing Red+1"],"relics":["Burning Blood","Orrery","Bag of Preparation","Eternal Feather","Whetstone","Dream Catcher","Sundial","Smiling Mask","Strawberry","Runic Cube","Strange Spoon","Mummified Hand","Pear","War Paint","Sling","Peace Pipe","Cursed Key","Bird Faced Urn","Lee\u0027s Waffle","MealTicket","CaptainsWheel","Red Skull","Toxic Egg 2"],"acts_visited":["Exordium","TheCity","TheBeyond"],"potions_floor_usage":[50,50,50],"damage_taken":[{"damage":7.0,"enemies":"Jaw Worm","floor":1.0,"turns":3.0},{"damage":4.0,"enemies":"Cultist","floor":4.0,"turns":3.0},{"damage":1.0,"enemies":"Small Slimes","floor":5.0,"turns":4.0},{"damage":48.0,"enemies":"Gremlin Nob","floor":6.0,"turns":5.0},{"damage":11.0,"enemies":"3 Sentries","floor":8.0,"turns":6.0},{"damage":3.0,"enemies":"Lagavulin","floor":10.0,"turns":7.0},{"damage":0.0,"enemies":"Exordium Wildlife","floor":11.0,"turns":3.0},{"damage":14.0,"enemies":"Gremlin Nob","floor":12.0,"turns":3.0},{"damage":13.0,"enemies":"Lagavulin","floor":14.0,"turns":8.0},{"damage":13.0,"enemies":"Hexaghost","floor":16.0,"turns":7.0},{"damage":0.0,"enemies":"3 Byrds","floor":18.0,"turns":2.0},{"damage":16.0,"enemies":"2 Thieves","floor":19.0,"turns":2.0},{"damage":7.0,"enemies":"Snecko","floor":21.0,"turns":4.0},{"damage":30.0,"enemies":"Slavers","floor":23.0,"turns":3.0},{"damage":30.0,"enemies":"Book of Stabbing","floor":25.0,"turns":4.0},{"damage":9.0,"enemies":"Snake Plant","floor":27.0,"turns":2.0},{"damage":18.0,"enemies":"3 Cultists","floor":29.0,"turns":4.0},{"damage":21.0,"enemies":"Slavers","floor":31.0,"turns":2.0},{"damage":36.0,"enemies":"Collector","floor":33.0,"turns":7.0},{"damage":3.0,"enemies":"3 Shapes","floor":35.0,"turns":3.0},{"damage":110.0,"enemies":"2 Orb Walkers","floor":36.0,"turns":5.0},{"damage":3.0,"enemies":"Orb Walker","floor":38.0,"turns":2.0},{"damage":16.0,"enemies":"Maw","floor":39.0,"turns":4.0},{"damage":52.0,"enemies":"Reptomancer","floor":40.0,"turns":7.0},{"damage":3,"enemies":"Sphere and 2 Shapes","floor":41,"turns":3},{"damage":35,"enemies":"Giant Head","floor":42,"turns":7},{"damage":37,"enemies":"Nemesis","floor":44,"turns":7},{"damage":40,"enemies":"Donu and Deca","floor":50,"turns":4}],"seed_played":"3398052687197725092","potions_obtained":[{"floor":8.0,"key":"Ancient Potion"},{"floor":12.0,"key":"FearPotion"},{"floor":16.0,"key":"Swift Potion"},{"floor":19.0,"key":"SpeedPotion"},{"floor":23.0,"key":"GamblersBrew"},{"floor":31.0,"key":"Dexterity Potion"},{"floor":33.0,"key":"EssenceOfSteel"},{"floor":38.0,"key":"CultistPotion"},{"floor":39.0,"key":"BloodPotion"},{"floor":40.0,"key":"PowerPotion"}],"is_trial":false,"path_per_floor":["M","?","$","M","M","E","$","E","T","E","M","E","R","E","R","B",null,"M","M","?","M","$","E","R","E","T","M","R","M","$","E","R","B",null,"M","?","$","M","M","E","M","E","T","E","R","$","?","$","R","B",null],"character_chosen":"IRONCLAD","items_purchased":["Whirlwind","Orrery","Inflame","Limit Break","Bag of Preparation","Headbutt","Shrug It Off","Strange Spoon","Sling","Lee\u0027s Waffle","Shrug It Off","Headbutt","Rage+1","Seeing Red+1"],"campfire_rested":2,"item_purchase_floors":[0,0,0,0,0,0,7,22,30,37,37,46,46,46],"current_hp_per_floor":[47,47,47,49,54,12,12,7,7,10,16,8,44,44,56,49,78,84,74,74,73,73,49,61,47,47,44,56,44,44,29,73,43,84,87,19,104,104,104,80,87,104,104,77,95,104,104,104,104,104],"gold":5,"neow_bonus":"","is_daily":false,"chose_seed":false,"campfire_upgraded":4,"win_rate":0.0,"timestamp":1613855835,"path_taken":["M","?","$","M","M","E","?","E","T","E","?","E","R","E","R","BOSS","M","M","?","M","$","E","R","E","T","M","R","M","$","E","R","BOSS","M","?","$","M","M","E","M","E","T","E","R","$","?","?","R","BOSS"],"items_purchased_type":["Card","Relic","Card","Card","Relic","Card","Card","Relic","Relic","Relic","Card","Card","Card","Card"],"build_version":"2020-12-22","purchased_purges":6,"victory":true,"max_hp_per_floor":[80,80,80,80,80,80,80,80,80,80,80,80,80,87,87,87,87,87,87,87,87,87,87,87,97,97,97,97,97,97,97,97,97,97,97,97,104,104,104,104,104,104,104,104,104,104,104,104,104,104],"card_choices":[{"not_picked":["Thunderclap","Warcry"],"picked":"Seeing Red","floor":0.0},{"not_picked":["Reckless Charge","Armaments"],"picked":"Evolve","floor":0.0},{"not_picked":["Clash","Warcry"],"picked":"Disarm","floor":0.0},{"not_picked":["Combust","Sword Boomerang","Warcry"],"picked":"SKIP","floor":1.0},{"not_picked":["Headbutt","Clothesline","Dark Embrace"],"picked":"SKIP","floor":4.0},{"not_picked":["Headbutt","Clothesline","Dark Embrace"],"picked":"SKIP","floor":4.0},{"not_picked":["Iron Wave","Power Through","Cleave"],"picked":"SKIP","floor":5.0},{"not_picked":["Anger","Corruption"],"picked":"Rage","floor":6.0},{"not_picked":["Havoc","Clash"],"picked":"Rampage","floor":8.0},{"not_picked":["Flame Barrier","Iron Wave"],"picked":"Pommel Strike","floor":10.0},{"not_picked":["Shrug It Off","Clothesline"],"picked":"Flex","floor":11.0},{"not_picked":["Flex","Thunderclap"],"picked":"Impervious","floor":12.0},{"not_picked":["Spot Weakness","Anger"],"picked":"Limit Break","floor":14.0},{"not_picked":["Bludgeon","Corruption"],"picked":"Immolate","floor":16.0},{"not_picked":["Anger","Wild Strike","Thunderclap"],"picked":"SKIP","floor":18.0},{"not_picked":["Anger","Twin Strike","Fire Breathing"],"picked":"SKIP","floor":19.0},{"not_picked":["Fire Breathing","Anger"],"picked":"Flex+1","floor":21.0},{"not_picked":["True Grit","Dropkick"],"picked":"Seeing Red+1","floor":23.0},{"not_picked":["Clash+1","True Grit"],"picked":"Shockwave","floor":25.0},{"not_picked":["Thunderclap","Sword Boomerang+1","Iron Wave+1"],"picked":"SKIP","floor":27.0},{"not_picked":["Entrench","Evolve+1"],"picked":"True Grit+1","floor":29.0},{"not_picked":["Cleave","Dark Embrace"],"picked":"Dual Wield+1","floor":31.0},{"not_picked":["Corruption","Limit Break"],"picked":"Reaper","floor":33.0},{"not_picked":["Anger+1","Body Slam+1","Thunderclap"],"picked":"SKIP","floor":35.0},{"not_picked":["Heavy Blade+1","Entrench+1"],"picked":"Whirlwind+1","floor":36.0},{"not_picked":["Twin Strike+1","Body Slam","Cleave+1"],"picked":"SKIP","floor":38.0},{"not_picked":["Thunderclap","Intimidate+1"],"picked":"Warcry+1","floor":39.0},{"not_picked":["Sever Soul","Feed"],"picked":"Rage+1","floor":40.0},{"not_picked":["Rupture+1","Iron Wave+1","Warcry"],"picked":"SKIP","floor":41},{"not_picked":["Flex","Second Wind+1"],"picked":"Ghostly Armor+1","floor":42},{"not_picked":["Carnage","Feel No Pain+1"],"picked":"Berserk","floor":44}],"player_experience":317357,"relics_obtained":[{"floor":6.0,"key":"Eternal Feather"},{"floor":8.0,"key":"Whetstone"},{"floor":9.0,"key":"Dream Catcher"},{"floor":10.0,"key":"Sundial"},{"floor":12.0,"key":"Smiling Mask"},{"floor":14.0,"key":"Strawberry"},{"floor":23.0,"key":"Mummified Hand"},{"floor":25.0,"key":"Pear"},{"floor":26.0,"key":"War Paint"},{"floor":31.0,"key":"Peace Pipe"},{"floor":36.0,"key":"Bird Faced Urn"},{"floor":40.0,"key":"MealTicket"},{"floor":42,"key":"CaptainsWheel"},{"floor":43,"key":"Red Skull"},{"floor":44,"key":"Toxic Egg 2"}],"event_choices":[{"cards_removed":["Strike_R"],"damage_healed":0.0,"max_hp_gain":0.0,"max_hp_loss":0.0,"gold_gain":0.0,"event_name":"Purifier","player_choice":"Purged","floor":2.0,"gold_loss":0.0,"damage_taken":0.0},{"damage_healed":0.0,"max_hp_gain":0.0,"max_hp_loss":0.0,"gold_gain":0.0,"event_name":"Vampires","player_choice":"Ignored","floor":20.0,"gold_loss":0.0,"damage_taken":0.0},{"damage_healed":0.0,"max_hp_gain":0.0,"max_hp_loss":0.0,"gold_gain":0.0,"event_name":"Mysterious Sphere","player_choice":"Fight","floor":36.0,"gold_loss":0.0,"damage_taken":0.0},{"cards_removed":["Dual Wield"],"damage_healed":0,"gold_gain":0,"player_choice":"Removed Skill","damage_taken":0,"max_hp_gain":0,"max_hp_loss":0,"event_name":"Falling","floor":47,"gold_loss":0}],"is_beta":false,"boss_relics":[{"not_picked":["Tiny House","Philosopher\u0027s Stone"],"picked":"Runic Cube"},{"not_picked":["Snecko Eye","Black Blood"],"picked":"Cursed Key"}],"items_purged_floors":[0,3,22,30,37,46],"is_endless":false,"potions_floor_spawned":[8,12,16,19,23,31,33,38,39,40],"ascension_level":6}}