{"host":"sav7uxregyirlf69","time":1613834618,"event":{"mods":["AchievementEnabler","BaseMod","Colored Map","DeckTracker","Keyboard Shortcuts","Minty Spire (QoL Compilation)","READ ME - Guardian Mod","StSLib","SuperFastMode"],"gold_per_floor":[111,36,51,11,11,47,72,72,72,85,108,108,141,164,164,254,254,274,324,338,338,338,338,353,353,353,37,57,72,116,137,137,137,137],"floor_reached":33,"language":"KOR","playtime":529,"items_purged":["Defend_G","Strike_G"],"score":683,"play_id":"e6b70767-df7c-42af-a0e1-33301e294243","local_time":"20210221002338","is_ascension_mode":true,"campfire_choices":[{"data":"Footwork","floor":8,"key":"SMITH"},{"data":"Neutralize","floor":15,"key":"SMITH"},{"data":"Blade Dance","floor":23,"key":"SMITH"},{"floor":25,"key":"REST"},{"floor":32,"key":"REST"}],"circlet_count":0,"master_deck":["AscendersBane","Strike_G","Defend_G","Defend_G","Survivor","Neutralize+1","Blade Dance+1","Footwork+1","Corpse Explosion","Backstab","Malaise","Deflect+1","Corpse Explosion+1","Bane+1","Accuracy","Reflex"],"relics":["Ring of the Snake","NeowsBlessing","Golden Idol","Singing Bowl","Molten Egg 2","Tiny Chest","Astrolabe","HornCleat","Mummified Hand","Medical Kit","Omamori"],"acts_visited":["Exordium","TheCity"],"potions_floor_usage":[13,16,16,30],"damage_taken":[{"damage":0,"enemies":"Jaw Worm","floor":1,"turns":1},{"damage":0,"enemies":"2 Louse","floor":3,"turns":1},{"damage":0,"enemies":"Gremlin Nob","floor":6,"turns":1},{"damage":1,"enemies":"Cultist","floor":7,"turns":3},{"damage":0,"enemies":"Gremlin Gang","floor":10,"turns":1},{"damage":0,"enemies":"2 Fungi Beasts","floor":11,"turns":2},{"damage":12,"enemies":"Lagavulin","floor":13,"turns":7},{"damage":3,"enemies":"Exordium Wildlife","floor":14,"turns":4},{"damage":16,"enemies":"The Guardian","floor":16,"turns":16},{"damage":0,"enemies":"3 Byrds","floor":18,"turns":2},{"damage":11,"enemies":"2 Thieves","floor":20,"turns":2},{"damage":25,"enemies":"Cultist and Chosen","floor":24,"turns":6},{"damage":4,"enemies":"Centurion and Healer","floor":28,"turns":3},{"damage":0,"enemies":"Sentry and Sphere","floor":29,"turns":3},{"damage":22,"enemies":"Book of Stabbing","floor":30,"turns":5},{"damage":10,"enemies":"Shelled Parasite and Fungi","floor":31,"turns":4},{"damage":56,"enemies":"Automaton","floor":33,"turns":10}],"seed_played":"1963861865676499348","potions_obtained":[{"floor":3,"key":"Strength Potion"},{"floor":11,"key":"FearPotion"},{"floor":14,"key":"BlessingOfTheForge"},{"floor":20,"key":"LiquidBronze"},{"floor":29,"key":"SmokeBomb"},{"floor":30,"key":"Fire Potion"}],"is_trial":false,"path_per_floor":["M","$","M","$","?","E","M","R","T","M","M","?","E","M","R","B",null,"M","?","M","?","T","R","M","R","T","$","M","M","E","M","R","B"],"character_chosen":"THE_SILENT","items_purchased":["Footwork","Accuracy","Medical Kit"],"campfire_rested":2,"item_purchase_floors":[4,27,27],"current_hp_per_floor":[59,59,59,59,36,36,35,35,35,37,39,39,29,28,28,12,59,61,61,52,52,52,52,29,53,53,53,51,51,31,23,48,0,0],"gold":137,"neow_bonus":"THREE_ENEMY_KILL","is_daily":false,"chose_seed":false,"campfire_upgraded":3,"win_rate":0.0,"timestamp":1613834618,"path_taken":["M","$","M","$","?","E","M","R","T","M","M","?","E","M","R","BOSS","M","?","?","?","?","R","M","R","T","$","M","M","E","?","R","BOSS"],"items_purchased_type":["Card","Card","Relic"],"build_version":"2020-12-22","purchased_purges":2,"victory":false,"max_hp_per_floor":[66,66,66,66,66,66,66,66,66,68,70,70,72,74,74,74,74,76,76,78,78,78,78,80,80,80,80,82,82,84,86,86,86,86],"card_choices":[{"not_picked":["Acrobatics","Bane"],"picked":"Blade Dance","floor":1},{"not_picked":["Skewer","Deflect","Flechettes"],"picked":"SKIP","floor":3},{"not_picked":["Grand Finale","Eviscerate"],"picked":"Corpse Explosion","floor":6},{"not_picked":["Prepared","Dodge and Roll"],"picked":"Backstab","floor":7},{"not_picked":["Outmaneuver","Footwork","Blur"],"picked":"Singing Bowl","floor":10},{"not_picked":["Sucker Punch+1","Poisoned Stab+1","Predator+1"],"picked":"Singing Bowl","floor":11},{"not_picked":["Calculated Gamble","Acrobatics","Tools of the Trade"],"picked":"Singing Bowl","floor":13},{"not_picked":["Backflip","Reflex","Slice+1"],"picked":"Singing Bowl","floor":14},{"not_picked":["Wraith Form v2","Unload+1"],"picked":"Malaise","floor":16},{"not_picked":["Quick Slash+1","Riddle With Holes+1","Acrobatics"],"picked":"Singing Bowl","floor":18},{"not_picked":["Flying Knee+1","Dodge and Roll","Bane+1"],"picked":"Singing Bowl","floor":20},{"not_picked":["Underhanded Strike+1","Concentrate","Sucker Punch+1"],"picked":"Singing Bowl","floor":24},{"not_picked":["Underhanded Strike+1","Backstab+1","Skewer+1"],"picked":"Singing Bowl","floor":28},{"not_picked":["Outmaneuver","PiercingWail+1"],"picked":"Reflex","floor":29},{"not_picked":["Dagger Spray+1","Endless Agony+1","Heel Hook+1"],"picked":"Singing Bowl","floor":30},{"not_picked":["All Out Attack+1","Slice+1","Sucker Punch+1"],"picked":"Singing Bowl","floor":31}],"player_experience":1634381,"relics_obtained":[{"floor":6,"key":"Singing Bowl"},{"floor":9,"key":"Molten Egg 2"},{"floor":13,"key":"Tiny Chest"},{"floor":22,"key":"HornCleat"},{"floor":26,"key":"Mummified Hand"},{"floor":30,"key":"Omamori"}],"event_choices":[{"damage_healed":0,"gold_gain":0,"player_choice":"Take Damage","damage_taken":23,"relics_obtained":["Golden Idol"],"max_hp_gain":0,"max_hp_loss":0,"event_name":"Golden Idol","floor":5,"gold_loss":0},{"cards_removed":["Strike_G"],"damage_healed":0,"gold_gain":0,"player_choice":"Offered Basic","damage_taken":0,"max_hp_gain":0,"max_hp_loss":0,"event_name":"Bonfire Elementals","floor":12,"gold_loss":0},{"damage_healed":0,"gold_gain":100,"player_choice":"Bet on Murderer","damage_taken":0,"max_hp_gain":0,"max_hp_loss":0,"event_name":"The Joust","floor":19,"gold_loss":50},{"cards_removed":["Defend_G"],"damage_healed":0,"gold_gain":0,"player_choice":"Elegance","damage_taken":0,"max_hp_gain":0,"max_hp_loss":0,"event_name":"Back to Basics","floor":21,"gold_loss":0}],"is_beta":false,"boss_relics":[{"not_picked":["Runic Dome","Black Star"],"picked":"Astrolabe"}],"items_purged_floors":[2,27],"is_endless":false,"potions_floor_spawned":[3,11,14,20,29,30],"killed_by":"Automaton","ascension_level":20}}