{"host":"yp2ga117svxnbcen","time":1613864446,"event":{"mods":["Act Like it!","Aspiration","BaseMod","BetterRewards","ChefMod","Colored Map","Conspire","Custom Start","Downfall","Elementarium","Gensokyo","GifTheSpireLib","Gold Saver","GungeonMod","Halation","Hallownest","Hermit","HornydragonMod","Hubris","Menagerie","Minty Spire (QoL Compilation)","Quick Restart","Remove Card Discount Mod","Replay The Spire","Shop Mod","Spicy Shops","StSLib","Stuff the Spire","The Blue Laboratory","The IronCluck","egg","slay the spire mod where everything is the same but ironclad has a cowboy hat","??????REMEMod"],"gold_per_floor":[249,269,279,176,176,176,176,203,203,216,246,261,290,310,310,413,413,424,439,453,10,21,49,63,97,177,177,193,193,193,30,30,132,132,152,177,103,123,150,175,175,11,11,11,11],"floor_reached":46,"language":"ENG","playtime":1360,"items_purged":["Pride","Strike_B","hubris:Ukulele"],"score":1069,"play_id":"30af0307-a2fe-47e7-a5f2-f6d3726e7b3a","local_time":"20210220154046","is_ascension_mode":true,"campfire_choices":[{"data":"StuffTheSpire:Synthwave","floor":6.0,"key":"SMITH"},{"data":"Loop","floor":15,"key":"SMITH"},{"floor":27,"key":"REST"},{"data":"Echo Form","floor":29,"key":"SMITH"},{"floor":32,"key":"REST"},{"data":"Amplify","floor":41,"key":"SMITH"}],"circlet_count":0,"master_deck":["Defend_B+1","Defend_B+1","Defend_B","Defend_B","Zap+1","Dualcast","StuffTheSpire:Plugnplay","Conserve Battery","StuffTheSpire:Synthwave+1","Undo","Defend_B+1","Loop+1","Echo Form+1","REME_Shoggoth+1","ReplayTheSpireMod:Omega Cannon+1","Cold Snap+1","hubris:PowerSurge+1","aspiration:Polymerization+1","Electrodynamics+1","REME_SelfUpgrade+1","Capacitor+1","Loop+1","Amplify+1","REME_Shoggoth","Languid","Defragment+1","StuffTheSpire:Synthwave+1","StuffTheSpire:Synthwave+1","StuffTheSpire:Synthwave+1","ReplayTheSpireMod:Doomed"],"relics":["Cracked Core","REME_ComplimentaryCards","Membership Card","Orrery","War Paint","hubris:Towel","Carrot","Blue Doll","conspire:TopHat","Astrolabe","Frozen Egg 2","DemoMod:PoisonVial","conspire:GiftBox","Bottled Lightning","Guardian:PocketSentry","conspire:Dentures","conspire:Flyswatter","Nloth\u0027s Gift","hubris:BottledRain","Cursed Key","halation:LettersToHer","DataDisk","Ice Cream","Ancient Tea Set","halation:NonexistentMirror","Chemical X","PreservedInsect"],"acts_visited":["Exordium","TheCity","TheBeyond"],"potions_floor_usage":[16,23,33,33,36,36],"damage_taken":[{"damage":3.0,"enemies":"2 Louse","floor":1.0,"turns":2.0},{"damage":2.0,"enemies":"Jaw Worm","floor":2.0,"turns":3.0},{"damage":0.0,"enemies":"Cultist","floor":3.0,"turns":3.0},{"damage":7.0,"enemies":"Lagavulin","floor":8.0,"turns":6.0},{"damage":5.0,"enemies":"Large Slime","floor":10.0,"turns":3.0},{"damage":15.0,"enemies":"Gremlin Nob","floor":11.0,"turns":3.0},{"damage":12.0,"enemies":"Exordium Thugs","floor":12.0,"turns":4.0},{"damage":13,"enemies":"Lagavulin","floor":13,"turns":6},{"damage":0,"enemies":"Looter","floor":14,"turns":3},{"damage":8,"enemies":"Fading Forest","floor":16,"turns":11},{"damage":10,"enemies":"Chosen","floor":18,"turns":2},{"damage":20,"enemies":"2 Thieves","floor":19,"turns":4},{"damage":4,"enemies":"Snake Plant","floor":20,"turns":4},{"damage":12,"enemies":"Snecko","floor":22,"turns":4},{"damage":10,"enemies":"Slavers","floor":23,"turns":2},{"damage":1,"enemies":"Centurion and Healer","floor":24,"turns":2},{"damage":4,"enemies":"conspire:SneckoGhost","floor":25,"turns":4},{"damage":0,"enemies":"Cultist and Chosen","floor":28,"turns":3},{"damage":41,"enemies":"hubris:MusketHawk","floor":33,"turns":4},{"damage":0,"enemies":"Orb Walker","floor":35,"turns":1},{"damage":14,"enemies":"conspire:MimicChest","floor":36,"turns":3},{"damage":0,"enemies":"3 Darklings","floor":38,"turns":1},{"damage":20,"enemies":"Giant Head","floor":40,"turns":5},{"damage":32,"enemies":"Donu and Deca","floor":45,"turns":4}],"seed_played":"-4401035167791384394","potions_obtained":[{"floor":10.0,"key":"FocusPotion"},{"floor":16,"key":"blueLaboratory:BubblePotion"},{"floor":19,"key":"blueLaboratory:HorrorPotion"},{"floor":25,"key":"blueLaboratory:BottleOfRum"},{"floor":33,"key":"LiquidMemories"},{"floor":35,"key":"PowerPotion"}],"is_trial":false,"path_per_floor":["M","M","M","$","?","R","?","E","T","M","E","M","E","M","R","B",null,"M","M","M","$","M","E","M","E","T","R","M","R","?","$","R","B",null,"M","?","$","M","?","E","R","$","T","?","B",null],"character_chosen":"DEFECT","items_purchased":["Membership Card","Orrery","War Paint","Frozen Egg 2","DemoMod:PoisonVial","conspire:GiftBox","Bottled Lightning","Loop+1","hubris:BottledRain","LiquidBronze","DataDisk","halation:NonexistentMirror","StuffTheSpire:Synthwave+1","Chemical X"],"campfire_rested":2,"item_purchase_floors":[0,4,4,21,21,21,21,31,31,31,37,42,42,42],"current_hp_per_floor":[72,70,70,70,70,70,70,63,63,58,43,31,18,18,18,32,75,65,45,41,41,29,19,18,14,14,36,36,36,36,36,58,17,75,75,61,61,61,61,41,41,41,41,41,9],"gold":11,"neow_bonus":"","is_daily":false,"chose_seed":false,"campfire_upgraded":4,"win_rate":0.0,"timestamp":1613864446,"path_taken":["M","M","M","$","?","R","?","E","T","M","E","M","E","M","R","BOSS","M","?","M","$","M","E","M","E","T","R","M","R","?","$","R","BOSS","M","?","$","?","?","E","R","?","T","?","BOSS"],"items_purchased_type":["Relic","Relic","Relic","Relic","Relic","Relic","Relic","Card","Relic","Potion","Relic","Relic","Card","Relic"],"build_version":"2020-12-22","purchased_purges":3,"victory":true,"max_hp_per_floor":[75,75,75,75,75,75,75,75,75,75,75,75,75,75,75,75,75,75,75,75,75,75,75,75,75,75,75,75,75,75,75,75,75,75,75,75,75,75,75,75,75,75,75,75,75],"card_choices":[{"not_picked":["Redo","Cold Snap"],"picked":"StuffTheSpire:Plugnplay","floor":1.0},{"not_picked":["Barrage","Darkness"],"picked":"Conserve Battery","floor":2.0},{"not_picked":["Rainbow","Doom and Gloom","Panic Button"],"picked":"SKIP","floor":3.0},{"not_picked":["Beam Cell","Sweeping Beam"],"picked":"StuffTheSpire:Synthwave","floor":4.0},{"not_picked":["Barrage","Turbo"],"picked":"Undo","floor":4.0},{"not_picked":["Hologram","StuffTheSpire:EventHorizon","REME_Compress"],"picked":"SKIP","floor":8.0},{"not_picked":["BasicCrystalCard","aspiration:Polymerization"],"picked":"hubris:Ukulele","floor":10.0},{"not_picked":["Barrage","REME_Compress","Gash"],"picked":"SKIP","floor":11.0},{"not_picked":["Sweeping Beam","Rebound"],"picked":"Loop","floor":12.0},{"not_picked":["FTL","Beam Cell","Sweeping Beam"],"picked":"SKIP","floor":13},{"not_picked":["Go for the Eyes","Glacier","Sunder"],"picked":"SKIP","floor":14},{"not_picked":["Mirror Shield","Buffer"],"picked":"Echo Form","floor":16},{"not_picked":["Panic Button","StuffTheSpire:Plugnplay","Streamline"],"picked":"SKIP","floor":18},{"not_picked":["Turbo","Redo"],"picked":"hubris:PowerSurge+1","floor":19},{"not_picked":["Chaos","Sweeping Beam"],"picked":"aspiration:Polymerization+1","floor":20},{"not_picked":["StuffTheSpire:LaunchingStrike","ReplayRNGCard"],"picked":"Electrodynamics+1","floor":21},{"not_picked":["Compile Driver+1","REME_Compress","Streamline"],"picked":"SKIP","floor":22},{"not_picked":["Sunder","Compile Driver"],"picked":"REME_SelfUpgrade+1","floor":23},{"not_picked":["Conserve Battery","Streamline+1","Stack"],"picked":"SKIP","floor":24},{"not_picked":["Doom and Gloom","Leap","Sweeping Beam","Recycle","Redo"],"picked":"SKIP","floor":25},{"not_picked":["ReplayTheSpireMod:Dual Polarity","Sweeping Beam","Rebound","StuffTheSpire:Plugnplay+1","Stack","Gash"],"picked":"Capacitor+1","floor":28},{"not_picked":["Core Surge","hubris:DoWhile"],"picked":"Amplify","floor":33},{"not_picked":["BasicCrystalCard","Sweeping Beam"],"picked":"REME_Shoggoth","floor":35},{"not_picked":["BasicCrystalCard+1","Ball Lightning+1","REME_ForAll"],"picked":"SKIP","floor":38},{"not_picked":["Turbo+1","Rebound","BasicCrystalCard+1","ReplaySort","Redo","StuffTheSpire:EventHorizon"],"picked":"Defragment+1","floor":40}],"player_experience":1183156,"relics_obtained":[{"floor":8.0,"key":"TungstenRod"},{"floor":9.0,"key":"Carrot"},{"floor":11.0,"key":"Blue Doll"},{"floor":13,"key":"conspire:TopHat"},{"floor":23,"key":"Guardian:PocketSentry"},{"floor":25,"key":"conspire:Dentures"},{"floor":26,"key":"conspire:Flyswatter"},{"floor":36,"key":"halation:LettersToHer"},{"floor":39,"key":"Ice Cream"},{"floor":40,"key":"Ancient Tea Set"},{"floor":43,"key":"halation:LettersToHer"},{"floor":43,"key":"PreservedInsect"}],"event_choices":[{"damage_healed":0.0,"max_hp_gain":0.0,"max_hp_loss":0.0,"gold_gain":0.0,"event_name":"Accursed Blacksmith","player_choice":"Forge","floor":7.0,"gold_loss":0.0,"damage_taken":0.0,"cards_upgraded":["Zap"]},{"damage_healed":0,"gold_gain":0,"player_choice":"Traded Relic","damage_taken":0,"relics_obtained":["Nloth\u0027s Gift"],"max_hp_gain":0,"max_hp_loss":0,"event_name":"N\u0027loth","floor":30,"relics_lost":["TungstenRod"],"gold_loss":0},{"damage_healed":0,"gold_gain":0,"player_choice":"Took Portal","damage_taken":0,"max_hp_gain":0,"max_hp_loss":0,"event_name":"SecretPortal","floor":44,"gold_loss":0}],"is_beta":false,"boss_relics":[{"not_picked":["aspiration:SecretTechniqueScroll","Nuclear Battery"],"picked":"Astrolabe"},{"not_picked":["StuffTheSpire:RunicConfusion","halation:Yufonium"],"picked":"Cursed Key"}],"items_purged_floors":[4,21,21],"is_endless":false,"potions_floor_spawned":[3,10,16,19,25,33,35],"ascension_level":2}}