{"host":"nug5xkek4sujf8as","time":1613838648,"event":{"mods":["Act Like it!","Aspiration","BaseMod","Booster Modes","CapriCore","Colored Powertips","Conspire","Energized Spire","Gensokyo","Minty Spire (QoL Compilation)","Permanent Neow","Quick Restart","Replay The Spire","Shop Mod","Spicy Shops","StSLib","【功能Mod】混沌之环修复补丁","【遗物卡牌】REMEMod","篝火指南"],"gold_per_floor":[114,131,19,38,38,68,68],"floor_reached":6,"language":"ZHS","playtime":202,"items_purged":[],"score":72,"play_id":"f2d00b83-69f0-4bf8-9496-05863335c95d","local_time":"20210221003048","is_ascension_mode":true,"campfire_choices":[],"circlet_count":0,"master_deck":["AscendersBane","Strike_R","Strike_R","Strike_R","Strike_R","Strike_R","Defend_R","Defend_R","Defend_R","Defend_R","Bash","ReplayUltimateDefense","ReplayTheSpireMod:Limb From Limb","Gensokyo:TarnishedGold","Rupture+1","REME_Cut"],"relics":["Burning Blood","REME_ComplimentaryCards","aspiration:Nostalgia","Sizzling Blood","Gensokyo:Justice","Centennial Puzzle"],"acts_visited":["Gensokyo:Gensokyo"],"potions_floor_usage":[6,6],"damage_taken":[{"damage":20.0,"enemies":"Gensokyo:3_Fairies","floor":1.0,"turns":6.0},{"damage":7.0,"enemies":"Gensokyo:Python","floor":2.0,"turns":4.0},{"damage":17.0,"enemies":"Gensokyo:2_Kodama","floor":4.0,"turns":7.0},{"damage":59,"enemies":"Gensokyo:Aya","floor":6,"turns":5}],"seed_played":"-2681553371557129068","potions_obtained":[{"floor":2.0,"key":"Elixir"},{"floor":4.0,"key":"REME_GoldPotion"}],"is_trial":false,"path_per_floor":["M","M","COS","M","?","E"],"character_chosen":"IRONCLAD","items_purchased":[],"campfire_rested":0,"item_purchase_floors":[],"current_hp_per_floor":[62,65,65,58,58,0,0],"gold":68,"neow_bonus":"NOSTALGIA","is_daily":false,"chose_seed":false,"campfire_upgraded":0,"win_rate":0.0,"timestamp":1613838648,"path_taken":["M","M","COS","M","?","E"],"items_purchased_type":[],"build_version":"2020-12-22","purchased_purges":0,"victory":false,"max_hp_per_floor":[79,79,79,79,79,79,79],"card_choices":[{"not_picked":["Pommel Strike","Flame Barrier"],"picked":"Armaments","floor":1.0},{"not_picked":["Shrug It Off","Havoc"],"picked":"ReplayTheSpireMod:Limb From Limb","floor":2.0},{"not_picked":["Anger+1","Replay:Undeath\u0027s Touch+1"],"picked":"Rupture+1","floor":4.0},{"not_picked":["Thunderclap","Dropkick"],"picked":"REME_Cut","floor":4.0}],"player_experience":829522,"relics_obtained":[],"event_choices":[],"is_beta":false,"boss_relics":[],"items_purged_floors":[],"is_endless":false,"potions_floor_spawned":[2,4],"killed_by":"Gensokyo:Aya","ascension_level":20}}