{"host":"y080dcqw8fj32q7d","time":1613846276,"event":{"mods":["AchievementEnabler","BaseMod","Colored Map","Colored Powertips","DeckTracker","Minty Spire (QoL Compilation)","Relic Sorter"],"gold_per_floor":[114,114,139,64,64,105,124,74,74,87,121,134,155,176,176,296,296,321,321,337,351,26,26,57,57,57,66,87,87,87,87,87,216,216,231,331,344,344,381,429,502,515,595,627,636,650,679,101,101,101],"floor_reached":51,"language":"ENG","playtime":3944,"items_purged":["Strike_R","Strike_R","Strike_R"],"score":770,"play_id":"81fa301f-1901-43cb-ae19-cdeaa6f923b9","local_time":"20210220213756","is_ascension_mode":true,"campfire_choices":[{"floor":15.0,"key":"RECALL"},{"floor":23.0,"key":"REST"},{"floor":25.0,"key":"REST"},{"data":"Bash","floor":32.0,"key":"SMITH"},{"floor":49,"key":"REST"}],"circlet_count":0,"master_deck":["Defend_R","Defend_R","Bash+1","Shrug It Off","Cleave","Cleave+1","Blood for Blood+1","Bludgeon+1","Shrug It Off","Metallicize","Metallicize","Shame","Juggernaut","Parasite","Combust","Armaments+1","Sentinel+1","Blood for Blood+1","Writhe","Inflame+1","Metallicize","Juggernaut","Combust","Metallicize","Metallicize"],"relics":["Burning Blood","NeowsBlessing","Golden Idol","The Courier","Molten Egg 2","Paper Frog","Sozu","Bird Faced Urn","HornCleat","Bag of Preparation","CeramicFish","Charon\u0027s Ashes","Fusion Hammer","Red Skull","Shovel","Shuriken","Self Forming Clay"],"acts_visited":["Exordium","TheCity","TheBeyond"],"potions_floor_usage":[],"damage_taken":[{"damage":0.0,"enemies":"Jaw Worm","floor":1.0,"turns":1.0},{"damage":0.0,"enemies":"2 Louse","floor":3.0,"turns":1.0},{"damage":0.0,"enemies":"Gremlin Nob","floor":6.0,"turns":1.0},{"damage":0.0,"enemies":"Small Slimes","floor":7.0,"turns":3.0},{"damage":0.0,"enemies":"Exordium Wildlife","floor":10.0,"turns":4.0},{"damage":14.0,"enemies":"3 Sentries","floor":11.0,"turns":5.0},{"damage":0.0,"enemies":"3 Louse","floor":12.0,"turns":1.0},{"damage":2.0,"enemies":"Looter","floor":13.0,"turns":3.0},{"damage":0.0,"enemies":"Lots of Slimes","floor":14.0,"turns":1.0},{"damage":58.0,"enemies":"The Guardian","floor":16.0,"turns":10.0},{"damage":35.0,"enemies":"3 Byrds","floor":18.0,"turns":5.0},{"damage":0.0,"enemies":"Chosen","floor":20.0,"turns":3.0},{"damage":23.0,"enemies":"Snake Plant","floor":21.0,"turns":3.0},{"damage":23.0,"enemies":"Slavers","floor":24.0,"turns":6.0},{"damage":0.0,"enemies":"Snecko","floor":28.0,"turns":3.0},{"damage":74.0,"enemies":"Automaton","floor":33.0,"turns":11.0},{"damage":2.0,"enemies":"3 Shapes","floor":35.0,"turns":5.0},{"damage":5.0,"enemies":"Orb Walker","floor":37.0,"turns":3.0},{"damage":16.0,"enemies":"Writhing Mass","floor":39.0,"turns":5.0},{"damage":36,"enemies":"Giant Head","floor":40,"turns":7},{"damage":48,"enemies":"2 Orb Walkers","floor":41,"turns":5},{"damage":15,"enemies":"Maw","floor":42,"turns":7},{"damage":3,"enemies":"4 Shapes","floor":44,"turns":3},{"damage":7,"enemies":"Transient","floor":46,"turns":5},{"damage":28,"enemies":"Spire Growth","floor":47,"turns":4},{"damage":39,"enemies":"Time Eater","floor":50,"turns":10}],"seed_played":"-7611311903230106091","potions_obtained":[{"floor":3.0,"key":"SteroidPotion"},{"floor":7.0,"key":"FearPotion"},{"floor":11.0,"key":"SkillPotion"},{"floor":13.0,"key":"EssenceOfSteel"},{"floor":14.0,"key":"LiquidBronze"}],"is_trial":false,"path_per_floor":["M","?","M","$","?","E","M","?","T","M","E","M","M","M","R","B",null,"M","?","M","M","$","R","E","R","T","?","M","$","?","T","R","B",null,"M","?","M","?","M","E","?","M","T","M","?","M","M","$","R","B",null],"character_chosen":"IRONCLAD","items_purchased":["Bird Faced Urn","Metallicize","Self Forming Clay","Juggernaut","Combust","Metallicize","Metallicize"],"campfire_rested":3,"item_purchase_floors":[22,48,48,48,48,48,48],"current_hp_per_floor":[80,60,66,66,59,65,71,71,71,77,69,75,79,80,80,28,80,51,51,57,40,40,64,51,75,75,75,80,80,80,80,80,14,80,80,80,80,80,70,48,12,11,11,22,42,43,23,23,47,34],"gold":101,"neow_bonus":"THREE_ENEMY_KILL","is_daily":false,"chose_seed":false,"campfire_upgraded":1,"win_rate":0.0,"timestamp":1613846276,"path_taken":["M","?","M","$","?","E","M","?","T","M","E","M","M","M","R","BOSS","M","?","M","M","$","R","E","R","T","?","M","?","?","?","R","BOSS","M","?","?","?","M","E","?","M","T","M","?","M","?","$","R","BOSS"],"items_purchased_type":["Relic","Card","Relic","Card","Card","Card","Card"],"build_version":"2020-12-22","purchased_purges":3,"victory":true,"max_hp_per_floor":[80,80,80,80,80,80,80,80,80,80,80,80,80,80,80,80,80,80,80,80,80,80,80,80,80,80,80,80,80,80,80,80,80,80,80,80,80,80,80,80,80,80,80,80,80,80,80,80,80,80],"card_choices":[{"not_picked":["Iron Wave","Uppercut","Perfected Strike"],"picked":"SKIP","floor":1.0},{"not_picked":["Dark Embrace","Iron Wave","Inflame"],"picked":"SKIP","floor":3.0},{"not_picked":["Sentinel","Power Through"],"picked":"Shrug It Off","floor":6.0},{"not_picked":["Fire Breathing","Carnage"],"picked":"Cleave","floor":7.0},{"not_picked":["Perfected Strike+1","Dropkick+1"],"picked":"Cleave+1","floor":10.0},{"not_picked":["Pommel Strike+1","Body Slam+1"],"picked":"Blood for Blood+1","floor":11.0},{"not_picked":["Havoc","Twin Strike+1","Reckless Charge+1"],"picked":"SKIP","floor":12.0},{"not_picked":["Heavy Blade+1","Battle Trance","Inflame"],"picked":"SKIP","floor":13.0},{"not_picked":["Body Slam+1","Perfected Strike+1","Heavy Blade+1"],"picked":"SKIP","floor":14.0},{"not_picked":["Fiend Fire+1","Exhume"],"picked":"Bludgeon+1","floor":16.0},{"not_picked":["Reckless Charge+1","Iron Wave+1"],"picked":"Shrug It Off","floor":18.0},{"not_picked":["Inflame+1","Body Slam+1"],"picked":"Metallicize","floor":20.0},{"not_picked":["Armaments","True Grit"],"picked":"Metallicize","floor":21.0},{"not_picked":["Heavy Blade+1","Armaments","Thunderclap+1"],"picked":"SKIP","floor":24.0},{"not_picked":["Anger+1","Wild Strike+1","Limit Break"],"picked":"SKIP","floor":28.0},{"not_picked":["Berserk","Offering"],"picked":"Juggernaut","floor":33.0},{"not_picked":["Body Slam+1","Clash+1","Rage"],"picked":"SKIP","floor":35.0},{"not_picked":["Warcry","Wild Strike+1","Intimidate+1"],"picked":"SKIP","floor":37.0},{"not_picked":["Headbutt+1","Battle Trance"],"picked":"Combust","floor":39.0},{"not_picked":["Carnage+1","Havoc+1"],"picked":"Armaments+1","floor":40},{"not_picked":["Disarm+1","Wild Strike+1"],"picked":"Sentinel+1","floor":41},{"not_picked":["Havoc+1","Sever Soul+1","Warcry"],"picked":"SKIP","floor":42},{"not_picked":["Seeing Red","Heavy Blade+1"],"picked":"Blood for Blood+1","floor":44},{"not_picked":["Exhume","Clothesline+1","Perfected Strike+1"],"picked":"SKIP","floor":46},{"not_picked":["Thunderclap+1","Anger+1"],"picked":"Inflame+1","floor":47}],"player_experience":357321,"relics_obtained":[{"floor":6.0,"key":"The Courier"},{"floor":9.0,"key":"Molten Egg 2"},{"floor":11.0,"key":"Paper Frog"},{"floor":24.0,"key":"HornCleat"},{"floor":26.0,"key":"Bag of Preparation"},{"floor":31.0,"key":"Charon\u0027s Ashes"},{"floor":40,"key":"Red Skull"},{"floor":41,"key":"Shovel"},{"floor":43,"key":"Shuriken"}],"event_choices":[{"damage_healed":0.0,"max_hp_gain":0.0,"max_hp_loss":0.0,"gold_gain":0.0,"event_name":"Golden Idol","player_choice":"Take Damage","floor":2.0,"gold_loss":0.0,"damage_taken":20.0,"relics_obtained":["Golden Idol"]},{"cards_removed":["Defend_R"],"damage_healed":0.0,"max_hp_gain":0.0,"max_hp_loss":0.0,"gold_gain":0.0,"event_name":"Golden Wing","player_choice":"Card Removal","floor":5.0,"gold_loss":0.0,"damage_taken":7.0},{"cards_removed":["Strike_R"],"damage_healed":0.0,"max_hp_gain":0.0,"max_hp_loss":0.0,"gold_gain":0.0,"event_name":"The Cleric","player_choice":"Card Removal","floor":8.0,"gold_loss":50.0,"damage_taken":0.0},{"damage_healed":0.0,"max_hp_gain":0.0,"max_hp_loss":0.0,"gold_gain":0.0,"event_name":"Ghosts","player_choice":"Ignored","floor":19.0,"gold_loss":0.0,"damage_taken":0.0},{"damage_healed":0.0,"max_hp_gain":0.0,"max_hp_loss":0.0,"gold_gain":0.0,"event_name":"Addict","player_choice":"Stole Relic","floor":27.0,"gold_loss":0.0,"damage_taken":0.0,"relics_obtained":["CeramicFish"],"cards_obtained":["Shame"]},{"cards_removed":["Strike_R"],"damage_healed":0.0,"max_hp_gain":0.0,"max_hp_loss":0.0,"gold_gain":0.0,"event_name":"Back to Basics","player_choice":"Elegance","floor":30.0,"gold_loss":0.0,"damage_taken":0.0},{"damage_healed":0.0,"max_hp_gain":0.0,"max_hp_loss":0.0,"gold_gain":100.0,"event_name":"Golden Shrine","player_choice":"Pray","floor":36.0,"gold_loss":0.0,"damage_taken":0.0},{"cards_removed":["Defend_R"],"damage_healed":0.0,"max_hp_gain":0.0,"max_hp_loss":0.0,"gold_gain":0.0,"event_name":"Falling","player_choice":"Removed Skill","floor":38.0,"gold_loss":0.0,"damage_taken":0.0},{"damage_healed":0,"gold_gain":0,"player_choice":"Fight","damage_taken":0,"max_hp_gain":0,"max_hp_loss":0,"event_name":"Mysterious Sphere","floor":41,"gold_loss":0},{"damage_healed":20,"gold_gain":0,"player_choice":"Writhe","damage_taken":0,"max_hp_gain":0,"max_hp_loss":0,"event_name":"Winding Halls","floor":45,"gold_loss":0,"cards_obtained":["Writhe"]}],"is_beta":false,"boss_relics":[{"not_picked":["SlaversCollar","Calling Bell"],"picked":"Sozu"},{"not_picked":["Runic Pyramid","SacredBark"],"picked":"Fusion Hammer"}],"items_purged_floors":[4,22,48],"is_endless":false,"potions_floor_spawned":[3,7,11,13,14,20,28,35,39,40,42,47],"ascension_level":1}}