{"host":"8vqkh0x3c7vpgzzm","time":1613845769,"event":{"mods":["AchievementEnabler","BaseMod","Colored Map","Colored Powertips","Curses Come First","DeckTracker","Highlight Path","Minty Spire (QoL Compilation)","Permanent Neow","Quick Restart","Random Character Mod","Rare Cards Sparkle","Relic Sorter","Relic Stats","StSLib","SuperFastMode","Unceasing Turn Reminder","egg","everything is the same but u backflip on backflip"],"gold_per_floor":[118,129,129,147,158,158,188,188,212,212,222,222,234,266,266,266,266],"floor_reached":16,"language":"ENG","playtime":688,"items_purged":[],"score":213,"play_id":"e82462ad-b839-466f-bb51-6c526dfcb8bd","local_time":"20210220192929","is_ascension_mode":true,"campfire_choices":[{"data":"Neutralize","floor":6,"key":"SMITH"},{"floor":10,"key":"REST"},{"data":"Leg Sweep","floor":12,"key":"SMITH"},{"floor":15,"key":"REST"}],"circlet_count":0,"master_deck":["AscendersBane","Strike_G","Strike_G","Strike_G","Strike_G","Strike_G","Defend_G","Defend_G","Defend_G","Defend_G","Survivor","Neutralize+1","Wraith Form v2+1","Leg Sweep+1","Footwork","Backflip","Deadly Poison","Die Die Die","PiercingWail","Acrobatics","Masterful Stab"],"relics":["Ring of the Snake","Bag of Preparation","Regal Pillow","Vajra"],"acts_visited":["Exordium"],"potions_floor_usage":[7,14],"damage_taken":[{"damage":4,"enemies":"Small Slimes","floor":1,"turns":4},{"damage":0,"enemies":"Cultist","floor":2,"turns":4},{"damage":2,"enemies":"2 Louse","floor":4,"turns":5},{"damage":2,"enemies":"Exordium Thugs","floor":5,"turns":7},{"damage":36,"enemies":"3 Sentries","floor":7,"turns":14},{"damage":0,"enemies":"Lots of Slimes","floor":11,"turns":1},{"damage":0,"enemies":"2 Fungi Beasts","floor":13,"turns":3},{"damage":33,"enemies":"Gremlin Nob","floor":14,"turns":7},{"damage":42,"enemies":"Hexaghost","floor":16,"turns":16}],"seed_played":"3639454009940298100","potions_obtained":[{"floor":1,"key":"Energy Potion"},{"floor":2,"key":"Strength Potion"},{"floor":11,"key":"Weak Potion"}],"is_trial":false,"path_per_floor":["M","M","?","M","M","R","E","?","T","R","M","R","M","E","R","B"],"character_chosen":"THE_SILENT","items_purchased":[],"campfire_rested":2,"item_purchase_floors":[],"current_hp_per_floor":[55,55,55,53,51,51,15,6,6,40,40,40,40,7,41,0,0],"gold":266,"neow_bonus":"TRANSFORM_CARD","is_daily":false,"chose_seed":false,"campfire_upgraded":2,"win_rate":0.0,"timestamp":1613845769,"path_taken":["M","M","?","M","?","R","E","?","T","R","M","R","M","E","R","BOSS"],"items_purchased_type":[],"build_version":"2020-12-22","purchased_purges":0,"victory":false,"max_hp_per_floor":[66,66,66,66,66,66,66,66,66,66,66,66,66,66,66,66,66],"relic_stats":{"Regal Pillow":30,"counters":[9,61],"Bag of Preparation":[8],"obtain_stats":[{"Regal Pillow":9,"Vajra":14,"Bag of Preparation":7,"Ring of the Snake":0},{"Regal Pillow":5,"Vajra":8,"Bag of Preparation":5,"Ring of the Snake":0},{"Regal Pillow":34,"Vajra":45,"Bag of Preparation":34,"Ring of the Snake":0}],"Ring of the Snake":[18]},"card_choices":[{"not_picked":["PiercingWail","Quick Slash"],"picked":"Leg Sweep","floor":1},{"not_picked":["Backflip","Escape Plan"],"picked":"Footwork","floor":2},{"not_picked":["Riddle With Holes","Choke"],"picked":"Backflip","floor":4},{"not_picked":["Accuracy","Underhanded Strike"],"picked":"Deadly Poison","floor":5},{"not_picked":["Reflex","Bane"],"picked":"Die Die Die","floor":7},{"not_picked":["Dagger Throw","Concentrate"],"picked":"PiercingWail","floor":11},{"not_picked":["Skewer","Outmaneuver"],"picked":"Acrobatics","floor":13},{"not_picked":["Blur","Poisoned Stab"],"picked":"Masterful Stab","floor":14}],"player_experience":588488,"relics_obtained":[{"floor":7,"key":"Bag of Preparation"},{"floor":9,"key":"Regal Pillow"},{"floor":14,"key":"Vajra"}],"event_choices":[{"damage_healed":0,"gold_gain":0,"player_choice":"Forge","damage_taken":0,"max_hp_gain":0,"max_hp_loss":0,"event_name":"Accursed Blacksmith","floor":3,"gold_loss":0,"cards_upgraded":["Wraith Form v2"]},{"damage_healed":0,"gold_gain":0,"player_choice":"Damaged","damage_taken":9,"max_hp_gain":0,"max_hp_loss":0,"event_name":"Wheel of Change","floor":8,"gold_loss":0}],"is_beta":false,"boss_relics":[],"items_purged_floors":[],"is_endless":false,"potions_floor_spawned":[1,2,5,11,13],"killed_by":"Hexaghost","ascension_level":18}}