{"host":"6bsan6hkua32tfq7","time":1613842107,"event":{"mods":["BaseMod","Better Third Choice","Colored Map","Highlight Path","Minty Spire (QoL Compilation)","StSLib"],"gold_per_floor":[110,127,57,69,81,108,108,142,169,180,180,180,190,207,207,286,286,303,353,368,423,423,423],"floor_reached":22,"language":"ENG","playtime":494,"items_purged":[],"score":396,"play_id":"5fbc04e6-727a-4f41-91dc-7d9d66d75ffa","local_time":"20210220182827","is_ascension_mode":true,"campfire_choices":[{"floor":7,"key":"REST"},{"data":"Perseverance","floor":12,"key":"SMITH"},{"floor":15,"key":"REST"}],"circlet_count":0,"master_deck":["AscendersBane","Strike_P+1","Strike_P","Strike_P","Defend_P","Defend_P","Defend_P","Defend_P","Eruption","Vigilance","WheelKick","Consecrate","Crescendo","SignatureMove","Perseverance+1","WindmillStrike","LessonLearned","FlurryOfBlows"],"relics":["PureWater","MealTicket","Pen Nib","Bronze Scales","Centennial Puzzle","Tiny Chest","Runic Dome","Oddly Smooth Stone"],"acts_visited":["Exordium","TheCity"],"potions_floor_usage":[6,14,16,22],"damage_taken":[{"damage":12,"enemies":"Small Slimes","floor":1,"turns":2},{"damage":0,"enemies":"Cultist","floor":2,"turns":3},{"damage":7,"enemies":"Jaw Worm","floor":4,"turns":3},{"damage":1,"enemies":"3 Louse","floor":5,"turns":2},{"damage":12,"enemies":"3 Sentries","floor":6,"turns":4},{"damage":25,"enemies":"Lagavulin","floor":8,"turns":7},{"damage":4,"enemies":"Lots of Slimes","floor":10,"turns":2},{"damage":9,"enemies":"Red Slaver","floor":13,"turns":4},{"damage":0,"enemies":"3 Louse","floor":14,"turns":1},{"damage":17,"enemies":"Slime Boss","floor":16,"turns":6},{"damage":16,"enemies":"Shell Parasite","floor":18,"turns":3},{"damage":25,"enemies":"Chosen","floor":20,"turns":4},{"damage":23,"enemies":"Shelled Parasite and Fungi","floor":22,"turns":1}],"seed_played":"345923080991409208","potions_obtained":[{"floor":4,"key":"BlessingOfTheForge"},{"floor":6,"key":"BlessingOfTheForge"},{"floor":8,"key":"Dexterity Potion"},{"floor":18,"key":"Explosive Potion"}],"is_trial":false,"path_per_floor":["M","M","?","M","M","E","R","E","T","M","?","R","M","M","R","B",null,"M","?","M","T","M"],"character_chosen":"WATCHER","items_purchased":[],"campfire_rested":2,"item_purchase_floors":[],"current_hp_per_floor":[49,49,49,42,41,29,49,24,24,20,20,20,11,11,31,14,55,39,39,14,14,0,0],"gold":423,"neow_bonus":"RANDOM_COMMON_RELIC","is_daily":false,"chose_seed":false,"campfire_upgraded":1,"win_rate":0.0,"timestamp":1613842107,"path_taken":["M","M","?","M","?","E","R","E","T","M","?","R","M","M","R","BOSS","M","?","M","?","M"],"items_purchased_type":[],"build_version":"2020-12-22","purchased_purges":0,"victory":false,"max_hp_per_floor":[68,68,68,68,68,68,68,68,68,68,68,68,68,68,68,68,68,68,68,68,68,68,68],"card_choices":[{"not_picked":["FlurryOfBlows","CrushJoints"],"picked":"WheelKick","floor":1},{"not_picked":["Swivel","FlurryOfBlows"],"picked":"Consecrate","floor":2},{"not_picked":["ClearTheMind","Halt","JustLucky"],"picked":"SKIP","floor":4},{"not_picked":["ThirdEye","JustLucky"],"picked":"Crescendo","floor":5},{"not_picked":["JustLucky","Crescendo","SpiritShield"],"picked":"SKIP","floor":6},{"not_picked":["ClearTheMind","WaveOfTheHand"],"picked":"SignatureMove","floor":8},{"not_picked":["Swivel","Vengeance","ThirdEye"],"picked":"SKIP","floor":10},{"not_picked":["Crescendo","Halt"],"picked":"WindmillStrike","floor":13},{"not_picked":["Tantrum","CrushJoints","Prostrate"],"picked":"SKIP","floor":14},{"not_picked":["Brilliance","Blasphemy"],"picked":"LessonLearned","floor":16},{"not_picked":["FlyingSleeves","Pray"],"picked":"FlurryOfBlows","floor":18},{"not_picked":["Worship","WaveOfTheHand","Indignation"],"picked":"SKIP","floor":20}],"player_experience":5453536,"relics_obtained":[{"floor":6,"key":"Bronze Scales"},{"floor":8,"key":"Centennial Puzzle"},{"floor":9,"key":"Tiny Chest"},{"floor":21,"key":"Oddly Smooth Stone"}],"event_choices":[{"damage_healed":0,"gold_gain":0,"player_choice":"Paid Gold","damage_taken":0,"relics_obtained":["Pen Nib"],"max_hp_gain":0,"max_hp_loss":0,"event_name":"WeMeetAgain","floor":3,"gold_loss":70},{"damage_healed":0,"gold_gain":0,"cards_transformed":["Strike_P"],"player_choice":"Transformed","damage_taken":0,"max_hp_gain":0,"max_hp_loss":0,"event_name":"Transmorgrifier","floor":11,"gold_loss":0,"cards_obtained":["Perseverance"]},{"damage_healed":0,"gold_gain":50,"player_choice":"Steal","damage_taken":0,"max_hp_gain":0,"max_hp_loss":0,"event_name":"betterThird:BetterNest","floor":19,"gold_loss":0}],"is_beta":false,"boss_relics":[{"not_picked":["SacredBark","Black Star"],"picked":"Runic Dome"}],"items_purged_floors":[],"is_endless":false,"potions_floor_spawned":[4,6,8,10,18],"killed_by":"Shelled Parasite and Fungi","ascension_level":20}}