{"host":"gm50ke85n5jz306u","time":1613842136,"event":{"mods":["AchievementEnabler","AlwaysNeverKeys","Aspiration","BaseMod","Bestiary","Better Altar","Better Match","Better Note","Better Sensory Stone","Better Skull","Better Third Choice","Better Vampires","Better-Laid Plans","BetterRewards","Colored Powertips","Curses Come First","DNKmod","Decade(???)","Defuse TimeMaze Blight","Disable Question Mark Monsters","Displayed Cursed Tome","Downfall","Emptier Cage","Extra Virgin Snecko Oil","Filter the Spire","Friendly Minions","Gremlin Skip","Hermit","Hubris","Hyrulean Relics","Ironclad Rager","Jorbs\u0027s Wanderer Trilogy","KinomotoSakuraMod(????)","Koishi","Lobotomy","Marisa????????","Marked Mod","Minty Spire (QoL Compilation)","Permanent Neow","Poor People Problems","Quick Restart","Reimu??????","Relic Filter Mod","Relic Sorter","Remilia??????","Remove Card Discount Mod","Reorder Act Four","Replay The Spire","Shop Mod","StSLib","Synergy Search","Td1madao Mod","The Administrix","The Animator","The Blue Laboratory","The Bug Knight","The Construct","The Cursed","The Disciple","The Hierophant","The Necromancer","The Poker Player","The Runesmith","The Senshi","The Servant 0.9.4","Thieving Mod","Transform Curses","WarShipGirlsR/????R mod","Youmu??????"],"gold_per_floor":[9800,9812,9812,9832,9846,9846,9846,9858,9870,9880,9880,9891,9891,9368,9386,9487,9587,9587,9601,9615,9634,9016,9016,9016,8865,8878,8889,8889,8907,8907,8513,8533,8631,8631,8631,8649,8292,8306,8317,8317,8317,8336,8347,8364,8364,8378,8378,7832,7842,7842],"floor_reached":51,"language":"ENG","playtime":5611,"items_purged":["hexamod:Strike","hexamod:Strike","hexamod:Strike","hexamod:Strike","hexamod:PhantomFireball","hexamod:Firestarter","hexamod:Firestarter","hexamod:Defend","hexamod:Defend","hexamod:Defend","hexamod:Defend","hexamod:Sear","hexamod:Firestarter+1","hexamod:Firestarter+1","hexamod:GhostOfSpireFuture","hexamod:GhostOfSpireFuture","hexamod:SixthSeal","hexamod:ThirdSeal"],"score":726,"play_id":"c4897e4c-38ff-44b5-b065-60d9918e9eac","local_time":"20210220182856","is_ascension_mode":false,"campfire_choices":[{"data":"hexamod:FastForward","floor":6.0,"key":"SMITH"},{"data":"hexamod:ForkedFlame","floor":11.0,"key":"SMITH"},{"data":"hexamod:FastForward","floor":13.0,"key":"SMITH"},{"data":"hexamod:SearingWound","floor":18.0,"key":"SMITH"},{"data":"hexamod:HexaLevel","floor":28.0,"key":"SMITH"},{"data":"hexamod:VolcanoVisage","floor":30.0,"key":"SMITH"},{"data":"Apotheosis","floor":35.0,"key":"SMITH"},{"data":"hexamod:SearingWound","floor":45.0,"key":"SMITH"},{"floor":47,"key":"REST"}],"circlet_count":0,"master_deck":["hexamod:Float+1","hexamod:WildfireWeapon","hexamod:ThermalTransfer+1","hexamod:FastForward+1","hexamod:FastForward+1","hexamod:ForkedFlame+1","hexamod:InspiringFlames","hexamod:SearingWound+1","hexamod:ThermalTransfer","hexamod:InspiringFlames","hexamod:ForkedFlame+1","hexamod:VolcanoVisage+1","hexamod:InspiringFlames+1","hexamod:InspiringFlames+1","hexamod:SoulSteal+1","hexamod:ThermalTransfer","hexamod:FastForward+1","hexamod:HexaLevel+1","hexamod:ChargedBarrage","Apotheosis+1","hexamod:SearingWound+1","hexamod:ThermalTransfer+1","hexamod:ChargedBarrage+1","Madness+1","hexamod:ThermalTransfer+1","Master of Strategy","hubris:Insight","Madness"],"relics":["hexamod:SpiritBrand","InkBottle","Shuriken","Letter Opener","MerchantsRug","hubris:TinFlute","downfall:HeartBlessingRed","downfall:HeartBlessingGreen","downfall:ShatteredFragment","Replay:Wanted Poster","hubris:Towel","Ancient Tea Set","Omamori","aspiration:FetidBarrel","hubris:EmptyBottle","Replay:Wax Seal","TheAbacus","hubris:SlimyHat","CrazyTorch:ReiMu","ReplayTheSpireMod:ShopPack"],"acts_visited":["Exordium","TheCity","TheBeyond"],"potions_floor_usage":[],"damage_taken":[{"damage":0.0,"enemies":"2 Louse","floor":2.0,"turns":2.0},{"damage":0.0,"enemies":"Jaw Worm","floor":4.0,"turns":3.0},{"damage":0.0,"enemies":"Small Slimes","floor":5.0,"turns":3.0},{"damage":1.0,"enemies":"Blue Slaver","floor":8.0,"turns":3.0},{"damage":5.0,"enemies":"Exordium Thugs","floor":9.0,"turns":3.0},{"damage":4.0,"enemies":"3 Louse","floor":10.0,"turns":4.0},{"damage":0.0,"enemies":"Large Slime","floor":12.0,"turns":5.0},{"damage":0.0,"enemies":"downfall:FleeingMerchant","floor":14.0,"turns":4.0},{"damage":0.0,"enemies":"Blue Slaver","floor":15.0,"turns":2.0},{"damage":7.0,"enemies":"WA_ARCHETYPE_RETAIN","floor":16.0,"turns":6.0},{"damage":0.0,"enemies":"Shell Parasite","floor":19.0,"turns":5.0},{"damage":0.0,"enemies":"Chosen","floor":20.0,"turns":3.0},{"damage":3.0,"enemies":"3 Cultists","floor":21.0,"turns":4.0},{"damage":1.0,"enemies":"downfall:FleeingMerchant","floor":22.0,"turns":4.0},{"damage":0.0,"enemies":"downfall:FleeingMerchant","floor":25.0,"turns":3.0},{"damage":0.0,"enemies":"Centurion and Healer","floor":26.0,"turns":5.0},{"damage":13.0,"enemies":"Snake Plant","floor":27.0,"turns":3.0},{"damage":6.0,"enemies":"Snecko","floor":29.0,"turns":4.0},{"damage":0.0,"enemies":"Chosen and Byrds","floor":32.0,"turns":4.0},{"damage":28.0,"enemies":"DF_ARCHETYPE_CLAW","floor":33.0,"turns":6.0},{"damage":0.0,"enemies":"3 Shapes","floor":36.0,"turns":3.0},{"damage":15.0,"enemies":"Orb Walker","floor":38.0,"turns":3.0},{"damage":7.0,"enemies":"Writhing Mass","floor":39.0,"turns":4.0},{"damage":7.0,"enemies":"4 Shapes","floor":42.0,"turns":4.0},{"damage":17.0,"enemies":"3 Darklings","floor":43.0,"turns":4.0},{"damage":18.0,"enemies":"Transient","floor":44.0,"turns":5.0},{"damage":22,"enemies":"Jaw Worm Horde","floor":46,"turns":5},{"damage":24,"enemies":"4 Shapes","floor":49,"turns":3},{"damage":0,"enemies":"SI_POISON_ARCHETYPE","floor":50,"turns":6}],"seed_played":"1029038706346525966","potions_obtained":[{"floor":5.0,"key":"sneckomod:MuddlingPotion"},{"floor":9.0,"key":"Explosive Potion"},{"floor":12.0,"key":"blueLaboratory:AbyssPotion"},{"floor":15.0,"key":"blueLaboratory:NullPotion"},{"floor":19.0,"key":"BlessingOfTheForge"},{"floor":21.0,"key":"blueLaboratory:ForbiddenFruitJuice"},{"floor":26.0,"key":"Venom Potion"},{"floor":33.0,"key":"blueLaboratory:CorrosionFlask"},{"floor":36.0,"key":"Fire Potion"},{"floor":44.0,"key":"blueLaboratory:HummingbirdPotion"}],"is_trial":false,"path_per_floor":["R","M","?","M","M","R","T","M","M","M","R","M","R","$","M","B",null,"R","M","M","M","$","?","T","$","M","M","R","M","R","$","M","B",null,"R","M","$","M","M","?","T","M","M","M","R","M","R","$","M","B",null],"character_chosen":"THE_SPIRIT","items_purchased":["hexamod:GhostOfSpireFuture","hexamod:ThermalTransfer","Letter Opener","MerchantsRug","aspiration:SeaSaltIceCream","Ancient Tea Set","Toolbox","hexamod:ThermalTransfer","Omamori","aspiration:FetidBarrel","hubris:EmptyBottle","hexamod:HexaLevel","Replay:Wax Seal","TheAbacus","Apotheosis","hexamod:ThermalTransfer","hubris:SlimyHat","DollysMirror","Shuriken","InkBottle","ReplayTheSpireMod:ShopPack"],"campfire_rested":1,"item_purchase_floors":[14,14,14,14,22,22,22,22,25,25,25,25,31,31,31,37,37,37,48,48,48],"current_hp_per_floor":[49,49,49,49,49,49,49,48,43,39,39,39,39,39,39,32,70,70,70,70,67,66,66,66,66,66,53,53,47,47,47,47,19,70,70,70,70,55,48,34,34,27,10,46,46,24,42,42,18,18],"gold":7842,"neow_bonus":"ONE_RANDOM_RARE_CARD","is_daily":false,"chose_seed":false,"campfire_upgraded":8,"win_rate":0.0,"timestamp":1613842136,"path_taken":["R","M","?","M","M","R","T","M","M","M","R","M","R","$","M","BOSS","R","M","M","M","$","?","T","?","M","?","R","M","R","$","M","BOSS","R","M","$","M","M","?","T","M","M","M","R","M","R","$","M","BOSS"],"items_purchased_type":["Card","Card","Relic","Relic","Relic","Relic","Relic","Card","Relic","Relic","Relic","Card","Relic","Relic","Card","Card","Relic","Relic","Relic","Relic","Relic"],"build_version":"2020-12-22","purchased_purges":18,"victory":true,"max_hp_per_floor":[70,70,70,70,70,70,70,70,70,70,70,70,70,70,70,70,70,70,70,70,70,70,70,70,70,70,70,70,70,70,70,70,70,70,70,70,70,70,70,70,70,70,70,60,60,60,60,60,60,60],"card_choices":[{"not_picked":["hexamod:SpectersWail","hexamod:BacktrackSmack"],"picked":"hexamod:ThirdSeal","floor":2.0},{"not_picked":["hexamod:NightmareStrike","hexamod:EtherealExpedition"],"picked":"hexamod:ThermalTransfer","floor":4.0},{"not_picked":["hexamod:Hexaguard","hexamod:Rewind","hexamod:CatchUp"],"picked":"SKIP","floor":4.0},{"not_picked":["hexamod:Hexaguard","hexamod:Rewind","hexamod:CatchUp"],"picked":"SKIP","floor":4.0},{"not_picked":["hexamod:AdvancingGuard","hexamod:NightmareStrike"],"picked":"hexamod:FastForward","floor":5.0},{"not_picked":["hexamod:SkipABeat","hexamod:NightmareStrike","hexamod:SwordOfDarkness"],"picked":"SKIP","floor":5.0},{"not_picked":["hexamod:HeatShield","hexamod:NightmareStrike"],"picked":"hexamod:FastForward","floor":8.0},{"not_picked":["hexamod:Rewind","hexamod:RetreatToShadows","hexamod:HeatMetal"],"picked":"SKIP","floor":8.0},{"not_picked":["hexamod:DynamicBlow","hexamod:FastForward"],"picked":"hexamod:Firestarter","floor":9.0},{"not_picked":["hexamod:RecurringNightmare","hexamod:GhostShield"],"picked":"hexamod:Firestarter","floor":9.0},{"not_picked":["hexamod:SoulSteal","hexamod:AdvancingGuard"],"picked":"hexamod:ForkedFlame","floor":10.0},{"not_picked":["hexamod:DynamicBlow","hexamod:RainOfEmbers","hexamod:RecurringNightmare"],"picked":"SKIP","floor":10.0},{"not_picked":["hexamod:SpectersWail","hexamod:NightmareStrike"],"picked":"hexamod:InspiringFlames","floor":12.0},{"not_picked":["hexamod:GhostLash","hexamod:ShieldOfDarkness"],"picked":"hexamod:PhantomFireball","floor":12.0},{"not_picked":["hexamod:StepThrough","hexamod:NightmareStrike"],"picked":"hexamod:SearingWound","floor":14.0},{"not_picked":["hexamod:GhostflameBarrier","hexamod:Firestarter"],"picked":"hexamod:GhostOfSpireFuture","floor":14.0},{"not_picked":["hexamod:NightmareStrike","hexamod:SecondSeal"],"picked":"hexamod:InspiringFlames","floor":15.0},{"not_picked":["hexamod:PhantomFireball","hexamod:SpectersWail","hexamod:SwordOfDarkness"],"picked":"SKIP","floor":15.0},{"not_picked":["hexamod:TimeOfNeed","hexamod:TurnItUp"],"picked":"hexamod:ForkedFlame","floor":16.0},{"not_picked":["hexamod:GhostflameInferno","hexamod:SixthSeal"],"picked":"hexamod:VolcanoVisage","floor":16.0},{"not_picked":["hexamod:NightmareGuise","hexamod:GhostShield+1"],"picked":"hexamod:InspiringFlames+1","floor":19.0},{"not_picked":["hexamod:GhostShield","hexamod:CatchUp","hexamod:PhantomCloak"],"picked":"SKIP","floor":19.0},{"not_picked":["hexamod:ExtraCrispy","hexamod:HeatCrush"],"picked":"hexamod:InspiringFlames","floor":20.0},{"not_picked":["hexamod:PhantomFireball","hexamod:ShieldOfDarkness"],"picked":"hexamod:Firestarter+1","floor":20.0},{"not_picked":["hexamod:EtherealExpedition","hexamod:StepThrough+1"],"picked":"hexamod:SoulSteal+1","floor":21.0},{"not_picked":["hexamod:DynamicBlow+1","hexamod:PhantomFireball+1","hexamod:BacktrackSmack"],"picked":"SKIP","floor":21.0},{"not_picked":["hexamod:EtherealExpedition","hexamod:FastForward"],"picked":"hexamod:Firestarter+1","floor":22.0},{"not_picked":["hexamod:StepThrough","hexamod:ShieldOfDarkness","hexamod:SwordOfDarkness"],"picked":"SKIP","floor":22.0},{"not_picked":["hexamod:HeatShield","hexamod:AdvancingGuard"],"picked":"hexamod:FastForward+1","floor":25.0},{"not_picked":["hexamod:Hexaguard+1","hexamod:GhostflameBarrier+1","hexamod:Firestarter"],"picked":"SKIP","floor":25.0},{"not_picked":["hexamod:SpectersWail+1","hexamod:SpectralAdrenaline","hexamod:AdvancingGuard"],"picked":"SKIP","floor":26.0},{"not_picked":["hexamod:SwordOfDarkness+1","hexamod:AdvancingGuard","hexamod:GhostShield"],"picked":"SKIP","floor":26.0},{"not_picked":["hexamod:HeatShield","hexamod:GhostShield+1","hexamod:RecurringNightmare"],"picked":"SKIP","floor":27.0},{"not_picked":["hexamod:HeatShield","hexamod:SkipABeat","hexamod:GhostOfSpireFuture"],"picked":"SKIP","floor":27.0},{"not_picked":["hexamod:GhostLash+1","hexamod:SpectralAdrenaline"],"picked":"hexamod:ChargedBarrage","floor":29.0},{"not_picked":["hexamod:Hexaguard+1","hexamod:HauntingEcho","hexamod:ExtraCrispy"],"picked":"SKIP","floor":29.0},{"not_picked":["hexamod:PhantomFireball","hexamod:SkipABeat+1","hexamod:RadiantFlame"],"picked":"SKIP","floor":32.0},{"not_picked":["hexamod:NightmareGuise","hexamod:Rewind+1","hexamod:Firestarter"],"picked":"SKIP","floor":32.0},{"not_picked":["hexamod:UnlimitedPower","hexamod:WildfireWeapon"],"picked":"hexamod:SixthSeal","floor":33.0},{"not_picked":["hexamod:HexaLevel","hexamod:UnlimitedPower"],"picked":"hexamod:SearingWound","floor":33.0},{"not_picked":["hexamod:InspiringFlames","hexamod:BurningTouch","hexamod:BacktrackSmack"],"picked":"SKIP","floor":36.0},{"not_picked":["hexamod:GhostflameBarrier","hexamod:AdvancingGuard","hexamod:PhantomCloak"],"picked":"SKIP","floor":36.0},{"not_picked":["hexamod:FastForward+1","hexamod:Rewind","hexamod:Firestarter"],"picked":"SKIP","floor":38.0},{"not_picked":["hexamod:InspiringFlames","hexamod:GhostflameBarrier","hexamod:Hexaguard+1"],"picked":"SKIP","floor":38.0},{"not_picked":["hexamod:ThermalTransfer","hexamod:FastForward+1","hexamod:HeatCrush+1"],"picked":"SKIP","floor":39.0},{"not_picked":["hexamod:CatchUp","hexamod:Incineration+1","hexamod:EtherealExpedition+1"],"picked":"SKIP","floor":39.0},{"not_picked":["hexamod:TimeOfNeed","hexamod:HeatMetal","hexamod:BacktrackSmack"],"picked":"SKIP","floor":42.0},{"not_picked":["hexamod:RetreatToShadows","hexamod:ShieldOfDarkness","hexamod:BurningTouch+1"],"picked":"SKIP","floor":42.0},{"not_picked":["hexamod:TimeOfNeed","hexamod:HeatMetal","hexamod:BacktrackSmack"],"picked":"SKIP","floor":42.0},{"not_picked":["hexamod:RetreatToShadows","hexamod:ShieldOfDarkness","hexamod:BurningTouch+1"],"picked":"SKIP","floor":42.0},{"not_picked":["hexamod:NightmareGuise","hexamod:SpectersWail","hexamod:Firestarter+1"],"picked":"SKIP","floor":43.0},{"not_picked":["hexamod:SpectralAdrenaline","hexamod:GhostLash","hexamod:UnlimitedPower"],"picked":"SKIP","floor":43.0},{"not_picked":["hexamod:NightmareGuise+1","hexamod:HauntingEcho+1"],"picked":"hexamod:ThermalTransfer+1","floor":44.0},{"not_picked":["hexamod:RadiantFlame","hexamod:FirstSeal","hexamod:FourthSeal"],"picked":"SKIP","floor":44.0},{"not_picked":["hexamod:RadiantFlame","hexamod:FirstSeal","hexamod:FourthSeal"],"picked":"SKIP","floor":44.0},{"not_picked":["hexamod:Rewind+1","hexamod:SwordOfDarkness+1","hexamod:SpectersWail"],"picked":"SKIP","floor":46},{"not_picked":["hexamod:BurningTouch+1","hexamod:NightmareGuise+1","hexamod:RadiantFlame+1"],"picked":"SKIP","floor":46},{"not_picked":["hexamod:Rewind+1","hexamod:SwordOfDarkness+1","hexamod:SpectersWail"],"picked":"SKIP","floor":46},{"not_picked":["hexamod:BurningTouch+1","hexamod:NightmareGuise+1","hexamod:RadiantFlame+1"],"picked":"SKIP","floor":46},{"not_picked":["ReplayTheSpireMod:Brewmster","Midas Touch"],"picked":"Master of Strategy","floor":48},{"not_picked":["Mind Blast","Deep Breath"],"picked":"hubris:Insight","floor":48},{"not_picked":["Panacea","Good Instincts"],"picked":"Madness","floor":48},{"not_picked":["hexamod:HexaLevel","hexamod:RadiantFlame+1","hexamod:NightmareStrike+1"],"picked":"SKIP","floor":49}],"player_experience":325281,"relics_obtained":[{"floor":7.0,"key":"Bottled Tornado"},{"floor":24.0,"key":"hubris:TinFlute"},{"floor":41.0,"key":"CrazyTorch:ReiMu"}],"event_choices":[{"damage_healed":0.0,"max_hp_gain":0.0,"max_hp_loss":0.0,"gold_gain":0.0,"event_name":"betterNote:BetterNote","player_choice":"Ignored","floor":23.0,"gold_loss":0.0,"damage_taken":0.0,"cards_obtained":["Mayhem"]},{"damage_healed":0.0,"max_hp_gain":0.0,"max_hp_loss":14.0,"gold_gain":3.0,"event_name":"betterStone:BetterStone","player_choice":"2","floor":40.0,"gold_loss":0.0,"damage_taken":0.0}],"is_beta":false,"boss_relics":[{"not_picked":["Velvet Choker","Ring of Chaos"],"picked":"Replay:Wanted Poster"},{"not_picked":["Runic Dome","ReplayTheSpireMod:DimensionalGlitch","Coffee Dripper"]}],"items_purged_floors":[14,14,14,14,22,22,22,22,22,22,22,22,37,37,37,37,48,48],"is_endless":false,"potions_floor_spawned":[5,9,12,15,19,21,26,33,36,38,43,44],"ascension_level":0}}