{"host":"f6w7z8zvb0mi4wy9","time":1613823313,"event":{"mods":["BaseMod","Colored Map","Minty Spire (QoL Compilation)","READ ME - Guardian Mod","StSLib","SuperFastMode","The Jungle"],"gold_per_floor":[117,117,130,144,18,49,49,49,49,93,118,158,158,123,123,243,243,258,258,327,327,351,387,402,441,486,527,18,58,72,86,86,205,205,224,248,1247,1247,1272,1303,1303,1303,1326,1367,1386,704,704,743,743,743,743,743,85,125,125],"floor_reached":56,"language":"KOR","playtime":1910,"items_purged":["Strike_B"],"score":1509,"play_id":"5319b0dd-b6e0-4be3-aef0-34d863a4e76d","local_time":"20210220211513","is_ascension_mode":true,"campfire_choices":[{"data":"Zap","floor":7.0,"key":"SMITH"},{"data":"Dualcast","floor":13.0,"key":"SMITH"},{"floor":15.0,"key":"RECALL"},{"floor":32.0,"key":"REST"},{"data":"1","floor":41,"key":"LIFT"},{"data":"2","floor":47,"key":"LIFT"},{"data":"3","floor":49,"key":"LIFT"},{"data":"Coolheaded","floor":52,"key":"SMITH"}],"circlet_count":0,"master_deck":["Strike_B","Strike_B","Strike_B","Defend_B","Defend_B","Defend_B","Defend_B","Zap+1","Dualcast+1","Loop","Coolheaded+1","Melter","Steam","Beam Cell","Capacitor","Sweeping Beam","Gash","All For One","Go for the Eyes","All For One","Scrape","Core Surge","Turbo+1","Steam+1","Scrape","Dark Shackles+1","Apotheosis+1","Gash","Scrape+1","Fission+1","Beam Cell","Zap+1","Steam+1","Coolheaded+1","Streamline+1","FTL","Steam+1","Madness+1","BootSequence+1","Master of Strategy+1","Good Instincts+1","White Noise+1"],"relics":["Cracked Core","Cables","Akabeko","Golden Idol","Kunai","Oddly Smooth Stone","Thread and Needle","Inserter","Toxic Egg 2","Meat on the Bone","Incense Burner","Lantern","Strawberry","Omamori","Philosopher\u0027s Stone","Girya","StoneCalendar","OrangePellets","Sundial","Bottled Flame","Shuriken","TheAbacus","Art of War"],"acts_visited":["Exordium","TheCity","TheBeyond","TheEnding"],"potions_floor_usage":[55],"damage_taken":[{"damage":2.0,"enemies":"2 Louse","floor":1.0,"turns":2.0},{"damage":11.0,"enemies":"Jaw Worm","floor":3.0,"turns":2.0},{"damage":5.0,"enemies":"Small Slimes","floor":4.0,"turns":4.0},{"damage":6.0,"enemies":"Gremlin Nob","floor":6.0,"turns":3.0},{"damage":11.0,"enemies":"3 Sentries","floor":10.0,"turns":6.0},{"damage":0.0,"enemies":"Blue Slaver","floor":11.0,"turns":3.0},{"damage":12.0,"enemies":"Gremlin Nob","floor":12.0,"turns":3.0},{"damage":9.0,"enemies":"Hexaghost","floor":16.0,"turns":9.0},{"damage":0.0,"enemies":"Shell Parasite","floor":18.0,"turns":3.0},{"damage":0.0,"enemies":"Chosen","floor":22.0,"turns":3.0},{"damage":39.0,"enemies":"Slavers","floor":23.0,"turns":4.0},{"damage":10.0,"enemies":"Centurion and Healer","floor":24.0,"turns":8.0},{"damage":12.0,"enemies":"Book of Stabbing","floor":25.0,"turns":5.0},{"damage":31.0,"enemies":"Slavers","floor":27.0,"turns":4.0},{"damage":7.0,"enemies":"Book of Stabbing","floor":29.0,"turns":5.0},{"damage":17.0,"enemies":"Snake Plant","floor":30.0,"turns":3.0},{"damage":12.0,"enemies":"3 Cultists","floor":31.0,"turns":4.0},{"damage":15.0,"enemies":"Automaton","floor":33.0,"turns":9.0},{"damage":0.0,"enemies":"Orb Walker","floor":35.0,"turns":3.0},{"damage":14.0,"enemies":"3 Darklings","floor":36.0,"turns":6.0},{"damage":0,"enemies":"Sphere and 2 Shapes","floor":39,"turns":3},{"damage":0,"enemies":"Giant Head","floor":40,"turns":7},{"damage":11,"enemies":"Nemesis","floor":44,"turns":5},{"damage":0,"enemies":"Spire Growth","floor":45,"turns":3},{"damage":0,"enemies":"Reptomancer","floor":48,"turns":4},{"damage":14,"enemies":"Awakened One","floor":50,"turns":11},{"damage":13,"enemies":"Shield and Spear","floor":54,"turns":5},{"damage":89,"enemies":"The Heart","floor":55,"turns":8}],"seed_played":"2499001318317917198","potions_obtained":[{"floor":1.0,"key":"EssenceOfDarkness"},{"floor":4.0,"key":"Strength Potion"},{"floor":10.0,"key":"BlessingOfTheForge"},{"floor":12.0,"key":"AttackPotion"},{"floor":18.0,"key":"DuplicationPotion"},{"floor":27.0,"key":"PotionOfCapacity"},{"floor":29.0,"key":"FocusPotion"},{"floor":36.0,"key":"Energy Potion"},{"floor":48,"key":"Strength Potion"}],"is_trial":false,"path_per_floor":["M","?","M","M","$","E","R","?","T","E","M","E","R","?","R","B",null,"M","?","T","?","M","E","M","E","T","E","$","E","M","M","R","B",null,"M","M","?","?","M","E","R","?","T","E","M","$","R","E","R","B",null,"R","$","E","B",null],"character_chosen":"DEFECT","items_purchased":["FairyPotion","Steam","Omamori","Steam+1","Scrape","Dark Shackles+1","Apotheosis+1","FTL","OrangePellets","Steam+1","Sundial","Madness+1","Shuriken","Master of Strategy+1","Good Instincts+1","TheAbacus"],"campfire_rested":1,"item_purchase_floors":[5,5,28,28,28,28,28,46,46,46,46,46,53,53,53,53],"current_hp_per_floor":[80,73,62,57,57,51,51,31,31,20,20,8,8,28,28,19,82,82,82,82,82,82,43,45,45,45,33,33,38,33,33,59,56,89,89,75,75,75,75,75,75,75,75,64,64,64,64,64,64,50,89,89,89,76,29],"gold":125,"neow_bonus":"TEN_PERCENT_HP_BONUS","is_daily":false,"chose_seed":false,"campfire_upgraded":3,"win_rate":0.0,"timestamp":1613823313,"path_taken":["M","?","M","M","$","E","R","?","T","E","M","E","R","?","R","BOSS","M","?","?","?","M","E","?","E","T","E","?","E","M","M","R","BOSS","M","M","?","?","?","E","R","?","T","E","?","$","R","E","R","BOSS","R","$","E","BOSS"],"items_purchased_type":["Potion","Card","Relic","Card","Card","Card","Card","Card","Relic","Card","Relic","Card","Relic","Card","Card","Relic"],"build_version":"2020-12-22","purchased_purges":1,"victory":true,"max_hp_per_floor":[82,82,82,82,82,82,82,82,82,82,82,82,82,82,82,82,82,82,82,82,82,82,82,82,82,82,89,89,89,89,89,89,89,89,89,89,89,89,89,89,89,89,89,89,89,89,89,89,89,89,89,89,89,89,89],"card_choices":[{"not_picked":["Lockon","Consume"],"picked":"Loop","floor":1.0},{"not_picked":["Recycle","Sweeping Beam"],"picked":"Coolheaded","floor":3.0},{"not_picked":["Double Energy","Coolheaded"],"picked":"Melter","floor":4.0},{"not_picked":["Doom and Gloom","Steam"],"picked":"Beam Cell","floor":6.0},{"not_picked":["Fission","Coolheaded"],"picked":"Capacitor","floor":10.0},{"not_picked":["Tempest","Recycle"],"picked":"Sweeping Beam","floor":11.0},{"not_picked":["Reboot","Double Energy"],"picked":"Gash","floor":12.0},{"not_picked":["Buffer","Core Surge"],"picked":"All For One","floor":16.0},{"not_picked":["Barrage","Coolheaded","Turbo"],"picked":"SKIP","floor":18.0},{"not_picked":["Lockon","Hologram+1"],"picked":"Go for the Eyes","floor":22.0},{"not_picked":["Beam Cell","Turbo+1"],"picked":"All For One","floor":23.0},{"not_picked":["Blizzard","Consume+1"],"picked":"Scrape","floor":24.0},{"not_picked":["Rebound","Conserve Battery+1"],"picked":"Core Surge","floor":25.0},{"not_picked":["Doom and Gloom","Undo+1"],"picked":"Turbo+1","floor":27.0},{"not_picked":["Conserve Battery+1","Reprogram+1"],"picked":"Gash","floor":29.0},{"not_picked":["Reprogram+1","Compile Driver","Hello World"],"picked":"SKIP","floor":30.0},{"not_picked":["All For One","Rebound"],"picked":"Scrape+1","floor":31.0},{"not_picked":["Amplify+1","Electrodynamics"],"picked":"Fission+1","floor":33.0},{"not_picked":["Doom and Gloom+1","Aggregate+1"],"picked":"Beam Cell","floor":35.0},{"not_picked":["Heatsinks+1","Reprogram+1","Recycle+1"],"picked":"SKIP","floor":36.0},{"not_picked":["Redo+1","Stack+1"],"picked":"Steam+1","floor":39},{"not_picked":["Auto Shields+1","Leap+1"],"picked":"Coolheaded+1","floor":40},{"not_picked":["Fusion+1","Recycle+1","Turbo+1"],"picked":"SKIP","floor":44},{"not_picked":["Cold Snap+1","Leap+1"],"picked":"Streamline+1","floor":45},{"not_picked":["Fusion+1","Blizzard+1"],"picked":"BootSequence+1","floor":48},{"not_picked":["Lockon+1","Conserve Battery+1"],"picked":"White Noise+1","floor":54}],"player_experience":952190,"relics_obtained":[{"floor":6.0,"key":"Akabeko"},{"floor":9.0,"key":"Kunai"},{"floor":10.0,"key":"Oddly Smooth Stone"},{"floor":12.0,"key":"Thread and Needle"},{"floor":20.0,"key":"Toxic Egg 2"},{"floor":23.0,"key":"Meat on the Bone"},{"floor":25.0,"key":"Incense Burner"},{"floor":26.0,"key":"Lantern"},{"floor":27.0,"key":"Strawberry"},{"floor":40,"key":"Girya"},{"floor":44,"key":"StoneCalendar"},{"floor":48,"key":"Bottled Flame"},{"floor":54,"key":"Art of War"}],"event_choices":[{"damage_healed":0.0,"max_hp_gain":0.0,"max_hp_loss":0.0,"gold_gain":0.0,"event_name":"Scrap Ooze","player_choice":"Success","floor":2.0,"gold_loss":0.0,"damage_taken":7.0,"relics_obtained":["Cables"]},{"damage_healed":0.0,"max_hp_gain":0.0,"max_hp_loss":0.0,"gold_gain":0.0,"event_name":"Golden Idol","player_choice":"Take Damage","floor":8.0,"gold_loss":0.0,"damage_taken":20.0,"relics_obtained":["Golden Idol"]},{"damage_healed":20.0,"max_hp_gain":0.0,"max_hp_loss":0.0,"gold_gain":0.0,"event_name":"The Cleric","player_choice":"Healed","floor":14.0,"gold_loss":35.0,"damage_taken":0.0},{"damage_healed":0.0,"max_hp_gain":0.0,"max_hp_loss":0.0,"gold_gain":0.0,"event_name":"Ghosts","player_choice":"Ignored","floor":19.0,"gold_loss":0.0,"damage_taken":0.0},{"damage_healed":0.0,"max_hp_gain":0.0,"max_hp_loss":0.0,"gold_gain":0.0,"event_name":"Vampires","player_choice":"Ignored","floor":21.0,"gold_loss":0.0,"damage_taken":0.0},{"damage_healed":0.0,"max_hp_gain":0.0,"max_hp_loss":0.0,"gold_gain":999.0,"event_name":"MindBloom","player_choice":"Gold","floor":37.0,"gold_loss":0.0,"damage_taken":0.0,"cards_obtained":["Normality","Normality"]},{"damage_healed":0,"gold_gain":0,"player_choice":"1 cards matched","damage_taken":0,"max_hp_gain":0,"max_hp_loss":0,"event_name":"Match and Keep!","floor":38,"gold_loss":0,"cards_obtained":["Zap"]},{"damage_healed":0,"gold_gain":0,"player_choice":"Ignored","damage_taken":0,"max_hp_gain":0,"max_hp_loss":0,"event_name":"NoteForYourself","floor":42,"gold_loss":0}],"is_beta":false,"boss_relics":[{"not_picked":["Fusion Hammer","Runic Pyramid"],"picked":"Inserter"},{"not_picked":["Pandora\u0027s Box","Runic Dome"],"picked":"Philosopher\u0027s Stone"}],"items_purged_floors":[46],"is_endless":false,"potions_floor_spawned":[1,4,10,11,12,18,27,29,36,40,44,48],"ascension_level":1}}