{"host":"zxd2l8an9de7z7b9","time":1613795852,"event":{"mods":["2.2 Compatiblity","AchievementEnabler","BaseMod","CapriCore","Colored Map","Colored Powertips","Marisa£¨Ùöéë¡¡Øª×âÞÞ£©","Minty Spire (QoL Compilation)","Rare Cards Sparkle","StSLib","SuperFastMode","Td1madao Mod","everything is the same but u backflip on backflip"],"gold_per_floor":[18,18,35,47,47,47,78,89,89,107,107,107,6,22,22,121,121,134,83,93,110,121,121,136,136,136,136,148,159,159,212,212,310,310,328,383,383,383,403,403,419,419,419,450,450,478,478,494,494,494,494,494,72,102,102],"floor_reached":56,"language":"KOR","playtime":3515,"items_purged":["Strike_P"],"score":1384,"play_id":"d47e9dcf-6559-4bdc-8383-157b2574a647","local_time":"20210220133732","is_ascension_mode":false,"campfire_choices":[{"data":"DevaForm","floor":6.0,"key":"SMITH"},{"data":"CrushJoints","floor":15.0,"key":"SMITH"},{"data":"Study","floor":23.0,"key":"SMITH"},{"data":"DeusExMachina","floor":30.0,"key":"SMITH"},{"floor":32.0,"key":"REST"},{"floor":40.0,"key":"RECALL"},{"data":"Vault","floor":42.0,"key":"SMITH"},{"data":"TalkToTheHand","floor":47.0,"key":"SMITH"},{"data":"Devotion","floor":49.0,"key":"SMITH"},{"data":"Eruption","floor":52.0,"key":"SMITH"}],"circlet_count":0,"master_deck":["Eruption+1","Vigilance","LikeWater","TalkToTheHand+1","FearNoEvil+1","EmptyMind","LikeWater","DevaForm+1","Adaptation","SignatureMove","CrushJoints+1","FlurryOfBlows","DeusExMachina+1","Study+1","Prostrate","Vengeance","EmptyBody+1","InnerPeace","Devotion+1","FlurryOfBlows","Vault+1","Crescendo+1","TalkToTheHand+1","WheelKick+1","WaveOfTheHand+1"],"relics":["PureWater","Blood Vial","Empty Cage","Question Card","Torii","Omamori","SacredBark","Unceasing Top","Yang","Dead Branch","Blue Candle","Bag of Preparation","Sundial","Oddly Smooth Stone"],"acts_visited":["Exordium","TheCity","TheBeyond","TheEnding"],"potions_floor_usage":[55,55,55],"damage_taken":[{"damage":0.0,"enemies":"Small Slimes","floor":1.0,"turns":2.0},{"damage":0.0,"enemies":"Cultist","floor":3.0,"turns":4.0},{"damage":0.0,"enemies":"2 Louse","floor":4.0,"turns":2.0},{"damage":0.0,"enemies":"Lagavulin","floor":7.0,"turns":7.0},{"damage":17.0,"enemies":"Looter","floor":8.0,"turns":5.0},{"damage":8.0,"enemies":"Lots of Slimes","floor":10.0,"turns":6.0},{"damage":30.0,"enemies":"Gremlin Gang","floor":14.0,"turns":4.0},{"damage":0.0,"enemies":"Hexaghost","floor":16.0,"turns":6.0},{"damage":14.0,"enemies":"Spheric Guardian","floor":18.0,"turns":4.0},{"damage":25.0,"enemies":"3 Byrds","floor":20.0,"turns":6.0},{"damage":12.0,"enemies":"Snake Plant","floor":21.0,"turns":5.0},{"damage":16.0,"enemies":"Cultist and Chosen","floor":22.0,"turns":6.0},{"damage":14.0,"enemies":"Centurion and Healer","floor":24.0,"turns":6.0},{"damage":0.0,"enemies":"Sentry and Sphere","floor":28.0,"turns":3.0},{"damage":8.0,"enemies":"Snake Plant","floor":29.0,"turns":5.0},{"damage":0.0,"enemies":"Collector","floor":33.0,"turns":6.0},{"damage":18.0,"enemies":"3 Darklings","floor":35.0,"turns":4.0},{"damage":49.0,"enemies":"2 Orb Walkers","floor":36.0,"turns":4.0},{"damage":0.0,"enemies":"Orb Walker","floor":39.0,"turns":4.0},{"damage":0.0,"enemies":"Transient","floor":41.0,"turns":8.0},{"damage":8.0,"enemies":"Giant Head","floor":44.0,"turns":5.0},{"damage":0.0,"enemies":"Reptomancer","floor":46.0,"turns":7.0},{"damage":11.0,"enemies":"Maw","floor":48.0,"turns":6.0},{"damage":55.0,"enemies":"Time Eater","floor":50.0,"turns":10.0},{"damage":3,"enemies":"Shield and Spear","floor":54,"turns":8},{"damage":36,"enemies":"The Heart","floor":55,"turns":9}],"seed_played":"9011729783401547508","potions_obtained":[{"floor":1.0,"key":"Fruit Juice"},{"floor":2.0,"key":"AttackPotion"},{"floor":2.0,"key":"FairyPotion"},{"floor":2.0,"key":"GamblersBrew"},{"floor":21.0,"key":"Ancient Potion"},{"floor":24.0,"key":"LiquidMemories"},{"floor":29.0,"key":"BlessingOfTheForge"},{"floor":35.0,"key":"Ancient Potion"},{"floor":36.0,"key":"SkillPotion"},{"floor":44.0,"key":"Dexterity Potion"},{"floor":48.0,"key":"SteroidPotion"}],"is_trial":false,"path_per_floor":["M","?","M","M","?","R","E","M","T","M","?","?","$","M","R","B",null,"M","?","M","M","M","R","M","?","T","?","M","M","R","T","R","B",null,"M","?","?","?","M","R","M","R","T","E","T","E","R","M","R","B",null,"R","$","E","B",null],"character_chosen":"WATCHER","items_purchased":["CrushJoints","Fruit Juice","LiquidMemories","Sundial"],"campfire_rested":1,"item_purchase_floors":[13,53,53,53],"current_hp_per_floor":[72,77,77,77,77,77,77,60,60,54,39,32,32,4,4,6,77,63,63,40,30,16,16,4,4,4,4,6,23,23,23,46,48,77,59,12,67,77,77,77,77,77,77,69,69,71,71,62,62,9,77,77,87,84,50],"gold":102,"neow_bonus":"TRANSFORM_TWO_CARDS","is_daily":false,"chose_seed":false,"campfire_upgraded":8,"win_rate":0.0,"timestamp":1613795852,"path_taken":["M","?","M","?","?","R","E","M","T","M","?","?","?","M","R","BOSS","M","?","?","?","M","R","M","?","T","?","?","M","R","?","R","BOSS","M","?","?","?","?","R","?","R","T","E","?","E","R","M","R","BOSS","R","$","E","BOSS"],"items_purchased_type":["Card","Potion","Potion","Relic"],"build_version":"2020-12-22","purchased_purges":1,"victory":true,"max_hp_per_floor":[72,77,77,77,77,77,77,77,77,77,77,77,77,77,77,77,77,77,77,77,77,77,77,77,77,77,77,77,77,77,77,77,77,77,77,77,67,77,77,77,77,77,77,77,77,77,77,77,77,77,77,77,87,87,87],"card_choices":[{"not_picked":["Evaluate","ThirdEye"],"picked":"FearNoEvil","floor":1.0},{"not_picked":["Halt","Prostrate"],"picked":"EmptyMind","floor":3.0},{"not_picked":["FollowUp","DeceiveReality"],"picked":"LikeWater","floor":4.0},{"not_picked":["DeceiveReality","SashWhip"],"picked":"Adaptation","floor":7.0},{"not_picked":["Evaluate","ThirdEye","JustLucky"],"picked":"SKIP","floor":8.0},{"not_picked":["Prostrate","Halt"],"picked":"SignatureMove","floor":10.0},{"not_picked":["SashWhip","Judgement"],"picked":"FlurryOfBlows","floor":14.0},{"not_picked":["ConjureBlade","Blasphemy"],"picked":"DeusExMachina","floor":16.0},{"not_picked":["Halt","ThirdEye"],"picked":"Study","floor":18.0},{"not_picked":["CutThroughFate","FlyingSleeves","Prostrate","Evaluate+1"],"picked":"SKIP","floor":20.0},{"not_picked":["Consecrate","Study","CutThroughFate"],"picked":"Prostrate","floor":21.0},{"not_picked":["FlyingSleeves","CrushJoints","Devotion"],"picked":"Vengeance","floor":22.0},{"not_picked":["Perseverance","ThirdEye","EmptyFist","BowlingBash"],"picked":"SKIP","floor":24.0},{"not_picked":["ThirdEye","FollowUp","BowlingBash"],"picked":"EmptyBody+1","floor":28.0},{"not_picked":["Weave","TalkToTheHand","Adaptation"],"picked":"InnerPeace","floor":29.0},{"not_picked":["Scrawl","Wish","ConjureBlade"],"picked":"Devotion","floor":33.0},{"not_picked":["Crescendo","Weave+1","SashWhip"],"picked":"FlurryOfBlows","floor":35.0},{"not_picked":["Halt+1","InnerPeace","Evaluate"],"picked":"Vault","floor":36.0},{"not_picked":["FlyingSleeves","ThirdEye","EmptyFist+1"],"picked":"Crescendo+1","floor":39.0},{"not_picked":["CutThroughFate+1","DeceiveReality","ReachHeaven+1","Swivel"],"picked":"SKIP","floor":41.0},{"not_picked":["Wallop+1","ClearTheMind","CrushJoints"],"picked":"TalkToTheHand+1","floor":44.0},{"not_picked":["ClearTheMind+1","FollowUp+1","Crescendo+1"],"picked":"WheelKick+1","floor":46.0},{"not_picked":["Judgement","FollowUp","FlurryOfBlows+1"],"picked":"WaveOfTheHand+1","floor":48.0},{"not_picked":["SandsOfTime","Perseverance+1","ThirdEye","FlyingSleeves"],"picked":"SKIP","floor":54}],"player_experience":408074,"relics_obtained":[{"floor":7.0,"key":"Blood Vial"},{"floor":26.0,"key":"Torii"},{"floor":31.0,"key":"Omamori"},{"floor":36.0,"key":"Unceasing Top"},{"floor":43.0,"key":"Yang"},{"floor":44.0,"key":"Dead Branch"},{"floor":45.0,"key":"Blue Candle"},{"floor":46.0,"key":"Bag of Preparation"},{"floor":54,"key":"Oddly Smooth Stone"}],"event_choices":[{"damage_healed":0.0,"max_hp_gain":0.0,"max_hp_loss":0.0,"gold_gain":0.0,"event_name":"Lab","player_choice":"Got Potions","floor":2.0,"gold_loss":0.0,"damage_taken":0.0},{"damage_healed":0.0,"max_hp_gain":0.0,"max_hp_loss":0.0,"gold_gain":0.0,"cards_transformed":["Strike_P"],"event_name":"Living Wall","player_choice":"Change","floor":5.0,"gold_loss":0.0,"damage_taken":0.0,"cards_obtained":["DevaForm"]},{"damage_healed":0.0,"max_hp_gain":0.0,"max_hp_loss":0.0,"gold_gain":0.0,"event_name":"Shining Light","player_choice":"Entered Light","floor":11.0,"gold_loss":0.0,"damage_taken":15.0,"cards_upgraded":["FearNoEvil","Strike_P"]},{"cards_removed":["Defend_P"],"damage_healed":0.0,"max_hp_gain":0.0,"max_hp_loss":0.0,"gold_gain":0.0,"event_name":"Golden Wing","player_choice":"Card Removal","floor":12.0,"gold_loss":0.0,"damage_taken":7.0},{"damage_healed":0.0,"max_hp_gain":0.0,"max_hp_loss":0.0,"gold_gain":0.0,"event_name":"WeMeetAgain","player_choice":"Paid Gold","floor":19.0,"gold_loss":51.0,"damage_taken":0.0,"relics_obtained":["Question Card"]},{"damage_healed":0.0,"max_hp_gain":0.0,"max_hp_loss":0.0,"gold_gain":0.0,"event_name":"Vampires","player_choice":"Ignored","floor":25.0,"gold_loss":0.0,"damage_taken":0.0},{"damage_healed":0.0,"max_hp_gain":0.0,"max_hp_loss":0.0,"gold_gain":0.0,"cards_transformed":["Strike_P"],"event_name":"Transmorgrifier","player_choice":"Transformed","floor":27.0,"gold_loss":0.0,"damage_taken":0.0,"cards_obtained":["Judgement"]},{"damage_healed":0.0,"max_hp_gain":0.0,"max_hp_loss":0.0,"gold_gain":0.0,"event_name":"Mysterious Sphere","player_choice":"Fight","floor":36.0,"gold_loss":0.0,"damage_taken":0.0},{"damage_healed":67.0,"max_hp_gain":0.0,"max_hp_loss":10.0,"gold_gain":0.0,"event_name":"The Moai Head","player_choice":"Heal","floor":37.0,"gold_loss":0.0,"damage_taken":0.0},{"cards_removed":["Judgement"],"damage_healed":0.0,"max_hp_gain":10.0,"max_hp_loss":0.0,"gold_gain":0.0,"event_name":"Bonfire Elementals","player_choice":"Offered Rare","floor":38.0,"gold_loss":0.0,"damage_taken":0.0}],"is_beta":false,"boss_relics":[{"not_picked":["Tiny House","Philosopher\u0027s Stone"],"picked":"Empty Cage"},{"not_picked":["Runic Dome","Black Star"],"picked":"SacredBark"}],"items_purged_floors":[13],"is_endless":false,"potions_floor_spawned":[1,4,21,24,29,33,35,36,44,48],"ascension_level":0}}