{"host":"en4narc5947t7k9n","time":1613842982,"event":{"mods":["AchievementEnabler","BaseMod","Colored Map","Minty Spire (QoL Compilation)","SuperFastMode"],"gold_per_floor":[112,112,112,124,141,141,153,173,173,173,173,173,208,90,90,186,186,203,223,235,5,5,5,5],"floor_reached":23,"language":"KOR","playtime":970,"items_purged":[],"score":191,"play_id":"8b71d438-8eb4-40ef-9743-b1e994b23c44","local_time":"20210221024302","is_ascension_mode":false,"campfire_choices":[{"floor":6,"key":"RECALL"},{"data":"Zap","floor":11,"key":"SMITH"},{"data":"Storm","floor":15,"key":"SMITH"}],"circlet_count":0,"master_deck":["Strike_B","Strike_B","Strike_B+1","Defend_B+1","Defend_B","Defend_B","Defend_B","Zap+1","Dualcast","FTL","Genetic Algorithm","Melter","Leap","Lockon","Barrage","Gash","Beam Cell","Electrodynamics","Storm+1","Ball Lightning","Seek","Coolheaded+1","Doom and Gloom+1","Genetic Algorithm+1"],"relics":["FrozenCore","NeowsBlessing","The Courier","Mercury Hourglass","Orrery","Ice Cream"],"acts_visited":["Exordium","TheCity"],"potions_floor_usage":[4,16,16,23],"damage_taken":[{"damage":0,"enemies":"Jaw Worm","floor":1,"turns":1},{"damage":0,"enemies":"Cultist","floor":4,"turns":1},{"damage":0,"enemies":"Small Slimes","floor":5,"turns":1},{"damage":12,"enemies":"Exordium Wildlife","floor":7,"turns":3},{"damage":3,"enemies":"Blue Slaver","floor":8,"turns":4},{"damage":5,"enemies":"Lagavulin","floor":13,"turns":5},{"damage":21,"enemies":"The Guardian","floor":16,"turns":7},{"damage":24,"enemies":"2 Thieves","floor":18,"turns":4},{"damage":0,"enemies":"Spheric Guardian","floor":19,"turns":3},{"damage":25,"enemies":"Shelled Parasite and Fungi","floor":20,"turns":5},{"damage":42,"enemies":"Slavers","floor":23,"turns":3}],"seed_played":"8919289503499811051","potions_obtained":[{"floor":1,"key":"BlessingOfTheForge"},{"floor":4,"key":"Fruit Juice"},{"floor":13,"key":"Dexterity Potion"},{"floor":20,"key":"FocusPotion"}],"is_trial":false,"path_per_floor":["M","?","?","M","M","R","M","M","T","?","R","T","E","$","R","B",null,"M","M","M","$","?","E"],"character_chosen":"DEFECT","items_purchased":["Orrery","Ice Cream"],"campfire_rested":0,"item_purchase_floors":[14,21],"current_hp_per_floor":[75,80,80,85,85,85,73,70,70,53,53,53,48,48,48,27,85,61,61,36,36,36,0,0],"gold":5,"neow_bonus":"THREE_ENEMY_KILL","is_daily":false,"chose_seed":false,"campfire_upgraded":2,"win_rate":0.0,"timestamp":1613842982,"path_taken":["M","?","?","?","M","R","M","M","T","?","R","?","E","$","R","BOSS","M","M","M","$","?","E"],"items_purchased_type":["Relic","Relic"],"build_version":"2020-12-22","purchased_purges":0,"victory":false,"max_hp_per_floor":[75,80,80,85,85,85,85,85,85,85,85,85,85,85,85,85,85,85,85,85,85,85,85,85],"card_choices":[{"not_picked":["Doom and Gloom","Hologram"],"picked":"FTL","floor":1},{"not_picked":["Ball Lightning","White Noise"],"picked":"Genetic Algorithm","floor":4},{"not_picked":["Recycle","Doom and Gloom"],"picked":"Melter","floor":5},{"not_picked":["Fusion","Reprogram"],"picked":"Leap","floor":7},{"not_picked":["Darkness","Stack"],"picked":"Lockon","floor":8},{"not_picked":["Cold Snap","Stack"],"picked":"Barrage","floor":13},{"not_picked":["Steam Power","Cold Snap"],"picked":"Gash","floor":14},{"not_picked":["Reprogram","Conserve Battery"],"picked":"Beam Cell","floor":14},{"not_picked":["Stack","Sweeping Beam"],"picked":"Electrodynamics","floor":14},{"not_picked":["Barrage","Chaos"],"picked":"Storm","floor":14},{"not_picked":["Cold Snap","Lockon"],"picked":"Ball Lightning","floor":14},{"not_picked":["Echo Form","Machine Learning"],"picked":"Seek","floor":16},{"not_picked":["Cold Snap+1","Chaos"],"picked":"Coolheaded+1","floor":18},{"not_picked":["Beam Cell","Barrage"],"picked":"Doom and Gloom+1","floor":19},{"not_picked":["Gash","Stack"],"picked":"Genetic Algorithm+1","floor":20}],"player_experience":104555,"relics_obtained":[{"floor":9,"key":"The Courier"},{"floor":13,"key":"Mercury Hourglass"}],"event_choices":[{"damage_healed":0,"gold_gain":0,"player_choice":"Donut","damage_taken":0,"max_hp_gain":5,"max_hp_loss":0,"event_name":"Big Fish","floor":2,"gold_loss":0},{"cards_removed":["Strike_B"],"damage_healed":0,"gold_gain":0,"player_choice":"Purged","damage_taken":0,"max_hp_gain":0,"max_hp_loss":0,"event_name":"Purifier","floor":3,"gold_loss":0},{"damage_healed":0,"gold_gain":0,"player_choice":"Entered Light","damage_taken":17,"max_hp_gain":0,"max_hp_loss":0,"event_name":"Shining Light","floor":10,"gold_loss":0,"cards_upgraded":["Defend_B","Strike_B"]},{"damage_healed":0,"gold_gain":0,"player_choice":"Ignored","damage_taken":0,"max_hp_gain":0,"max_hp_loss":0,"event_name":"Ghosts","floor":22,"gold_loss":0}],"is_beta":false,"boss_relics":[{"not_picked":["Ectoplasm","Sozu"],"picked":"FrozenCore"}],"items_purged_floors":[],"is_endless":false,"potions_floor_spawned":[1,4,13,20],"killed_by":"Slavers","ascension_level":0}}