{"host":"s41rn2jhghpwfrvz","time":1613794789,"event":{"mods":["BaseMod","Minty Spire (QoL Compilation)","Quick Restart","Relic Stats","SuperFastMode"],"gold_per_floor":[110,126,126,126,145,174,174,188,188,219,246,246,276,293,293,367,367,383,178,188,207,207,207,207],"floor_reached":23,"language":"ENG","playtime":732,"items_purged":["Body Slam"],"score":522,"play_id":"c4dfb28d-bcab-4b8d-8a3a-32fe5664ad35","local_time":"20210220061949","daily_mods":["SealedDeck","Diverse","DeadlyEvents"],"is_ascension_mode":true,"campfire_choices":[{"data":"Body Slam","floor":7,"key":"SMITH"},{"data":"Body Slam","floor":12,"key":"SMITH"},{"data":"Prostrate","floor":15,"key":"SMITH"}],"circlet_count":0,"master_deck":["AscendersBane","Bloodletting","ThirdEye","Sentinel","Second Wind","Conserve Battery","Body Slam+1","Body Slam+1","Prostrate+1","Backflip","Burning Pact+1","Seeing Red+1","Ghostly+1","Ghostly+1","Ghostly+1"],"relics":["Burning Blood","Boot","Toxic Egg 2","Lantern","White Beast Statue","Mark of Pain","Membership Card"],"acts_visited":["Exordium","TheCity"],"potions_floor_usage":[6,6,21,21],"damage_taken":[{"damage":0.0,"enemies":"2 Louse","floor":1.0,"turns":3.0},{"damage":0.0,"enemies":"Cultist","floor":2.0,"turns":2.0},{"damage":1.0,"enemies":"Small Slimes","floor":5.0,"turns":4.0},{"damage":3,"enemies":"Gremlin Nob","floor":6,"turns":2},{"damage":0,"enemies":"Blue Slaver","floor":8,"turns":2},{"damage":64,"enemies":"3 Sentries","floor":10,"turns":17},{"damage":0,"enemies":"Lagavulin","floor":13,"turns":4},{"damage":0,"enemies":"Gremlin Gang","floor":14,"turns":4},{"damage":9,"enemies":"Slime Boss","floor":16,"turns":4},{"damage":1,"enemies":"2 Thieves","floor":18,"turns":4},{"damage":8,"enemies":"Spheric Guardian","floor":20,"turns":5},{"damage":66,"enemies":"Snecko","floor":21,"turns":7},{"damage":26,"enemies":"Chosen and Byrds","floor":23,"turns":5}],"seed_played":"-1148957620422619289","potions_obtained":[{"floor":1.0,"key":"Swift Potion"},{"floor":5.0,"key":"FearPotion"},{"floor":8,"key":"SteroidPotion"},{"floor":13,"key":"Strength Potion"},{"floor":14,"key":"Block Potion"},{"floor":20,"key":"PowerPotion"},{"floor":21,"key":"FearPotion"}],"is_trial":true,"path_per_floor":["M","M","?","?","M","E","R","M","T","E","T","R","E","M","R","B",null,"M","$","M","M","?","M"],"character_chosen":"IRONCLAD","items_purchased":["Membership Card"],"campfire_rested":0,"item_purchase_floors":[19],"current_hp_per_floor":[74,75,80,80,80,80,80,80,80,22,22,22,28,34,34,31,68,73,73,71,11,11,0,0],"gold":207,"neow_bonus":"","is_daily":false,"chose_seed":false,"campfire_upgraded":3,"win_rate":0.0,"timestamp":1613794789,"path_taken":["M","M","?","?","?","E","R","M","T","E","?","R","E","M","R","BOSS","M","$","?","M","?","?"],"items_purchased_type":["Relic"],"build_version":"2020-12-22","purchased_purges":1,"victory":false,"max_hp_per_floor":[75,75,80,80,80,80,80,80,80,80,80,80,80,80,80,80,80,80,80,80,80,40,40,40],"relic_stats":{"counters":[13,63],"Boot":[10],"obtain_stats":[{"Lantern":11,"Mark of Pain":17,"Membership Card":19,"Toxic Egg 2":10,"Boot":6,"Burning Blood":0,"White Beast Statue":13},{"Lantern":6,"Mark of Pain":9,"Membership Card":10,"Toxic Egg 2":6,"Boot":4,"Burning Blood":0,"White Beast Statue":7},{"Lantern":30,"Mark of Pain":42,"Membership Card":46,"Toxic Egg 2":30,"Boot":11,"Burning Blood":0,"White Beast Statue":34}],"Burning Blood":53},"card_choices":[{"not_picked":["Distraction","Thunderclap","Beam Cell"],"picked":"SKIP","floor":1.0},{"not_picked":["Meditate","Steam","Headbutt"],"picked":"SKIP","floor":2.0},{"not_picked":["Hologram","Dagger Spray","Quick Slash"],"picked":"SKIP","floor":5.0},{"not_picked":["Disarm","Feed","Wish"],"picked":"SKIP","floor":6},{"not_picked":["Anger","True Grit","Go for the Eyes"],"picked":"SKIP","floor":8},{"not_picked":["Conserve Battery+1","Uppercut"],"picked":"Burning Pact+1","floor":10},{"not_picked":["Flechettes","Storm","Disarm+1"],"picked":"SKIP","floor":13},{"not_picked":["Dash","Sucker Punch"],"picked":"Seeing Red+1","floor":14},{"not_picked":["Underhanded Strike","FollowUp","EmptyFist"],"picked":"SKIP","floor":18},{"not_picked":["Scrape","WreathOfFlame+1","JustLucky"],"picked":"SKIP","floor":20},{"not_picked":["Body Slam","Endless Agony","Turbo+1"],"picked":"SKIP","floor":21}],"player_experience":1942809,"relics_obtained":[{"floor":6,"key":"Boot"},{"floor":10,"key":"Toxic Egg 2"},{"floor":11,"key":"Lantern"},{"floor":13,"key":"White Beast Statue"}],"event_choices":[{"damage_healed":0.0,"max_hp_gain":5.0,"max_hp_loss":0.0,"gold_gain":0.0,"event_name":"Big Fish","player_choice":"Donut","floor":3.0,"gold_loss":0.0,"damage_taken":0.0},{"damage_healed":0.0,"max_hp_gain":0.0,"max_hp_loss":0.0,"gold_gain":0.0,"event_name":"Match and Keep!","player_choice":"0 cards matched","floor":4.0,"gold_loss":0.0,"damage_taken":0.0,"cards_obtained":[]},{"damage_healed":0,"gold_gain":0,"player_choice":"Became a Ghost","damage_taken":0,"max_hp_gain":0,"max_hp_loss":40,"event_name":"Ghosts","floor":22,"gold_loss":0,"cards_obtained":["Ghostly","Ghostly","Ghostly"]}],"is_beta":false,"boss_relics":[{"not_picked":["Astrolabe","Black Blood"],"picked":"Mark of Pain"}],"items_purged_floors":[19],"is_endless":false,"potions_floor_spawned":[1,5,8,13,14,16,18,20,21],"killed_by":"Chosen and Byrds","ascension_level":20}}