{"host":"0pyv9je0pz1gg9m7","time":1613813252,"event":{"mods":["AchievementEnabler","BaseMod","Colored Map","DeckTracker","Minty Spire (QoL Compilation)","Permanent Neow","StSLib","SuperFastMode","everything is the same but u backflip on backflip"],"gold_per_floor":[117,134,144,144,164,164,196,196,196,223,238,238,254,274,274,350,350,361,380,43,63,73,73,107,107,134,149,149,60,60,74,74,74,74],"floor_reached":33,"language":"KOR","playtime":1197,"items_purged":[],"score":562,"play_id":"4dfb5b77-3e4a-4668-8141-0a55ff8a41bd","local_time":"20210220182732","is_ascension_mode":true,"campfire_choices":[{"data":"Terror","floor":6.0,"key":"SMITH"},{"data":"Acrobatics","floor":8.0,"key":"SMITH"},{"floor":12.0,"key":"REST"},{"floor":15.0,"key":"REST"},{"data":"Wraith Form v2","floor":23.0,"key":"SMITH"},{"floor":25,"key":"REST"},{"data":"Deadly Poison","floor":30,"key":"SMITH"},{"floor":32,"key":"REST"}],"circlet_count":0,"master_deck":["AscendersBane","Strike_G","Strike_G","Strike_G","Strike_G","Strike_G","Defend_G","Defend_G","Defend_G","Defend_G","Defend_G","Survivor","Neutralize","Metamorphosis+1","Terror+1","Crippling Poison","Deadly Poison+1","Dodge and Roll","Acrobatics+1","Bouncing Flask+1","PiercingWail+1","After Image","Adrenaline+1","PiercingWail+1","Backflip+1","Acrobatics+1","Wraith Form v2+1","Escape Plan+1","Catalyst+1"],"relics":["Ring of the Snake","Bottled Lightning","Toxic Egg 2","HornCleat","Philosopher\u0027s Stone","Tough Bandages","Regal Pillow","Strawberry"],"acts_visited":["Exordium","TheCity"],"potions_floor_usage":[24,24,33],"damage_taken":[{"damage":6.0,"enemies":"Cultist","floor":1.0,"turns":5.0},{"damage":7.0,"enemies":"Small Slimes","floor":2.0,"turns":3.0},{"damage":9.0,"enemies":"Jaw Worm","floor":3.0,"turns":3.0},{"damage":3.0,"enemies":"Looter","floor":5.0,"turns":4.0},{"damage":8.0,"enemies":"Gremlin Nob","floor":7.0,"turns":3.0},{"damage":13.0,"enemies":"Lagavulin","floor":10.0,"turns":5.0},{"damage":8.0,"enemies":"Blue Slaver","floor":11.0,"turns":3.0},{"damage":9.0,"enemies":"Large Slime","floor":13.0,"turns":5.0},{"damage":0.0,"enemies":"3 Louse","floor":14.0,"turns":3.0},{"damage":9.0,"enemies":"The Guardian","floor":16.0,"turns":8.0},{"damage":7.0,"enemies":"Shell Parasite","floor":18.0,"turns":3.0},{"damage":0.0,"enemies":"Spheric Guardian","floor":19.0,"turns":4.0},{"damage":4.0,"enemies":"Cultist and Chosen","floor":21.0,"turns":6.0},{"damage":7.0,"enemies":"Snecko","floor":22.0,"turns":8.0},{"damage":22,"enemies":"Slavers","floor":24,"turns":10},{"damage":0,"enemies":"Snake Plant","floor":27,"turns":5},{"damage":6,"enemies":"Chosen and Byrds","floor":31,"turns":7},{"damage":71,"enemies":"Automaton","floor":33,"turns":10}],"seed_played":"-8206071424276845597","potions_obtained":[{"floor":1.0,"key":"BlessingOfTheForge"},{"floor":5.0,"key":"Weak Potion"},{"floor":7.0,"key":"DuplicationPotion"},{"floor":10.0,"key":"LiquidMemories"},{"floor":18.0,"key":"Explosive Potion"},{"floor":21.0,"key":"ColorlessPotion"},{"floor":31,"key":"PowerPotion"}],"is_trial":false,"path_per_floor":["M","M","M","?","M","R","E","R","T","E","M","R","M","M","R","B",null,"M","M","$","M","M","R","E","R","T","M","?","$","R","M","R","B"],"character_chosen":"THE_SILENT","items_purchased":["Tough Bandages","Catalyst+1"],"campfire_rested":4,"item_purchase_floors":[20,29],"current_hp_per_floor":[53,46,37,37,34,34,26,26,26,13,5,23,14,14,32,23,51,44,44,44,40,33,33,11,44,51,51,33,33,33,27,63,0,0],"gold":74,"neow_bonus":"RANDOM_COLORLESS_2","is_daily":false,"chose_seed":false,"campfire_upgraded":4,"win_rate":0.0,"timestamp":1613813252,"path_taken":["M","M","M","?","M","R","E","R","T","E","M","R","?","M","R","BOSS","M","M","$","M","M","R","E","R","T","M","?","$","R","M","R","BOSS"],"items_purchased_type":["Relic","Card"],"build_version":"2020-12-22","purchased_purges":0,"victory":false,"max_hp_per_floor":[60,60,60,60,60,60,60,60,60,60,60,60,60,60,60,60,60,60,60,60,60,60,60,60,60,67,67,72,72,72,72,72,72,72],"card_choices":[{"not_picked":["Secret Technique","Secret Weapon"],"picked":"Metamorphosis","floor":0.0},{"not_picked":["Deflect","Slice"],"picked":"Terror","floor":1.0},{"not_picked":["Riddle With Holes","All Out Attack"],"picked":"Crippling Poison","floor":2.0},{"not_picked":["Sucker Punch","Caltrops"],"picked":"Deadly Poison","floor":3.0},{"not_picked":["Dagger Spray","Quick Slash"],"picked":"Dodge and Roll","floor":5.0},{"not_picked":["Wraith Form v2","Crippling Poison"],"picked":"Acrobatics","floor":7.0},{"not_picked":["Blade Dance+1","Setup+1","Accuracy"],"picked":"SKIP","floor":10.0},{"not_picked":["Quick Slash","Sucker Punch"],"picked":"Bouncing Flask+1","floor":11.0},{"not_picked":["Blade Dance+1","Slice"],"picked":"PiercingWail+1","floor":13.0},{"not_picked":["Dodge and Roll+1","Bane"],"picked":"After Image","floor":14.0},{"not_picked":["Grand Finale","Doppelganger+1"],"picked":"Adrenaline+1","floor":16.0},{"not_picked":["Blade Dance+1","Sucker Punch+1"],"picked":"PiercingWail+1","floor":18.0},{"not_picked":["Terror+1","Poisoned Stab"],"picked":"Backflip+1","floor":19.0},{"not_picked":["Quick Slash","Deflect+1"],"picked":"Acrobatics+1","floor":21.0},{"not_picked":["Infinite Blades","Quick Slash"],"picked":"Wraith Form v2","floor":22.0},{"not_picked":["Caltrops","Acrobatics+1"],"picked":"Escape Plan+1","floor":24},{"not_picked":["Dagger Spray","Distraction+1","Dagger Throw"],"picked":"SKIP","floor":27},{"not_picked":["Dodge and Roll+1","Skewer+1","Sucker Punch"],"picked":"SKIP","floor":31}],"player_experience":457003,"relics_obtained":[{"floor":7.0,"key":"Bottled Lightning"},{"floor":9.0,"key":"Toxic Egg 2"},{"floor":10.0,"key":"HornCleat"},{"floor":24,"key":"Regal Pillow"},{"floor":26,"key":"Strawberry"}],"event_choices":[{"damage_healed":0.0,"max_hp_gain":0.0,"max_hp_loss":0.0,"gold_gain":0.0,"event_name":"Upgrade Shrine","player_choice":"Upgraded","floor":4.0,"gold_loss":0.0,"damage_taken":0.0,"cards_upgraded":["Metamorphosis"]},{"damage_healed":0,"gold_gain":0,"player_choice":"Shed Blood","damage_taken":23,"max_hp_gain":5,"max_hp_loss":0,"event_name":"Forgotten Altar","floor":28,"gold_loss":0}],"is_beta":false,"boss_relics":[{"not_picked":["Black Star","HoveringKite"],"picked":"Philosopher\u0027s Stone"}],"items_purged_floors":[],"is_endless":false,"potions_floor_spawned":[1,5,7,10,18,21,31],"killed_by":"Automaton","ascension_level":20}}