{"host":"uy3vg6glkp8m6iit","time":1613817067,"event":{"mods":["AchievementEnabler","BaseMod","Colored Map","DeckTracker","Highlight Path","Keyboard Shortcuts","Minty Spire (QoL Compilation)","Quick Restart","Random Character Button","Rare Cards Sparkle","Relic Stats","StSLib","everything is the same but u backflip on backflip"],"gold_per_floor":[117,134,154,132,207,207,207,207,232,232,5,37,52,68,68,141,141,151,151,151,151],"floor_reached":20,"language":"KOR","playtime":669,"items_purged":["Strike_G"],"score":348,"play_id":"23d66896-a6b1-471b-89d2-1d03b494b48c","local_time":"20210220193107","is_ascension_mode":true,"campfire_choices":[{"data":"Neutralize","floor":6.0,"key":"SMITH"},{"data":"Noxious Fumes","floor":8.0,"key":"SMITH"},{"data":"Deadly Poison","floor":10.0,"key":"SMITH"},{"data":"Concentrate","floor":15.0,"key":"SMITH"}],"circlet_count":0,"master_deck":["AscendersBane","Strike_G","Strike_G","Strike_G","Strike_G","Defend_G","Defend_G","Defend_G","Defend_G","Defend_G","Survivor","Neutralize+1","Wraith Form v2","Deadly Poison+1","Acrobatics","Noxious Fumes+1","Cloak And Dagger","Reflex","Concentrate+1","Tactician","Backflip","Reflex","Grand Finale"],"relics":["Ring of the Snake","Blood Vial","Snake Skull","Coffee Dripper"],"acts_visited":["Exordium","TheCity"],"potions_floor_usage":[20],"damage_taken":[{"damage":3.0,"enemies":"Small Slimes","floor":1.0,"turns":5.0},{"damage":0.0,"enemies":"2 Louse","floor":2.0,"turns":3.0},{"damage":0.0,"enemies":"Cultist","floor":3.0,"turns":4.0},{"damage":6.0,"enemies":"Exordium Thugs","floor":4.0,"turns":4.0},{"damage":27.0,"enemies":"3 Sentries","floor":12.0,"turns":8.0},{"damage":0.0,"enemies":"Looter","floor":13.0,"turns":4.0},{"damage":0.0,"enemies":"Blue Slaver","floor":14.0,"turns":6.0},{"damage":14.0,"enemies":"The Guardian","floor":16.0,"turns":9.0},{"damage":11.0,"enemies":"Spheric Guardian","floor":18.0,"turns":5.0},{"damage":29,"enemies":"Shell Parasite","floor":20,"turns":4}],"seed_played":"3891081789473139743","potions_obtained":[{"floor":2.0,"key":"EssenceOfSteel"},{"floor":7.0,"key":"Fruit Juice"},{"floor":7.0,"key":"Energy Potion"},{"floor":14.0,"key":"AttackPotion"},{"floor":16.0,"key":"LiquidBronze"}],"is_trial":false,"path_per_floor":["M","M","M","M","?","R","?","R","T","R","$","E","M","M","R","B",null,"M","?","M"],"character_chosen":"THE_SILENT","items_purchased":["Reflex","Concentrate"],"campfire_rested":0,"item_purchase_floors":[11,11],"current_hp_per_floor":[56,56,56,50,39,39,44,44,44,44,44,19,21,23,23,11,52,43,25,0,0],"gold":151,"neow_bonus":"THREE_RARE_CARDS","is_daily":false,"chose_seed":false,"campfire_upgraded":4,"win_rate":0.0,"timestamp":1613817067,"path_taken":["M","M","M","M","?","R","?","R","T","R","$","E","?","M","R","BOSS","M","?","M"],"items_purchased_type":["Card","Card"],"build_version":"2020-12-22","purchased_purges":1,"victory":false,"max_hp_per_floor":[60,60,60,60,60,60,65,65,65,65,65,65,65,65,65,65,65,65,70,70,70],"relic_stats":{"Blood Vial":12,"counters":[10,52],"Snake Skull":[26],"obtain_stats":[{"Blood Vial":9,"Snake Skull":12,"Coffee Dripper":17,"Ring of the Snake":0},{"Blood Vial":4,"Snake Skull":5,"Coffee Dripper":8,"Ring of the Snake":0},{"Blood Vial":16,"Snake Skull":24,"Coffee Dripper":43,"Ring of the Snake":0}],"Ring of the Snake":[20]},"card_choices":[{"not_picked":["Envenom","Burst"],"picked":"Wraith Form v2","floor":0.0},{"not_picked":["Sucker Punch","Backstab"],"picked":"Deadly Poison","floor":1.0},{"not_picked":["Bane","Deflect"],"picked":"Acrobatics","floor":2.0},{"not_picked":["Bane","Infinite Blades"],"picked":"Noxious Fumes","floor":3.0},{"not_picked":["Dagger Throw","All Out Attack"],"picked":"Cloak And Dagger","floor":4.0},{"not_picked":["Choke","Slice"],"picked":"Tactician","floor":12.0},{"not_picked":["Blur","Tactician"],"picked":"Backflip","floor":13.0},{"not_picked":["Riddle With Holes","Accuracy"],"picked":"Reflex","floor":14.0},{"not_picked":["Malaise","Wraith Form v2"],"picked":"Grand Finale","floor":16.0},{"not_picked":["Slice","Underhanded Strike","Endless Agony"],"picked":"SKIP","floor":18.0}],"player_experience":1522472,"relics_obtained":[{"floor":9.0,"key":"Blood Vial"},{"floor":12.0,"key":"Snake Skull"}],"event_choices":[{"damage_healed":0.0,"max_hp_gain":0.0,"max_hp_loss":0.0,"gold_gain":75.0,"event_name":"World of Goop","player_choice":"Gather Gold","floor":5.0,"gold_loss":0.0,"damage_taken":11.0},{"damage_healed":0.0,"max_hp_gain":0.0,"max_hp_loss":0.0,"gold_gain":0.0,"event_name":"Lab","player_choice":"Got Potions","floor":7.0,"gold_loss":0.0,"damage_taken":0.0},{"damage_healed":0.0,"max_hp_gain":5.0,"max_hp_loss":0.0,"gold_gain":0.0,"event_name":"Forgotten Altar","player_choice":"Shed Blood","floor":19.0,"gold_loss":0.0,"damage_taken":23.0}],"is_beta":false,"boss_relics":[{"not_picked":["Busted Crown","Sozu"],"picked":"Coffee Dripper"}],"items_purged_floors":[11],"is_endless":false,"potions_floor_spawned":[2,13,14,16],"killed_by":"Shell Parasite","ascension_level":20}}