{"host":"js2su9tbbk4rmjfl","time":1613859319,"event":{"mods":["AchievementEnabler","BaseMod","Block Reminder","Colored Map","Colored Powertips","Highlight Path","Minty Spire (QoL Compilation)","Relic Stats"],"gold_per_floor":[115,133,148,160,177,177,191,191,191,156,116,116,32,44,44,44,44],"floor_reached":16,"language":"ENG","playtime":1449,"items_purged":[],"score":183,"play_id":"93594974-0068-4d09-9f91-adbc8d2ce859","local_time":"20210220231519","is_ascension_mode":true,"campfire_choices":[{"data":"True Grit","floor":6,"key":"SMITH"},{"floor":15,"key":"REST"}],"circlet_count":0,"master_deck":["AscendersBane","Strike_R+1","Strike_R","Strike_R","Strike_R","Strike_R","Defend_R","Defend_R","Defend_R","Defend_R+1","Bash","Ghostly Armor","Pommel Strike","True Grit+1","Corruption+1","Sentinel","Shockwave","Shrug It Off"],"relics":["Mark of Pain","White Beast Statue"],"acts_visited":["Exordium"],"potions_floor_usage":[14,14,16],"damage_taken":[{"damage":1,"enemies":"Cultist","floor":1,"turns":3},{"damage":7,"enemies":"Jaw Worm","floor":2,"turns":2},{"damage":0,"enemies":"2 Louse","floor":3,"turns":2},{"damage":31,"enemies":"Large Slime","floor":4,"turns":11},{"damage":4,"enemies":"Exordium Wildlife","floor":5,"turns":6},{"damage":4,"enemies":"2 Fungi Beasts","floor":7,"turns":5},{"damage":0,"enemies":"Looter","floor":11,"turns":4},{"damage":5,"enemies":"Gremlin Gang","floor":14,"turns":7},{"damage":44,"enemies":"Slime Boss","floor":16,"turns":8}],"seed_played":"-9089279003657634609","potions_obtained":[{"floor":4,"key":"ColorlessPotion"},{"floor":5,"key":"SneckoOil"},{"floor":11,"key":"DistilledChaos"},{"floor":14,"key":"Fire Potion"}],"is_trial":false,"path_per_floor":["M","M","M","M","M","R","M","?","T","?","M","?","$","M","R","B"],"character_chosen":"IRONCLAD","items_purchased":["Shockwave"],"campfire_rested":1,"item_purchase_floors":[13],"current_hp_per_floor":[67,60,60,29,25,25,21,21,21,39,39,16,16,11,33,0,0],"gold":44,"neow_bonus":"BOSS_RELIC","is_daily":false,"chose_seed":false,"campfire_upgraded":1,"win_rate":0.0,"timestamp":1613859319,"path_taken":["M","M","?","?","M","R","M","?","T","?","M","?","$","M","R","BOSS"],"items_purchased_type":["Card"],"build_version":"2020-12-22","purchased_purges":0,"victory":false,"max_hp_per_floor":[75,75,75,75,75,75,75,75,75,75,75,75,75,75,75,75,75],"relic_stats":{"counters":[9,48],"obtain_stats":[{"Mark of Pain":0,"Burning Blood":0,"White Beast Statue":9},{"Mark of Pain":0,"Burning Blood":0,"White Beast Statue":6},{"Mark of Pain":0,"Burning Blood":0,"White Beast Statue":29}]},"card_choices":[{"not_picked":["Body Slam","Headbutt"],"picked":"Ghostly Armor","floor":1},{"not_picked":["Heavy Blade","Combust","Body Slam"],"picked":"SKIP","floor":2},{"not_picked":["Havoc","Perfected Strike","Intimidate"],"picked":"SKIP","floor":3},{"not_picked":["Pummel","Thunderclap"],"picked":"Pommel Strike","floor":4},{"not_picked":["Heavy Blade","Pommel Strike"],"picked":"True Grit","floor":5},{"not_picked":["Combust","True Grit"],"picked":"Corruption","floor":7},{"not_picked":["Wild Strike","Reckless Charge"],"picked":"Sentinel","floor":11},{"not_picked":["Armaments","Spot Weakness"],"picked":"Shrug It Off","floor":14}],"player_experience":884492,"relics_obtained":[{"floor":9,"key":"White Beast Statue"}],"event_choices":[{"damage_healed":0,"gold_gain":0,"player_choice":"Grow","damage_taken":0,"max_hp_gain":0,"max_hp_loss":0,"event_name":"Living Wall","floor":8,"gold_loss":0,"cards_upgraded":["Corruption"]},{"damage_healed":18,"gold_gain":0,"player_choice":"Healed","damage_taken":0,"max_hp_gain":0,"max_hp_loss":0,"event_name":"The Cleric","floor":10,"gold_loss":35},{"damage_healed":0,"gold_gain":0,"player_choice":"Entered Light","damage_taken":23,"max_hp_gain":0,"max_hp_loss":0,"event_name":"Shining Light","floor":12,"gold_loss":0,"cards_upgraded":["Defend_R","Strike_R"]}],"is_beta":false,"boss_relics":[],"items_purged_floors":[],"is_endless":false,"potions_floor_spawned":[4,5,11,14],"killed_by":"Slime Boss","ascension_level":19}}