{"host":"7gquyva492f4udta","time":1613834391,"event":{"mods":["BaseMod","Minty Spire (QoL Compilation)"],"gold_per_floor":[111,122,139,139,155,181,181,7,52,52,69,82,99,130,130,130,130],"floor_reached":16,"language":"ENG","playtime":1251,"items_purged":[],"score":148,"play_id":"fbfa5847-053a-433e-9899-140f7f80e9d1","local_time":"20210220091951","is_ascension_mode":true,"campfire_choices":[{"data":"Bash","floor":7,"key":"SMITH"},{"data":"Armaments","floor":15,"key":"SMITH"}],"circlet_count":0,"master_deck":["Strike_R","Strike_R","Strike_R","Strike_R","Defend_R","Defend_R","Defend_R","Defend_R","Bash+1","Wild Strike","Shrug It Off","Disarm","Pummel","Flame Barrier","Feed","Armaments+1","Ghostly Armor","Whirlwind","Feel No Pain","Pummel"],"relics":["Burning Blood","Orichalcum","HornCleat","Lantern","Ancient Tea Set"],"acts_visited":["Exordium"],"potions_floor_usage":[14,14,16],"damage_taken":[{"damage":1,"enemies":"2 Louse","floor":1,"turns":3},{"damage":0,"enemies":"Cultist","floor":2,"turns":2},{"damage":10,"enemies":"Small Slimes","floor":3,"turns":4},{"damage":3,"enemies":"Blue Slaver","floor":5,"turns":6},{"damage":16,"enemies":"Gremlin Nob","floor":6,"turns":4},{"damage":0,"enemies":"2 Fungi Beasts","floor":11,"turns":3},{"damage":3,"enemies":"Looter","floor":12,"turns":3},{"damage":6,"enemies":"3 Louse","floor":13,"turns":2},{"damage":25,"enemies":"Lagavulin","floor":14,"turns":10},{"damage":63,"enemies":"Hexaghost","floor":16,"turns":17}],"seed_played":"-8413977737787587670","potions_obtained":[{"floor":2,"key":"ElixirPotion"},{"floor":5,"key":"BlessingOfTheForge"},{"floor":11,"key":"Explosive Potion"},{"floor":13,"key":"SteroidPotion"}],"is_trial":false,"path_per_floor":["M","M","M","?","M","E","R","$","T","$","M","M","M","E","R","B"],"character_chosen":"IRONCLAD","items_purchased":["Feed","Armaments"],"campfire_rested":0,"item_purchase_floors":[8,8],"current_hp_per_floor":[77,80,76,76,79,69,69,69,69,69,75,78,78,63,63,0,0],"gold":130,"neow_bonus":"RANDOM_COMMON_RELIC","is_daily":false,"chose_seed":false,"campfire_upgraded":2,"win_rate":0.0,"timestamp":1613834391,"path_taken":["M","M","M","?","M","E","R","?","T","$","M","M","M","E","R","BOSS"],"items_purchased_type":["Card","Card"],"build_version":"2020-12-22","purchased_purges":0,"victory":false,"max_hp_per_floor":[80,80,80,80,80,80,80,80,80,80,80,80,80,84,84,84,84],"card_choices":[{"not_picked":["True Grit","Bloodletting"],"picked":"Wild Strike","floor":1},{"not_picked":["Wild Strike","Blood for Blood"],"picked":"Shrug It Off","floor":2},{"not_picked":["True Grit","Pommel Strike"],"picked":"Disarm","floor":3},{"not_picked":["Perfected Strike","Havoc"],"picked":"Pummel","floor":5},{"not_picked":["Anger","Blood for Blood"],"picked":"Flame Barrier","floor":6},{"not_picked":["Power Through","Perfected Strike"],"picked":"Ghostly Armor","floor":11},{"not_picked":["Dropkick","Iron Wave"],"picked":"Whirlwind","floor":12},{"not_picked":["Burning Pact","Heavy Blade"],"picked":"Feel No Pain","floor":13},{"not_picked":["Sentinel","Whirlwind"],"picked":"Pummel","floor":14}],"player_experience":297671,"relics_obtained":[{"floor":6,"key":"HornCleat"},{"floor":9,"key":"Lantern"},{"floor":14,"key":"Ancient Tea Set"}],"event_choices":[{"cards_removed":["Strike_R"],"damage_healed":0,"gold_gain":0,"player_choice":"Purged","damage_taken":0,"max_hp_gain":0,"max_hp_loss":0,"event_name":"Purifier","floor":4,"gold_loss":0}],"is_beta":false,"boss_relics":[],"items_purged_floors":[],"is_endless":false,"potions_floor_spawned":[2,5,11,13],"killed_by":"Hexaghost","ascension_level":6}}