{"host":"l8j2eaviddq1qvzn","time":1613865484,"event":{"mods":["Act Like it!","BaseMod","Curses Come First","Evolution","Infinite Spire","Minty Spire (QoL Compilation)","Practice Mode","Reliquary","Replay The Spire","Shapeshifter Mod","Shop Mod","StS++","StSLib","The Dragonkin","Wide Potions"],"gold_per_floor":[118,128,128,140,150,150,181,181,232,244,263,263,273,293,293,393,393,410,425,425,436,450,450,450,478,478,478,491,25,36,61,61,162,162,172,226,238,249,268,281,306,15,15,0,19,36,62,62,62,62,62],"floor_reached":50,"language":"ENG","playtime":7609,"items_purged":[],"score":627,"play_id":"ddc343b0-3973-4d72-9d0c-aba2f3d82aa0","local_time":"20210221005803","is_ascension_mode":false,"campfire_choices":[{"data":"StSShapeShifter:EntForm","floor":6.0,"key":"SMITH"},{"data":"StSShapeShifter:BarkSkin","floor":8.0,"key":"SMITH"},{"data":"StSShapeShifter:DragonForm","floor":12.0,"key":"SMITH"},{"data":"StSShapeShifter:ReplenishingNectar","floor":15.0,"key":"SMITH"},{"data":"StSShapeShifter:Winter","floor":23,"key":"SMITH"},{"data":"StSShapeShifter:BarkSkin","floor":32,"key":"SMITH"}],"circlet_count":0,"master_deck":["StSShapeShifter:ShapeShifter_Strike+1","StSShapeShifter:ShapeShifter_Strike+1","StSShapeShifter:ShapeShifter_Strike+1","StSShapeShifter:ShapeShifter_Strike+1","StSShapeShifter:ShapeShifter_Defend+1","StSShapeShifter:ShapeShifter_Defend+1","StSShapeShifter:ShapeShifter_Defend+1","StSShapeShifter:ShapeShifter_Defend+1","StSShapeShifter:ShapeShifter_Defend+1","StSShapeShifter:Tortoise_Form+1","StSShapeShifter:RockSlide+1","StSShapeShifter:MonkeyForm+1","StSShapeShifter:BaskInBloom+1","StSShapeShifter:EntForm+1","StSShapeShifter:BarkSkin+1","StSShapeShifter:DragonForm+1","StSShapeShifter:ReplenishingNectar+1","StSShapeShifter:CosmicShifter+1","StSShapeShifter:Winter+1","StSShapeShifter:BarkSkin+1","ReplayTheSpireMod:Echoes of Time+1","infinitespire:Oblivion+1","infinitespire:Fortify+1","StSShapeShifter:MooseForm+1","StSShapeShifter:BloomingSlash+1","ReplayTheSpireMod:Echoes of Time+1","StSShapeShifter:BarkSkin+1","StSShapeShifter:BarkSkin+1","StSShapeShifter:Synchronicity+1","StSShapeShifter:ReplenishingNectar+1","StSShapeShifter:Efflorescence+1","StSShapeShifter:AdaptiveStrikes+1","StSShapeShifter:RestoreBalance+1","Amnesia","StSShapeShifter:WolfsBane+1","Enlightenment+1","infinitespire:Punishment+1","StSShapeShifter:BarkSkin+1","StSShapeShifter:BurstingSpore+1","Parasite","StSShapeShifter:Efflorescence+1","StSShapeShifter:BurstingSpore+1","StSShapeShifter:RockSlide+1","Enlightenment+1","StSShapeShifter:Summon_Mountains+1","StSShapeShifter:BladeOfGrass+1","StSShapeShifter:Efflorescence+1"],"relics":["StSShapeShifter:AnimalHeart","StSShapeShifter:TheShapeShiftersMagnolia","EVO:Axolotl","Shuriken","Pen Nib","Replay:Bronze Core","reliquary:Aerogel","reliquary:Aerogel","reliquary:TatteredRug","DollysMirror","StSShapeShifter:FruitTree","Pocketwatch","ReplayTheSpireMod:SealedPack","StSShapeShifter:MysticalFossil","reliquary:Buckler","Toxic Egg 2","Red Mask","StSShapeShifter:DruidicMedallion","Mark of the Bloom"],"acts_visited":["Exordium","TheCity","TheBeyond"],"potions_floor_usage":[22,41],"damage_taken":[{"damage":9.0,"enemies":"Cultist","floor":1.0,"turns":7.0},{"damage":1.0,"enemies":"Small Slimes","floor":2.0,"turns":5.0},{"damage":6.0,"enemies":"Jaw Worm","floor":4.0,"turns":4.0},{"damage":5.0,"enemies":"Looter","floor":5.0,"turns":4.0},{"damage":37.0,"enemies":"3 Sentries","floor":7.0,"turns":14.0},{"damage":4.0,"enemies":"Blue Slaver","floor":10.0,"turns":6.0},{"damage":0.0,"enemies":"2 Fungi Beasts","floor":11.0,"turns":2.0},{"damage":18.0,"enemies":"Exordium Thugs","floor":13.0,"turns":7.0},{"damage":13.0,"enemies":"Exordium Wildlife","floor":14.0,"turns":9.0},{"damage":48.0,"enemies":"Slime Boss","floor":16.0,"turns":12.0},{"damage":3.0,"enemies":"Shell Parasite","floor":18.0,"turns":4.0},{"damage":25,"enemies":"Spheric Guardian","floor":19,"turns":9},{"damage":19,"enemies":"Snake Plant","floor":21,"turns":11},{"damage":29,"enemies":"Sentry and Sphere","floor":22,"turns":17},{"damage":20,"enemies":"Replay:Snechameleon","floor":25,"turns":9},{"damage":36,"enemies":"Centurion and Healer","floor":28,"turns":10},{"damage":15,"enemies":"Snecko","floor":30,"turns":13},{"damage":47,"enemies":"Book of Stabbing","floor":31,"turns":13},{"damage":34,"enemies":"Collector","floor":33,"turns":15},{"damage":9,"enemies":"Orb Walker","floor":35,"turns":6},{"damage":55,"enemies":"2 Orb Walkers","floor":36,"turns":10},{"damage":20,"enemies":"3 Darklings","floor":37,"turns":8},{"damage":55,"enemies":"Spire Growth","floor":38,"turns":8},{"damage":4,"enemies":"Maw","floor":39,"turns":11},{"damage":40,"enemies":"Writhing Mass","floor":40,"turns":8},{"damage":19,"enemies":"Reptomancer","floor":41,"turns":7},{"damage":17,"enemies":"Transient","floor":45,"turns":5},{"damage":24,"enemies":"Sphere and 2 Shapes","floor":46,"turns":11},{"damage":53,"enemies":"Nightmare","floor":47,"turns":15},{"damage":219,"enemies":"TheAcolyte","floor":50,"turns":9}],"seed_played":"-7725645498734464805","potions_obtained":[{"floor":1.0,"key":"StSpp:ScatteredPotion"},{"floor":2.0,"key":"Regen Potion"},{"floor":10.0,"key":"Weak Potion"},{"floor":14.0,"key":"Adrenaline Potion"},{"floor":16.0,"key":"Swift Potion"},{"floor":22,"key":"Ancient Potion"},{"floor":30,"key":"ColorlessPotion"},{"floor":31,"key":"EntropicBrew"},{"floor":33,"key":"Block Potion"},{"floor":36,"key":"Death Potion"},{"floor":47,"key":"FearPotion"}],"is_trial":false,"path_per_floor":["M","M","?","M","M","R","E","R","T","M","M","R","M","M","R","B",null,"M","M","AVR","M","M","R","?","E","T","?","M","$","M","E","R","B",null,"M","?","M","M","M","M","E","$","T","?","M","M","NM","?","R","B"],"character_chosen":"SHAPESHIFTER","items_purchased":["StSShapeShifter:Synchronicity","DollysMirror","StSShapeShifter:FruitTree","StSShapeShifter:RockSlide","Enlightenment","StSShapeShifter:Summon_Mountains"],"campfire_rested":0,"item_purchase_floors":[29,29,29,42,42,42],"current_hp_per_floor":[76,75,75,69,64,64,75,75,75,81,81,81,72,75,75,43,85,85,69,69,85,85,85,64,85,85,85,75,75,85,85,85,85,85,85,85,81,85,85,68,85,85,85,85,85,85,82,82,82,0,0],"gold":62,"neow_bonus":"TEN_PERCENT_HP_BONUS","is_daily":false,"chose_seed":false,"campfire_upgraded":6,"win_rate":0.0,"timestamp":1613865483,"path_taken":["M","M","?","M","M","R","E","R","T","M","M","R","M","?","R","BOSS","M","M","AVR","M","M","R","?","E","T","?","?","?","M","E","R","BOSS","M","?","M","M","M","M","E","$","T","?","M","M","NM","?","R","BOSS"],"items_purchased_type":["Card","Relic","Relic","Card","Card","Card"],"build_version":"2020-12-22","purchased_purges":0,"victory":false,"max_hp_per_floor":[85,85,85,85,85,85,85,85,85,85,85,85,85,85,85,85,85,85,85,85,85,85,85,85,85,85,85,85,85,85,85,85,85,85,85,85,85,85,85,85,85,85,85,85,85,85,85,85,85,85,85],"card_choices":[{"not_picked":["StSShapeShifter:BearForm","StSShapeShifter:HippoForm"],"picked":"StSShapeShifter:RockSlide","floor":1.0},{"not_picked":["StSShapeShifter:Consume","StSShapeShifter:BloomingSlash"],"picked":"StSShapeShifter:MonkeyForm","floor":2.0},{"not_picked":["StSShapeShifter:BarkSkin","StSShapeShifter:BulwarkOfDiscovery","StSShapeShifter:LeapingSlash"],"picked":"SKIP","floor":4.0},{"not_picked":["StSShapeShifter:OpportuneSwoop","StSShapeShifter:OwlForm"],"picked":"StSShapeShifter:EntForm","floor":5.0},{"not_picked":["StSShapeShifter:AdaptiveStrikes","StSShapeShifter:FesteringBite"],"picked":"StSShapeShifter:BarkSkin","floor":7.0},{"not_picked":["StSShapeShifter:Guard","StSShapeShifter:BulwarkOfDiscovery","StSShapeShifter:Maul"],"picked":"SKIP","floor":10.0},{"not_picked":["StSShapeShifter:Rest","StSShapeShifter:Sapling"],"picked":"StSShapeShifter:DragonForm","floor":11.0},{"not_picked":["StSShapeShifter:RockSlide","StSShapeShifter:FoxForm"],"picked":"StSShapeShifter:ReplenishingNectar","floor":13.0},{"not_picked":["StSShapeShifter:DeerForm","StSShapeShifter:Hunt"],"picked":"StSShapeShifter:CosmicShifter","floor":14.0},{"not_picked":["StSShapeShifter:Summon_Mountains","StSShapeShifter:RitualOfTheExtinct"],"picked":"StSShapeShifter:Winter","floor":16.0},{"not_picked":["StSShapeShifter:Bonk","StSShapeShifter:Roar"],"picked":"StSShapeShifter:BarkSkin+1","floor":18},{"not_picked":["StSShapeShifter:ShiftingStrike","StSShapeShifter:FlowerShield","StSShapeShifter:LeapingSlash"],"picked":"SKIP","floor":19},{"not_picked":["StSShapeShifter:MonkeyForm","StSShapeShifter:Sapling"],"picked":"StSShapeShifter:MooseForm","floor":21},{"not_picked":["StSShapeShifter:FlowerShield+1","StSShapeShifter:MagicMushrooms+1"],"picked":"StSShapeShifter:BloomingSlash+1","floor":22},{"not_picked":["infinitespire:SevenWalls","infinitespire:Menacing"],"picked":"ReplayTheSpireMod:Echoes of Time","floor":24},{"not_picked":["StSShapeShifter:Rest","StSShapeShifter:ShiftingStrike"],"picked":"StSShapeShifter:BarkSkin","floor":25},{"not_picked":["StSShapeShifter:FullMoon","StSShapeShifter:WiltingWrath+1"],"picked":"StSShapeShifter:BarkSkin","floor":28},{"not_picked":["StSShapeShifter:MonkeyForm","StSShapeShifter:Bonk+1"],"picked":"StSShapeShifter:Efflorescence","floor":30},{"not_picked":["StSShapeShifter:Flourish+1","StSShapeShifter:WaspSwarmForm+1"],"picked":"StSShapeShifter:AdaptiveStrikes","floor":31},{"not_picked":["StSShapeShifter:HydraForm","StSShapeShifter:BurstOfLifeEscapeDeath"],"picked":"StSShapeShifter:RestoreBalance","floor":33},{"not_picked":["StSShapeShifter:Pounce","StSShapeShifter:Uproot_Redwood"],"picked":"StSShapeShifter:WolfsBane","floor":34},{"not_picked":["Panacea","PanicButton"],"picked":"Enlightenment","floor":34},{"not_picked":["infinitespire:DeathsTouch","infinitespire:Starlight"],"picked":"infinitespire:Punishment","floor":34},{"not_picked":["StSShapeShifter:Sapling+1","StSShapeShifter:DeerForm"],"picked":"StSShapeShifter:BarkSkin","floor":35},{"not_picked":["StSShapeShifter:ShiftingStrike+1","StSShapeShifter:FesteringBite+1"],"picked":"StSShapeShifter:BurstingSpore+1","floor":37},{"not_picked":["StSShapeShifter:BladeOfGrass","StSShapeShifter:PantherForm+1","StSShapeShifter:FlowerShield"],"picked":"SKIP","floor":38},{"not_picked":["StSShapeShifter:ThornToss+1","StSShapeShifter:MultiSpiritedStrike","StSShapeShifter:WaspSwarmForm+1"],"picked":"SKIP","floor":39},{"not_picked":["StSShapeShifter:ThornToss","StSShapeShifter:WolfForm+1"],"picked":"StSShapeShifter:Efflorescence+1","floor":40},{"not_picked":["StSShapeShifter:OakBlade","StSShapeShifter:ThrashAbout+1"],"picked":"StSShapeShifter:BurstingSpore+1","floor":41},{"not_picked":["StSShapeShifter:BearForm+1","StSShapeShifter:DeerForm+1","StSShapeShifter:SunflowerShuriken+1"],"picked":"SKIP","floor":45},{"not_picked":["StSShapeShifter:OakBlade+1","StSShapeShifter:ClimbTree+1"],"picked":"StSShapeShifter:BladeOfGrass+1","floor":46},{"not_picked":["StSShapeShifter:FlowerShield+1","StSShapeShifter:MultiSpiritedStrike+1"],"picked":"StSShapeShifter:Efflorescence+1","floor":47}],"player_experience":70862,"relics_obtained":[{"floor":7.0,"key":"Shuriken"},{"floor":9.0,"key":"Pen Nib"},{"floor":25,"key":"reliquary:Aerogel"},{"floor":26,"key":"reliquary:TatteredRug"},{"floor":31,"key":"Pocketwatch"},{"floor":36,"key":"StSShapeShifter:MysticalFossil"},{"floor":41,"key":"reliquary:Buckler"},{"floor":43,"key":"Toxic Egg 2"},{"floor":47,"key":"StSShapeShifter:DruidicMedallion"}],"event_choices":[{"damage_healed":0.0,"max_hp_gain":0.0,"max_hp_loss":0.0,"gold_gain":0.0,"cards_transformed":["StSShapeShifter:Lynx_Form"],"event_name":"Transmorgrifier","player_choice":"Transformed","floor":3.0,"gold_loss":0.0,"damage_taken":0.0,"cards_obtained":["StSShapeShifter:BaskInBloom"]},{"cards_removed":["StSShapeShifter:ShapeShifter_Strike"],"damage_healed":0,"gold_gain":0,"player_choice":"Offered Basic","damage_taken":0,"max_hp_gain":0,"max_hp_loss":0,"event_name":"Bonfire Elementals","floor":27,"gold_loss":0},{"damage_healed":0,"gold_gain":0,"player_choice":"Fight","damage_taken":0,"max_hp_gain":0,"max_hp_loss":0,"event_name":"Mysterious Sphere","floor":36,"gold_loss":0},{"damage_healed":0,"gold_gain":0,"player_choice":"Paid","damage_taken":0,"relics_obtained":["Red Mask"],"max_hp_gain":0,"max_hp_loss":0,"event_name":"Tomb of Lord Red Mask","floor":44,"gold_loss":15},{"damage_healed":0,"gold_gain":0,"player_choice":"Upgrade","damage_taken":0,"relics_obtained":["Mark of the Bloom"],"max_hp_gain":0,"max_hp_loss":0,"event_name":"MindBloom","floor":48,"gold_loss":0,"cards_upgraded":["StSShapeShifter:ShapeShifter_Strike","StSShapeShifter:ShapeShifter_Strike","StSShapeShifter:ShapeShifter_Strike","StSShapeShifter:ShapeShifter_Strike","StSShapeShifter:ShapeShifter_Defend","StSShapeShifter:ShapeShifter_Defend","StSShapeShifter:ShapeShifter_Defend","StSShapeShifter:ShapeShifter_Defend","StSShapeShifter:ShapeShifter_Defend","StSShapeShifter:Tortoise_Form","StSShapeShifter:RockSlide","StSShapeShifter:MonkeyForm","StSShapeShifter:BaskInBloom","StSShapeShifter:CosmicShifter","ReplayTheSpireMod:Echoes of Time","infinitespire:Oblivion","infinitespire:Fortify","StSShapeShifter:MooseForm","ReplayTheSpireMod:Echoes of Time","StSShapeShifter:BarkSkin","StSShapeShifter:Synchronicity","StSShapeShifter:Efflorescence","StSShapeShifter:AdaptiveStrikes","StSShapeShifter:RestoreBalance","StSShapeShifter:WolfsBane","Enlightenment","infinitespire:Punishment","Enlightenment","StSShapeShifter:Summon_Mountains"]}],"is_beta":false,"boss_relics":[{"not_picked":["Runic Dome","Replay:Drink Me"],"picked":"Replay:Bronze Core"},{"not_picked":["Painkiller Herb","StSpp:FireArrow"],"picked":"ReplayTheSpireMod:SealedPack"}],"items_purged_floors":[],"is_endless":true,"potions_floor_spawned":[1,2,10,14,16,18,22,30,31,33,36,37,46,47],"killed_by":"TheAcolyte","ascension_level":0}}