{"host":"suw5tyb7z6zbnnfs","time":1613796080,"event":{"mods":["AchievementEnabler","BaseMod","Colored Map","Minty Spire (QoL Compilation)"],"gold_per_floor":[115,5,22,35,35,35,69,69,69,94,109,119,134,168,168,268,268,280,290,290,303,303,303],"floor_reached":22,"language":"ENG","playtime":1672,"items_purged":["Strike_G"],"score":347,"play_id":"5c189935-9e48-4219-90ab-fac97e132c81","local_time":"20210219234120","is_ascension_mode":true,"campfire_choices":[{"data":"Neutralize","floor":6.0,"key":"SMITH"},{"floor":15.0,"key":"REST"}],"circlet_count":0,"master_deck":["AscendersBane","Strike_G","Strike_G","Strike_G","Defend_G","Defend_G","Defend_G","Defend_G","Defend_G","Survivor","Neutralize+1","Accuracy","Skewer","Infinite Blades","Corpse Explosion","Cloak And Dagger","Noxious Fumes","Infinite Blades","Wraith Form v2","Cloak And Dagger"],"relics":["Ring of the Snake","Pear","Toy Ornithopter","Eternal Feather","Nunchaku","Torii","SacredBark"],"acts_visited":["Exordium","TheCity"],"potions_floor_usage":[],"damage_taken":[{"damage":9.0,"enemies":"Cultist","floor":1.0,"turns":5.0},{"damage":2.0,"enemies":"Jaw Worm","floor":3.0,"turns":5.0},{"damage":6.0,"enemies":"Small Slimes","floor":4.0,"turns":4.0},{"damage":25.0,"enemies":"Lagavulin","floor":7.0,"turns":7.0},{"damage":24.0,"enemies":"Gremlin Nob","floor":10.0,"turns":5.0},{"damage":5.0,"enemies":"Gremlin Gang","floor":11.0,"turns":2.0},{"damage":0.0,"enemies":"Exordium Wildlife","floor":12.0,"turns":3.0},{"damage":3.0,"enemies":"Looter","floor":13.0,"turns":4.0},{"damage":9.0,"enemies":"3 Sentries","floor":14.0,"turns":3.0},{"damage":8.0,"enemies":"Hexaghost","floor":16.0,"turns":9.0},{"damage":10.0,"enemies":"3 Byrds","floor":18.0,"turns":5.0},{"damage":8.0,"enemies":"Spheric Guardian","floor":19.0,"turns":5.0},{"damage":18.0,"enemies":"Chosen and Byrds","floor":21.0,"turns":7.0},{"damage":53,"enemies":"Sentry and Sphere","floor":22,"turns":7}],"seed_played":"8308036074798847098","potions_obtained":[{"floor":1.0,"key":"Block Potion"},{"floor":3.0,"key":"Fruit Juice"},{"floor":11.0,"key":"DistilledChaos"},{"floor":13.0,"key":"DistilledChaos"},{"floor":18.0,"key":"CunningPotion"},{"floor":21,"key":"Weak Potion"}],"is_trial":false,"path_per_floor":["M","$","M","M","?","R","E","T","T","E","M","M","M","E","R","B",null,"M","M","$","M","M"],"character_chosen":"THE_SILENT","items_purchased":["Accuracy"],"campfire_rested":1,"item_purchase_floors":[2],"current_hp_per_floor":[61,61,64,58,51,51,36,36,36,12,7,12,9,5,41,33,77,67,64,64,46,0,0],"gold":303,"neow_bonus":"TEN_PERCENT_HP_BONUS","is_daily":false,"chose_seed":false,"campfire_upgraded":1,"win_rate":0.0,"timestamp":1613796080,"path_taken":["M","$","M","M","?","R","E","?","T","E","M","?","M","E","R","BOSS","M","M","$","M","M"],"items_purchased_type":["Card"],"build_version":"2020-12-22","purchased_purges":1,"victory":false,"max_hp_per_floor":[77,77,82,82,82,82,92,92,92,92,92,92,92,92,92,92,92,92,92,92,92,92,92],"card_choices":[{"not_picked":["Prepared","Reflex","Blur"],"picked":"SKIP","floor":1.0},{"not_picked":["Quick Slash","Underhanded Strike"],"picked":"Skewer","floor":3.0},{"not_picked":["Dodge and Roll","Bane"],"picked":"Infinite Blades","floor":4.0},{"not_picked":["Poisoned Stab","Cloak And Dagger"],"picked":"Corpse Explosion","floor":7.0},{"not_picked":["Storm of Steel","Bane"],"picked":"Cloak And Dagger","floor":10.0},{"not_picked":["Backstab","Dagger Spray"],"picked":"Noxious Fumes","floor":11.0},{"not_picked":["Flying Knee","Dagger Spray","Prepared"],"picked":"SKIP","floor":12.0},{"not_picked":["Outmaneuver","Eviscerate","Slice"],"picked":"SKIP","floor":13.0},{"not_picked":["Phantasmal Killer","Quick Slash"],"picked":"Infinite Blades","floor":14.0},{"not_picked":["Glass Knife","Bullet Time"],"picked":"Wraith Form v2","floor":16.0},{"not_picked":["Poisoned Stab","Flying Knee","Dagger Throw"],"picked":"SKIP","floor":18.0},{"not_picked":["Finisher","Slice+1","Cloak And Dagger"],"picked":"SKIP","floor":19.0},{"not_picked":["Deflect","Deadly Poison"],"picked":"Cloak And Dagger","floor":21}],"player_experience":959759,"relics_obtained":[{"floor":7.0,"key":"Pear"},{"floor":8.0,"key":"Toy Ornithopter"},{"floor":9.0,"key":"Eternal Feather"},{"floor":10.0,"key":"Nunchaku"},{"floor":14.0,"key":"Torii"}],"event_choices":[{"cards_removed":["Strike_G"],"damage_healed":0.0,"max_hp_gain":0.0,"max_hp_loss":0.0,"gold_gain":0.0,"event_name":"Golden Wing","player_choice":"Card Removal","floor":5.0,"gold_loss":0.0,"damage_taken":7.0}],"is_beta":false,"boss_relics":[{"not_picked":["Velvet Choker","Runic Pyramid"],"picked":"SacredBark"}],"items_purged_floors":[2],"is_endless":false,"potions_floor_spawned":[1,3,11,13,18,21],"killed_by":"Sentry and Sphere","ascension_level":11}}