{"host":"esx1hwjnbftf3eqj","time":1613854734,"event":{"mods":["AchievementEnabler","BaseMod","Colored Map","Minty Spire (QoL Compilation)","StSLib","The Jungle"],"gold_per_floor":[114,140,153,165,165,165,194,194,220,245,245,20,53,78,90,198,210,242,273,285,222,252,290,302,358,370,391,422,476,507,541,553,673,748,770,549,561,561,39,74,128,161,197,197,240,258,302,361,361,361],"floor_reached":51,"language":"ENG","playtime":6784,"items_purged":["Grand Finale+1","Dagger Spray"],"score":1292,"play_id":"d267f8d9-e9fa-4729-89d8-7a047cceacb8","local_time":"20210220125854","is_ascension_mode":true,"campfire_choices":[{"data":"Neutralize","floor":6.0,"key":"SMITH"},{"data":"Crippling Poison","floor":8.0,"key":"SMITH"},{"floor":11.0,"key":"REST"},{"data":"Footwork","floor":15.0,"key":"SMITH"},{"floor":24.0,"key":"REST"},{"data":"Burst","floor":32.0,"key":"SMITH"},{"floor":44,"key":"REST"},{"floor":49,"key":"REST"}],"circlet_count":0,"master_deck":["Survivor","Neutralize+1","Crippling Poison+1","Noxious Fumes","Poisoned Stab","Bouncing Flask","Noxious Fumes","Footwork+1","Cloak And Dagger","Backflip","Night Terror","Footwork","Blur","Sucker Punch+1","Calculated Gamble","Dash+1","Leg Sweep","Burst+1","Dagger Spray+1","Catalyst","Venomology","Skewer+1","Finisher+1","Infinite Blades","Dash+1","Dodge and Roll","Apotheosis","Mayhem","Blur","Phantasmal Killer","Bane+1","Noxious Fumes+1","Accuracy+1","Clumsy","Blade Dance","Madness","Madness","Well Laid Plans","Glass Knife+1"],"relics":["Ring of the Snake","Toy Ornithopter","Incense Burner","Potion Belt","Molten Egg 2","OrangePellets","MawBank","Cursed Key","Oddly Smooth Stone","CeramicFish","Bag of Marbles","Pandora\u0027s Box","Happy Flower","FossilizedHelix","Mango","Nunchaku","Art of War","HornCleat","Tingsha"],"acts_visited":["Exordium","TheCity","TheBeyond"],"potions_floor_usage":[41,42,42,47,47,50,50,50,50,50],"damage_taken":[{"damage":3.0,"enemies":"Cultist","floor":1.0,"turns":5.0},{"damage":3.0,"enemies":"2 Louse","floor":3.0,"turns":2.0},{"damage":5.0,"enemies":"Jaw Worm","floor":4.0,"turns":4.0},{"damage":12.0,"enemies":"3 Sentries","floor":7.0,"turns":6.0},{"damage":24.0,"enemies":"Lagavulin","floor":10.0,"turns":7.0},{"damage":18.0,"enemies":"Gremlin Nob","floor":13.0,"turns":5.0},{"damage":3.0,"enemies":"2 Fungi Beasts","floor":14.0,"turns":3.0},{"damage":26.0,"enemies":"The Guardian","floor":16.0,"turns":9.0},{"damage":4.0,"enemies":"Chosen","floor":18.0,"turns":5.0},{"damage":3.0,"enemies":"3 Byrds","floor":19.0,"turns":4.0},{"damage":7.0,"enemies":"Snecko","floor":22.0,"turns":6.0},{"damage":17.0,"enemies":"Gremlin Leader","floor":23.0,"turns":7.0},{"damage":16.0,"enemies":"Slavers","floor":25.0,"turns":6.0},{"damage":4.0,"enemies":"Shelled Parasite and Fungi","floor":28.0,"turns":6.0},{"damage":4.0,"enemies":"Gremlin Leader","floor":29.0,"turns":7.0},{"damage":14.0,"enemies":"3 Cultists","floor":30.0,"turns":5.0},{"damage":0.0,"enemies":"Centurion and Healer","floor":31.0,"turns":6.0},{"damage":12.0,"enemies":"Champ","floor":33.0,"turns":14.0},{"damage":13.0,"enemies":"3 Darklings","floor":35.0,"turns":7.0},{"damage":0.0,"enemies":"3 Shapes","floor":37.0,"turns":5.0},{"damage":65.0,"enemies":"Reptomancer","floor":40.0,"turns":7.0},{"damage":37,"enemies":"2 Orb Walkers","floor":41,"turns":7},{"damage":0,"enemies":"Nemesis","floor":42,"turns":9},{"damage":24,"enemies":"Giant Head","floor":45,"turns":10},{"damage":15,"enemies":"Nemesis","floor":47,"turns":7},{"damage":0,"enemies":"Mind Bloom Boss Battle","floor":48,"turns":8},{"damage":107,"enemies":"Donu and Deca","floor":50,"turns":8}],"seed_played":"4542612730274608059","potions_obtained":[{"floor":1.0,"key":"Strength Potion"},{"floor":3.0,"key":"ColorlessPotion"},{"floor":4.0,"key":"BlessingOfTheForge"},{"floor":19.0,"key":"FairyPotion"},{"floor":22.0,"key":"SkillPotion"},{"floor":28.0,"key":"Regen Potion"},{"floor":31.0,"key":"FairyPotion"},{"floor":35.0,"key":"DuplicationPotion"},{"floor":45,"key":"LiquidBronze"}],"is_trial":false,"path_per_floor":["M","T","M","M","?","R","E","R","T","E","R","$","E","M","R","B",null,"M","M","?","?","M","E","R","E","T","?","M","E","M","M","R","B",null,"M","$","M","?","$","E","?","E","T","R","E","?","E","?","R","B",null],"character_chosen":"THE_SILENT","items_purchased":["OrangePellets","Footwork","Apotheosis","Mayhem","Blur","Phantasmal Killer","EntropicBrew","Bane+1"],"campfire_rested":4,"item_purchase_floors":[12,12,36,39,39,39,39,39],"current_hp_per_floor":[67,67,64,59,59,59,52,52,52,28,51,51,33,30,30,9,60,56,53,53,53,46,34,57,41,41,41,37,33,19,19,19,27,65,57,57,62,62,62,27,10,34,34,61,37,26,36,36,63,16],"gold":361,"neow_bonus":"TEN_PERCENT_HP_BONUS","is_daily":false,"chose_seed":false,"campfire_upgraded":4,"win_rate":0.0,"timestamp":1613854734,"path_taken":["M","?","M","M","?","R","E","R","T","E","R","$","E","M","R","BOSS","M","M","?","?","M","E","R","E","T","?","M","E","?","M","R","BOSS","M","$","M","?","$","E","?","E","T","R","E","?","E","?","R","BOSS"],"items_purchased_type":["Relic","Card","Card","Card","Card","Card","Potion","Card"],"build_version":"2020-12-22","purchased_purges":2,"victory":true,"max_hp_per_floor":[77,77,77,77,77,77,77,77,77,77,77,77,77,77,77,77,77,77,77,77,77,77,77,77,77,77,77,77,77,77,77,77,77,77,77,77,77,77,77,77,77,91,91,91,91,91,91,91,91,91],"card_choices":[{"not_picked":["Tactician","Catalyst"],"picked":"Dagger Spray","floor":1.0},{"not_picked":["Finisher","All Out Attack"],"picked":"Crippling Poison","floor":3.0},{"not_picked":["Outmaneuver","Acrobatics"],"picked":"Noxious Fumes","floor":4.0},{"not_picked":["PiercingWail","Poisoned Stab"],"picked":"Bouncing Flask","floor":7.0},{"not_picked":["Finisher+1","Deflect"],"picked":"Noxious Fumes","floor":10.0},{"not_picked":["Deadly Poison","Unload+1"],"picked":"Cloak And Dagger","floor":13.0},{"not_picked":["Cloak And Dagger","Slice+1"],"picked":"Backflip","floor":14.0},{"not_picked":["Grand Finale+1","Burst"],"picked":"Night Terror","floor":16.0},{"not_picked":["Underhanded Strike+1","Reflex"],"picked":"Footwork","floor":18.0},{"not_picked":["Prepared","Reflex","Bouncing Flask"],"picked":"SKIP","floor":19.0},{"not_picked":["Flying Knee+1","Distraction+1"],"picked":"Sucker Punch+1","floor":22.0},{"not_picked":["Sucker Punch+1","Distraction","Eviscerate+1"],"picked":"SKIP","floor":23.0},{"not_picked":["Poisoned Stab+1","Backflip"],"picked":"Calculated Gamble","floor":25.0},{"not_picked":["Flying Knee+1","Eviscerate+1"],"picked":"Leg Sweep","floor":28.0},{"not_picked":["Prepared+1","Outmaneuver"],"picked":"Burst","floor":29.0},{"not_picked":["Terror","Distraction+1"],"picked":"Dagger Spray+1","floor":30.0},{"not_picked":["Tactician","Outmaneuver"],"picked":"Catalyst","floor":31.0},{"not_picked":["Malaise","Adrenaline"],"picked":"Venomology","floor":33.0},{"not_picked":["Blade Dance+1","Prepared+1","Dagger Throw+1"],"picked":"SKIP","floor":35.0},{"not_picked":["Acrobatics","PiercingWail","Deadly Poison"],"picked":"SKIP","floor":37.0},{"not_picked":["Grand Finale+1","Dagger Throw+1"],"picked":"Noxious Fumes+1","floor":40.0},{"not_picked":["Eviscerate+1","Prepared+1"],"picked":"Accuracy+1","floor":41},{"not_picked":["Masterful Stab+1","Deadly Poison","Distraction+1"],"picked":"SKIP","floor":42},{"not_picked":["Tactician","Bouncing Flask+1"],"picked":"Blade Dance","floor":45},{"not_picked":["Blade Dance","Riddle With Holes+1"],"picked":"Well Laid Plans","floor":47},{"not_picked":["Outmaneuver+1","Underhanded Strike+1"],"picked":"Glass Knife+1","floor":48}],"player_experience":747724,"relics_obtained":[{"floor":2.0,"key":"Toy Ornithopter"},{"floor":7.0,"key":"Incense Burner"},{"floor":9.0,"key":"Potion Belt"},{"floor":10.0,"key":"Molten Egg 2"},{"floor":13.0,"key":"MawBank"},{"floor":23.0,"key":"Oddly Smooth Stone"},{"floor":25.0,"key":"CeramicFish"},{"floor":29.0,"key":"Bag of Marbles"},{"floor":40.0,"key":"Happy Flower"},{"floor":41,"key":"FossilizedHelix"},{"floor":42,"key":"Mango"},{"floor":43,"key":"Nunchaku"},{"floor":45,"key":"Art of War"},{"floor":47,"key":"HornCleat"},{"floor":48,"key":"Tingsha"}],"event_choices":[{"damage_healed":0.0,"max_hp_gain":0.0,"max_hp_loss":0.0,"gold_gain":0.0,"cards_transformed":["Strike_G"],"event_name":"Living Wall","player_choice":"Change","floor":5.0,"gold_loss":0.0,"damage_taken":0.0,"cards_obtained":["Poisoned Stab"]},{"damage_healed":0.0,"max_hp_gain":0.0,"max_hp_loss":0.0,"gold_gain":0.0,"event_name":"The Library","player_choice":"Read","floor":20.0,"gold_loss":0.0,"damage_taken":0.0,"cards_obtained":["Blur"]},{"cards_removed":["Strike_G"],"damage_healed":0.0,"max_hp_gain":0.0,"max_hp_loss":0.0,"gold_gain":0.0,"event_name":"Beggar","player_choice":"Gave Gold","floor":21.0,"gold_loss":75.0,"damage_taken":0.0},{"damage_healed":0.0,"max_hp_gain":0.0,"max_hp_loss":0.0,"gold_gain":0.0,"cards_transformed":["Strike_G"],"event_name":"Transmorgrifier","player_choice":"Transformed","floor":27.0,"gold_loss":0.0,"damage_taken":0.0,"cards_obtained":["Dash"]},{"cards_removed":["Grand Finale"],"damage_healed":0.0,"max_hp_gain":0.0,"max_hp_loss":0.0,"gold_gain":0.0,"event_name":"Falling","player_choice":"Removed Attack","floor":38.0,"gold_loss":0.0,"damage_taken":0.0},{"damage_healed":0,"gold_gain":0,"player_choice":"Fight","damage_taken":0,"max_hp_gain":0,"max_hp_loss":0,"event_name":"Mysterious Sphere","floor":41,"gold_loss":0},{"damage_healed":0,"gold_gain":0,"player_choice":"Embrace Madness","damage_taken":11,"max_hp_gain":0,"max_hp_loss":0,"event_name":"Winding Halls","floor":46,"gold_loss":0,"cards_obtained":["Madness","Madness"]},{"damage_healed":0,"gold_gain":0,"player_choice":"Fight","damage_taken":0,"max_hp_gain":0,"max_hp_loss":0,"event_name":"MindBloom","floor":48,"gold_loss":0}],"is_beta":false,"boss_relics":[{"not_picked":["Calling Bell","Empty Cage"],"picked":"Cursed Key"},{"not_picked":["Sozu","Runic Dome"],"picked":"Pandora\u0027s Box"}],"items_purged_floors":[36,39],"is_endless":false,"potions_floor_spawned":[1,3,4,19,22,28,31,35,45],"ascension_level":9}}