{"host":"8g24zuco0epbjwbo","time":1613847945,"event":{"mods":["BaseMod","Downfall","Minty Spire (QoL Compilation)","Relic Stats","StSLib"],"gold_per_floor":[99,116,128,190,202,235,262,437,467,7,7,20,51,70,90,192,192,92,108,93,105,105,90,90,90,117,128,155,155,167,201,212,314,314,114,133,352,364,0,33,33,33,33,33,83,102,102,118,135,135,135,163,10,10,10,10,10,10],"floor_reached":56,"language":"ENG","playtime":41325,"items_purged":["Doubt"],"score":899,"play_id":"829c5a38-da29-451b-9977-683ceeb44915","local_time":"20210220140545","is_ascension_mode":true,"campfire_choices":[{"data":"Slimebound:Split","floor":1,"key":"SMITH"},{"floor":18,"key":"RECALL"},{"data":"Slimebound:SpikyOuterGoop","floor":35,"key":"SMITH"},{"floor":54,"key":"REST"}],"circlet_count":0,"master_deck":["Slimebound:Tackle","Slimebound:Split+1","Slimebound:CorrosiveSpit","Slimebound:SamplingLick","Slimebound:LivingWall","Slimebound:SplitSpecialist","Slimebound:Gluttony","Slimebound:MegaLick","Slimebound:SpikyOuterGoop+1","Slimebound:TongueLash","Slimebound:SlimeSpikes","Slimebound:Schlurp","Slimebound:Gluttony","Slimebound:LeechLife","Slimebound:RainOfGoop","Slimebound:Equalize","Slimebound:HungryTackle","Slimebound:SlimeSlap","Slimebound:SplitLeeching","Slimebound:Grow","Slimebound:HauntingLick+1","Slimebound:Replication+1","Slimebound:LivingWall+1","Slimebound:RallyTheTroops","Slimebound:GoopSpray","Slimebound:LeechingTouch","Slimebound:Grow","Slimebound:GoopSpray+1","Slimebound:Recycling","Slimebound:GoopTackle","Slimebound:LeechEnergy","Slimebound:LeadByExample","Slimebound:SamplingLick","Slimebound:ComboTackle+1","Slimebound:Gluttony","Slimebound:AcidTongue+1","expansioncontent:Chronoboost","expansioncontent:LastStand","Slimebound:LeechEnergy+1","Parasite","Slimebound:Dissolve","Slimebound:DisruptingSlam","Slimebound:OneTwoCombo","Slimebound:LeechEnergy"],"relics":["Slimebound:AbsorbEndCombat","Bird Faced Urn","Potion Belt","Singing Bowl","Torii","Slimebound:SlimedSkullRelic","Incense Burner","Pandora\u0027s Box","downfall:HeartBlessingGreen","Mercury Hourglass","Oddly Smooth Stone","Akabeko","Tiny Chest","Black Star","downfall:HeartBlessingRed","downfall:HeartBlessingBlue","bronze:BronzeIdol","bronze:DonusWashers","Bottled Lightning","hexamod:BolsterEngine","hexamod:CandleOfCauterizing","Dead Branch","Bottled Tornado","Ornamental Fan","Bag of Marbles","Cauldron"],"acts_visited":["Exordium","TheCity","TheBeyond","TheEnding"],"potions_floor_usage":[23,23,43,43,50,50,50,55,56,56,56,56],"damage_taken":[{"damage":7,"enemies":"Cultist","floor":2,"turns":4},{"damage":0,"enemies":"2 Louse","floor":3,"turns":3},{"damage":26,"enemies":"3 Sentries","floor":4,"turns":7},{"damage":0,"enemies":"Small Slimes","floor":5,"turns":3},{"damage":19,"enemies":"Gremlin Nob","floor":6,"turns":5},{"damage":2,"enemies":"Lagavulin","floor":9,"turns":7},{"damage":6,"enemies":"downfall:FleeingMerchant","floor":10,"turns":4},{"damage":0,"enemies":"3 Louse","floor":12,"turns":4},{"damage":24,"enemies":"3 Sentries","floor":13,"turns":7},{"damage":4,"enemies":"Gremlin Gang","floor":14,"turns":4},{"damage":8,"enemies":"Large Slime","floor":15,"turns":6},{"damage":2,"enemies":"SI_SHIV_ARCHETYPE","floor":16,"turns":8},{"damage":10,"enemies":"3 Byrds","floor":19,"turns":5},{"damage":5,"enemies":"downfall:FleeingMerchant","floor":20,"turns":4},{"damage":2,"enemies":"downfall:LooterAlt2","floor":21,"turns":3},{"damage":4,"enemies":"downfall:FleeingMerchant","floor":23,"turns":4},{"damage":1,"enemies":"Centurion and Healer","floor":27,"turns":8},{"damage":40,"enemies":"Slavers","floor":28,"turns":5},{"damage":1,"enemies":"Snake Plant","floor":30,"turns":4},{"damage":2,"enemies":"Book of Stabbing","floor":31,"turns":5},{"damage":2,"enemies":"Cultist and Chosen","floor":32,"turns":6},{"damage":45,"enemies":"DF_ARCHETYPE_CLAW","floor":33,"turns":11},{"damage":8,"enemies":"3 Shapes","floor":36,"turns":4},{"damage":2,"enemies":"downfall:FleeingMerchant","floor":37,"turns":3},{"damage":1,"enemies":"3 Darklings","floor":38,"turns":5},{"damage":86,"enemies":"Giant Head","floor":40,"turns":10},{"damage":8,"enemies":"Giant Head","floor":43,"turns":9},{"damage":0,"enemies":"Giant Head","floor":45,"turns":4},{"damage":7,"enemies":"Writhing Mass","floor":46,"turns":7},{"damage":21,"enemies":"4 Shapes","floor":48,"turns":5},{"damage":10,"enemies":"Jaw Worm Horde","floor":49,"turns":5},{"damage":102,"enemies":"IC_BLOCK_ARCHETYPE","floor":50,"turns":15},{"damage":77,"enemies":"downfall:CharBossMerchant","floor":52,"turns":8},{"damage":25,"enemies":"downfall:NeowBoss","floor":55,"turns":16},{"damage":100,"enemies":"downfall:NeowBossFinal","floor":56,"turns":8}],"seed_played":"-8555727338660841064","potions_obtained":[{"floor":2,"key":"Strength Potion"},{"floor":3,"key":"champ:CounterPotion"},{"floor":6,"key":"Energy Potion"},{"floor":9,"key":"LiquidBronze"},{"floor":15,"key":"AttackPotion"},{"floor":31,"key":"SpeedPotion"},{"floor":32,"key":"champ:CounterPotion"},{"floor":40,"key":"Block Potion"},{"floor":46,"key":"GamblersBrew"},{"floor":49,"key":"sneckomod:MuddlingPotion"},{"floor":52,"key":"SmokeBomb"},{"floor":53,"key":"Weak Potion"},{"floor":53,"key":"Explosive Potion"},{"floor":53,"key":"Guardian:BlockOnCardUsePotion"}],"is_trial":false,"path_per_floor":["R","M","M","?","M","E","T","?","E","$","?","M","E","M","M","B",null,"R","M","$","M","?","$","T","?","T","M","E","?","M","E","M","B",null,"R","M","$","M","$","E","T","?","?","$","?","M","T","M","M","B",null,"E","$","R","B","B"],"character_chosen":"SLIMEBOUND","items_purchased":["Slimebound:SlimedSkullRelic","Slimebound:SpikyOuterGoop","Slimebound:LeadByExample","Slimebound:SamplingLick","bronze:BronzeIdol","Slimebound:Gluttony","bronze:DonusWashers","Cauldron"],"campfire_rested":1,"item_purchase_floors":[10,10,37,37,39,39,39,53],"current_hp_per_floor":[47,48,50,28,30,17,17,17,27,27,67,67,49,55,53,65,67,67,59,67,67,67,67,67,67,67,67,55,55,69,69,69,37,69,79,75,79,79,79,7,7,2,59,59,67,81,81,66,81,58,81,25,25,49,68,0,0,0],"gold":10,"neow_bonus":"ONE_RARE_RELIC","is_daily":false,"chose_seed":false,"campfire_upgraded":2,"win_rate":0.0,"timestamp":1613847945,"path_taken":["R","M","?","?","M","E","T","?","E","$","?","M","E","?","M","BOSS","R","M","$","M","?","$","T","?","?","?","E","?","M","E","M","BOSS","R","M","$","M","$","E","T","?","?","$","?","M","?","M","M","BOSS","E","$","R","BOSS","BOSS"],"items_purchased_type":["Relic","Card","Card","Card","Relic","Card","Relic","Relic"],"build_version":"2020-12-22","purchased_purges":1,"victory":false,"max_hp_per_floor":[65,65,65,65,65,65,65,65,67,67,67,67,67,67,67,67,67,67,67,67,67,67,67,67,67,67,67,69,69,69,69,69,69,69,79,79,79,79,79,79,79,79,79,79,81,81,81,81,81,81,81,81,81,81,81,81,81,81],"relic_stats":{"Singing Bowl":6,"Torii":64,"counters":[35,209],"Ornamental Fan":[24],"Bird Faced Urn":[130],"Dead Branch":[232],"Pandora\u0027s Box":["Slimebound:RainOfGoop","Slimebound:Equalize","Slimebound:HungryTackle","Slimebound:Teamwork","Slimebound:SlimeSlap","Slimebound:Chomp","Slimebound:SplitLeeching"],"Tiny Chest":1,"Black Star":2,"obtain_stats":[{"Singing Bowl":6,"Torii":9,"downfall:HeartBlessingGreen":18,"Incense Burner":13,"Bottled Tornado":47,"downfall:HeartBlessingBlue":35,"Tiny Chest":31,"Potion Belt":4,"bronze:DonusWashers":39,"hexamod:CandleOfCauterizing":41,"downfall:HeartBlessingRed":35,"Dead Branch":45,"Oddly Smooth Stone":26,"Akabeko":28,"Mercury Hourglass":24,"bronze:BronzeIdol":39,"Cauldron":53,"Ornamental Fan":52,"Bird Faced Urn":0,"Pandora\u0027s Box":17,"Slimebound:AbsorbEndCombat":0,"Black Star":34,"Bag of Marbles":52,"Bottled Lightning":40,"hexamod:BolsterEngine":40,"Slimebound:SlimedSkullRelic":10},{"Singing Bowl":5,"Torii":6,"downfall:HeartBlessingGreen":12,"Incense Burner":9,"Bottled Tornado":29,"downfall:HeartBlessingBlue":22,"Tiny Chest":20,"Potion Belt":3,"bronze:DonusWashers":25,"hexamod:CandleOfCauterizing":26,"downfall:HeartBlessingRed":22,"Dead Branch":28,"Oddly Smooth Stone":16,"Akabeko":18,"Mercury Hourglass":16,"bronze:BronzeIdol":25,"Cauldron":33,"Ornamental Fan":33,"Bird Faced Urn":0,"Pandora\u0027s Box":12,"Slimebound:AbsorbEndCombat":0,"Black Star":22,"Bag of Marbles":33,"Bottled Lightning":26,"hexamod:BolsterEngine":26,"Slimebound:SlimedSkullRelic":7},{"Singing Bowl":19,"Torii":26,"downfall:HeartBlessingGreen":58,"Incense Burner":41,"Bottled Tornado":152,"downfall:HeartBlessingBlue":111,"Tiny Chest":96,"Potion Belt":12,"bronze:DonusWashers":123,"hexamod:CandleOfCauterizing":133,"downfall:HeartBlessingRed":111,"Dead Branch":145,"Oddly Smooth Stone":74,"Akabeko":87,"Mercury Hourglass":74,"bronze:BronzeIdol":123,"Cauldron":185,"Ornamental Fan":185,"Bird Faced Urn":0,"Pandora\u0027s Box":58,"Slimebound:AbsorbEndCombat":0,"Black Star":111,"Bag of Marbles":185,"Bottled Lightning":133,"hexamod:BolsterEngine":133,"Slimebound:SlimedSkullRelic":30}],"Mercury Hourglass":[438]},"card_choices":[{"not_picked":["Slimebound:GoopSpray","Slimebound:ProtectTheBoss"],"picked":"Slimebound:SamplingLick","floor":2},{"not_picked":["Slimebound:FinishingTackle","Slimebound:PressTheAttack"],"picked":"Slimebound:Repurpose","floor":3},{"not_picked":["Slimebound:TongueLash","Slimebound:SlimeTap"],"picked":"Slimebound:LivingWall","floor":4},{"not_picked":["Slimebound:DivideAndConquer","Slimebound:Chomp"],"picked":"Slimebound:SplitSpecialist","floor":5},{"not_picked":["Slimebound:SamplingLick","Slimebound:Grow"],"picked":"Slimebound:Gluttony","floor":6},{"not_picked":["Slimebound:Repurpose","Slimebound:ComboTackle","Slimebound:Overexert"],"picked":"Singing Bowl","floor":9},{"not_picked":["Slimebound:SplitAcid","Slimebound:GoopTackle"],"picked":"Slimebound:MegaLick","floor":10},{"not_picked":["Slimebound:RollThrough","Slimebound:Chomp"],"picked":"Slimebound:TongueLash","floor":12},{"not_picked":["Slimebound:SplitAcid","Slimebound:ComboTackle"],"picked":"Slimebound:SlimeSpikes","floor":13},{"not_picked":["Slimebound:RollThrough","Slimebound:SlimeBrawl"],"picked":"Slimebound:Schlurp","floor":14},{"not_picked":["Slimebound:Prepare","Slimebound:FinishingTackle"],"picked":"Slimebound:Gluttony","floor":15},{"not_picked":["Slimebound:CheckThePlaybook","Slimebound:FirmFortitude"],"picked":"Slimebound:LeechLife","floor":16},{"not_picked":["Slimebound:LeechingTouch+1","Slimebound:TongueLash"],"picked":"Slimebound:Grow","floor":19},{"not_picked":["Slimebound:PressTheAttack","Slimebound:Prepare"],"picked":"Slimebound:HauntingLick+1","floor":20},{"not_picked":["Slimebound:TongueLash","Slimebound:HauntingLick"],"picked":"Slimebound:Replication+1","floor":21},{"not_picked":["Slimebound:SlimeBrawl","Slimebound:DisruptingSlam+1"],"picked":"Slimebound:LivingWall+1","floor":23},{"not_picked":["Slimebound:SplitMire","Slimebound:Chomp"],"picked":"Slimebound:GoopSpray","floor":27},{"not_picked":["Slimebound:FinishingTackle","Slimebound:GoopSpray","Slimebound:LivingWall"],"picked":"Singing Bowl","floor":28},{"not_picked":["Slimebound:OneTwoCombo","Slimebound:RollThrough"],"picked":"Slimebound:LeechingTouch","floor":30},{"not_picked":["Slimebound:ProtectTheBoss","Slimebound:CheckThePlaybook"],"picked":"Slimebound:Grow","floor":31},{"not_picked":["Slimebound:BestDefense","Slimebound:SplitAcid"],"picked":"Slimebound:GoopSpray+1","floor":32},{"not_picked":["Slimebound:PrepareCrush","Slimebound:SelfFormingGoo"],"picked":"Slimebound:Recycling","floor":33},{"not_picked":["Slimebound:SlimeBarrage+1","Slimebound:DisruptingSlam+1"],"picked":"Slimebound:GoopTackle","floor":36},{"not_picked":["Slimebound:SamplingLick","Slimebound:Schlurp+1"],"picked":"Slimebound:LeechEnergy","floor":37},{"not_picked":["Slimebound:Schlurp","Slimebound:FlameTackle"],"picked":"Slimebound:ComboTackle+1","floor":38},{"not_picked":["Slimebound:BestDefense","Slimebound:GoopSpray+1"],"picked":"Slimebound:AcidTongue+1","floor":40},{"not_picked":["expansioncontent:Hexaburn","expansioncontent:InvincibleStrength"],"picked":"expansioncontent:Chronoboost","floor":42},{"not_picked":["expansioncontent:HyperBeam","expansioncontent:AwakenDeath"],"picked":"expansioncontent:LastStand","floor":42},{"not_picked":["Slimebound:ForwardTackle","Slimebound:HauntingLick"],"picked":"Slimebound:LeechEnergy+1","floor":43},{"not_picked":["Slimebound:SplitBruiser","Slimebound:ForwardTackle+1","Slimebound:Grow+1"],"picked":"Singing Bowl","floor":45},{"not_picked":["Slimebound:LeadByExample+1","Slimebound:LevelUp+1"],"picked":"Slimebound:Dissolve","floor":46},{"not_picked":["Slimebound:ForwardTackle","Slimebound:Repurpose+1"],"picked":"Slimebound:DisruptingSlam","floor":48},{"not_picked":["Slimebound:GoopTackle","Slimebound:Recollect"],"picked":"Slimebound:OneTwoCombo","floor":49},{"not_picked":["Slimebound:ServeAndProtect+1","Slimebound:RollThrough"],"picked":"Slimebound:LeechEnergy","floor":52}],"player_experience":517154,"relics_obtained":[{"floor":4,"key":"Potion Belt"},{"floor":6,"key":"Singing Bowl"},{"floor":9,"key":"Torii"},{"floor":13,"key":"Incense Burner"},{"floor":24,"key":"Mercury Hourglass"},{"floor":26,"key":"Oddly Smooth Stone"},{"floor":28,"key":"Akabeko"},{"floor":31,"key":"Tiny Chest"},{"floor":40,"key":"Bottled Lightning"},{"floor":40,"key":"hexamod:BolsterEngine"},{"floor":41,"key":"hexamod:CandleOfCauterizing"},{"floor":45,"key":"Dead Branch"},{"floor":47,"key":"Bottled Tornado"},{"floor":52,"key":"Ornamental Fan"},{"floor":52,"key":"Bag of Marbles"}],"event_choices":[{"cards_removed":["Slimebound:Repurpose"],"damage_healed":40,"gold_gain":0,"player_choice":"Offered Uncommon","damage_taken":0,"max_hp_gain":0,"max_hp_loss":0,"event_name":"Bonfire Elementals","floor":11,"gold_loss":0},{"damage_healed":0,"gold_gain":0,"player_choice":"Ignored","damage_taken":0,"max_hp_gain":0,"max_hp_loss":0,"event_name":"Ghosts","floor":22,"gold_loss":0},{"damage_healed":0,"gold_gain":0,"cards_transformed":["Slimebound:Chomp","Slimebound:Teamwork"],"player_choice":"Became Test Subject","damage_taken":0,"max_hp_gain":0,"max_hp_loss":0,"event_name":"Drug Dealer","floor":25,"gold_loss":0,"cards_obtained":["Slimebound:RallyTheTroops","Slimebound:ForwardTackle"]}],"is_beta":false,"boss_relics":[{"not_picked":["Runic Pyramid","Snecko Eye"],"picked":"Pandora\u0027s Box"},{"not_picked":["Coffee Dripper","Slimebound:AbsorbEndCombatUpgraded"],"picked":"Black Star"}],"items_purged_floors":[10],"is_endless":false,"potions_floor_spawned":[2,3,6,9,15,16,21,31,32,38,40,46,49,52],"killed_by":"downfall:NeowBossFinal","ascension_level":1}}