{"host":"4gkev1dtxxhiue3x","time":1613855184,"event":{"mods":["AchievementEnabler","BaseMod","Better Altar","Better Match","Better Note","Better Sensory Stone","Better Skull","Better Third Choice","Colored Powertips","Friendly Minions","Hermit","Minty Spire (QoL Compilation)","Relic Stats","Robot Space Explorer","Shop Mod","StSLib","The Disciple","The Hierophant"],"gold_per_floor":[118,156,199,221,9,9,60,60,60,90,82,82],"floor_reached":11,"language":"ENG","playtime":684,"items_purged":["hierophant:Strike_Hierophant"],"score":77,"play_id":"6b59c366-4f1d-4ab1-9642-24890fcd8db7","local_time":"20210220220624","is_ascension_mode":true,"campfire_choices":[{"data":"hierophant:RepressedViolence","floor":6,"key":"SMITH"},{"floor":8,"key":"REST"}],"circlet_count":0,"master_deck":["hierophant:Strike_Hierophant","hierophant:Strike_Hierophant","hierophant:Strike_Hierophant","hierophant:Punish","hierophant:Defend_Hierophant","hierophant:Defend_Hierophant","hierophant:Defend_Hierophant","hierophant:Defend_Hierophant","hierophant:ChurchCoffers","hierophant:RustyCrate","hierophant:Doubloon","hierophant:Doubloon","hierophant:Racketeering","hierophant:ThreeLashes","hierophant:RepressedViolence+1","hierophant:ArchangelShield","hierophant:Doubloon","hierophant:Charity"],"relics":["hierophant:PropheticMaskRelic","NeowsBlessing","Membership Card","Bottled Lightning","Darkstone Periapt","Sundial"],"acts_visited":["Exordium"],"potions_floor_usage":[],"damage_taken":[{"damage":0,"enemies":"Jaw Worm","floor":1,"turns":1},{"damage":0,"enemies":"Small Slimes","floor":2,"turns":1},{"damage":0,"enemies":"Cultist","floor":3,"turns":1},{"damage":13,"enemies":"Exordium Thugs","floor":4,"turns":5},{"damage":45,"enemies":"Gremlin Nob","floor":7,"turns":6},{"damage":51,"enemies":"Lagavulin","floor":11,"turns":11}],"seed_played":"533017245122699839","potions_obtained":[{"floor":3,"key":"GamblersBrew"},{"floor":7,"key":"Regen Potion"}],"is_trial":false,"path_per_floor":["M","M","M","M","$","R","E","R","T","?","E"],"character_chosen":"HIEROPHANT","items_purchased":["Membership Card","hierophant:ArchangelShield"],"campfire_rested":1,"item_purchase_floors":[5,5],"current_hp_per_floor":[75,75,75,62,62,62,17,39,39,39,0,0],"gold":82,"neow_bonus":"THREE_ENEMY_KILL","is_daily":false,"chose_seed":false,"campfire_upgraded":1,"win_rate":0.0,"timestamp":1613855184,"path_taken":["M","M","M","M","$","R","E","R","T","?","E"],"items_purchased_type":["Relic","Card"],"build_version":"2020-12-22","purchased_purges":1,"victory":false,"max_hp_per_floor":[75,75,75,75,75,75,75,75,75,75,75,75],"relic_stats":{"Darkstone Periapt":0,"counters":[6,25],"Sundial":[2],"obtain_stats":[{"Darkstone Periapt":9,"NeowsBlessing":0,"Sundial":10,"hierophant:PropheticMaskRelic":0,"Membership Card":5,"Bottled Lightning":7},{"Darkstone Periapt":5,"NeowsBlessing":0,"Sundial":5,"hierophant:PropheticMaskRelic":0,"Membership Card":4,"Bottled Lightning":5},{"Darkstone Periapt":14,"NeowsBlessing":0,"Sundial":14,"hierophant:PropheticMaskRelic":0,"Membership Card":8,"Bottled Lightning":14}]},"card_choices":[{"not_picked":["hierophant:Shelter","hierophant:Remorse"],"picked":"hierophant:RustyCrate","floor":1},{"not_picked":["hierophant:DisplayOfPower","hierophant:Flagellation"],"picked":"hierophant:Racketeering","floor":2},{"not_picked":["hierophant:FlamingChariot","hierophant:Alms"],"picked":"hierophant:ThreeLashes","floor":3},{"not_picked":["hierophant:SolarFlare","hierophant:Smite"],"picked":"hierophant:RepressedViolence","floor":4},{"not_picked":["hierophant:AuricBeam","hierophant:Anathema"],"picked":"hierophant:Charity","floor":7}],"player_experience":220042,"relics_obtained":[{"floor":7,"key":"Bottled Lightning"},{"floor":9,"key":"Darkstone Periapt"}],"event_choices":[{"damage_healed":0,"gold_gain":30,"player_choice":"Searched \u00272\u0027 times","damage_taken":0,"relics_obtained":["Sundial"],"max_hp_gain":0,"max_hp_loss":0,"event_name":"Dead Adventurer","floor":10,"gold_loss":0}],"is_beta":false,"boss_relics":[],"items_purged_floors":[5],"is_endless":false,"potions_floor_spawned":[3,7],"killed_by":"Lagavulin","ascension_level":1}}