{"host":"4gkev1dtxxhiue3x","time":1613853839,"event":{"mods":["AchievementEnabler","BaseMod","Better Altar","Better Match","Better Note","Better Sensory Stone","Better Skull","Better Third Choice","Colored Powertips","Friendly Minions","Hermit","Minty Spire (QoL Compilation)","Relic Stats","Robot Space Explorer","Shop Mod","StSLib","The Disciple","The Hierophant"],"gold_per_floor":[110,128,128,128,303,329,341,353,443,455,483,188,188,204,204,300,300,311,311,28,28,40,40,40,40,93,93,93,4,19,52,52,156,156,156,156,175,187,199,229,248,248,248,248,259,39,66,66,66,66,66,66,30,62,62],"floor_reached":56,"language":"ENG","playtime":5013,"items_purged":["Doubt","Burn","Shame","Doubt"],"score":1639,"play_id":"af96bd6b-edef-4930-af53-4667bff460d1","local_time":"20210220214359","is_ascension_mode":true,"campfire_choices":[{"floor":8.0,"key":"DIG"},{"floor":10.0,"key":"DIG"},{"floor":13.0,"key":"DIG"},{"floor":15.0,"key":"DIG"},{"floor":23.0,"key":"DIG"},{"floor":25.0,"key":"DIG"},{"floor":28.0,"key":"DIG"},{"floor":32.0,"key":"DIG"},{"floor":42.0,"key":"RECALL"},{"floor":44.0,"key":"DIG"},{"floor":49,"key":"DIG"},{"floor":52,"key":"DIG"}],"circlet_count":0,"master_deck":["Defend_R","Defend_R+1","Defend_R","Defend_R","Bash","Flex+1","Combust","Regret","Wild Strike","Carnage","Rupture+1","Rupture+1","Shockwave","Corruption+1","Feel No Pain+1","Bite","Bite+1","Bite","Bite","Bite+1","Rupture+1","Purity","Warcry+1","Corruption+1","Battle Trance","Second Wind+1"],"relics":["Burning Blood","NeowsBlessing","Red Skull","MerchantsRug","Dead Branch","Mercury Hourglass","Fusion Hammer","HandDrill","betterThird:NestCultRelic","Centennial Puzzle","Nunchaku","Shuriken","Lantern","Cursed Key","Blue Candle","Magic Flower","InkBottle","Ornamental Fan","Eternal Feather"],"acts_visited":["Exordium","TheCity","TheBeyond","TheEnding"],"potions_floor_usage":[55,55],"damage_taken":[{"damage":0.0,"enemies":"Small Slimes","floor":1.0,"turns":1.0},{"damage":0.0,"enemies":"2 Louse","floor":2.0,"turns":1.0},{"damage":0.0,"enemies":"Gremlin Nob","floor":6.0,"turns":1.0},{"damage":15.0,"enemies":"Jaw Worm","floor":11.0,"turns":3.0},{"damage":23.0,"enemies":"Looter","floor":14.0,"turns":3.0},{"damage":61.0,"enemies":"Hexaghost","floor":16.0,"turns":8.0},{"damage":2.0,"enemies":"Chosen","floor":18.0,"turns":2.0},{"damage":24.0,"enemies":"3 Byrds","floor":22.0,"turns":5.0},{"damage":0.0,"enemies":"Snake Plant","floor":30.0,"turns":1.0},{"damage":15.0,"enemies":"Slavers","floor":31.0,"turns":3.0},{"damage":41.0,"enemies":"Automaton","floor":33.0,"turns":6.0},{"damage":0.0,"enemies":"3 Shapes","floor":35.0,"turns":1.0},{"damage":3.0,"enemies":"3 Darklings","floor":37.0,"turns":1.0},{"damage":27.0,"enemies":"Jaw Worm Horde","floor":38.0,"turns":3.0},{"damage":8.0,"enemies":"Maw","floor":39.0,"turns":6.0},{"damage":57.0,"enemies":"Nemesis","floor":40.0,"turns":5.0},{"damage":3.0,"enemies":"Writhing Mass","floor":41.0,"turns":3.0},{"damage":21.0,"enemies":"Transient","floor":45.0,"turns":5.0},{"damage":0,"enemies":"Giant Head","floor":47,"turns":1},{"damage":3,"enemies":"Awakened One","floor":50,"turns":2},{"damage":3,"enemies":"Shield and Spear","floor":54,"turns":2},{"damage":32,"enemies":"The Heart","floor":55,"turns":6}],"seed_played":"-1772053061478581029","potions_obtained":[{"floor":1.0,"key":"SmokeBomb"},{"floor":2.0,"key":"FairyPotion"},{"floor":18.0,"key":"SteroidPotion"},{"floor":30.0,"key":"Strength Potion"},{"floor":36.0,"key":"EssenceOfSteel"},{"floor":36.0,"key":"CultistPotion"},{"floor":40.0,"key":"Fire Potion"}],"is_trial":false,"path_per_floor":["M","M","?","?","?","E","?","R","T","R","M","$","R","M","R","B",null,"M","?","$","?","M","R","?","R","T","$","R","$","M","E","R","B",null,"M","?","M","M","M","E","M","R","T","R","M","$","E","?","R","B",null,"R","$","E","B",null],"character_chosen":"IRONCLAD","items_purchased":["MerchantsRug","Rupture+1","Rupture+1","HandDrill","Purity","Whetstone","Ornamental Fan"],"campfire_rested":0,"item_purchase_floors":[12,12,20,20,29,46,53],"current_hp_per_floor":[80,80,80,80,80,80,80,80,90,90,81,81,81,64,64,9,70,74,62,62,62,48,48,48,48,48,48,48,48,54,49,49,26,53,59,59,62,47,55,16,23,23,23,23,19,19,25,25,25,34,53,53,53,59,52],"gold":62,"neow_bonus":"THREE_ENEMY_KILL","is_daily":false,"chose_seed":false,"campfire_upgraded":0,"win_rate":0.0,"timestamp":1613853839,"path_taken":["M","M","?","?","?","E","?","R","T","R","M","$","R","M","R","BOSS","M","?","$","?","M","R","?","R","T","$","R","?","M","E","R","BOSS","M","?","?","M","M","E","M","R","T","R","?","$","E","?","R","BOSS","R","$","E","BOSS"],"items_purchased_type":["Relic","Card","Card","Relic","Card","Relic","Relic"],"build_version":"2020-12-22","purchased_purges":4,"victory":true,"max_hp_per_floor":[80,80,80,80,80,80,80,80,90,90,90,90,90,90,90,90,90,90,62,62,62,62,62,62,62,62,62,62,62,62,62,62,62,62,62,62,62,62,62,62,62,62,62,62,62,62,62,59,59,59,59,59,59,59,59],"relic_stats":{"counters":[22,69],"Dead Branch":[443],"Blue Candle":[3],"Magic Flower":[15],"Eternal Feather":0,"Cursed Key":1,"Burning Blood":118,"Mercury Hourglass":[233],"Centennial Puzzle":[28],"Nunchaku":[12],"Shuriken":[27],"Ornamental Fan":[24],"HandDrill":[24],"obtain_stats":[{"Lantern":31,"Magic Flower":47,"Whetstone":46,"Cursed Key":34,"Burning Blood":0,"Centennial Puzzle":23,"Nunchaku":24,"Shovel":3,"Fusion Hammer":17,"HandDrill":20,"Red Skull":8,"InkBottle":49,"MerchantsRug":12,"Pear":9,"NeowsBlessing":0,"Dead Branch":13,"Blue Candle":40,"Eternal Feather":54,"betterThird:NestCultRelic":21,"Frozen Egg 2":10,"War Paint":26,"MawBank":6,"Question Card":32,"Mercury Hourglass":15,"Bottled Flame":44,"Shuriken":25,"Ornamental Fan":53,"Bottled Lightning":52,"Unceasing Top":28},{"Lantern":10,"Magic Flower":19,"Whetstone":18,"Cursed Key":11,"Burning Blood":0,"Centennial Puzzle":8,"Nunchaku":8,"Shovel":2,"Fusion Hammer":6,"HandDrill":7,"Red Skull":3,"InkBottle":19,"MerchantsRug":4,"Pear":3,"NeowsBlessing":0,"Dead Branch":4,"Blue Candle":16,"Eternal Feather":21,"betterThird:NestCultRelic":7,"Frozen Egg 2":3,"War Paint":8,"MawBank":3,"Question Card":10,"Mercury Hourglass":5,"Bottled Flame":17,"Shuriken":8,"Ornamental Fan":20,"Bottled Lightning":20,"Unceasing Top":8},{"Lantern":28,"Magic Flower":59,"Whetstone":58,"Cursed Key":34,"Burning Blood":0,"Centennial Puzzle":24,"Nunchaku":24,"Shovel":2,"Fusion Hammer":17,"HandDrill":19,"Red Skull":3,"InkBottle":59,"MerchantsRug":6,"Pear":3,"NeowsBlessing":0,"Dead Branch":6,"Blue Candle":50,"Eternal Feather":63,"betterThird:NestCultRelic":19,"Frozen Egg 2":3,"War Paint":24,"MawBank":3,"Question Card":28,"Mercury Hourglass":9,"Bottled Flame":53,"Shuriken":24,"Ornamental Fan":61,"Bottled Lightning":61,"Unceasing Top":24}],"InkBottle":[12]},"card_choices":[{"not_picked":["Pummel","Sever Soul"],"picked":"Flex","floor":1.0},{"not_picked":["Iron Wave","Perfected Strike"],"picked":"Combust","floor":2.0},{"not_picked":["Flex","Armaments"],"picked":"Wild Strike","floor":6.0},{"not_picked":["Fiend Fire","Iron Wave"],"picked":"Rupture+1","floor":11.0},{"not_picked":["True Grit","Body Slam"],"picked":"Shockwave","floor":14.0},{"not_picked":["Barricade+1","Juggernaut+1"],"picked":"Corruption+1","floor":16.0},{"not_picked":["Warcry","Havoc"],"picked":"Feel No Pain+1","floor":18.0},{"not_picked":["Hemokinesis+1","Havoc","Spot Weakness"],"picked":"SKIP","floor":22.0},{"not_picked":["Twin Strike","Rampage+1","Armaments"],"picked":"SKIP","floor":30.0},{"not_picked":["Flex","Combust+1"],"picked":"Warcry+1","floor":31.0},{"not_picked":["Double Tap","Berserk+1","Fiend Fire"],"picked":"Corruption+1","floor":33.0},{"not_picked":["Infernal Blade+1","Pommel Strike+1","Inflame+1"],"picked":"Battle Trance","floor":37.0},{"not_picked":["Spot Weakness+1","Blood for Blood","Disarm+1","Heavy Blade+1"],"picked":"SKIP","floor":38.0},{"not_picked":["Cleave","Rampage","Pummel+1","Havoc"],"picked":"SKIP","floor":39.0},{"not_picked":["Flex+1","Bloodletting","Combust+1","Headbutt"],"picked":"SKIP","floor":40.0},{"not_picked":["Clash","Flex","Carnage+1"],"picked":"Second Wind+1","floor":41.0},{"not_picked":["True Grit","Brutality+1","Second Wind+1","Heavy Blade+1"],"picked":"SKIP","floor":45.0},{"not_picked":["Dual Wield+1","Sword Boomerang","Ghostly Armor","Blood for Blood"],"picked":"SKIP","floor":47},{"not_picked":["Feel No Pain","Intimidate","Demon Form"],"picked":"SKIP","floor":54}],"player_experience":214427,"relics_obtained":[{"floor":6.0,"key":"MawBank"},{"floor":8.0,"key":"Red Skull"},{"floor":9.0,"key":"Pear"},{"floor":10.0,"key":"Frozen Egg 2"},{"floor":13.0,"key":"Dead Branch"},{"floor":15.0,"key":"Mercury Hourglass"},{"floor":23.0,"key":"Centennial Puzzle"},{"floor":25.0,"key":"Shuriken"},{"floor":26.0,"key":"War Paint"},{"floor":28.0,"key":"Unceasing Top"},{"floor":31.0,"key":"Lantern"},{"floor":32.0,"key":"Question Card"},{"floor":40.0,"key":"Blue Candle"},{"floor":44.0,"key":"Bottled Flame"},{"floor":47,"key":"Magic Flower"},{"floor":49,"key":"InkBottle"},{"floor":52,"key":"Bottled Lightning"},{"floor":54,"key":"Eternal Feather"}],"event_choices":[{"damage_healed":0.0,"max_hp_gain":0.0,"max_hp_loss":0.0,"gold_gain":0.0,"event_name":"Big Fish","player_choice":"Box","floor":3.0,"gold_loss":0.0,"damage_taken":0.0,"relics_obtained":["Shovel"],"cards_obtained":["Regret"]},{"damage_healed":80.0,"max_hp_gain":0.0,"max_hp_loss":80.0,"gold_gain":0.0,"event_name":"betterThird:BetterShining","player_choice":"Embrace Burn","floor":4.0,"gold_loss":0.0,"damage_taken":0.0},{"damage_healed":0.0,"max_hp_gain":0.0,"max_hp_loss":0.0,"gold_gain":175.0,"event_name":"betterThird:BetterSerpent","player_choice":"AGREE","floor":5.0,"gold_loss":0.0,"damage_taken":128.0},{"damage_healed":0.0,"max_hp_gain":0.0,"max_hp_loss":0.0,"gold_gain":0.0,"cards_transformed":["Strike_R"],"event_name":"Living Wall","player_choice":"Change","floor":7.0,"gold_loss":0.0,"damage_taken":0.0,"cards_obtained":["Carnage"]},{"damage_healed":0.0,"max_hp_gain":0.0,"max_hp_loss":28.0,"gold_gain":0.0,"event_name":"Vampires","player_choice":"Became a vampire","floor":19.0,"gold_loss":0.0,"damage_taken":0.0,"cards_obtained":["Bite","Bite","Bite","Bite","Bite"]},{"damage_healed":0.0,"max_hp_gain":0.0,"max_hp_loss":0.0,"gold_gain":0.0,"event_name":"betterThird:BetterNest","player_choice":"Madness","floor":21.0,"gold_loss":0.0,"damage_taken":0.0,"relics_obtained":["betterThird:NestCultRelic"]},{"damage_healed":0.0,"max_hp_gain":0.0,"max_hp_loss":0.0,"gold_gain":0.0,"event_name":"Addict","player_choice":"Stole Relic","floor":24.0,"gold_loss":0.0,"damage_taken":0.0,"relics_obtained":["Nunchaku"],"cards_obtained":["Shame"]},{"damage_healed":0.0,"max_hp_gain":0.0,"max_hp_loss":0.0,"gold_gain":0.0,"event_name":"Lab","player_choice":"Got Potions","floor":36.0,"gold_loss":0.0,"damage_taken":0.0},{"damage_healed":0,"gold_gain":0,"player_choice":"Max HP","damage_taken":0,"max_hp_gain":0,"max_hp_loss":3,"event_name":"Winding Halls","floor":48,"gold_loss":0}],"is_beta":false,"boss_relics":[{"not_picked":["Empty Cage","Velvet Choker"],"picked":"Fusion Hammer"},{"not_picked":["Runic Dome","Sozu"],"picked":"Cursed Key"}],"items_purged_floors":[12,20,46,53],"is_endless":false,"potions_floor_spawned":[1,2,18,30,39,40,41,54],"ascension_level":5}}