{"host":"s41rn2jhghpwfrvz","time":1613790791,"event":{"mods":["BaseMod","Minty Spire (QoL Compilation)","Quick Restart","Relic Stats","SuperFastMode"],"gold_per_floor":[117,117,117,129,148,179,179,212,236,264,283,310,320,352,352,427,427,438,353,353,364,37,37,62,74,97,123,157,192,211,231,231,308,308,323,341,358,358,358,384,11,36,36,36,36,36,61,71,71,71,71,71,71,71,106,106],"floor_reached":57,"language":"ENG","playtime":2161,"items_purged":["Wallop","Metallicize"],"score":3331,"play_id":"ed6ae0fb-cbe9-4a06-9ff4-8707c0ed77c7","local_time":"20210220051311","daily_mods":["SealedDeck","Diverse","DeadlyEvents"],"is_ascension_mode":true,"campfire_choices":[{"data":"Expertise","floor":7,"key":"SMITH"},{"data":"Tactician","floor":15,"key":"SMITH"},{"data":"Feel No Pain","floor":23,"key":"SMITH"},{"data":"Eviscerate","floor":32,"key":"PURGE"},{"data":"Madness","floor":44,"key":"SMITH"},{"data":"Double Tap","floor":46,"key":"SMITH"},{"floor":49,"key":"RECALL"},{"data":"TalkToTheHand","floor":53,"key":"SMITH"}],"circlet_count":0,"master_deck":["AscendersBane","Coolheaded","WheelKick","Setup+1","Expertise+1","Blade Dance","Gash","Genetic Algorithm+1","Grand Finale","Feel No Pain+1","Meteor Strike","Double Tap+1","TalkToTheHand+1","Madness+1","Madness+1"],"relics":["Burning Blood","Happy Flower","Pen Nib","Bag of Preparation","Orichalcum","Boot","Shovel","Runic Pyramid","Blood Vial","Medical Kit","Dream Catcher","Ice Cream","Peace Pipe","Oddly Smooth Stone","Empty Cage","Kunai","Mango","InkBottle","Singing Bowl","Toy Ornithopter","Bird Faced Urn","War Paint"],"acts_visited":["Exordium","TheCity","TheBeyond","TheEnding"],"potions_floor_usage":[12,56],"damage_taken":[{"damage":7,"enemies":"Small Slimes","floor":1,"turns":3},{"damage":0,"enemies":"Cultist","floor":4,"turns":2},{"damage":0,"enemies":"2 Louse","floor":5,"turns":1},{"damage":6,"enemies":"Lagavulin","floor":6,"turns":4},{"damage":10,"enemies":"Gremlin Nob","floor":8,"turns":3},{"damage":0,"enemies":"Lagavulin","floor":10,"turns":3},{"damage":0,"enemies":"Exordium Thugs","floor":11,"turns":3},{"damage":9,"enemies":"3 Sentries","floor":12,"turns":3},{"damage":0,"enemies":"Blue Slaver","floor":13,"turns":2},{"damage":0,"enemies":"Gremlin Nob","floor":14,"turns":2},{"damage":14,"enemies":"Hexaghost","floor":16,"turns":4},{"damage":10,"enemies":"2 Thieves","floor":18,"turns":2},{"damage":0,"enemies":"Spheric Guardian","floor":21,"turns":2},{"damage":5,"enemies":"Book of Stabbing","floor":24,"turns":3},{"damage":0,"enemies":"Centurion and Healer","floor":25,"turns":3},{"damage":13,"enemies":"Slavers","floor":27,"turns":4},{"damage":3,"enemies":"Book of Stabbing","floor":28,"turns":3},{"damage":0,"enemies":"Gremlin Leader","floor":29,"turns":3},{"damage":0,"enemies":"Snake Plant","floor":30,"turns":2},{"damage":0,"enemies":"3 Cultists","floor":31,"turns":2},{"damage":0,"enemies":"Champ","floor":33,"turns":3},{"damage":0,"enemies":"Orb Walker","floor":35,"turns":1},{"damage":0,"enemies":"3 Darklings","floor":36,"turns":3},{"damage":0,"enemies":"Jaw Worm Horde","floor":37,"turns":2},{"damage":6,"enemies":"Giant Head","floor":40,"turns":4},{"damage":0,"enemies":"Nemesis","floor":42,"turns":3},{"damage":0,"enemies":"Mind Bloom Boss Battle","floor":47,"turns":3},{"damage":0,"enemies":"Writhing Mass","floor":48,"turns":3},{"damage":8,"enemies":"Donu and Deca","floor":50,"turns":3},{"damage":0,"enemies":"Time Eater","floor":51,"turns":4},{"damage":21,"enemies":"Shield and Spear","floor":55,"turns":3},{"damage":8,"enemies":"The Heart","floor":56,"turns":6}],"seed_played":"-2769594618911203727","potions_obtained":[{"floor":5,"key":"Explosive Potion"},{"floor":6,"key":"FearPotion"},{"floor":13,"key":"CultistPotion"},{"floor":47,"key":"Block Potion"}],"is_trial":true,"path_per_floor":["M","?","?","M","M","E","R","E","T","E","M","E","M","E","R","B",null,"M","?","?","M","$","R","E","M","T","E","E","E","M","M","R","B",null,"M","M","M","T","?","E","$","E","T","R","$","R","?","M","R","B","B",null,"R","$","E","B",null],"character_chosen":"IRONCLAD","items_purchased":["Medical Kit","Feel No Pain","InkBottle"],"campfire_rested":0,"item_purchase_floors":[22,22,41],"current_hp_per_floor":[67,67,67,73,75,75,75,71,71,75,75,72,75,75,75,67,73,69,69,48,56,56,56,59,67,67,62,67,75,80,80,80,80,80,80,80,80,80,66,82,82,92,92,92,92,92,98,100,100,98,100,100,100,100,87,94],"gold":106,"neow_bonus":"","is_daily":false,"chose_seed":false,"campfire_upgraded":6,"win_rate":0.0,"timestamp":1613790791,"path_taken":["M","?","?","M","M","E","R","E","T","E","M","E","M","?","R","BOSS","M","?","?","?","$","R","E","M","T","E","?","E","?","M","R","BOSS","M","M","M","?","?","E","$","E","T","R","$","R","?","M","R","BOSS","BOSS","R","$","E","BOSS"],"items_purchased_type":["Relic","Card","Relic"],"build_version":"2020-12-22","purchased_purges":2,"victory":true,"max_hp_per_floor":[75,75,75,75,75,75,75,75,75,75,75,75,75,75,75,75,75,75,75,80,80,80,80,80,80,80,80,80,80,80,80,80,80,80,80,80,80,80,80,94,94,96,96,96,96,96,98,100,100,100,100,100,100,100,102,102],"relic_stats":{"Happy Flower":[27],"Singing Bowl":8,"counters":[32,92],"Pen Nib":[44],"Bag of Preparation":[54],"Orichalcum":[42],"War Paint":["Madness","Genetic Algorithm"],"Boot":[202],"Medical Kit":[16],"Burning Blood":122,"Blood Vial":24,"Peace Pipe":1,"Dream Catcher":0,"Shovel":0,"Bird Faced Urn":[2],"Kunai":[67],"obtain_stats":[{"Ice Cream":27,"Happy Flower":6,"Singing Bowl":42,"Oddly Smooth Stone":29,"Mango":40,"Pen Nib":8,"Bag of Preparation":9,"Orichalcum":10,"War Paint":55,"Boot":12,"Medical Kit":22,"Empty Cage":34,"Burning Blood":0,"Blood Vial":19,"Peace Pipe":28,"Dream Catcher":24,"Shovel":14,"Bird Faced Urn":47,"Kunai":38,"InkBottle":41,"Toy Ornithopter":43,"Runic Pyramid":17},{"Ice Cream":16,"Happy Flower":4,"Singing Bowl":26,"Oddly Smooth Stone":18,"Mango":25,"Pen Nib":5,"Bag of Preparation":5,"Orichalcum":6,"War Paint":31,"Boot":8,"Medical Kit":13,"Empty Cage":21,"Burning Blood":0,"Blood Vial":12,"Peace Pipe":17,"Dream Catcher":14,"Shovel":10,"Bird Faced Urn":27,"Kunai":24,"InkBottle":25,"Toy Ornithopter":26,"Runic Pyramid":11},{"Ice Cream":44,"Happy Flower":10,"Singing Bowl":70,"Oddly Smooth Stone":50,"Mango":67,"Pen Nib":13,"Bag of Preparation":13,"Orichalcum":16,"War Paint":86,"Boot":22,"Medical Kit":34,"Empty Cage":57,"Burning Blood":0,"Blood Vial":32,"Peace Pipe":47,"Dream Catcher":37,"Shovel":26,"Bird Faced Urn":73,"Kunai":63,"InkBottle":67,"Toy Ornithopter":70,"Runic Pyramid":30}],"InkBottle":[31],"Toy Ornithopter":5},"card_choices":[{"not_picked":["Sword Boomerang","Flex","Compile Driver"],"picked":"SKIP","floor":1},{"not_picked":["Outmaneuver","Aggregate","Dodge and Roll"],"picked":"SKIP","floor":4},{"not_picked":["Compile Driver","Perfected Strike","Gash"],"picked":"SKIP","floor":5},{"not_picked":["Reckless Charge","Pummel","JustLucky"],"picked":"SKIP","floor":6},{"not_picked":["ForeignInfluence","Sucker Punch","Tools of the Trade"],"picked":"SKIP","floor":8},{"not_picked":["Evaluate","Flying Knee","Conserve Battery"],"picked":"SKIP","floor":10},{"not_picked":["Heel Hook","Genetic Algorithm","Bane"],"picked":"SKIP","floor":11},{"not_picked":["Heel Hook","Bane"],"picked":"Genetic Algorithm","floor":11},{"not_picked":["Outmaneuver","FlurryOfBlows"],"picked":"Tactician","floor":12},{"not_picked":["Spot Weakness","WindmillStrike","Consecrate"],"picked":"SKIP","floor":13},{"not_picked":["Consecrate","FTL","Corpse Explosion"],"picked":"SKIP","floor":14},{"not_picked":["SpiritShield","Tools of the Trade"],"picked":"Grand Finale","floor":16},{"not_picked":["FollowUp","Go for the Eyes+1","Power Through"],"picked":"SKIP","floor":18},{"not_picked":["Bane","Leap","Shrug It Off"],"picked":"SKIP","floor":21},{"not_picked":["Turbo","ClearTheMind","Heatsinks"],"picked":"SKIP","floor":24},{"not_picked":["FearNoEvil+1","Undo","Cloak And Dagger"],"picked":"SKIP","floor":25},{"not_picked":["Bullet Time","Underhanded Strike"],"picked":"Meteor Strike","floor":27},{"not_picked":["Venomology","Shockwave","ThirdEye"],"picked":"SKIP","floor":28},{"not_picked":["Choke","Dagger Throw","Adaptation"],"picked":"SKIP","floor":29},{"not_picked":["Streamline+1","Rupture","Halt"],"picked":"SKIP","floor":30},{"not_picked":["Evolve","True Grit","Pray"],"picked":"SKIP","floor":31},{"not_picked":["Judgement","Blasphemy"],"picked":"Double Tap","floor":33},{"not_picked":["Burning Pact+1","Hello World+1"],"picked":"TalkToTheHand","floor":35},{"not_picked":["Consecrate","Quick Slash+1","WaveOfTheHand"],"picked":"SKIP","floor":36},{"not_picked":["JustLucky","FlyingSleeves+1","SandsOfTime"],"picked":"SKIP","floor":37},{"not_picked":["Redo","Juggernaut","Fasting2"],"picked":"SKIP","floor":40},{"not_picked":["Evaluate","CutThroughFate","Dual Wield"],"picked":"Singing Bowl","floor":42},{"not_picked":["Consecrate","Protect","Tantrum"],"picked":"Singing Bowl","floor":47},{"not_picked":["Perseverance","Ball Lightning+1","Rebound"],"picked":"Singing Bowl","floor":48},{"not_picked":["Protect","Perfected Strike+1","Go for the Eyes"],"picked":"Singing Bowl","floor":55}],"player_experience":1942809,"relics_obtained":[{"floor":6,"key":"Happy Flower"},{"floor":8,"key":"Pen Nib"},{"floor":9,"key":"Bag of Preparation"},{"floor":10,"key":"Orichalcum"},{"floor":12,"key":"Boot"},{"floor":14,"key":"Shovel"},{"floor":24,"key":"Dream Catcher"},{"floor":27,"key":"Ice Cream"},{"floor":28,"key":"Peace Pipe"},{"floor":29,"key":"Oddly Smooth Stone"},{"floor":38,"key":"Kunai"},{"floor":40,"key":"Mango"},{"floor":42,"key":"Singing Bowl"},{"floor":43,"key":"Toy Ornithopter"},{"floor":47,"key":"Bird Faced Urn"},{"floor":55,"key":"War Paint"}],"event_choices":[{"damage_healed":0,"gold_gain":0,"player_choice":"Grow","damage_taken":0,"max_hp_gain":0,"max_hp_loss":0,"event_name":"Living Wall","floor":2,"gold_loss":0,"cards_upgraded":["Calculated Gamble"]},{"damage_healed":0,"gold_gain":0,"player_choice":"Forge","damage_taken":0,"max_hp_gain":0,"max_hp_loss":0,"event_name":"Accursed Blacksmith","floor":3,"gold_loss":0,"cards_upgraded":["Setup"]},{"damage_healed":0,"gold_gain":0,"player_choice":"Obtained Relic","damage_taken":0,"relics_obtained":["Blood Vial"],"max_hp_gain":0,"max_hp_loss":0,"event_name":"Addict","floor":19,"gold_loss":85},{"damage_healed":0,"gold_gain":0,"player_choice":"Shed Blood","damage_taken":26,"max_hp_gain":5,"max_hp_loss":0,"event_name":"Forgotten Altar","floor":20,"gold_loss":0},{"damage_healed":0,"gold_gain":0,"player_choice":"Embrace Madness","damage_taken":14,"max_hp_gain":0,"max_hp_loss":0,"event_name":"Winding Halls","floor":39,"gold_loss":0,"cards_obtained":["Madness","Madness"]},{"damage_healed":0,"gold_gain":0,"player_choice":"Fight","damage_taken":0,"max_hp_gain":0,"max_hp_loss":0,"event_name":"MindBloom","floor":47,"gold_loss":0}],"is_beta":false,"boss_relics":[{"not_picked":["Philosopher\u0027s Stone","Velvet Choker"],"picked":"Runic Pyramid"},{"not_picked":["Snecko Eye","SlaversCollar"],"picked":"Empty Cage"}],"items_purged_floors":[22,41],"is_endless":false,"potions_floor_spawned":[5,6,11,13,16,18,25,30,31,36,42,47,48,55],"ascension_level":20}}