{"host":"iggyqwhh1tk9qczq","time":1613820756,"event":{"mods":["BaseMod","Downfall","Googly Eyes","Minty Spire (QoL Compilation)","StSLib","The Disciple","The Mystic","The Necromancer","The Runesmith","The Servant 0.9.4","Together in Spire","Yuri Mod"],"gold_per_floor":[112,130,142,161,8,8,43,43,43,57,57,86,86,36,36,139,139,151,151,121,141,141,141],"floor_reached":22,"language":"ENG","playtime":1107,"items_purged":["Strike_R"],"score":196,"play_id":"6b6c0562-6773-481d-9dbc-5bb65f741107","local_time":"20210220033236","is_ascension_mode":false,"campfire_choices":[{"data":"Evolve","floor":6,"key":"SMITH"},{"data":"1","floor":8,"key":"LIFT"},{"data":"2","floor":13,"key":"LIFT"},{"data":"3","floor":15,"key":"LIFT"}],"circlet_count":0,"master_deck":["Strike_R","Strike_R","Strike_R","Defend_R","Defend_R","Defend_R","Bash","Fire Breathing","Fire Breathing","Armaments","Evolve+1","Rampage","Fire Breathing","Ghostly Armor","Juggernaut","Entrench"],"relics":["Burning Blood","Girya","Prayer Wheel","Unceasing Top","Runic Cube"],"acts_visited":["Exordium","TheCity"],"potions_floor_usage":[7,12,16,21],"damage_taken":[{"damage":4,"enemies":"2 Louse","floor":1,"turns":4},{"damage":3,"enemies":"Cultist","floor":2,"turns":5},{"damage":4,"enemies":"Small Slimes","floor":3,"turns":5},{"damage":3,"enemies":"2 Fungi Beasts","floor":4,"turns":4},{"damage":27,"enemies":"Lagavulin","floor":7,"turns":8},{"damage":9,"enemies":"Blue Slaver","floor":10,"turns":5},{"damage":15,"enemies":"Gremlin Nob","floor":12,"turns":4},{"damage":12,"enemies":"The Guardian","floor":16,"turns":12},{"damage":25,"enemies":"Spheric Guardian","floor":18,"turns":7},{"damage":36,"enemies":"2 Thieves","floor":20,"turns":5},{"damage":32,"enemies":"Snecko","floor":21,"turns":6},{"damage":15,"enemies":"Centurion and Healer","floor":22,"turns":1}],"seed_played":"-4634918855940316201","potions_obtained":[{"floor":1,"key":"bronze:BurnAndBuffPotion"},{"floor":4,"key":"Slimebound:ThreeZeroPotion"},{"floor":7,"key":"HeartOfIron"},{"floor":19,"key":"FearPotion"},{"floor":19,"key":"Regen Potion"},{"floor":19,"key":"Dexterity Potion"}],"is_trial":false,"path_per_floor":["M","M","M","M","$","R","E","R","T","M","$","E","R","?","R","B",null,"M","?","M","M","M"],"character_chosen":"IRONCLAD","items_purchased":["Evolve"],"campfire_rested":0,"item_purchase_floors":[5],"current_hp_per_floor":[80,80,80,80,80,80,59,59,59,56,56,47,47,47,47,41,80,61,61,31,14,0,0],"gold":141,"neow_bonus":"REMOVE_CARD","is_daily":false,"chose_seed":false,"campfire_upgraded":1,"win_rate":0.0,"timestamp":1613820756,"path_taken":["M","M","M","M","$","R","E","R","T","M","$","E","R","?","R","BOSS","M","?","?","M","M"],"items_purchased_type":["Card"],"build_version":"2020-12-22","purchased_purges":1,"victory":false,"max_hp_per_floor":[80,80,80,80,80,80,80,80,80,80,80,80,80,80,80,80,80,80,80,80,80,80,80],"card_choices":[{"not_picked":["Anger","Armaments"],"picked":"Fire Breathing","floor":1},{"not_picked":["Anger","Clash"],"picked":"Fire Breathing","floor":2},{"not_picked":["Sentinel","Twin Strike"],"picked":"Armaments","floor":3},{"not_picked":["Twin Strike","Body Slam","Feel No Pain"],"picked":"SKIP","floor":4},{"not_picked":["Perfected Strike","Flex"],"picked":"Rampage","floor":7},{"not_picked":["Warcry","Clash"],"picked":"Fire Breathing","floor":10},{"not_picked":["Burning Pact","Impervious"],"picked":"Ghostly Armor","floor":10},{"not_picked":["Dropkick","Pummel","Evolve"],"picked":"SKIP","floor":12},{"not_picked":["Corruption","Double Tap"],"picked":"Juggernaut","floor":16},{"not_picked":["Heavy Blade","Twin Strike"],"picked":"Entrench","floor":18},{"not_picked":["Flame Barrier","Hemokinesis","Uppercut"],"picked":"SKIP","floor":18},{"not_picked":["Shrug It Off","Anger","Juggernaut"],"picked":"SKIP","floor":20},{"not_picked":["Twin Strike+1","Havoc","Warcry+1"],"picked":"SKIP","floor":20},{"not_picked":["Warcry+1","Anger","Perfected Strike"],"picked":"SKIP","floor":21},{"not_picked":["Sword Boomerang","Dual Wield","Pommel Strike+1"],"picked":"SKIP","floor":21}],"player_experience":142397,"relics_obtained":[{"floor":7,"key":"Girya"},{"floor":9,"key":"Prayer Wheel"},{"floor":12,"key":"Unceasing Top"}],"event_choices":[{"cards_removed":["Defend_R"],"damage_healed":0,"gold_gain":0,"player_choice":"Card Removal","damage_taken":0,"max_hp_gain":0,"max_hp_loss":0,"event_name":"The Cleric","floor":14,"gold_loss":50},{"damage_healed":0,"gold_gain":0,"player_choice":"Got Potions","damage_taken":0,"max_hp_gain":0,"max_hp_loss":0,"event_name":"Lab","floor":19,"gold_loss":0}],"is_beta":false,"boss_relics":[{"not_picked":["Runic Pyramid","Philosopher\u0027s Stone"],"picked":"Runic Cube"}],"items_purged_floors":[5],"is_endless":false,"potions_floor_spawned":[1,4,7],"killed_by":"Centurion and Healer","ascension_level":0}}