{"host":"f76wcztdlwlduum6","time":1613865499,"event":{"mods":["BaseMod","BetterRewards","Colored Powertips","Minty Spire (QoL Compilation)","Quick Restart","Rare Cards Sparkle","Relic Stats","StSLib","SuperFastMode","everything is the same but u backflip on backflip"],"gold_per_floor":[113,128,148,68,68,68,111,111,111,154,223,237,253,287,287,381,381,396,396,396,411,424,467,467,500,500,500,50,75,1,34,34,34,34],"floor_reached":33,"language":"ENG","playtime":733,"items_purged":["Defend_R"],"score":671,"play_id":"796c2011-4be7-467b-a35c-fc77c2701546","local_time":"20210220175819","is_ascension_mode":true,"campfire_choices":[{"floor":6,"key":"RECALL"},{"floor":8,"key":"REST"},{"floor":15,"key":"REST"},{"floor":24,"key":"REST"},{"data":"Immolate","floor":27,"key":"PURGE"},{"floor":32,"key":"REST"}],"circlet_count":0,"master_deck":["AscendersBane","Strike_R","Strike_R","Strike_R","Strike_R","Strike_R","Defend_R","Defend_R","Defend_R","Bash","Pommel Strike","Perfected Strike","Perfected Strike","Inflame","Twin Strike","Perfected Strike","Shrug It Off","Feed","Wild Strike","Perfected Strike","Armaments","Pommel Strike","Double Tap","Armaments","Master of Strategy","True Grit","Wild Strike","Battle Trance"],"relics":["Fusion Hammer","Golden Idol","Ginger","StrikeDummy","Prayer Wheel","Paper Frog","Peace Pipe","Black Star","Nilry\u0027s Codex","Red Skull","HornCleat","Pantograph","Ornamental Fan","Anchor","ClockworkSouvenir","MealTicket","Nunchaku"],"acts_visited":["Exordium","TheCity"],"potions_floor_usage":[7,16,21,23,31,31],"damage_taken":[{"damage":1,"enemies":"Cultist","floor":1,"turns":3},{"damage":0,"enemies":"Jaw Worm","floor":2,"turns":3},{"damage":0,"enemies":"2 Louse","floor":3,"turns":2},{"damage":35,"enemies":"Lagavulin","floor":7,"turns":4},{"damage":6,"enemies":"Gremlin Nob","floor":10,"turns":3},{"damage":0,"enemies":"Blue Slaver","floor":12,"turns":1},{"damage":0,"enemies":"Exordium Thugs","floor":13,"turns":2},{"damage":20,"enemies":"3 Sentries","floor":14,"turns":4},{"damage":42,"enemies":"The Guardian","floor":16,"turns":8},{"damage":0,"enemies":"Chosen","floor":18,"turns":3},{"damage":0,"enemies":"Spheric Guardian","floor":21,"turns":1},{"damage":6,"enemies":"3 Cultists","floor":22,"turns":3},{"damage":21,"enemies":"Slavers","floor":23,"turns":3},{"damage":6,"enemies":"Book of Stabbing","floor":25,"turns":3},{"damage":8,"enemies":"Centurion and Healer","floor":29,"turns":3},{"damage":15,"enemies":"Slavers","floor":31,"turns":3},{"damage":71,"enemies":"Champ","floor":33,"turns":6}],"seed_played":"-2796627283611175752","potions_obtained":[{"floor":3,"key":"PowerPotion"},{"floor":7,"key":"Ancient Potion"},{"floor":12,"key":"Weak Potion"},{"floor":21,"key":"Fruit Juice"},{"floor":22,"key":"ColorlessPotion"},{"floor":23,"key":"EssenceOfSteel"}],"is_trial":false,"path_per_floor":["M","M","M","$","?","R","E","R","T","E","T","M","M","E","R","B",null,"M","?","?","M","M","E","R","E","T","R","$","M","$","E","R","B"],"character_chosen":"IRONCLAD","items_purchased":["Inflame","Master of Strategy","ClockworkSouvenir","Battle Trance"],"campfire_rested":4,"item_purchase_floors":[4,28,28,30],"current_hp_per_floor":[67,67,67,67,67,67,32,52,52,46,46,46,46,26,46,4,52,52,31,31,36,33,15,38,32,32,32,32,24,24,12,36,0,0],"gold":34,"neow_bonus":"BOSS_RELIC","is_daily":false,"chose_seed":false,"campfire_upgraded":0,"win_rate":0.0,"timestamp":1613865499,"path_taken":["M","M","?","$","?","R","E","R","T","E","?","M","M","E","R","BOSS","M","?","?","M","M","E","R","E","T","R","$","?","?","E","R","BOSS"],"items_purchased_type":["Card","Card","Relic","Card"],"build_version":"2020-12-22","purchased_purges":1,"victory":false,"max_hp_per_floor":[75,75,75,75,68,68,68,68,68,68,68,68,68,68,68,68,68,68,68,68,73,76,79,79,79,79,79,79,79,79,82,82,82,82],"relic_stats":{"Peace Pipe":1,"Nunchaku":[1],"counters":[17,55],"Golden Idol":87,"Ornamental Fan":[12],"Pantograph":25,"Prayer Wheel":6,"MealTicket":0,"Black Star":3,"Ginger":[5],"obtain_stats":[{"Golden Idol":5,"Nilry\u0027s Codex":19,"Ginger":7,"Burning Blood":0,"ClockworkSouvenir":28,"Peace Pipe":14,"Anchor":26,"Nunchaku":31,"HornCleat":23,"Ornamental Fan":25,"Pantograph":25,"Prayer Wheel":10,"MealTicket":31,"Fusion Hammer":0,"Black Star":17,"StrikeDummy":9,"Red Skull":23,"Paper Frog":11},{"Golden Idol":3,"Nilry\u0027s Codex":10,"Ginger":4,"Burning Blood":0,"ClockworkSouvenir":14,"Peace Pipe":8,"Anchor":14,"Nunchaku":16,"HornCleat":13,"Ornamental Fan":14,"Pantograph":14,"Prayer Wheel":5,"MealTicket":16,"Fusion Hammer":0,"Black Star":9,"StrikeDummy":4,"Red Skull":13,"Paper Frog":5},{"Golden Idol":8,"Nilry\u0027s Codex":33,"Ginger":12,"Burning Blood":0,"ClockworkSouvenir":43,"Peace Pipe":22,"Anchor":43,"Nunchaku":49,"HornCleat":40,"Ornamental Fan":43,"Pantograph":43,"Prayer Wheel":15,"MealTicket":49,"Fusion Hammer":0,"Black Star":30,"StrikeDummy":12,"Red Skull":40,"Paper Frog":15}]},"card_choices":[{"not_picked":["Bloodletting","Flex"],"picked":"Pommel Strike","floor":1},{"not_picked":["Warcry","Carnage"],"picked":"Perfected Strike","floor":2},{"not_picked":["Ghostly Armor","Exhume"],"picked":"Perfected Strike","floor":3},{"not_picked":["Entrench","Clash"],"picked":"Immolate","floor":7},{"not_picked":["True Grit","Infernal Blade"],"picked":"Twin Strike","floor":10},{"not_picked":["True Grit","Burning Pact"],"picked":"Perfected Strike","floor":12},{"not_picked":["Rage","Whirlwind","Iron Wave"],"picked":"SKIP","floor":12},{"not_picked":["Bloodletting","Entrench"],"picked":"Shrug It Off","floor":13},{"not_picked":["Thunderclap","Havoc","Iron Wave"],"picked":"SKIP","floor":13},{"not_picked":["Fire Breathing","Heavy Blade","Power Through"],"picked":"SKIP","floor":14},{"not_picked":["Limit Break","Barricade"],"picked":"Feed","floor":16},{"not_picked":["Searing Blow","Sword Boomerang"],"picked":"Wild Strike","floor":18},{"not_picked":["Heavy Blade","Headbutt","Flame Barrier"],"picked":"SKIP","floor":18},{"not_picked":["Sword Boomerang","Uppercut"],"picked":"Armaments","floor":21},{"not_picked":["Fire Breathing","Clothesline"],"picked":"Pommel Strike","floor":21},{"not_picked":["Uppercut","Anger"],"picked":"Double Tap","floor":22},{"not_picked":["Sword Boomerang","Body Slam"],"picked":"Armaments","floor":22},{"not_picked":["Barricade","Power Through","Armaments"],"picked":"SKIP","floor":23},{"not_picked":["Sever Soul","Dual Wield","Brutality"],"picked":"SKIP","floor":25},{"not_picked":["Reckless Charge","Body Slam"],"picked":"True Grit","floor":29},{"not_picked":["Sever Soul","Cleave"],"picked":"Wild Strike","floor":29},{"not_picked":["Barricade","Shockwave","Havoc"],"picked":"SKIP","floor":31}],"player_experience":365141,"relics_obtained":[{"floor":7,"key":"Ginger"},{"floor":9,"key":"StrikeDummy"},{"floor":10,"key":"Prayer Wheel"},{"floor":11,"key":"Paper Frog"},{"floor":14,"key":"Peace Pipe"},{"floor":19,"key":"Nilry\u0027s Codex"},{"floor":23,"key":"Red Skull"},{"floor":23,"key":"HornCleat"},{"floor":25,"key":"Pantograph"},{"floor":25,"key":"Ornamental Fan"},{"floor":26,"key":"Anchor"},{"floor":31,"key":"MealTicket"},{"floor":31,"key":"Nunchaku"}],"event_choices":[{"damage_healed":0,"gold_gain":0,"player_choice":"Lose Max HP","damage_taken":0,"relics_obtained":["Golden Idol"],"max_hp_gain":0,"max_hp_loss":7,"event_name":"Golden Idol","floor":5,"gold_loss":0},{"damage_healed":0,"gold_gain":0,"player_choice":"Obtained Book","damage_taken":21,"max_hp_gain":0,"max_hp_loss":0,"event_name":"Cursed Tome","floor":19,"gold_loss":0},{"damage_healed":0,"gold_gain":0,"player_choice":"Copied","damage_taken":0,"max_hp_gain":0,"max_hp_loss":0,"event_name":"Duplicator","floor":20,"gold_loss":0,"cards_obtained":["Perfected Strike"]}],"is_beta":false,"boss_relics":[{"not_picked":["Cursed Key","Runic Cube"],"picked":"Black Star"}],"items_purged_floors":[28],"is_endless":false,"potions_floor_spawned":[3,7,12,21,22,23,29],"killed_by":"Champ","ascension_level":20}}