{"host":"rg29p8m4aqjozpzt","time":1613853778,"event":{"mods":["100% Spire Juice","Aspiration","Bartender","BaseMod","Beaked The Cultist","Better Altar","Better Match","Better Sensory Stone","Better Skull","Better Third Choice","BetterRewards","Chen","Colored Powertips","Conspire","Downfall","Friendly Minions","Hermit","Hubris","JesterMod","Magitek Elite","Minty Spire (QoL Compilation)","Permanent Neow","Prisma Mod","QueenMod","Quick Restart","Relic Filter","Reorder Act Four","Shade Mod","StSLib","SuperFastMode","The Alterego","The Marked","The Runesmith","Unceasing Turn Reminder"],"gold_per_floor":[99,99,160,160,160,160,186,200,110,136,154,184,84,69,80,178,178,178,192,202,202,202,202,229,229,71,105,105,121,121,6,17,120,120,120,131,177,187,187,201,225,239,274,509,537,537,437,468,485,485,485,485],"floor_reached":50,"language":"ENG","playtime":6022,"items_purged":["bronze:Strike","bronze:Strike","bronze:Strike","bronze:Defend","bronze:Defend"],"score":704,"play_id":"fccd7a11-c735-4d9c-8664-b69209e25175","local_time":"20210220214258","is_ascension_mode":false,"campfire_choices":[{"data":"bronze:Replicate","floor":1,"key":"SMITH"},{"data":"bronze:Goto","floor":6,"key":"SMITH"},{"data":"bronze:Repair","floor":13,"key":"SMITH"},{"data":"bronze:SpaghettiCode","floor":18,"key":"SMITH"},{"data":"Apotheosis","floor":30,"key":"SMITH"},{"data":"bronze:Defend","floor":35,"key":"PURGE"},{"data":"bronze:Defend","floor":47,"key":"PURGE"}],"circlet_count":0,"master_deck":["bronze:Replicate+1","bronze:Goto+1","bronze:Flail","bronze:CutThrough","bronze:CutThrough","bronze:Frontload","bronze:Shell+1","bronze:Verify","bronze:Boost","bronze:Repair+1","bronze:Turbo","bronze:SpaghettiCode+1","bronze:CutThrough","bronze:Repair","Apotheosis+1","Bandage Up","bronze:Return","bronze:Repulsor+1","bronze:Fortify+1","bronze:CutThrough","bronze:Repair","bronze:Format","bronze:FineTuning"],"relics":["bronze:BronzeCore","downfall:HeartsMalice","aspiration:FrozenJewel","Mythril_Glove","Letter Opener","Vajra","downfall:HeartBlessingGreen","Gem_Box","alterego_mod:SomeoneToFightFor","hubris:Towel","Anchor","Dead Branch","Juzu Bracelet","Peace Pipe","Bloody Idol","hubris:TerracottaHorce","conspire:GlowingRock","Omamori","Toy Ornithopter","downfall:HeartBlessingBlue","conspire:Dentures"],"acts_visited":["Exordium","TheCity","TheBeyond"],"potions_floor_usage":[10,10,26,43,43,43,50],"damage_taken":[{"damage":0,"enemies":"Cultist","floor":2,"turns":1},{"damage":0,"enemies":"Lagavulin Event","floor":3,"turns":1},{"damage":0,"enemies":"Jaw Worm","floor":5,"turns":1},{"damage":0,"enemies":"2 Louse","floor":8,"turns":2},{"damage":0,"enemies":"downfall:FleeingMerchant","floor":9,"turns":4},{"damage":17,"enemies":"3 Sentries","floor":10,"turns":6},{"damage":11,"enemies":"Exordium Thugs","floor":11,"turns":3},{"damage":1,"enemies":"Lagavulin","floor":12,"turns":5},{"damage":8,"enemies":"downfall:FleeingMerchant","floor":14,"turns":4},{"damage":0,"enemies":"Lots of Slimes","floor":15,"turns":2},{"damage":20,"enemies":"IC_STATUS_ARCHETYPE","floor":16,"turns":9},{"damage":3,"enemies":"Chosen","floor":19,"turns":5},{"damage":0,"enemies":"Shell Parasite","floor":20,"turns":4},{"damage":0,"enemies":"downfall:FleeingMerchant","floor":26,"turns":4},{"damage":25,"enemies":"conspire:SneckoGhost","floor":27,"turns":5},{"damage":0,"enemies":"Centurion and Healer","floor":29,"turns":6},{"damage":0,"enemies":"downfall:FleeingMerchant","floor":31,"turns":4},{"damage":0,"enemies":"Snake Plant","floor":32,"turns":2},{"damage":0,"enemies":"WA_ARCHETYPE_CALM","floor":33,"turns":5},{"damage":22,"enemies":"3 Darklings","floor":36,"turns":5},{"damage":45,"enemies":"2 Orb Walkers","floor":37,"turns":6},{"damage":0,"enemies":"Orb Walker","floor":38,"turns":4},{"damage":15,"enemies":"4 Shapes","floor":40,"turns":2},{"damage":33,"enemies":"Sphere and 2 Shapes","floor":42,"turns":4},{"damage":25,"enemies":"Giant Head","floor":43,"turns":9},{"damage":0,"enemies":"downfall:FleeingMerchant","floor":44,"turns":4},{"damage":32,"enemies":"Reptomancer","floor":45,"turns":6},{"damage":25,"enemies":"Giant Head","floor":48,"turns":11},{"damage":0,"enemies":"Maw","floor":49,"turns":9},{"damage":150,"enemies":"SI_POISON_ARCHETYPE","floor":50,"turns":14}],"seed_played":"91354465935008770","potions_obtained":[{"floor":3,"key":"DuplicationPotion"},{"floor":8,"key":"Block Potion"},{"floor":15,"key":"sneckomod:MuddlingPotion"},{"floor":16,"key":"Guardian:BlockOnCardUsePotion"},{"floor":32,"key":"SkillPotion"},{"floor":36,"key":"AttackPotion"},{"floor":49,"key":"Fruit Juice"}],"is_trial":false,"path_per_floor":["R","M","?","?","M","R","T","M","$","E","M","E","R","$","M","B",null,"R","M","M","?","?","?","T","$","$","E","?","M","R","$","M","B",null,"R","M","?","M","?","M","T","M","E","$","E","?","R","E","M","B"],"character_chosen":"THE_AUTOMATON","items_purchased":["Dead Branch","Juzu Bracelet"],"campfire_rested":0,"item_purchase_floors":[25,26],"current_hp_per_floor":[70,70,70,70,70,70,70,70,70,53,42,41,41,43,43,33,70,70,67,67,67,67,67,67,34,60,45,10,40,40,70,70,70,70,70,70,49,70,70,67,70,54,57,70,70,70,80,80,80,0,0,0],"gold":485,"neow_bonus":"THREE_ENEMY_KILL","is_daily":false,"chose_seed":false,"campfire_upgraded":5,"win_rate":0.0,"timestamp":1613853778,"path_taken":["R","?","?","?","?","R","T","?","?","E","M","E","R","$","M","BOSS","R","M","M","?","?","?","T","?","$","E","?","M","R","$","M","BOSS","R","M","?","M","?","M","T","M","E","$","E","?","R","E","M","BOSS"],"items_purchased_type":["Relic","Relic"],"build_version":"2020-12-22","purchased_purges":5,"victory":false,"max_hp_per_floor":[70,70,70,70,70,70,70,70,70,70,70,70,70,70,70,70,70,70,70,70,70,70,70,70,70,70,70,70,70,70,70,70,70,70,70,70,70,70,70,70,70,70,70,70,70,70,80,80,80,85,85,85],"card_choices":[{"not_picked":["bronze:DelayedGuard","bronze:FineTuning"],"picked":"bronze:Flail","floor":2},{"not_picked":["bronze:Optimize","bronze:Turbo"],"picked":"bronze:CutThrough","floor":3},{"not_picked":["bronze:Flail","bronze:Invalidate"],"picked":"bronze:Frontload","floor":5},{"not_picked":["bronze:Overheat","bronze:BronzeArmor"],"picked":"bronze:Shell","floor":8},{"not_picked":["bronze:CutThrough","bronze:FineTuning"],"picked":"bronze:Verify","floor":9},{"not_picked":["bronze:Backtrace","bronze:Overheat","bronze:Repulsor"],"picked":"SKIP","floor":10},{"not_picked":["bronze:BitShift","bronze:NullPointer"],"picked":"bronze:Boost","floor":11},{"not_picked":["bronze:DelayedGuard","bronze:Mutator"],"picked":"bronze:Repair","floor":12},{"not_picked":["bronze:DarkDash","bronze:Shield"],"picked":"bronze:Turbo","floor":14},{"not_picked":["bronze:OilSpill","bronze:WildBeam","bronze:WhirlingStrike"],"picked":"SKIP","floor":15},{"not_picked":["bronze:CleanCode","bronze:Assembly"],"picked":"bronze:SpaghettiCode","floor":16},{"not_picked":["bronze:DelayedSlice","bronze:ClassDefault"],"picked":"bronze:CutThrough","floor":19},{"not_picked":["bronze:ForLoop","bronze:WhirlingStrike"],"picked":"bronze:Repair","floor":20},{"not_picked":["hubris:EnhanceAbility","hubris:Insight"],"picked":"Apotheosis","floor":22},{"not_picked":["hubris:EnhanceAbility","Mayhem"],"picked":"Bandage Up","floor":22},{"not_picked":["bronze:ForLoop","bronze:BugBarrage","bronze:Invalidate"],"picked":"SKIP","floor":26},{"not_picked":["bronze:Safeguard","bronze:OilSpill+1","bronze:BugBarrage"],"picked":"SKIP","floor":27},{"not_picked":["bronze:WhirlingStrike","bronze:ChosenStrike","bronze:Deprecate"],"picked":"SKIP","floor":29},{"not_picked":["bronze:DelayedSlice","bronze:Fortify","bronze:Flail"],"picked":"SKIP","floor":31},{"not_picked":["bronze:Overheat","bronze:BuggyMess"],"picked":"bronze:Return","floor":32},{"not_picked":["bronze:Branch","bronze:Philosophize+1","bronze:OilSpill"],"picked":"SKIP","floor":36},{"not_picked":["bronze:Break","bronze:OilSpill"],"picked":"bronze:Repulsor+1","floor":37},{"not_picked":["bronze:OilSpill+1","bronze:WhirlingStrike"],"picked":"bronze:Fortify+1","floor":38},{"not_picked":["bronze:Repair","bronze:DelayedSlice+1"],"picked":"bronze:CutThrough","floor":40},{"not_picked":["bronze:WhirlingStrike+1","bronze:Branch+1","bronze:Deprecate+1"],"picked":"SKIP","floor":42},{"not_picked":["bronze:BugBarrage","bronze:BronzeOrb","bronze:Fortify+1"],"picked":"SKIP","floor":43},{"not_picked":["bronze:Invalidate","bronze:BuggyMess"],"picked":"bronze:Repair","floor":44},{"not_picked":["bronze:OilSpill+1","bronze:Turbo"],"picked":"bronze:Format","floor":45},{"not_picked":["bronze:Allocate","bronze:Frontload+1"],"picked":"bronze:FineTuning","floor":48},{"not_picked":["bronze:Deprecate","bronze:DelayedGuard","bronze:BugBarrage"],"picked":"SKIP","floor":49}],"player_experience":1578935,"relics_obtained":[{"floor":3,"key":"aspiration:FrozenJewel"},{"floor":7,"key":"Mythril_Glove"},{"floor":10,"key":"Letter Opener"},{"floor":12,"key":"Vajra"},{"floor":24,"key":"Anchor"},{"floor":27,"key":"Peace Pipe"},{"floor":37,"key":"conspire:GlowingRock"},{"floor":43,"key":"Omamori"},{"floor":45,"key":"Toy Ornithopter"},{"floor":48,"key":"conspire:Dentures"}],"event_choices":[{"damage_healed":0,"gold_gain":0,"player_choice":"Choice 2","damage_taken":0,"relics_obtained":["alterego_mod:SomeoneToFightFor"],"max_hp_gain":0,"max_hp_loss":0,"event_name":"Secret Garden","floor":21,"gold_loss":0},{"damage_healed":0,"gold_gain":2,"player_choice":"1","damage_taken":0,"max_hp_gain":0,"max_hp_loss":0,"event_name":"betterStone:BetterStone","floor":22,"gold_loss":0},{"damage_healed":0,"gold_gain":0,"player_choice":" Idol ","damage_taken":35,"relics_obtained":["Bloody Idol"],"max_hp_gain":45,"max_hp_loss":10,"event_name":"betterAltar:BetterAltar","floor":28,"potions_obtained":[],"relics_lost":[],"gold_loss":0},{"damage_healed":0,"gold_gain":0,"player_choice":"Fight","damage_taken":0,"max_hp_gain":0,"max_hp_loss":0,"event_name":"Mysterious Sphere","floor":37,"gold_loss":0},{"damage_healed":0,"gold_gain":0,"player_choice":"Leave","damage_taken":0,"max_hp_gain":0,"max_hp_loss":0,"event_name":"conspire:Investor","floor":46,"gold_loss":0}],"is_beta":false,"boss_relics":[{"not_picked":["hubris:GrandSneckoEye","expansioncontent:StudyCardRelic"],"picked":"Gem_Box"},{"not_picked":["Cursed Key","aspiration:RunicSpoon"],"picked":"hubris:TerracottaHorce"}],"items_purged_floors":[9,25,25,31,44],"is_endless":false,"potions_floor_spawned":[3,8,15,16,32,36,38,40,49],"killed_by":"SI_POISON_ARCHETYPE","ascension_level":0}}