{"host":"ryfs09562e7ibkuk","time":1613786071,"event":{"mods":["BaseMod","Colored Powertips","Minty Spire (QoL Compilation)","Quick Restart","StSLib","The Bug Knight"],"gold_per_floor":[109,125,135,150,0,25,25,59,59,59,78,78,96,96,96,201,201,216,234,246,171,190,190,208,208,208,223,241,254,81,81,81,184,184,194,209,59,59,72,72,72],"floor_reached":40,"language":"ZHS","playtime":2061,"items_purged":["HollowMod:NailStrikeStart","HollowMod:QuickDashStart"],"score":404,"play_id":"7e3a2493-a27a-4149-ad00-4eaffb6e896d","local_time":"20210220095431","is_ascension_mode":false,"campfire_choices":[{"data":"HollowMod:MantisMark","floor":7.0,"key":"SMITH"},{"data":"HollowMod:DoubleDash","floor":10.0,"key":"SMITH"},{"floor":12.0,"key":"REST"},{"floor":15.0,"key":"REST"},{"floor":23.0,"key":"RECALL"},{"floor":32.0,"key":"REST"}],"circlet_count":0,"master_deck":["HollowMod:NailStrikeStart","HollowMod:NailStrikeStart","HollowMod:NailStrikeStart","HollowMod:QuickDashStart","HollowMod:QuickDashStart","HollowMod:FocusHealStart+1","HollowMod:PogoStrike","HollowMod:AbyssShriek","HollowMod:MantisMark+1","HollowMod:DoubleDash+1","HollowMod:SlysStrikes+1","HollowMod:GreatSlash+1","HollowMod:ChannelNail+1","HollowMod:DoubleDash+1","HollowMod:SoulEater+1","HollowMod:AwokenDreamNail","HollowMod:SoulStrike+1"],"relics":["HollowMod:VesselMask","Vajra","Frozen Egg 2","MealTicket","Question Card","Fusion Hammer","Torii","Eternal Feather","SlaversCollar","HollowMod:StagPassRelic"],"acts_visited":["Exordium","TheCity","TheBeyond"],"potions_floor_usage":[],"damage_taken":[{"damage":1.0,"enemies":"Cultist","floor":1.0,"turns":3.0},{"damage":0.0,"enemies":"Small Slimes","floor":2.0,"turns":5.0},{"damage":5.0,"enemies":"Jaw Worm","floor":3.0,"turns":5.0},{"damage":10.0,"enemies":"Looter","floor":4.0,"turns":3.0},{"damage":42.0,"enemies":"Gremlin Nob","floor":6.0,"turns":4.0},{"damage":24.0,"enemies":"Lagavulin","floor":8.0,"turns":5.0},{"damage":0.0,"enemies":"Large Slime","floor":11.0,"turns":4.0},{"damage":15.0,"enemies":"Exordium Thugs","floor":13.0,"turns":3.0},{"damage":47.0,"enemies":"The Guardian","floor":16.0,"turns":15.0},{"damage":22.0,"enemies":"Shell Parasite","floor":18.0,"turns":7.0},{"damage":2.0,"enemies":"Chosen","floor":19.0,"turns":4.0},{"damage":6.0,"enemies":"Sentry and Sphere","floor":20.0,"turns":5.0},{"damage":20.0,"enemies":"Centurion and Healer","floor":22.0,"turns":3.0},{"damage":16.0,"enemies":"Shelled Parasite and Fungi","floor":24.0,"turns":7.0},{"damage":2.0,"enemies":"Cultist and Chosen","floor":27.0,"turns":4.0},{"damage":14.0,"enemies":"Sentry and Sphere","floor":28.0,"turns":4.0},{"damage":9.0,"enemies":"Snake Plant","floor":29.0,"turns":4.0},{"damage":44.0,"enemies":"Champ","floor":33.0,"turns":12.0},{"damage":20.0,"enemies":"Orb Walker","floor":35.0,"turns":4.0},{"damage":33.0,"enemies":"3 Darklings","floor":36.0,"turns":4.0},{"damage":27.0,"enemies":"Jaw Worm Horde","floor":39.0,"turns":3.0},{"damage":22,"enemies":"HollowMod:StalkingDevout","floor":40,"turns":4}],"seed_played":"4766141987945222881","potions_obtained":[{"floor":1.0,"key":"LiquidMemories"},{"floor":4.0,"key":"Explosive Potion"},{"floor":6.0,"key":"Weak Potion"},{"floor":14.0,"key":"SpeedPotion"},{"floor":14.0,"key":"AttackPotion"},{"floor":14.0,"key":"LiquidBronze"},{"floor":16.0,"key":"EntropicBrew"},{"floor":18.0,"key":"GamblersBrew"},{"floor":20.0,"key":"ColorlessPotion"},{"floor":22.0,"key":"Weak Potion"},{"floor":28.0,"key":"Dexterity Potion"},{"floor":35.0,"key":"LiquidMemories"},{"floor":36.0,"key":"Fruit Juice"}],"is_trial":false,"path_per_floor":["M","M","M","M","$","E","R","E","T","R","M","R","M","?","R","B",null,"M","M","M","$","M","R","M","?","T","M","M","M","$","?","R","B",null,"M","M","?","?","M","E"],"character_chosen":"THE_BUGKNIGHT","items_purchased":["Vajra","HollowMod:SoulEater+1"],"campfire_rested":3,"item_purchase_floors":[5,30],"current_hp_per_floor":[75,75,75,71,71,29,29,11,11,11,11,33,28,28,50,15,75,58,62,66,75,61,61,55,55,55,59,51,48,63,49,80,48,80,60,32,32,32,5,0,0],"gold":72,"neow_bonus":"UPGRADE_CARD","is_daily":false,"chose_seed":false,"campfire_upgraded":2,"win_rate":0.0,"timestamp":1613786071,"path_taken":["M","M","M","?","$","E","R","E","T","R","M","R","M","?","R","BOSS","M","M","M","$","M","R","M","?","T","?","M","M","?","?","R","BOSS","M","M","?","?","M","E"],"items_purchased_type":["Relic","Card"],"build_version":"2020-12-22","purchased_purges":2,"victory":false,"max_hp_per_floor":[75,75,75,75,75,75,75,75,75,75,75,75,75,75,75,75,75,75,75,75,75,75,75,75,75,75,75,75,75,75,80,80,80,80,80,85,85,85,85,85,85],"card_choices":[{"not_picked":["HollowMod:PureNailStrike","HollowMod:ShapeofUnn","HollowMod:FastStrike"],"picked":"SKIP","floor":1.0},{"not_picked":["HollowMod:LifebloodCocoon","HollowMod:WraithStrike","HollowMod:DungDefenderAura"],"picked":"SKIP","floor":2.0},{"not_picked":["HollowMod:TaintedHusks","HollowMod:SoulVessel"],"picked":"HollowMod:AbyssShriek","floor":3.0},{"not_picked":["HollowMod:VengefulSpirit","HollowMod:CrystalDash"],"picked":"HollowMod:MantisMark","floor":4.0},{"not_picked":["HollowMod:LifebloodCore","HollowMod:DashSlash"],"picked":"HollowMod:DoubleDash","floor":6.0},{"not_picked":["HollowMod:SoulEater+1","HollowMod:DungDefenderAura","HollowMod:TaintedHusks"],"picked":"SKIP","floor":8.0},{"not_picked":["HollowMod:InfectedCysts","HollowMod:ChannelNail","HollowMod:SharpenedNail","HollowMod:DashSlash"],"picked":"SKIP","floor":11.0},{"not_picked":["HollowMod:ShadowDash","HollowMod:SharpenedNail","HollowMod:DesolateDive","HollowMod:SoulShaman"],"picked":"SKIP","floor":13.0},{"not_picked":["HollowMod:VoidDash","HollowMod:Hiveblood","HollowMod:LifebloodCore"],"picked":"HollowMod:SlysStrikes+1","floor":16.0},{"not_picked":["HollowMod:RecoilStrike","HollowMod:AbyssShriek","HollowMod:NewLittleFool","HollowMod:DashSlash"],"picked":"SKIP","floor":18.0},{"not_picked":["HollowMod:NewJinnsSoul","HollowMod:CycloneSlash","HollowMod:DesolateDive+1"],"picked":"HollowMod:GreatSlash+1","floor":19.0},{"not_picked":["HollowMod:InfectedCysts+1","HollowMod:SoulShaman","HollowMod:SoulVessel+1"],"picked":"HollowMod:ChannelNail+1","floor":20.0},{"not_picked":["HollowMod:LifebloodCocoon","HollowMod:SharpenedShadows+1","HollowMod:DescendingDark","HollowMod:InfectedAttack"],"picked":"SKIP","floor":22.0},{"not_picked":["HollowMod:SoulShaman","HollowMod:CycloneSlash","HollowMod:DoubleDash","HollowMod:WraithStrike"],"picked":"SKIP","floor":24.0},{"not_picked":["HollowMod:NewJinnsSoul","HollowMod:NewGlowingWomb+1","HollowMod:SoulMaster+1"],"picked":"HollowMod:DoubleDash+1","floor":27.0},{"not_picked":["HollowMod:CycloneSlash","HollowMod:NewLittleFool","HollowMod:CloakDash","HollowMod:DashSlash"],"picked":"SKIP","floor":28.0},{"not_picked":["HollowMod:SoulShaman","HollowMod:NewGlowingWomb+1","HollowMod:SiblingsShadow","HollowMod:DungDefenderAura+1"],"picked":"SKIP","floor":29.0},{"not_picked":["HollowMod:SoulMaster+1","HollowMod:HornetsHelp","HollowMod:NewInfectedGuardian"],"picked":"HollowMod:AwokenDreamNail","floor":33.0},{"not_picked":["HollowMod:InfectedCysts+1","HollowMod:CycloneSlash","HollowMod:HowlingWraiths","HollowMod:HeavyBlow"],"picked":"SKIP","floor":35.0},{"not_picked":["HollowMod:ShadowDash+1","HollowMod:FastStrike+1","HollowMod:NewGlowingWomb+1"],"picked":"HollowMod:SoulStrike+1","floor":36.0},{"not_picked":["HollowMod:GoodIntentions","HollowMod:CycloneSlash","HollowMod:AbyssShriek","HollowMod:HeavyBlow+1"],"picked":"SKIP","floor":39.0}],"player_experience":136486,"relics_obtained":[{"floor":6.0,"key":"Frozen Egg 2"},{"floor":8.0,"key":"MealTicket"},{"floor":9.0,"key":"Question Card"},{"floor":26.0,"key":"Eternal Feather"}],"event_choices":[{"damage_healed":0.0,"max_hp_gain":0.0,"max_hp_loss":0.0,"gold_gain":0.0,"event_name":"Lab","player_choice":"Got Potions","floor":14.0,"gold_loss":0.0,"damage_taken":0.0},{"damage_healed":0.0,"max_hp_gain":0.0,"max_hp_loss":0.0,"gold_gain":0.0,"event_name":"WeMeetAgain","player_choice":"Gave Potion","floor":25.0,"gold_loss":0.0,"damage_taken":0.0,"relics_obtained":["Torii"]},{"damage_healed":0.0,"max_hp_gain":5.0,"max_hp_loss":0.0,"gold_gain":0.0,"event_name":"Forgotten Altar","player_choice":"Shed Blood","floor":31.0,"gold_loss":0.0,"damage_taken":19.0}],"is_beta":false,"boss_relics":[{"not_picked":["Cursed Key","Philosopher\u0027s Stone"],"picked":"Fusion Hammer"},{"not_picked":["Sozu","Black Star"],"picked":"SlaversCollar"}],"items_purged_floors":[21,30],"is_endless":false,"potions_floor_spawned":[1,4,6,16,18,20,22,28,35,36],"killed_by":"HollowMod:StalkingDevout","ascension_level":0}}