{"host":"36zn1fhase90d3ns","time":1613810770,"event":{"mods":["100% Spire Juice","2.2 Compatiblity","AchievementEnabler","Act Like it!","Aspiration","BaseMod","BetterRewards","Block Reminder","Colored Map","Colored Powertips","Conspire","Curses Come First","Custom Start","Dark Map","Energized Spire","Friendly Minions","Halation","Hermit","Hubris","Lobotomy","Minty Spire (QoL Compilation)","Prisma Mod","Quick Restart","Reimu??????","Relic Sorter","Reliquary","Remilia??????","Replay The Spire","Spicy Shops","StSLib","The Necromancer","Unceasing Turn Reminder","Yohane!","??????REMEMod"],"gold_per_floor":[110,110,123,58,83,83,12,38,38,38,55,88,88,88,88,191,241,18,18,18,18,28,28,28,38,63,88,88,117,117,130,10,112,112,125,0,18,18,31,66,66,116,140,140,140,140],"floor_reached":45,"language":"ENG","playtime":3199,"items_purged":["Demonic Infusion","Moonworks:Strike"],"score":635,"play_id":"5d0461a3-be8a-4fdd-84a2-3a4606b62368","local_time":"20210220024610","is_ascension_mode":false,"campfire_choices":[{"floor":6,"key":"REST"},{"data":"Moonworks:RagingMadness","floor":10,"key":"SMITH"},{"floor":15,"key":"RECALL"},{"floor":28,"key":"REST"},{"floor":32,"key":"REST"},{"floor":41,"key":"REST"}],"circlet_count":0,"master_deck":["Moonworks:Defend","Moonworks:Defend","Moonworks:Defend","Moonworks:Defend+1","Moonworks:Ambush","Moonworks:LongDistanceShot","Moonworks:RagingMadness+1","Moonworks:ExtendedPhotonRifle","Moonworks:UnpaidWork+1","Moonworks:RagingMadness","Moonworks:JonathanRush+1","Moonworks:Strike","Moonworks:EvilSpyWorkPreparation","Moonworks:CloudOfSeagulls","Moonworks:RagingMadness+1","Moonworks:StarBlastingFuse+1","Moonworks:SubspaceTunnel","Moonworks:EvilSpyWorkPreparation","Moonworks:EvilSpyWorkPreparation","Moonworks:IntelligenceOfficer","Moonworks:ScrambledEve","Moonworks:CloudOfSeagulls+1","Moonworks:BigMagnum","Moonworks:CrystalBarrier","Moonworks:CompletionReward","Moonworks:LuckyCharm+1","Moonworks:AngelHand+1"],"relics":["Moonworks:BrokenBomb","Moonworks:Homemark","REME_ComplimentaryCards","Happy Flower","reliquary:Stiletto","Tea:ReiMu","Replay:Multitool","Tiny House","Iron Hammer","Pet Ghost","PreservedInsect","HornCleat","halation:Yufonium","Red Mask","aspiration:HiddenCompartment","reliquary:OuijaBoard","Potion Belt"],"acts_visited":["Exordium","TheCity","TheBeyond"],"potions_floor_usage":[8,16,31,33,33,40],"damage_taken":[{"damage":0,"enemies":"conspire:RoseBush","floor":1,"turns":5},{"damage":5,"enemies":"Jaw Worm","floor":3,"turns":3},{"damage":25,"enemies":"Replay:BlueRogue","floor":8,"turns":5},{"damage":8,"enemies":"2 Louse","floor":11,"turns":2},{"damage":16,"enemies":"Lagavulin","floor":12,"turns":7},{"damage":12,"enemies":"Hexaghost","floor":16,"turns":6},{"damage":35,"enemies":"2 Thieves","floor":18,"turns":4},{"damage":0,"enemies":"Spheric Guardian","floor":22,"turns":3},{"damage":20,"enemies":"Centurion and Healer","floor":25,"turns":4},{"damage":23,"enemies":"REME_1_Revenger","floor":27,"turns":4},{"damage":16,"enemies":"Replay:Snechameleon","floor":29,"turns":4},{"damage":10,"enemies":"Snecko","floor":31,"turns":6},{"damage":24,"enemies":"Pondfish","floor":33,"turns":7},{"damage":24,"enemies":"Orb Walker","floor":35,"turns":5},{"damage":14,"enemies":"3 Darklings","floor":37,"turns":4},{"damage":13,"enemies":"Jaw Worm Horde","floor":39,"turns":3},{"damage":13,"enemies":"R_Hoarder","floor":40,"turns":6},{"damage":0,"enemies":"Mind Bloom Boss Battle","floor":42,"turns":8},{"damage":40,"enemies":"4 Shapes","floor":45,"turns":3}],"seed_played":"2777002742238663127","potions_obtained":[{"floor":1,"key":"Regen Potion"},{"floor":3,"key":"DistilledChaos"},{"floor":16,"key":"Strength Potion"},{"floor":17,"key":"CultistPotion"},{"floor":18,"key":"Swift Potion"},{"floor":27,"key":"Block Potion"},{"floor":33,"key":"Moonworks:OneHundredPercentOrangeJuicePotion"},{"floor":37,"key":"LiquidBronze"},{"floor":39,"key":"Strength Potion"}],"is_trial":false,"path_per_floor":["M","?","M","$","T","R","$","E","T","R","M","E","R","?","R_BF","B",null,"M","?","?","$","M","R","T","M","T","E","R","E","$","M","R","B",null,"M","?","M","?","M","E","R","?","T","R","M"],"character_chosen":"THE_STARBREAKER","items_purchased":["Moonworks:RagingMadness","Moonworks:ExtendedPhotonRifle","Moonworks:UnpaidWork+1","Moonworks:RagingMadness","Happy Flower","Moonworks:CloudOfSeagulls","Moonworks:RagingMadness"],"campfire_rested":4,"item_purchase_floors":[0,0,0,0,0,4,7],"current_hp_per_floor":[33,33,28,28,28,46,46,35,35,53,45,29,47,47,47,35,65,30,30,30,30,30,65,65,45,45,22,41,25,25,15,34,10,65,41,41,27,27,14,1,20,20,20,39,0,0],"gold":140,"neow_bonus":"","is_daily":false,"chose_seed":false,"campfire_upgraded":1,"win_rate":0.0,"timestamp":1613810770,"path_taken":["M","?","M","?","?","R","$","E","T","R","M","E","R","?","R_BF","BOSS","M","?","?","$","?","R","?","M","T","E","R","E","$","M","R","BOSS","M","?","M","?","M","E","R","?","T","R","M"],"items_purchased_type":["Card","Card","Card","Card","Relic","Card","Card"],"build_version":"2020-12-22","purchased_purges":2,"victory":false,"max_hp_per_floor":[60,60,60,60,60,60,60,60,60,60,60,60,60,60,60,60,65,65,65,65,65,65,65,65,65,65,65,65,65,65,65,65,65,65,65,65,65,65,65,65,65,65,65,65,65,65],"card_choices":[{"not_picked":["Moonworks:CloudOfSeagulls","Moonworks:DeployBits"],"picked":"Moonworks:JonathanRush","floor":1},{"not_picked":["Moonworks:Dinner","Moonworks:ImOnFire"],"picked":"Moonworks:EvilSpyWorkPreparation","floor":3},{"not_picked":["Moonworks:SelfDestruct","Moonworks:DeployBits","Moonworks:ImOnFire"],"picked":"SKIP","floor":8},{"not_picked":["Moonworks:JonathanRush","Moonworks:BeyondHell","Moonworks:ImOnFire"],"picked":"SKIP","floor":11},{"not_picked":["Moonworks:LulusLuckyEgg","Moonworks:EvilSpyWorkPreparation"],"picked":"Moonworks:StarBlastingFuse","floor":12},{"not_picked":["Moonworks:RocketCannon","Moonworks:FinalBattle"],"picked":"Moonworks:SubspaceTunnel","floor":16},{"not_picked":["Moonworks:NicePresent","Moonworks:BigMagnum"],"picked":"Moonworks:EvilSpyWorkPreparation","floor":17},{"not_picked":["Moonworks:CloudOfSeagulls","Moonworks:SakisCookie+1"],"picked":"Moonworks:EvilSpyWorkPreparation","floor":18},{"not_picked":["Moonworks:SelfDestruct","Moonworks:Assault+1","Moonworks:ImOnFire"],"picked":"SKIP","floor":22},{"not_picked":["Moonworks:IndiscriminateFireSupport","Moonworks:ImOnFire"],"picked":"Moonworks:IntelligenceOfficer","floor":25},{"not_picked":["Moonworks:OutOfAmmo","Moonworks:UnluckyCharm"],"picked":"Moonworks:ScrambledEve","floor":27},{"not_picked":["Moonworks:LulusLuckyEgg","Moonworks:Assault+1"],"picked":"Moonworks:CloudOfSeagulls+1","floor":29},{"not_picked":["Moonworks:BackdoorTrade","Moonworks:JonathanRush"],"picked":"Moonworks:BigMagnum","floor":31},{"not_picked":["Moonworks:FinalBattle","Moonworks:RocketCannon"],"picked":"Moonworks:CrystalBarrier","floor":33},{"not_picked":["Moonworks:EvilSpyWorkPreparation","Moonworks:IndiscriminateFireSupport+1"],"picked":"Moonworks:CompletionReward","floor":35},{"not_picked":["Moonworks:BigMagnum","Moonworks:DeployBits+1"],"picked":"Moonworks:LuckyCharm+1","floor":37},{"not_picked":["Moonworks:JonathanRush","Moonworks:x16BigRocket+1","Moonworks:Dinner+1"],"picked":"SKIP","floor":39},{"not_picked":["Moonworks:IntelligenceOfficer","Moonworks:NicePresent","Moonworks:ImOnFire"],"picked":"SKIP","floor":40},{"not_picked":["Moonworks:DeployBits","Moonworks:SakisCookie"],"picked":"Moonworks:AngelHand+1","floor":42}],"player_experience":540899,"relics_obtained":[{"floor":5,"key":"reliquary:Stiletto"},{"floor":8,"key":"Tea:ReiMu"},{"floor":12,"key":"Replay:Multitool"},{"floor":24,"key":"Iron Hammer"},{"floor":26,"key":"Pet Ghost"},{"floor":27,"key":"PreservedInsect"},{"floor":29,"key":"HornCleat"},{"floor":40,"key":"aspiration:HiddenCompartment"},{"floor":42,"key":"reliquary:OuijaBoard"},{"floor":43,"key":"Potion Belt"}],"event_choices":[{"cards_removed":["Moonworks:Strike"],"damage_healed":0,"gold_gain":0,"player_choice":"Offered Basic","damage_taken":0,"max_hp_gain":0,"max_hp_loss":0,"event_name":"Bonfire Elementals","floor":2,"gold_loss":0},{"cards_removed":["Moonworks:Strike"],"damage_healed":0,"gold_gain":0,"player_choice":"Forget","damage_taken":0,"max_hp_gain":0,"max_hp_loss":0,"event_name":"Living Wall","floor":14,"gold_loss":0},{"cards_removed":["Moonworks:Strike"],"damage_healed":0,"gold_gain":0,"player_choice":"Purged","damage_taken":0,"max_hp_gain":0,"max_hp_loss":0,"event_name":"Purifier","floor":20,"gold_loss":0},{"damage_healed":0,"gold_gain":0,"player_choice":"Paid","damage_taken":0,"relics_obtained":["Red Mask"],"max_hp_gain":0,"max_hp_loss":0,"event_name":"Tomb of Lord Red Mask","floor":36,"gold_loss":5},{"damage_healed":0,"gold_gain":0,"player_choice":"Fight","damage_taken":0,"max_hp_gain":0,"max_hp_loss":0,"event_name":"MindBloom","floor":42,"gold_loss":0}],"is_beta":false,"boss_relics":[{"not_picked":["hubris:GrandSneckoEye","halation:CatFaceCupcake"],"picked":"Tiny House"},{"not_picked":["conspire:SlowCooker","aspiration:DefectSkillbook"],"picked":"halation:Yufonium"}],"items_purged_floors":[0,0],"is_endless":false,"potions_floor_spawned":[1,3,16,18,27,33,37,39],"killed_by":"4 Shapes","ascension_level":0}}