{"host":"30jsp143e4v19aze","time":1613807438,"event":{"mods":["BaseMod","Colored Map","Colored Powertips","Curses Come First","DeckTracker","Highlight Path","Minty Spire (QoL Compilation)","Quick Restart","Relic Stats","StSLib","everything is the same but u backflip on backflip","slay the spire mod where everything is the same but ironclad has a cowboy hat"],"gold_per_floor":[116,26,301,36,49,75,75,100,100,250,250,266,295,309,309,386,386,405,434,434,446,464,464,464],"floor_reached":23,"language":"ENG","playtime":805,"items_purged":["Regret"],"score":493,"play_id":"b8c56d38-bf04-46f7-a304-ba3f900073a1","local_time":"20210220085038","is_ascension_mode":true,"campfire_choices":[{"data":"Whirlwind","floor":7,"key":"SMITH"},{"data":"Spot Weakness","floor":11,"key":"SMITH"},{"data":"True Grit","floor":15,"key":"SMITH"}],"circlet_count":0,"master_deck":["AscendersBane","Strike_R","Strike_R","Strike_R","Strike_R","Strike_R","Defend_R","Defend_R","Defend_R","Defend_R","Bash","Sword Boomerang","Rupture","Spot Weakness+1","Whirlwind+1","Pummel","Power Through","Flex","Thunderclap","Shrug It Off","Doubt","True Grit+1","Feed+1","Burning Pact","Flame Barrier","J.A.X.","Impervious"],"relics":["Burning Blood","NeowsBlessing","Orrery","Pear","Incense Burner","Molten Egg 2","Unceasing Top","Runic Pyramid","Red Mask"],"acts_visited":["Exordium","TheCity"],"potions_floor_usage":[16,16,22,23],"damage_taken":[{"damage":0,"enemies":"Cultist","floor":1,"turns":1},{"damage":0,"enemies":"2 Louse","floor":5,"turns":1},{"damage":0,"enemies":"3 Sentries","floor":6,"turns":2},{"damage":41,"enemies":"Gremlin Nob","floor":8,"turns":4},{"damage":7,"enemies":"Small Slimes","floor":12,"turns":2},{"damage":12,"enemies":"3 Sentries","floor":13,"turns":6},{"damage":16,"enemies":"Blue Slaver","floor":14,"turns":4},{"damage":27,"enemies":"The Guardian","floor":16,"turns":12},{"damage":44,"enemies":"Spheric Guardian","floor":18,"turns":7},{"damage":24,"enemies":"Masked Bandits","floor":19,"turns":3},{"damage":4,"enemies":"Chosen","floor":21,"turns":5},{"damage":19,"enemies":"Snecko","floor":22,"turns":6},{"damage":17,"enemies":"Gremlin Leader","floor":23,"turns":7}],"seed_played":"4564760017943954151","potions_obtained":[{"floor":5,"key":"Explosive Potion"},{"floor":13,"key":"Strength Potion"},{"floor":21,"key":"Fire Potion"},{"floor":22,"key":"SpeedPotion"}],"is_trial":false,"path_per_floor":["M","$","?","$","M","E","R","E","T","?","R","M","E","M","R","B",null,"M","?","?","M","M","E"],"character_chosen":"IRONCLAD","items_purchased":["Rupture","Orrery","Flex"],"campfire_rested":0,"item_purchase_floors":[2,4,4],"current_hp_per_floor":[74,74,74,74,75,85,85,50,50,50,50,49,43,33,33,12,67,33,19,19,25,16,0,0],"gold":464,"neow_bonus":"THREE_ENEMY_KILL","is_daily":false,"chose_seed":false,"campfire_upgraded":3,"win_rate":0.0,"timestamp":1613807438,"path_taken":["M","$","?","?","?","E","R","E","T","?","R","M","E","M","R","BOSS","M","?","?","M","M","E"],"items_purchased_type":["Card","Relic","Card"],"build_version":"2020-12-22","purchased_purges":1,"victory":false,"max_hp_per_floor":[75,75,75,75,75,85,85,85,85,85,85,85,85,85,85,85,85,89,93,93,97,101,101,101],"relic_stats":{"counters":[13,60],"obtain_stats":[{"Pear":6,"NeowsBlessing":0,"Orrery":4,"Molten Egg 2":9,"Incense Burner":8,"Red Mask":19,"Burning Blood":0,"Unceasing Top":13,"Runic Pyramid":17},{"Pear":3,"NeowsBlessing":0,"Orrery":1,"Molten Egg 2":4,"Incense Burner":4,"Red Mask":10,"Burning Blood":0,"Unceasing Top":6,"Runic Pyramid":8},{"Pear":4,"NeowsBlessing":0,"Orrery":1,"Molten Egg 2":8,"Incense Burner":8,"Red Mask":42,"Burning Blood":0,"Unceasing Top":16,"Runic Pyramid":32}],"Burning Blood":61,"Unceasing Top":[1]},"card_choices":[{"not_picked":["Clothesline","Body Slam"],"picked":"Sword Boomerang","floor":1},{"not_picked":["Sword Boomerang","Heavy Blade"],"picked":"Spot Weakness","floor":4},{"not_picked":["Havoc","Dual Wield"],"picked":"Whirlwind","floor":4},{"not_picked":["Heavy Blade","Exhume"],"picked":"Pummel","floor":4},{"not_picked":["Twin Strike","Clash"],"picked":"Power Through","floor":4},{"not_picked":["Wild Strike","Reckless Charge"],"picked":"Thunderclap","floor":5},{"not_picked":["Warcry","Bloodletting","Perfected Strike"],"picked":"SKIP","floor":6},{"not_picked":["Power Through","Clothesline"],"picked":"Shrug It Off","floor":8},{"not_picked":["Body Slam+1","Sever Soul+1","Dual Wield"],"picked":"SKIP","floor":12},{"not_picked":["Blood for Blood+1","Warcry","Sentinel"],"picked":"SKIP","floor":13},{"not_picked":["Armaments","Perfected Strike+1"],"picked":"True Grit","floor":14},{"not_picked":["Barricade","Demon Form"],"picked":"Feed+1","floor":16},{"not_picked":["Twin Strike+1","Thunderclap+1"],"picked":"Burning Pact","floor":18},{"not_picked":["Headbutt+1","Pommel Strike+1"],"picked":"Flame Barrier","floor":19},{"not_picked":["Sword Boomerang+1","Intimidate"],"picked":"Impervious","floor":21},{"not_picked":["Clash+1","Havoc","Warcry+1"],"picked":"SKIP","floor":22}],"player_experience":3290194,"relics_obtained":[{"floor":6,"key":"Pear"},{"floor":8,"key":"Incense Burner"},{"floor":9,"key":"Molten Egg 2"},{"floor":13,"key":"Unceasing Top"},{"floor":19,"key":"Red Mask"}],"event_choices":[{"damage_healed":0,"gold_gain":275,"player_choice":"Desecrate","damage_taken":0,"max_hp_gain":0,"max_hp_loss":0,"event_name":"Golden Shrine","floor":3,"gold_loss":0,"cards_obtained":["Regret"]},{"damage_healed":0,"gold_gain":150,"player_choice":"AGREE","damage_taken":0,"max_hp_gain":0,"max_hp_loss":0,"event_name":"Liars Game","floor":10,"gold_loss":0,"cards_obtained":["Doubt"]},{"damage_healed":0,"gold_gain":0,"player_choice":"Fought Bandits","damage_taken":0,"max_hp_gain":0,"max_hp_loss":0,"event_name":"Masked Bandits","floor":19,"gold_loss":0},{"damage_healed":0,"gold_gain":0,"player_choice":"Obtain J.A.X.","damage_taken":0,"max_hp_gain":0,"max_hp_loss":0,"event_name":"Drug Dealer","floor":20,"gold_loss":0,"cards_obtained":["J.A.X."]}],"is_beta":false,"boss_relics":[{"not_picked":["SlaversCollar","Black Star"],"picked":"Runic Pyramid"}],"items_purged_floors":[4],"is_endless":false,"potions_floor_spawned":[5,13,21,22],"killed_by":"Gremlin Leader","ascension_level":20}}