{"host":"hemqwg9ve6welna9","time":1613812227,"event":{"mods":["2.2 Compatiblity","AchievementEnabler","Act Like it!","BaseMod","Beaked The Cultist","Bestiary","Better Match","Better Note","Better Third Choice","BetterRewards","Conspire","Curses Come First","Dio Mod","Downfall","Gremlin Mod","Hermit","Highlight Path","Hubris","Melee Mod","Minty Spire (QoL Compilation)","Permanent Neow","Potionbrewer","Quick Restart","Rare Cards Sparkle","Relic Stats","Reliquary","Robot Space Explorer","Ruina","SOS???????","Shop Mod","StSLib","SuperFastMode","Td1madao Mod","The Bug Knight","The Cursed","The Disciple","The Forsaken","The Hierophant","The Jungle","The Marked","The Runesmith","The Senshi","The Servant 0.9.4","The Wild Card","TheBandit","TheVacant","UnlockEverythingMod","everything is the same but u backflip on backflip"],"gold_per_floor":[114,151,171,171,183,183,26,26,26,26,44,44,71,84,84,186,186,201,201,174,174,174,201,201,201,201],"floor_reached":25,"language":"ENG","playtime":1549,"items_purged":[],"score":217,"play_id":"1015f63c-cc83-4cbd-95f1-bf7bc758d821","local_time":"20210220031027","is_ascension_mode":false,"campfire_choices":[{"floor":6.0,"key":"RECALL"},{"data":"Chip Synthesis","floor":8.0,"key":"SMITH"},{"data":"Optimization","floor":15.0,"key":"SMITH"},{"floor":24.0,"key":"REST"}],"circlet_count":0,"master_deck":["Strike_C","Strike_C","Strike_C","Defend_C","Defend_C","Defend_C","Knight Kick","Chip","Fire Up","Provocative","Sudden Beat","Twin Teeth","Reflection Mechanism","Chip Synthesis+1","Sub Weapons","Provocative","Optimization+1","Reinforcement Parts","Backup","Oblique Hack","Machining","Moon Tear"],"relics":["Apod","reliquary:NewFriend","conspire:InfiniteJournal","reliquary:RedPaperclip","Blood Vial"],"acts_visited":["Exordium","TheCity"],"potions_floor_usage":[],"damage_taken":[{"damage":1.0,"enemies":"conspire:RoseBush","floor":1.0,"turns":3.0},{"damage":11.0,"enemies":"conspire:MimicChest","floor":2.0,"turns":5.0},{"damage":0.0,"enemies":"2 Louse","floor":3.0,"turns":2.0},{"damage":3.0,"enemies":"Small Slimes","floor":5.0,"turns":3.0},{"damage":2.0,"enemies":"Red Slaver","floor":11.0,"turns":3.0},{"damage":8.0,"enemies":"HollowMod:MossKnight","floor":13.0,"turns":3.0},{"damage":21.0,"enemies":"Lots of Slimes","floor":14.0,"turns":3.0},{"damage":26.0,"enemies":"Hexaghost","floor":16.0,"turns":9.0},{"damage":18.0,"enemies":"2 Thieves","floor":18.0,"turns":4.0},{"damage":51.0,"enemies":"conspire:SneckoGhost","floor":23.0,"turns":8.0},{"damage":15,"enemies":"Gremlin Leader","floor":25,"turns":6}],"seed_played":"1481687274153597443","potions_obtained":[{"floor":3.0,"key":"conspire:TimeTravelPotion"},{"floor":11.0,"key":"Explosive Potion"},{"floor":16.0,"key":"Fire Potion"},{"floor":18.0,"key":"bronze:BurnAndBuffPotion"},{"floor":22.0,"key":"SkillPotion"},{"floor":22.0,"key":"potionbrewer:QuicksilverPotion"}],"is_trial":false,"path_per_floor":["M","?","M","?","M","R","$","R","T","?","M","?","E","M","R","B",null,"M","?","$","?","?","E","R","E"],"character_chosen":"TD1MADAO_CLASS","items_purchased":["Fire Up","Chip Synthesis","Sub Weapons","Machining"],"campfire_rested":1,"item_purchase_floors":[0,7,7,20],"current_hp_per_floor":[69,58,58,58,55,55,55,55,55,55,53,50,42,21,21,3,70,52,52,52,52,52,1,22,9,9],"gold":201,"neow_bonus":"","is_daily":false,"chose_seed":false,"campfire_upgraded":2,"win_rate":0.0,"timestamp":1613812227,"path_taken":["M","?","M","?","?","R","?","R","T","?","M","?","E","M","R","BOSS","M","?","$","?","?","E","R","E"],"items_purchased_type":["Card","Card","Card","Card"],"build_version":"2020-12-22","purchased_purges":0,"victory":false,"max_hp_per_floor":[70,70,70,70,70,70,70,70,70,70,70,70,70,70,70,70,70,70,70,70,70,70,70,70,70,70],"relic_stats":{"Blood Vial":2,"counters":[63,294],"obtain_stats":[{"reliquary:SilkGlove":22,"Gremlin Horn":26,"reliquary:Aerogel":12,"potionbrewer:AlchemistFlask":6,"Vajra":0,"theSenshi:FeatherClipsRelic":23,"hubris:RunicObelisk":17,"conspire:TopHat":3,"conspire:InfiniteJournal":17,"Blood Vial":26,"Frozen Eye":18,"Nunchaku":17,"Dream Catcher":9,"conspire:GlowingRock":6,"hubris:Icosahedron":7,"reliquary:NewFriend":2,"WingedGreaves":6,"Potion Belt":8,"conspire:TreasureMap":28,"Runesmith:Nanobots":12,"hubris:DuctTape":27,"Golden Idol":7,"reliquary:WeakTea":9,"hubris:Towel":9,"Akabeko":24,"potionbrewer:Torch":0,"Calling Bell":17,"reliquary:RedPaperclip":17,"hubris:Spice":14,"betterThird:SlimedRelic":12,"Pandora\u0027s Box":17,"Molten Egg 2":9,"hubris:BundleOfHerbs":7,"reliquary:Stiletto":0,"Bag of Marbles":0,"hubris:TenFootPole":2,"conspire:BottledYoYo":17,"Apod":0,"Bottled Lightning":10,"potionbrewer:SlideRule":31,"hubris:OldNail":11},{"reliquary:SilkGlove":45,"Gremlin Horn":20,"reliquary:Aerogel":15,"potionbrewer:AlchemistFlask":4,"Vajra":47,"theSenshi:FeatherClipsRelic":46,"hubris:RunicObelisk":43,"conspire:TopHat":12,"conspire:InfiniteJournal":28,"Blood Vial":32,"Frozen Eye":17,"Nunchaku":28,"Dream Catcher":39,"conspire:GlowingRock":51,"hubris:Icosahedron":38,"reliquary:NewFriend":54,"WingedGreaves":38,"Potion Belt":8,"conspire:TreasureMap":21,"Runesmith:Nanobots":40,"hubris:DuctTape":21,"Golden Idol":7,"reliquary:WeakTea":8,"hubris:Towel":4,"Akabeko":20,"potionbrewer:Torch":22,"Calling Bell":28,"reliquary:RedPaperclip":60,"hubris:Spice":16,"betterThird:SlimedRelic":27,"Pandora\u0027s Box":17,"Molten Egg 2":26,"hubris:BundleOfHerbs":4,"reliquary:Stiletto":35,"Bag of Marbles":0,"hubris:TenFootPole":6,"conspire:BottledYoYo":28,"Apod":0,"Bottled Lightning":8,"potionbrewer:SlideRule":34,"hubris:OldNail":14},{"reliquary:SilkGlove":220,"Gremlin Horn":105,"reliquary:Aerogel":75,"potionbrewer:AlchemistFlask":21,"Vajra":227,"theSenshi:FeatherClipsRelic":225,"hubris:RunicObelisk":214,"conspire:TopHat":59,"conspire:InfiniteJournal":137,"Blood Vial":169,"Frozen Eye":89,"Nunchaku":137,"Dream Catcher":200,"conspire:GlowingRock":244,"hubris:Icosahedron":197,"reliquary:NewFriend":254,"WingedGreaves":197,"Potion Belt":40,"conspire:TreasureMap":111,"Runesmith:Nanobots":204,"hubris:DuctTape":111,"Golden Idol":32,"reliquary:WeakTea":40,"hubris:Towel":21,"Akabeko":105,"potionbrewer:Torch":112,"Calling Bell":137,"reliquary:RedPaperclip":276,"hubris:Spice":81,"betterThird:SlimedRelic":128,"Pandora\u0027s Box":89,"Molten Egg 2":125,"hubris:BundleOfHerbs":21,"reliquary:Stiletto":183,"Bag of Marbles":0,"hubris:TenFootPole":28,"conspire:BottledYoYo":137,"Apod":0,"Bottled Lightning":40,"potionbrewer:SlideRule":177,"hubris:OldNail":70}]},"card_choices":[{"not_picked":["White Contract","Floating Even"],"picked":"Provocative","floor":1.0},{"not_picked":["Thunder Jump","Rupture"],"picked":"Sudden Beat","floor":2.0},{"not_picked":["Judgment","Rupture"],"picked":"Twin Teeth","floor":3.0},{"not_picked":["Resistance","Load Balancing"],"picked":"Reflection Mechanism","floor":5.0},{"not_picked":["Lunge","Paralysis"],"picked":"Provocative","floor":11.0},{"not_picked":["Black Spear","Here Defend Chip"],"picked":"Optimization","floor":13.0},{"not_picked":["Black Spear","Sub Weapons"],"picked":"Reinforcement Parts","floor":14.0},{"not_picked":["Bursts","Data Freezing"],"picked":"Backup","floor":16.0},{"not_picked":["Winding Magic+1","Lunge"],"picked":"Oblique Hack","floor":18.0},{"not_picked":["White Contract","Floating Swing Kick"],"picked":"Moon Tear","floor":23.0}],"player_experience":31043,"relics_obtained":[{"floor":2.0,"key":"reliquary:NewFriend"},{"floor":9.0,"key":"Bottled Lightning"},{"floor":13.0,"key":"conspire:InfiniteJournal"},{"floor":23.0,"key":"Blood Vial"}],"event_choices":[{"cards_removed":["Defend_C"],"damage_healed":0.0,"max_hp_gain":0.0,"max_hp_loss":0.0,"gold_gain":0.0,"event_name":"Bonfire Elementals","player_choice":"Offered Basic","floor":4.0,"gold_loss":0.0,"damage_taken":0.0},{"damage_healed":0.0,"max_hp_gain":0.0,"max_hp_loss":0.0,"gold_gain":0.0,"event_name":"Big Fish","player_choice":"Box","floor":10.0,"gold_loss":0.0,"damage_taken":0.0,"relics_obtained":["hubris:TenFootPole"],"cards_obtained":["Regret"]},{"cards_removed":["Regret"],"damage_healed":0.0,"max_hp_gain":0.0,"max_hp_loss":0.0,"gold_gain":0.0,"event_name":"Golden Wing","player_choice":"Card Removal","floor":12.0,"gold_loss":0.0,"damage_taken":7.0},{"cards_removed":["Strike_C"],"damage_healed":0.0,"max_hp_gain":0.0,"max_hp_loss":0.0,"gold_gain":0.0,"event_name":"Wheel of Change","player_choice":"Card Removal","floor":19.0,"gold_loss":0.0,"damage_taken":0.0},{"damage_healed":0.0,"max_hp_gain":0.0,"max_hp_loss":0.0,"gold_gain":0.0,"event_name":"betterNote:BetterNote","player_choice":"Ignored","floor":21.0,"gold_loss":0.0,"damage_taken":0.0,"cards_obtained":["theForsaken:Preservation"]},{"damage_healed":0.0,"max_hp_gain":0.0,"max_hp_loss":0.0,"gold_gain":0.0,"event_name":"Lab","player_choice":"Got Potions","floor":22.0,"gold_loss":0.0,"damage_taken":0.0}],"is_beta":false,"boss_relics":[{"not_picked":["hubris:VirtuousBlindfold","conspire:SeveredTorchhead"],"picked":"reliquary:RedPaperclip"}],"items_purged_floors":[],"is_endless":false,"potions_floor_spawned":[3,11,16,18],"killed_by":"Gremlin Leader","ascension_level":0}}