{"host":"n3yraofadl2d9nwo","time":1613860707,"event":{"mods":["BaseMod","Friendly Minions","Marisa????????","Minty Spire (QoL Compilation)","StSLib","The Animator"],"gold_per_floor":[123,123,198,215,231,231,181,211,236,250,284,135,154,169,169,270,270,286,385,485,510,522,522,557,170,170,205,205,222,252,264,264,363,363,376,396,408,423,441,441,471,471,497,523,523,551,562,58,58,58,58,58,436,486,541,541,541,541,616,616,616],"floor_reached":60,"language":"ENG","playtime":5035,"items_purged":["animator:Strike","animator:Rider","animator:Defend"],"score":952,"play_id":"6e42e327-975d-4361-9f2b-828d6a25fd50","local_time":"20210220233827","is_ascension_mode":false,"campfire_choices":[{"data":"animator:KrulTepes","floor":6,"key":"SMITH"},{"data":"animator:Berserker","floor":15,"key":"SMITH"},{"data":"animator:Shiro","floor":23,"key":"SMITH"},{"floor":28,"key":"DIG"},{"floor":32,"key":"DIG"},{"floor":40,"key":"DIG"},{"floor":42,"key":"DIG"},{"floor":49,"key":"RECALL"},{"floor":52,"key":"DIG"},{"floor":58,"key":"REST"}],"circlet_count":0,"master_deck":["animator:Defend_Overlord","animator:Defend+1","animator:Cocytus","animator:Demiurge+1","animator:Mikaela+1","animator:Shuna","animator:KrulTepes+1","animator:Shalltear+1","animator:HighElfArcher","animator:Shuna","animator:Mikaela","animator:Berserker","animator:Cocytus","animator:Shiro+1","animator:FielNirvalen","animator:Chung","animator:Hakurou","animator:Spearman","animator:DwarfShaman+1","animator:Cocytus","animator:Kyubey","animator:Azekura","animator:Sloth+1","animator:Illya+1","animator:PandorasActor+1","animator:Spearman+1","animator:Raven","animator:Hitei+1","animator:GazelDwargon","animator:Alexander+1"],"relics":["animator:TheEgnaroPiece","animator:AncientMedallion"],"acts_visited":["Exordium","TheCity","TheBeyond","TheEnding","EYB:TheUnnamedReign"],"potions_floor_usage":[16,24,27,27,44,60],"damage_taken":[{"damage":7,"enemies":"Jaw Worm","floor":1,"turns":5},{"damage":3,"enemies":"Small Slimes","floor":4,"turns":5},{"damage":0,"enemies":"2 Louse","floor":5,"turns":4},{"damage":1,"enemies":"Looter","floor":8,"turns":3},{"damage":18,"enemies":"Exordium Thugs","floor":10,"turns":7},{"damage":21,"enemies":"Lagavulin","floor":11,"turns":8},{"damage":0,"enemies":"Blue Slaver","floor":13,"turns":4},{"damage":0,"enemies":"2 Fungi Beasts","floor":14,"turns":3},{"damage":0,"enemies":"Slime Boss","floor":16,"turns":7},{"damage":0,"enemies":"Shell Parasite","floor":18,"turns":5},{"damage":0,"enemies":"Chosen","floor":21,"turns":3},{"damage":0,"enemies":"Shelled Parasite and Fungi","floor":22,"turns":4},{"damage":22,"enemies":"Book of Stabbing","floor":24,"turns":5},{"damage":10,"enemies":"animator:HornedBat","floor":27,"turns":7},{"damage":2,"enemies":"Snake Plant","floor":29,"turns":4},{"damage":7,"enemies":"Slavers","floor":30,"turns":5},{"damage":0,"enemies":"3 Cultists","floor":31,"turns":4},{"damage":5,"enemies":"Champ","floor":33,"turns":7},{"damage":6,"enemies":"3 Darklings","floor":35,"turns":4},{"damage":0,"enemies":"Orb Walker","floor":36,"turns":3},{"damage":20,"enemies":"Writhing Mass","floor":37,"turns":4},{"damage":0,"enemies":"Transient","floor":38,"turns":5},{"damage":0,"enemies":"4 Shapes","floor":39,"turns":4},{"damage":4,"enemies":"Reptomancer","floor":41,"turns":5},{"damage":51,"enemies":"Giant Head","floor":44,"turns":9},{"damage":0,"enemies":"Reptomancer","floor":46,"turns":7},{"damage":15,"enemies":"Maw","floor":47,"turns":7},{"damage":34,"enemies":"Donu and Deca","floor":50,"turns":7},{"damage":33,"enemies":"animator:TRIPLE_SHAPES_WEAK","floor":54,"turns":9},{"damage":0,"enemies":"animator:UNNAMED_CULTIST_1","floor":55,"turns":6},{"damage":6,"enemies":"animator:TRIPLE_LAGAVULIN","floor":59,"turns":7},{"damage":112,"enemies":"animator:UNNAMED_CULTIST_2","floor":60,"turns":8}],"seed_played":"-4161928147634659351","potions_obtained":[{"floor":4,"key":"SteroidPotion"},{"floor":10,"key":"SpeedPotion"},{"floor":11,"key":"GamblersBrew"},{"floor":16,"key":"GamblersBrew"},{"floor":30,"key":"Energy Potion"},{"floor":33,"key":"animator:FalseLifePotion"},{"floor":35,"key":"Weak Potion"},{"floor":39,"key":"DuplicationPotion"},{"floor":54,"key":"animator:FalseLifePotion"},{"floor":55,"key":"animator:FalseLifePotion"},{"floor":59,"key":"animator:FalseLifePotion"}],"is_trial":false,"path_per_floor":["M","?","?","M","M","R","?","M","T","M","E","$","M","M","R","B",null,"M","?","?","M","M","R","E","$","T","E","R","M","E","M","R","B",null,"M","M","M","M","M","R","E","R","T","E","?","E","M","$","R","B",null,"R","??","M","M","T","?","R","M","M"],"character_chosen":"THE_ANIMATOR","items_purchased":["animator:Shuna","animator:Mikaela","Whetstone","HandDrill","animator:GazelDwargon","TungstenRod"],"campfire_rested":1,"item_purchase_floors":[12,12,25,25,48,48],"current_hp_per_floor":[59,59,48,45,46,46,46,45,45,27,6,6,6,6,6,6,67,67,67,67,67,67,67,45,45,45,37,37,39,36,42,42,43,67,61,67,47,54,60,60,63,63,63,19,60,60,45,45,45,21,60,60,98,65,69,69,19,48,54,0,0],"gold":616,"neow_bonus":"UPGRADE_CARD","is_daily":false,"chose_seed":false,"campfire_upgraded":3,"win_rate":0.0,"timestamp":1613860707,"path_taken":["M","?","?","M","M","R","?","M","T","M","E","$","M","M","R","BOSS","M","?","?","M","M","R","E","$","T","E","R","M","E","?","R","BOSS","M","M","M","M","M","R","E","R","T","E","?","E","M","$","R","BOSS","R","??","M","M","T","?","R","M","M"],"items_purchased_type":["Card","Card","Relic","Relic","Card","Relic"],"build_version":"2020-12-22","purchased_purges":3,"victory":false,"max_hp_per_floor":[66,66,66,66,67,67,67,67,67,67,67,67,67,67,67,67,67,67,67,67,67,67,67,67,67,67,67,67,67,67,67,67,67,67,67,67,67,68,68,68,69,69,69,69,60,60,60,60,60,60,60,60,98,98,98,98,98,98,98,98,98],"card_choices":[{"not_picked":["animator:Shichika","animator:ElricAlphonse"],"picked":"animator:Mikaela","floor":1},{"not_picked":["animator:Verdia","animator:MaesHughes"],"picked":"animator:Shuna","floor":4},{"not_picked":["animator:EmiyaShirou","animator:MadokaKaname"],"picked":"animator:KrulTepes","floor":5},{"not_picked":["animator:PandorasActor","animator:Demiurge"],"picked":"animator:Shalltear","floor":8},{"not_picked":["animator:Millim","animator:Assassin"],"picked":"animator:HighElfArcher","floor":10},{"not_picked":["animator:RinTohsaka","animator:RoyMustang","animator:Guy"],"picked":"SKIP","floor":11},{"not_picked":["animator:NarberalGamma","animator:Vesta"],"picked":"animator:Berserker","floor":13},{"not_picked":["animator:Entoma","animator:PandorasActor"],"picked":"animator:Cocytus","floor":14},{"not_picked":["animator:Saber","animator:ChaikaTrabant"],"picked":"animator:Shiro","floor":16},{"not_picked":["animator:WinryRockbell","animator:IzunaHatsuse"],"picked":"animator:FielNirvalen","floor":18},{"not_picked":["animator:Geryuganshoop","animator:Kazuma"],"picked":"animator:Chung","floor":21},{"not_picked":["animator:Nanami","animator:YuiTsuruno","animator:Layla"],"picked":"SKIP","floor":22},{"not_picked":["animator:Vesta","animator:Shion"],"picked":"animator:Hakurou","floor":24},{"not_picked":["animator:Gillette","animator:Guy"],"picked":"animator:Spearman","floor":27},{"not_picked":["animator:Genos","animator:YuiTsuruno"],"picked":"animator:DwarfShaman","floor":29},{"not_picked":["animator:Konayuki","animator:GuildGirl","animator:Rena"],"picked":"SKIP","floor":30},{"not_picked":["animator:NarberalGamma","animator:Demiurge"],"picked":"animator:Cocytus","floor":31},{"not_picked":["animator:GoblinSlayer","animator:PinaCoLada"],"picked":"animator:Kyubey","floor":33},{"not_picked":["animator:FielNirvalen","animator:Gillette"],"picked":"animator:Azekura","floor":35},{"not_picked":["animator:Kuribayashi","animator:Priestess"],"picked":"animator:Sloth+1","floor":36},{"not_picked":["animator:Chung","animator:UneriGinkaku"],"picked":"animator:Illya","floor":37},{"not_picked":["animator:Evileye","animator:NarberalGamma"],"picked":"animator:PandorasActor","floor":38},{"not_picked":["animator:Alexander","animator:Sonic+1"],"picked":"animator:Spearman","floor":39},{"not_picked":["animator:Chung+1","animator:Elsword+1"],"picked":"animator:Raven","floor":41},{"not_picked":["animator:DwarfShaman","animator:FielNirvalen+1"],"picked":"animator:Hitei","floor":44},{"not_picked":["animator:Aisha","animator:Berserker","animator:SwordMaiden"],"picked":"SKIP","floor":47},{"not_picked":["animator:YaoHaDucy+1","animator:Priestess+1"],"picked":"animator:Alexander","floor":54},{"not_picked":["animator:Witch","animator:Konayuki","animator:Shion"],"picked":"SKIP","floor":55},{"not_picked":["animator:NagisaMomoe","animator:ZankiKiguchi","animator:Emonzaemon"],"picked":"SKIP","floor":59}],"player_experience":854594,"relics_obtained":[{"floor":9,"key":"Anchor"},{"floor":11,"key":"StoneCalendar"},{"floor":24,"key":"Blood Vial"},{"floor":24,"key":"MawBank"},{"floor":26,"key":"Shovel"},{"floor":27,"key":"Blood Vial"},{"floor":27,"key":"Vajra"},{"floor":28,"key":"War Paint"},{"floor":30,"key":"Blood Vial"},{"floor":30,"key":"Toy Ornithopter"},{"floor":32,"key":"Lantern"},{"floor":40,"key":"Orichalcum"},{"floor":41,"key":"Blood Vial"},{"floor":41,"key":"Nunchaku"},{"floor":42,"key":"Oddly Smooth Stone"},{"floor":44,"key":"Ice Cream"},{"floor":46,"key":"Blood Vial"},{"floor":46,"key":"Bag of Marbles"},{"floor":52,"key":"InkBottle"},{"floor":53,"key":"animator:TheEgnaroPiece"},{"floor":53,"key":"animator:AncientMedallion"},{"floor":56,"key":"animator:AncientMedallion"}],"event_choices":[{"damage_healed":0,"gold_gain":0,"cards_transformed":["animator:Strike"],"player_choice":"Change","damage_taken":0,"max_hp_gain":0,"max_hp_loss":0,"event_name":"Living Wall","floor":2,"gold_loss":0,"cards_obtained":["animator:Rider"]},{"damage_healed":0,"gold_gain":75,"player_choice":"Gather Gold","damage_taken":11,"max_hp_gain":0,"max_hp_loss":0,"event_name":"World of Goop","floor":3,"gold_loss":0},{"cards_removed":["animator:Strike"],"damage_healed":0,"gold_gain":0,"player_choice":"Card Removal","damage_taken":0,"max_hp_gain":0,"max_hp_loss":0,"event_name":"The Cleric","floor":7,"gold_loss":50},{"damage_healed":0,"gold_gain":99,"player_choice":"Stole From Cult","damage_taken":0,"max_hp_gain":0,"max_hp_loss":0,"event_name":"Nest","floor":19,"gold_loss":0},{"damage_healed":0,"gold_gain":100,"player_choice":"Pray","damage_taken":0,"max_hp_gain":0,"max_hp_loss":0,"event_name":"Golden Shrine","floor":20,"gold_loss":0},{"damage_healed":60,"gold_gain":0,"player_choice":"Heal","damage_taken":0,"max_hp_gain":0,"max_hp_loss":9,"event_name":"The Moai Head","floor":45,"gold_loss":0}],"is_beta":false,"boss_relics":[{"not_picked":["Sozu","Runic Dome"],"picked":"Velvet Choker"},{"not_picked":["animator:RacePiece","animator:HolyGrailRelic"],"picked":"Empty Cage"}],"items_purged_floors":[12,25,48],"is_endless":false,"potions_floor_spawned":[4,10,11,13,16,24,30,33,35,36,39,41,55,59],"killed_by":"animator:UNNAMED_CULTIST_2","ascension_level":0}}