{"host":"2se5dq1do2gp0x9k","time":1613806671,"event":{"mods":["AchievementEnabler","BaseMod","Block Reminder","Colored Map","Colored Powertips","Minty Spire (QoL Compilation)","Relic Stats","StSLib","SuperFastMode"],"gold_per_floor":[115,126,136,211,230,230,243,243,297,327,327,367,379,304,304,379,379,405,422,441,441,468,468,511,511,579,588,588,600,642,660,660,747,747,760,760,822,822,672,672,199,199,226,236,247,247,282,300,300,300,300],"floor_reached":52,"language":"ENG","playtime":1536,"items_purged":["Zap","Dualcast","Doom and Gloom"],"score":2064,"play_id":"eb20b38d-2e51-477e-a848-7586bca91fb5","local_time":"20210219233751","is_ascension_mode":true,"campfire_choices":[{"data":"Hyperbeam","floor":6,"key":"SMITH"},{"data":"Hyperbeam","floor":11,"key":"SMITH"},{"data":"Leap","floor":15,"key":"SMITH"},{"data":"Reprogram","floor":23,"key":"SMITH"},{"data":"Go for the Eyes","floor":25,"key":"SMITH"},{"data":"Leap","floor":28,"key":"SMITH"},{"data":"Genetic Algorithm","floor":32,"key":"SMITH"},{"data":"Hyperbeam","floor":40,"key":"SMITH"},{"data":"Enlightenment","floor":42,"key":"SMITH"},{"data":"Beam Cell","floor":46,"key":"SMITH"},{"data":"Reinforced Body","floor":49,"key":"SMITH"}],"circlet_count":0,"master_deck":["AscendersBane","Hyperbeam+1","Genetic Algorithm","FTL","Hyperbeam+1","Scrape","Sweeping Beam","Turbo","Self Repair","Core Surge","Skim","Go for the Eyes+1","Leap+1","Reprogram+1","Gash+1","Reinforced Body+1","Genetic Algorithm+1","Leap+1","Hyperbeam+1","BootSequence+1","Beam Cell+1","Enlightenment+1"],"relics":["Pandora\u0027s Box","Boot","Pantograph","CeramicFish","Runic Pyramid","Oddly Smooth Stone","Shuriken","Thread and Needle","Nuclear Battery","Mango","Meat on the Bone","Lantern","Cables"],"acts_visited":["Exordium","TheCity","TheBeyond"],"potions_floor_usage":[30,50],"damage_taken":[{"damage":0,"enemies":"Small Slimes","floor":1,"turns":1},{"damage":18,"enemies":"Jaw Worm","floor":2,"turns":3},{"damage":0,"enemies":"Cultist","floor":3,"turns":2},{"damage":0,"enemies":"3 Louse","floor":5,"turns":1},{"damage":0,"enemies":"Large Slime","floor":7,"turns":3},{"damage":8,"enemies":"Gremlin Nob","floor":10,"turns":3},{"damage":16,"enemies":"Lagavulin","floor":12,"turns":3},{"damage":0,"enemies":"Looter","floor":13,"turns":2},{"damage":0,"enemies":"Slime Boss","floor":16,"turns":6},{"damage":0,"enemies":"Chosen","floor":18,"turns":3},{"damage":10,"enemies":"Shell Parasite","floor":19,"turns":4},{"damage":0,"enemies":"3 Cultists","floor":20,"turns":2},{"damage":19,"enemies":"Shelled Parasite and Fungi","floor":22,"turns":3},{"damage":14,"enemies":"Book of Stabbing","floor":24,"turns":4},{"damage":32,"enemies":"Centurion and Healer","floor":29,"turns":5},{"damage":0,"enemies":"Slavers","floor":30,"turns":1},{"damage":0,"enemies":"Chosen and Byrds","floor":31,"turns":5},{"damage":34,"enemies":"Collector","floor":33,"turns":9},{"damage":1,"enemies":"3 Shapes","floor":35,"turns":3},{"damage":0,"enemies":"2 Orb Walkers","floor":37,"turns":2},{"damage":0,"enemies":"3 Darklings","floor":44,"turns":3},{"damage":0,"enemies":"Spire Growth","floor":45,"turns":4},{"damage":0,"enemies":"Giant Head","floor":47,"turns":6},{"damage":0,"enemies":"Jaw Worm Horde","floor":48,"turns":4},{"damage":6,"enemies":"Time Eater","floor":50,"turns":9},{"damage":10,"enemies":"Donu and Deca","floor":51,"turns":8}],"seed_played":"-3962154347316039333","potions_obtained":[{"floor":1,"key":"Explosive Potion"},{"floor":3,"key":"FairyPotion"},{"floor":10,"key":"DuplicationPotion"},{"floor":33,"key":"ColorlessPotion"}],"is_trial":false,"path_per_floor":["M","M","M","?","M","R","M","?","T","E","R","E","M","$","R","B",null,"M","M","M","?","M","R","E","R","T","?","R","M","E","M","R","B",null,"M","?","?","?","$","R","$","R","T","M","M","R","E","M","R","B","B",null],"character_chosen":"DEFECT","items_purchased":["Beam Cell","Enlightenment","Meat on the Bone"],"campfire_rested":0,"item_purchase_floors":[39,41,41],"current_hp_per_floor":[64,46,46,35,35,35,42,42,42,41,41,25,25,25,25,57,68,71,68,71,71,59,59,52,52,52,52,52,27,27,34,34,32,61,67,67,81,81,81,81,81,81,81,81,85,85,85,85,85,85,82],"gold":300,"neow_bonus":"BOSS_RELIC","is_daily":false,"chose_seed":false,"campfire_upgraded":11,"win_rate":0.0,"timestamp":1613806671,"path_taken":["M","M","M","?","M","R","M","?","T","E","R","E","?","$","R","BOSS","M","M","M","?","M","R","E","R","T","?","R","M","E","M","R","BOSS","M","?","?","?","$","R","$","R","T","M","?","R","E","M","R","BOSS","BOSS"],"items_purchased_type":["Card","Card","Relic"],"build_version":"2020-12-22","purchased_purges":3,"victory":true,"max_hp_per_floor":[71,71,71,71,71,71,71,71,71,71,71,71,71,71,71,71,71,71,71,71,71,71,71,71,71,71,71,71,71,71,71,71,71,71,71,71,85,85,85,85,85,85,85,85,85,85,85,85,85,85,85],"relic_stats":{"counters":[26,99],"Shuriken":[26],"Pantograph":50,"CeramicFish":99,"Pandora\u0027s Box":["Hyperbeam","Genetic Algorithm","Consume","FTL","Hyperbeam","Scrape","Sweeping Beam","Doom and Gloom"],"Boot":[30],"obtain_stats":[{"Lantern":43,"CeramicFish":12,"Oddly Smooth Stone":24,"Thread and Needle":30,"Mango":37,"Boot":9,"Nuclear Battery":34,"Cables":47,"Shuriken":26,"Pantograph":10,"Pandora\u0027s Box":0,"Cracked Core":0,"Runic Pyramid":17,"Meat on the Bone":41},{"Lantern":20,"CeramicFish":7,"Oddly Smooth Stone":14,"Thread and Needle":16,"Mango":20,"Boot":5,"Nuclear Battery":18,"Cables":23,"Shuriken":14,"Pantograph":6,"Pandora\u0027s Box":0,"Cracked Core":0,"Runic Pyramid":9,"Meat on the Bone":20},{"Lantern":65,"CeramicFish":16,"Oddly Smooth Stone":40,"Thread and Needle":46,"Mango":65,"Boot":10,"Nuclear Battery":60,"Cables":78,"Shuriken":40,"Pantograph":13,"Pandora\u0027s Box":0,"Cracked Core":0,"Runic Pyramid":24,"Meat on the Bone":65}],"Meat on the Bone":0,"Cables":[21,0,0,0,21]},"card_choices":[{"not_picked":["Capacitor","Chill"],"picked":"Turbo","floor":1},{"not_picked":["Go for the Eyes","Rip and Tear","Redo"],"picked":"SKIP","floor":2},{"not_picked":["Leap","Rebound"],"picked":"Self Repair","floor":3},{"not_picked":["Cold Snap","Ball Lightning","Storm"],"picked":"SKIP","floor":5},{"not_picked":["Cold Snap","Ball Lightning","Storm"],"picked":"SKIP","floor":5},{"not_picked":["Capacitor","Rebound"],"picked":"Core Surge","floor":7},{"not_picked":["Melter","Blizzard"],"picked":"Go for the Eyes","floor":10},{"not_picked":["Recycle","BootSequence"],"picked":"Leap","floor":12},{"not_picked":["Stack","Go for the Eyes","Sweeping Beam"],"picked":"SKIP","floor":13},{"not_picked":["Compile Driver","Lockon"],"picked":"Reprogram","floor":18},{"not_picked":["Darkness+1","Scrape","Storm"],"picked":"SKIP","floor":19},{"not_picked":["Sweeping Beam","Seek"],"picked":"Gash+1","floor":20},{"not_picked":["Sweeping Beam","Redo"],"picked":"Reinforced Body","floor":22},{"not_picked":["Undo","Sunder"],"picked":"Genetic Algorithm","floor":24},{"not_picked":["Leap","Go for the Eyes+1","Turbo"],"picked":"SKIP","floor":29},{"not_picked":["Ball Lightning","Electrodynamics"],"picked":"Conserve Battery+1","floor":30},{"not_picked":["Rip and Tear","Tempest","Chill"],"picked":"SKIP","floor":31},{"not_picked":["All For One","Fission"],"picked":"Hyperbeam","floor":33},{"not_picked":["Conserve Battery","Compile Driver+1","Streamline+1"],"picked":"SKIP","floor":35},{"not_picked":["Cold Snap","Double Energy+1"],"picked":"BootSequence+1","floor":37},{"not_picked":["Machine Learning","Turbo","Barrage"],"picked":"SKIP","floor":44},{"not_picked":["Turbo+1","Redo+1","Hello World"],"picked":"SKIP","floor":45},{"not_picked":["Sunder","Auto Shields","Static Discharge"],"picked":"SKIP","floor":47},{"not_picked":["Steam","Ball Lightning","Redo"],"picked":"SKIP","floor":48}],"player_experience":4089703,"relics_obtained":[{"floor":9,"key":"Boot"},{"floor":10,"key":"Pantograph"},{"floor":12,"key":"CeramicFish"},{"floor":24,"key":"Oddly Smooth Stone"},{"floor":26,"key":"Shuriken"},{"floor":30,"key":"Thread and Needle"},{"floor":37,"key":"Mango"},{"floor":43,"key":"Lantern"},{"floor":47,"key":"Cables"}],"event_choices":[{"damage_healed":0,"gold_gain":75,"player_choice":"Gather Gold","damage_taken":11,"max_hp_gain":0,"max_hp_loss":0,"event_name":"World of Goop","floor":4,"gold_loss":0},{"damage_healed":0,"gold_gain":0,"cards_transformed":["Consume"],"player_choice":"Transformed","damage_taken":0,"max_hp_gain":0,"max_hp_loss":0,"event_name":"Transmorgrifier","floor":8,"gold_loss":0,"cards_obtained":["Skim"]},{"damage_healed":0,"gold_gain":0,"player_choice":"Ignored","damage_taken":0,"max_hp_gain":0,"max_hp_loss":0,"event_name":"The Mausoleum","floor":21,"gold_loss":0},{"damage_healed":0,"gold_gain":0,"player_choice":"Read","damage_taken":0,"max_hp_gain":0,"max_hp_loss":0,"event_name":"The Library","floor":27,"gold_loss":0,"cards_obtained":["Leap"]},{"cards_removed":["Conserve Battery"],"damage_healed":0,"gold_gain":0,"player_choice":"Removed Skill","damage_taken":0,"max_hp_gain":0,"max_hp_loss":0,"event_name":"Falling","floor":36,"gold_loss":0},{"damage_healed":0,"gold_gain":0,"player_choice":"Fight","damage_taken":0,"max_hp_gain":0,"max_hp_loss":0,"event_name":"Mysterious Sphere","floor":37,"gold_loss":0},{"damage_healed":0,"gold_gain":0,"player_choice":"Ignored","damage_taken":0,"max_hp_gain":0,"max_hp_loss":0,"event_name":"Tomb of Lord Red Mask","floor":38,"gold_loss":0}],"is_beta":false,"boss_relics":[{"not_picked":["Busted Crown","Ectoplasm"],"picked":"Runic Pyramid"},{"not_picked":["Empty Cage","SacredBark"],"picked":"Nuclear Battery"}],"items_purged_floors":[14,39,41],"is_endless":false,"potions_floor_spawned":[1,3,10,12,16,18,19,33,44,48],"ascension_level":20}}