{"host":"w3q5ijqu8eoknil3","time":1613859578,"event":{"mods":["AchievementEnabler","BaseMod","Block Reminder","Colored Map","Colored Powertips","Curses Come First","Dark Map","Minty Spire (QoL Compilation)","Quick Restart","Relic Stats","StSLib","ojb\u0027s Better Paths Mod","ojb\u0027s Info Mod","slay the spire mod where everything is the same but ironclad has a cowboy hat"],"gold_per_floor":[112,130,150,150,169,169,186,218,244,255,273,273,307,319,319,398,398,410,410,410,57,68,68,68,68],"floor_reached":24,"language":"ENG","playtime":712,"items_purged":[],"score":458,"play_id":"0dae7977-f8db-413e-9777-0f7555d06085","local_time":"20210220221938","is_ascension_mode":true,"campfire_choices":[{"data":"Backstab","floor":6,"key":"SMITH"},{"data":"Eviscerate","floor":12,"key":"SMITH"},{"data":"Dagger Spray","floor":15,"key":"SMITH"},{"data":"Predator","floor":23,"key":"SMITH"}],"circlet_count":0,"master_deck":["AscendersBane","Strike_G","Strike_G","Strike_G","Strike_G","Strike_G","Defend_G","Defend_G","Defend_G","Defend_G","Defend_G","Survivor","Neutralize","All Out Attack","Backstab+1","Cloak And Dagger","Expertise","Eviscerate+1","Quick Slash","Poisoned Stab","Blade Dance","Dagger Spray+1","Noxious Fumes","Predator+1","Corpse Explosion","Crippling Poison","RitualDagger","After Image","Dagger Spray+1"],"relics":["Ring of the Snake","Omamori","Ginger","Pen Nib","Strawberry","Cursed Key","MealTicket","Frozen Eye"],"acts_visited":["Exordium","TheCity"],"potions_floor_usage":[7,7,8,13,16,22,24],"damage_taken":[{"damage":0,"enemies":"2 Louse","floor":1,"turns":3},{"damage":1,"enemies":"Cultist","floor":2,"turns":4},{"damage":0,"enemies":"Jaw Worm","floor":3,"turns":3},{"damage":1,"enemies":"Looter","floor":5,"turns":4},{"damage":8,"enemies":"2 Fungi Beasts","floor":7,"turns":3},{"damage":19,"enemies":"Gremlin Nob","floor":8,"turns":4},{"damage":1,"enemies":"Gremlin Gang","floor":10,"turns":2},{"damage":0,"enemies":"Lots of Slimes","floor":11,"turns":3},{"damage":0,"enemies":"3 Sentries","floor":13,"turns":4},{"damage":0,"enemies":"3 Louse","floor":14,"turns":1},{"damage":4,"enemies":"Slime Boss","floor":16,"turns":6},{"damage":0,"enemies":"Chosen","floor":18,"turns":2},{"damage":0,"enemies":"2 Thieves","floor":22,"turns":1},{"damage":76,"enemies":"Book of Stabbing","floor":24,"turns":5}],"seed_played":"-8252260860926547945","potions_obtained":[{"floor":2,"key":"BlessingOfTheForge"},{"floor":5,"key":"AttackPotion"},{"floor":7,"key":"EssenceOfSteel"},{"floor":11,"key":"DistilledChaos"},{"floor":13,"key":"Swift Potion"},{"floor":18,"key":"Energy Potion"},{"floor":22,"key":"Energy Potion"}],"is_trial":false,"path_per_floor":["M","M","M","?","M","R","M","E","T","M","M","R","E","M","R","B",null,"M","?","?","$","M","R","E"],"character_chosen":"THE_SILENT","items_purchased":["After Image","Frozen Eye"],"campfire_rested":0,"item_purchase_floors":[21,21],"current_hp_per_floor":[59,58,58,58,57,57,49,30,30,29,29,29,36,36,36,32,63,63,63,57,72,72,72,0,0],"gold":68,"neow_bonus":"RANDOM_COMMON_RELIC","is_daily":false,"chose_seed":false,"campfire_upgraded":4,"win_rate":0.0,"timestamp":1613859578,"path_taken":["M","M","M","?","?","R","M","E","T","M","M","R","E","M","R","BOSS","M","?","?","$","M","R","E"],"items_purchased_type":["Card","Relic"],"build_version":"2020-12-22","purchased_purges":0,"victory":false,"max_hp_per_floor":[66,66,66,66,66,66,66,66,66,66,66,66,73,73,73,73,73,73,73,73,73,73,73,73,73],"relic_stats":{"counters":[14,45],"MealTicket":15,"Pen Nib":[7],"Ginger":[2],"Cursed Key":0,"obtain_stats":[{"Frozen Eye":21,"Strawberry":13,"MealTicket":19,"Pen Nib":9,"Omamori":0,"Ginger":8,"Cursed Key":17,"Ring of the Snake":0},{"Frozen Eye":12,"Strawberry":9,"MealTicket":12,"Pen Nib":6,"Omamori":0,"Ginger":6,"Cursed Key":11,"Ring of the Snake":0},{"Frozen Eye":39,"Strawberry":30,"MealTicket":39,"Pen Nib":21,"Omamori":0,"Ginger":21,"Cursed Key":37,"Ring of the Snake":0}],"Ring of the Snake":[28]},"card_choices":[{"not_picked":["Sucker Punch","Slice"],"picked":"All Out Attack","floor":1},{"not_picked":["Setup","Flying Knee"],"picked":"Backstab","floor":2},{"not_picked":["Slice","Setup","Dodge and Roll"],"picked":"SKIP","floor":3},{"not_picked":["Catalyst","Sucker Punch"],"picked":"Eviscerate","floor":5},{"not_picked":["Deflect","Dodge and Roll"],"picked":"Quick Slash","floor":7},{"not_picked":["Underhanded Strike","Endless Agony"],"picked":"Poisoned Stab","floor":8},{"not_picked":["Sucker Punch","Deadly Poison"],"picked":"Blade Dance","floor":10},{"not_picked":["Outmaneuver","Slice"],"picked":"Dagger Spray","floor":11},{"not_picked":["Flechettes","Cloak And Dagger"],"picked":"Noxious Fumes","floor":13},{"not_picked":["Underhanded Strike","Dagger Throw"],"picked":"Predator","floor":14},{"not_picked":["Burst","Envenom"],"picked":"Corpse Explosion","floor":16},{"not_picked":["Slice","Terror"],"picked":"Crippling Poison","floor":18},{"not_picked":["Outmaneuver","Dodge and Roll"],"picked":"Dagger Spray+1","floor":22}],"player_experience":1055846,"relics_obtained":[{"floor":8,"key":"Ginger"},{"floor":9,"key":"Pen Nib"},{"floor":13,"key":"Strawberry"}],"event_choices":[{"damage_healed":0,"gold_gain":0,"player_choice":"2 cards matched","damage_taken":0,"max_hp_gain":0,"max_hp_loss":0,"event_name":"Match and Keep!","floor":4,"gold_loss":0,"cards_obtained":["Cloak And Dagger","Expertise"]},{"damage_healed":0,"gold_gain":0,"player_choice":"Stole Relic","damage_taken":0,"relics_obtained":["MealTicket"],"max_hp_gain":0,"max_hp_loss":0,"event_name":"Addict","floor":19,"gold_loss":0,"cards_obtained":["Shame"]},{"damage_healed":0,"gold_gain":0,"player_choice":"Joined the Cult","damage_taken":6,"max_hp_gain":0,"max_hp_loss":0,"event_name":"Nest","floor":20,"gold_loss":0,"cards_obtained":["RitualDagger"]}],"is_beta":false,"boss_relics":[{"not_picked":["WristBlade","Coffee Dripper"],"picked":"Cursed Key"}],"items_purged_floors":[],"is_endless":false,"potions_floor_spawned":[2,5,7,11,13,18,22],"killed_by":"Book of Stabbing","ascension_level":19}}