{"host":"ewe4oe702q4ujr6i","time":1613814999,"event":{"mods":["BaseMod","Colored Map","Colored Powertips","DeckTracker","Minty Spire (QoL Compilation)","SuperFastMode"],"gold_per_floor":[119,129,147,165,340,353,353,372,372,372,372,372,398,410,410,510,510,526,508,508,522,535,535,98,131,131,131,131,149,74,92,92,193,193,213,232,232,252,268,268,300,300,350,362,380,78,78,78],"floor_reached":47,"language":"KOR","playtime":2825,"items_purged":["Doubt","Strike_B"],"score":507,"play_id":"161ad3de-f414-4f58-963a-b6ed318c7533","local_time":"20210220185639","is_ascension_mode":true,"campfire_choices":[{"data":"Zap","floor":7,"key":"SMITH"},{"data":"Dualcast","floor":10,"key":"SMITH"},{"data":"Defragment","floor":12,"key":"SMITH"},{"floor":15,"key":"REST"},{"floor":23,"key":"REST"},{"floor":28,"key":"REST"},{"data":"Defragment","floor":32,"key":"SMITH"},{"floor":40,"key":"REST"},{"data":"Coolheaded","floor":42,"key":"SMITH"}],"circlet_count":0,"master_deck":["Strike_B","Strike_B","Defend_B","Defend_B","Defend_B","Defend_B","Zap+1","Dualcast+1","Coolheaded+1","Defragment+1","Conserve Battery","Conserve Battery","Sweeping Beam","Hologram","Amplify","Turbo+1","Ball Lightning","BootSequence+1","Defragment+1","Biased Cognition","BootSequence+1","Seek+1","Capacitor+1","Thunder Strike","Fission"],"relics":["Cracked Core","Shovel","StoneCalendar","Regal Pillow","Black Star","Toy Ornithopter","Pocketwatch","Lantern","Sundial","Nloth\u0027s Gift","SlaversCollar","StrikeDummy","Smiling Mask","Mummified Hand"],"acts_visited":["Exordium","TheCity","TheBeyond"],"potions_floor_usage":[6,21,21,22,25,33,34,41,47],"damage_taken":[{"damage":6,"enemies":"Jaw Worm","floor":1,"turns":3},{"damage":0,"enemies":"2 Louse","floor":2,"turns":2},{"damage":5,"enemies":"Cultist","floor":3,"turns":4},{"damage":7,"enemies":"3 Louse","floor":4,"turns":4},{"damage":0,"enemies":"Gremlin Gang","floor":6,"turns":1},{"damage":7,"enemies":"2 Fungi Beasts","floor":8,"turns":3},{"damage":7,"enemies":"3 Sentries","floor":13,"turns":6},{"damage":3,"enemies":"Looter","floor":14,"turns":3},{"damage":16,"enemies":"Slime Boss","floor":16,"turns":7},{"damage":6,"enemies":"Shell Parasite","floor":18,"turns":7},{"damage":10,"enemies":"2 Thieves","floor":19,"turns":5},{"damage":37,"enemies":"Shelled Parasite and Fungi","floor":21,"turns":7},{"damage":27,"enemies":"Chosen and Byrds","floor":22,"turns":7},{"damage":30,"enemies":"Book of Stabbing","floor":25,"turns":7},{"damage":3,"enemies":"Snecko","floor":29,"turns":7},{"damage":0,"enemies":"3 Cultists","floor":31,"turns":5},{"damage":42,"enemies":"Champ","floor":33,"turns":10},{"damage":12,"enemies":"Orb Walker","floor":35,"turns":6},{"damage":29,"enemies":"3 Shapes","floor":36,"turns":5},{"damage":11,"enemies":"Jaw Worm Horde","floor":38,"turns":5},{"damage":8,"enemies":"Maw","floor":39,"turns":7},{"damage":12,"enemies":"Nemesis","floor":41,"turns":7},{"damage":10,"enemies":"Spire Growth","floor":44,"turns":6},{"damage":19,"enemies":"3 Darklings","floor":45,"turns":7},{"damage":35,"enemies":"Reptomancer","floor":47,"turns":2}],"seed_played":"845893054141372051","potions_obtained":[{"floor":3,"key":"Block Potion"},{"floor":4,"key":"AttackPotion"},{"floor":8,"key":"Dexterity Potion"},{"floor":13,"key":"BlessingOfTheForge"},{"floor":16,"key":"Weak Potion"},{"floor":18,"key":"Regen Potion"},{"floor":20,"key":"GamblersBrew"},{"floor":21,"key":"Strength Potion"},{"floor":29,"key":"GamblersBrew"},{"floor":33,"key":"Fruit Juice"},{"floor":39,"key":"Energy Potion"},{"floor":41,"key":"DistilledChaos"}],"is_trial":false,"path_per_floor":["M","M","M","M","?","M","R","M","T","R","?","R","E","M","R","B",null,"M","M","?","M","M","R","$","E","T","?","R","M","?","M","R","B",null,"M","M","?","M","M","R","E","R","T","M","M","$","E"],"character_chosen":"DEFECT","items_purchased":["Defragment","Toy Ornithopter","FocusPotion","LiquidMemories","Mummified Hand"],"campfire_rested":4,"item_purchase_floors":[24,24,24,24,46],"current_hp_per_floor":[62,62,57,50,50,50,50,43,43,43,36,36,29,26,61,45,68,62,52,52,30,3,38,38,13,13,13,48,45,45,45,45,8,73,61,32,32,21,13,49,42,42,42,32,13,13,0,0],"gold":78,"neow_bonus":"ONE_RARE_RELIC","is_daily":false,"chose_seed":false,"campfire_upgraded":5,"win_rate":0.0,"timestamp":1613814999,"path_taken":["M","M","M","M","?","M","R","M","T","R","?","R","E","M","R","BOSS","M","M","?","M","?","R","$","E","T","?","R","?","?","M","R","BOSS","M","M","?","M","M","R","E","R","T","M","?","$","E"],"items_purchased_type":["Card","Relic","Potion","Potion","Relic"],"build_version":"2020-12-22","purchased_purges":2,"victory":false,"max_hp_per_floor":[68,68,68,68,68,68,68,68,68,68,68,68,68,68,68,68,68,68,68,68,68,68,68,68,68,68,68,68,68,68,68,68,68,73,73,73,73,73,73,73,73,73,73,73,73,73,73,73],"card_choices":[{"not_picked":["Steam Power","Stack"],"picked":"Coolheaded","floor":1},{"not_picked":["Leap","Creative AI"],"picked":"Defragment","floor":2},{"not_picked":["Coolheaded","Cold Snap"],"picked":"Conserve Battery","floor":3},{"not_picked":["Steam","Rebound"],"picked":"Conserve Battery","floor":4},{"not_picked":["Aggregate","Barrage"],"picked":"Sweeping Beam","floor":6},{"not_picked":["Leap","Heatsinks","Reinforced Body"],"picked":"SKIP","floor":8},{"not_picked":["Reboot","Compile Driver"],"picked":"Hologram","floor":13},{"not_picked":["Sweeping Beam","Double Energy","Aggregate"],"picked":"SKIP","floor":14},{"not_picked":["Reboot","Thunder Strike"],"picked":"Amplify","floor":16},{"not_picked":["Sunder","Force Field"],"picked":"Turbo+1","floor":18},{"not_picked":["Auto Shields","Streamline","Sunder"],"picked":"SKIP","floor":19},{"not_picked":["Sunder","Streamline"],"picked":"Ball Lightning","floor":21},{"not_picked":["Hologram","Aggregate"],"picked":"BootSequence+1","floor":22},{"not_picked":["Sunder","Skim"],"picked":"Biased Cognition","floor":25},{"not_picked":["Sweeping Beam","Lockon","Multi-Cast"],"picked":"SKIP","floor":29},{"not_picked":["Go for the Eyes","Loop"],"picked":"BootSequence+1","floor":31},{"not_picked":["Amplify","Thunder Strike"],"picked":"Seek","floor":33},{"not_picked":["Sweeping Beam+1","Redo+1","Consume"],"picked":"SKIP","floor":35},{"not_picked":["Leap+1","Genetic Algorithm+1"],"picked":"Capacitor+1","floor":36},{"not_picked":["Ball Lightning+1","Turbo+1","Steam+1"],"picked":"SKIP","floor":38},{"not_picked":["Melter+1","FTL"],"picked":"Thunder Strike","floor":39},{"not_picked":["Stack+1","Turbo+1","Lockon"],"picked":"SKIP","floor":41},{"not_picked":["Cold Snap+1","Self Repair"],"picked":"Fission","floor":44},{"not_picked":["Hello World","Coolheaded","Go for the Eyes"],"picked":"SKIP","floor":45}],"player_experience":231858,"relics_obtained":[{"floor":9,"key":"StoneCalendar"},{"floor":13,"key":"Darkstone Periapt"},{"floor":25,"key":"Pocketwatch"},{"floor":25,"key":"Lantern"},{"floor":26,"key":"Sundial"},{"floor":41,"key":"StrikeDummy"},{"floor":41,"key":"Smiling Mask"}],"event_choices":[{"damage_healed":0,"gold_gain":175,"player_choice":"AGREE","damage_taken":0,"max_hp_gain":0,"max_hp_loss":0,"event_name":"Liars Game","floor":5,"gold_loss":0,"cards_obtained":["Doubt"]},{"damage_healed":0,"gold_gain":0,"player_choice":"Success","damage_taken":7,"relics_obtained":["Regal Pillow"],"max_hp_gain":0,"max_hp_loss":0,"event_name":"Scrap Ooze","floor":11,"gold_loss":0},{"damage_healed":0,"gold_gain":0,"player_choice":"Got Potions","damage_taken":0,"max_hp_gain":0,"max_hp_loss":0,"event_name":"Lab","floor":20,"gold_loss":0},{"damage_healed":0,"gold_gain":0,"player_choice":"Traded Relic","damage_taken":0,"relics_obtained":["Nloth\u0027s Gift"],"max_hp_gain":0,"max_hp_loss":0,"event_name":"N\u0027loth","floor":27,"relics_lost":["Darkstone Periapt"],"gold_loss":0},{"cards_removed":["Strike_B"],"damage_healed":0,"gold_gain":0,"player_choice":"Gave Gold","damage_taken":0,"max_hp_gain":0,"max_hp_loss":0,"event_name":"Beggar","floor":30,"gold_loss":75},{"damage_healed":0,"gold_gain":0,"player_choice":"Forge","damage_taken":0,"max_hp_gain":0,"max_hp_loss":0,"event_name":"Accursed Blacksmith","floor":37,"gold_loss":0,"cards_upgraded":["Seek"]}],"is_beta":false,"boss_relics":[{"not_picked":["Tiny House","Snecko Eye"],"picked":"Black Star"},{"not_picked":["Astrolabe","Philosopher\u0027s Stone"],"picked":"SlaversCollar"}],"items_purged_floors":[24,46],"is_endless":false,"potions_floor_spawned":[3,4,8,13,16,18,21,29,33,39,41],"killed_by":"Reptomancer","ascension_level":1}}