{"host":"2d926qfvvz477zl6","time":1613794243,"event":{"mods":["Aspiration","BaseMod","Challenge The Spire","Conspire","Downfall","GifTheSpireLib","GungeonMod","Halation","Hermit","Hubris","Infinite Spire","Minty Spire (QoL Compilation)","Morshu Shopkeeper","Permanent Neow","Quick Restart","Rare Cards Sparkle","Reliquary","Replay The Spire","Shedinja","Somnambulant","Spicy Shops","StSLib","Stuff the Spire","Td1madao Mod","The Blue Laboratory","The Bug Knight","The Construct","The Cursed","The Disciple","The Forsaken","The Hierophant","TheFirefly","Wandering Minibosses","Wide Potions","everything is the same but u backflip on backflip","slay the spire mod where everything is the same but ironclad has a cowboy hat"],"gold_per_floor":[113,113,147,147,160,160,190,204,278,278,288,288,25,37,37,108,108,123,123,123,142,142,142,155,155,180,210,210,81,115,144,144,144,144],"floor_reached":33,"language":"ENG","playtime":932,"items_purged":["Strike_B","Strike_B","Strike_B"],"score":514,"play_id":"840cc9ad-8c7e-4cf9-b188-5b539c1085c0","local_time":"20210219231043","is_ascension_mode":true,"campfire_choices":[{"data":"Fission","floor":10.0,"key":"SMITH"},{"floor":15.0,"key":"REST"},{"data":"infinitespire:Collect","floor":23,"key":"SMITH"},{"data":"StuffTheSpire:LoadUp","floor":25,"key":"SMITH"},{"data":"infinitespire:Collect","floor":32,"key":"SMITH"}],"circlet_count":0,"master_deck":["AscendersBane","Defend_B","Defend_B","Zap+1","Dualcast","Scrape","Ball Lightning","BasicCrystalCard","Fission+1","Leap","Melter","ReplayTheSpireMod:Calculation Training","Cold Snap","Redo+1","BasicCrystalCard","Mirror Shield","Coolheaded","infinitespire:Collect+1","CurseOfTheBell","Conserve Battery","AscendersBane","Defend_B","Defend_B","Defend_B","Defend_B","Zap+1","Dualcast","Scrape","Ball Lightning","BasicCrystalCard","Fission+1","Leap","Melter","ReplayTheSpireMod:Calculation Training","Cold Snap","Redo+1","BasicCrystalCard","Mirror Shield","Coolheaded","infinitespire:Collect+1","CurseOfTheBell","Conserve Battery","StuffTheSpire:LoadUp+1","Panic Button","Seek","Go for the Eyes","Leap","Panic Button"],"relics":["Cracked Core","NeowsBlessing","Replay:Kaleidoscope","reliquary:PartyBalloon","DemoMod:SerJunkan","Mirror","aspiration:BursterCore","aspiration:Nostalgia","theForsaken:JudgementScales","Calling Bell","MealTicket","Meat on the Bone","StoneCalendar","theForsaken:ScaryMask","hubris:BallOfYels","DemoMod:Junk","DemoMod:GundromedaStrain"],"acts_visited":["Exordium","TheCity"],"potions_floor_usage":[],"damage_taken":[{"damage":0.0,"enemies":"Cultist","floor":1.0,"turns":1.0},{"damage":0.0,"enemies":"conspire:MimicChest","floor":3.0,"turns":1.0},{"damage":0.0,"enemies":"2 Louse","floor":5.0,"turns":1.0},{"damage":29.0,"enemies":"Lagavulin","floor":7.0,"turns":6.0},{"damage":3.0,"enemies":"Jaw Worm","floor":8.0,"turns":3.0},{"damage":7.0,"enemies":"3 Louse","floor":11.0,"turns":3.0},{"damage":11.0,"enemies":"Gremlin Gang","floor":14.0,"turns":3.0},{"damage":19.0,"enemies":"Slime Boss","floor":16.0,"turns":4.0},{"damage":24.0,"enemies":"Shell Parasite","floor":18.0,"turns":6.0},{"damage":0,"enemies":"Spheric Guardian","floor":21,"turns":1},{"damage":1,"enemies":"Snake Plant","floor":24,"turns":4},{"damage":24,"enemies":"Gremlin Leader","floor":27,"turns":6},{"damage":14,"enemies":"Slavers","floor":30,"turns":4},{"damage":0,"enemies":"Masked Bandits","floor":31,"turns":2},{"damage":48,"enemies":"Collector","floor":33,"turns":5}],"seed_played":"1754600217274383649","potions_obtained":[{"floor":3.0,"key":"PowerPotion"},{"floor":14.0,"key":"champ:CounterPotion"},{"floor":16.0,"key":"sneckomod:MuddlingPotion"},{"floor":21,"key":"blueLaboratory:HeartbeatPotion"}],"is_trial":false,"path_per_floor":["M","?","?","?","M","?","E","M","T","R","M","?","$","M","R","B",null,"M","AVR","T","M","?","R","M","R","T","E","?","$","E","?","R","B"],"character_chosen":"DEFECT","items_purchased":["Cold Snap","Redo+1","DemoMod:GundromedaStrain","Leap"],"campfire_rested":1,"item_purchase_floors":[13,13,29,29],"current_hp_per_floor":[68,62,62,55,55,55,26,23,23,23,16,16,16,5,27,8,58,34,34,34,46,46,46,45,45,45,33,33,48,46,46,46,0,0],"gold":144,"neow_bonus":"THREE_ENEMY_KILL","is_daily":false,"chose_seed":false,"campfire_upgraded":4,"win_rate":0.0,"timestamp":1613794243,"path_taken":["M","?","?","?","?","?","E","M","T","R","?","?","$","M","R","BOSS","M","AVR","?","M","?","R","?","R","T","E","?","$","E","?","R","BOSS"],"items_purchased_type":["Card","Card","Relic","Card"],"build_version":"2020-12-22","purchased_purges":3,"victory":false,"max_hp_per_floor":[75,75,75,75,75,75,75,75,75,75,75,75,75,75,75,75,75,75,75,75,75,75,75,75,75,75,75,75,75,75,75,75,75,75],"card_choices":[{"not_picked":["ReplayTheSpireMod:GoodbyeWorld","Conserve Battery"],"picked":"Scrape","floor":1.0},{"not_picked":["Redo","StuffTheSpire:ShieldGenerator"],"picked":"Ball Lightning","floor":3.0},{"not_picked":["Crystallizer","Sweeping Beam"],"picked":"BasicCrystalCard","floor":5.0},{"not_picked":["Static Discharge","ReplayTheSpireMod:GoodbyeWorld"],"picked":"Leap","floor":7.0},{"not_picked":["Sweeping Beam","Steam"],"picked":"Melter","floor":8.0},{"not_picked":["Compile Driver","Seek"],"picked":"ReplayTheSpireMod:Calculation Training","floor":11.0},{"not_picked":["Redo","FIFO Queue"],"picked":"BasicCrystalCard","floor":14.0},{"not_picked":["hubris:SpecializedCircuitry","Fission"],"picked":"Mirror Shield","floor":16.0},{"not_picked":["ReplayTheSpireMod:Repulse","BasicCrystalCard"],"picked":"Coolheaded","floor":18.0},{"not_picked":["aspiration:Polymerization","Crystallizer"],"picked":"Conserve Battery","floor":21},{"not_picked":["Lockon","Ball Lightning+1"],"picked":"StuffTheSpire:LoadUp","floor":24},{"not_picked":["Fusion+1","Sweeping Beam"],"picked":"Panic Button","floor":27},{"not_picked":["Gash","Beam Cell+1"],"picked":"Panic Button","floor":30}],"player_experience":494941,"relics_obtained":[{"floor":3.0,"key":"reliquary:PartyBalloon"},{"floor":7.0,"key":"DemoMod:SerJunkan"},{"floor":9.0,"key":"Mirror"},{"floor":19,"key":"MealTicket"},{"floor":19,"key":"Meat on the Bone"},{"floor":19,"key":"StoneCalendar"},{"floor":20,"key":"theForsaken:ScaryMask"},{"floor":26,"key":"hubris:BallOfYels"},{"floor":27,"key":"DemoMod:Junk"},{"floor":30,"key":"DemoMod:Junk"},{"floor":31,"key":"DemoMod:Junk"}],"event_choices":[{"damage_healed":0.0,"max_hp_gain":0.0,"max_hp_loss":0.0,"gold_gain":0.0,"event_name":"Wheel of Change","player_choice":"Damaged","floor":4.0,"gold_loss":0.0,"damage_taken":7.0},{"damage_healed":0.0,"max_hp_gain":0.0,"max_hp_loss":0.0,"gold_gain":0.0,"cards_transformed":["Strike_B"],"event_name":"Transmorgrifier","player_choice":"Transformed","floor":6.0,"gold_loss":0.0,"damage_taken":0.0,"cards_obtained":["Fission"]},{"damage_healed":0.0,"max_hp_gain":0.0,"max_hp_loss":0.0,"gold_gain":0.0,"event_name":"Upgrade Shrine","player_choice":"Upgraded","floor":12.0,"gold_loss":0.0,"damage_taken":0.0,"cards_upgraded":["Zap"]},{"damage_healed":0,"gold_gain":0,"cards_transformed":["Defend_B","Defend_B"],"player_choice":"Became Test Subject","damage_taken":0,"max_hp_gain":0,"max_hp_loss":0,"event_name":"Drug Dealer","floor":28,"gold_loss":0,"cards_obtained":["Seek","Go for the Eyes"]},{"damage_healed":0,"gold_gain":0,"player_choice":"Fought Bandits","damage_taken":0,"max_hp_gain":0,"max_hp_loss":0,"event_name":"Masked Bandits","floor":31,"gold_loss":0}],"is_beta":false,"boss_relics":[{"not_picked":["Kintsugi","bronze:MakeshiftBattery"],"picked":"aspiration:BursterCore"}],"items_purged_floors":[13,13,19],"is_endless":false,"potions_floor_spawned":[3,14,16,21,24,31],"killed_by":"Collector","ascension_level":13}}