{"host":"iodn1af76021fjto","time":1613806198,"event":{"mods":["AchievementEnabler","BaseMod","BetterRewards","Colored Map","Downfall","Hermit","Infinite Spire","Jorbs\u0027s Wanderer Trilogy","Minty Spire (QoL Compilation)","Quick Restart","StSLib","SuperFastMode","The Cursed","The Hierophant","The Jungle","The Runesmith","The Servant 0.9.4"],"gold_per_floor":[116,116,128,139,139,170,183,183,183],"floor_reached":8,"language":"ENG","playtime":166,"items_purged":[],"score":67,"play_id":"3c4d0ce2-57ba-41e0-ac8c-77ffd07a277e","local_time":"20210220022958","is_ascension_mode":true,"campfire_choices":[],"circlet_count":0,"master_deck":["Strike_B","Strike_B","Strike_B","Strike_B","Defend_B","Defend_B","Defend_B","Defend_B","Zap","Dualcast","Electrodynamics","Rebound","Ball Lightning","Leap"],"relics":["Cracked Core","Pantograph"],"acts_visited":["Exordium"],"potions_floor_usage":[6],"damage_taken":[{"damage":0,"enemies":"2 Louse","floor":1,"turns":1},{"damage":4,"enemies":"Jaw Worm","floor":3,"turns":4},{"damage":7,"enemies":"Small Slimes","floor":4,"turns":3},{"damage":18,"enemies":"Lagavulin","floor":6,"turns":6},{"damage":5,"enemies":"Gremlin Gang","floor":7,"turns":2},{"damage":33,"enemies":"Gremlin Nob","floor":8,"turns":3}],"seed_played":"-5240869663216321648","potions_obtained":[{"floor":1,"key":"Guardian:BlockOnCardUsePotion"},{"floor":6,"key":"Ancient Potion"}],"is_trial":false,"path_per_floor":["M","?","M","M","$","E","M","E"],"character_chosen":"DEFECT","items_purchased":[],"campfire_rested":0,"item_purchase_floors":[],"current_hp_per_floor":[54,54,50,43,43,25,20,0,0],"gold":183,"neow_bonus":"THREE_RARE_CARDS","is_daily":false,"chose_seed":false,"campfire_upgraded":0,"win_rate":0.0,"timestamp":1613806198,"path_taken":["M","?","M","M","$","E","M","E"],"items_purchased_type":[],"build_version":"2020-12-22","purchased_purges":0,"victory":false,"max_hp_per_floor":[75,75,75,75,75,75,75,75,75],"card_choices":[{"not_picked":["Rainbow","All For One"],"picked":"Electrodynamics","floor":0},{"not_picked":["Gash","Hologram","Rebound"],"picked":"SKIP","floor":1},{"not_picked":["Gash","Hologram"],"picked":"Rebound","floor":1},{"not_picked":["Hello World","Double Energy"],"picked":"Ball Lightning","floor":3},{"not_picked":["Turbo","Hologram","Melter"],"picked":"SKIP","floor":4},{"not_picked":["Blizzard","Streamline"],"picked":"Leap","floor":6},{"not_picked":["Biased Cognition","Streamline","Go for the Eyes"],"picked":"SKIP","floor":7}],"player_experience":281810,"relics_obtained":[{"floor":6,"key":"Pantograph"}],"event_choices":[{"damage_healed":0,"gold_gain":0,"player_choice":"Ignored","damage_taken":0,"max_hp_gain":0,"max_hp_loss":0,"event_name":"Liars Game","floor":2,"gold_loss":0}],"is_beta":false,"boss_relics":[],"items_purged_floors":[],"is_endless":false,"potions_floor_spawned":[1,6],"killed_by":"Gremlin Nob","ascension_level":3}}