{"host":"8is2j71l4wmybkoi","time":1613806022,"event":{"mods":["AchievementEnabler","BaseMod","Colored Map","DeckTracker","Minty Spire (QoL Compilation)","Rare Cards Sparkle","Relic Stats","StSLib","SuperFastMode"],"gold_per_floor":[118,131,151,151,226,253,253,281,281,281,281],"floor_reached":10,"language":"KOR","playtime":283,"items_purged":[],"score":133,"play_id":"f9aa4dcf-434d-4ada-8fbe-52cbbb9b7e05","local_time":"20210220162702","is_ascension_mode":true,"campfire_choices":[{"floor":7,"key":"REST"}],"circlet_count":0,"master_deck":["AscendersBane","Strike_G","Strike_G","Strike_G","Strike_G","Defend_G","Defend_G","Defend_G","Defend_G","Survivor","Neutralize","Sucker Punch","Riddle With Holes","Underhanded Strike","Calculated Gamble","Dagger Throw","Acrobatics","Venomology"],"relics":["Ring of the Snake","Potion Belt","CaptainsWheel","Meat on the Bone"],"acts_visited":["Exordium"],"potions_floor_usage":[6,8],"damage_taken":[{"damage":0,"enemies":"Small Slimes","floor":1,"turns":3},{"damage":4,"enemies":"Jaw Worm","floor":2,"turns":3},{"damage":1,"enemies":"2 Louse","floor":3,"turns":3},{"damage":19,"enemies":"3 Sentries","floor":6,"turns":8},{"damage":27,"enemies":"Lagavulin","floor":8,"turns":9},{"damage":5,"enemies":"3 Sentries","floor":10,"turns":2}],"seed_played":"1368090106533533757","potions_obtained":[{"floor":2,"key":"PowerPotion"},{"floor":3,"key":"CultistPotion"}],"is_trial":false,"path_per_floor":["M","M","M","?","?","E","R","E","T","E"],"character_chosen":"THE_SILENT","items_purchased":[],"campfire_rested":1,"item_purchase_floors":[],"current_hp_per_floor":[44,40,39,39,28,9,28,1,1,0,0],"gold":281,"neow_bonus":"TRANSFORM_TWO_CARDS","is_daily":false,"chose_seed":false,"campfire_upgraded":0,"win_rate":0.0,"timestamp":1613806022,"path_taken":["M","M","M","?","?","E","R","E","T","E"],"items_purchased_type":[],"build_version":"2020-12-22","purchased_purges":0,"victory":false,"max_hp_per_floor":[66,66,66,66,66,66,66,66,66,66,66],"relic_stats":{"counters":[6,28],"obtain_stats":[{"Potion Belt":6,"CaptainsWheel":8,"Ring of the Snake":0,"Meat on the Bone":9},{"Potion Belt":4,"CaptainsWheel":5,"Ring of the Snake":0,"Meat on the Bone":5},{"Potion Belt":17,"CaptainsWheel":26,"Ring of the Snake":0,"Meat on the Bone":26}],"Ring of the Snake":[12],"Meat on the Bone":0},"card_choices":[{"not_picked":["PiercingWail","Sucker Punch"],"picked":"Underhanded Strike","floor":1},{"not_picked":["Deflect","Dagger Spray"],"picked":"Calculated Gamble","floor":2},{"not_picked":["Flying Knee","Skewer"],"picked":"Dagger Throw","floor":3},{"not_picked":["Underhanded Strike","Setup"],"picked":"Acrobatics","floor":6},{"not_picked":["Crippling Poison","Backstab"],"picked":"Venomology","floor":8}],"player_experience":1262251,"relics_obtained":[{"floor":6,"key":"Potion Belt"},{"floor":8,"key":"CaptainsWheel"},{"floor":9,"key":"Meat on the Bone"}],"event_choices":[{"damage_healed":0,"gold_gain":0,"player_choice":"Ignored","damage_taken":0,"max_hp_gain":0,"max_hp_loss":0,"event_name":"Liars Game","floor":4,"gold_loss":0},{"damage_healed":0,"gold_gain":75,"player_choice":"Gather Gold","damage_taken":11,"max_hp_gain":0,"max_hp_loss":0,"event_name":"World of Goop","floor":5,"gold_loss":0}],"is_beta":false,"boss_relics":[],"items_purged_floors":[],"is_endless":false,"potions_floor_spawned":[2,3],"killed_by":"3 Sentries","ascension_level":15}}