{"host":"rgoqx5rraw279wuc","time":1613812634,"event":{"mods":["Act Like it!","BaseMod","Bestiary","Downfall","Minty Spire (QoL Compilation)","Reliquary","Ruina","StSLib","Uncapped","Waifu the Spire","¡¾ÒÅÎï¿¨ÅÆ¡¿REMEMod"],"gold_per_floor":[112,37,37,0,11,36,36,71,71,71,98,108,125,160,160,256,256,270,270,71,81,97,129,129,156,208,237,257,274,17,52,52,180,180,193,245,256,9,22,22,22,36,36,36,36,52,82,93,93,93,93],"floor_reached":50,"language":"ZHS","playtime":3039,"items_purged":["Defend_R","Strike_R"],"score":655,"play_id":"87d6a257-76d7-4d05-bfb8-c446364c6923","local_time":"20210220171714","is_ascension_mode":false,"campfire_choices":[{"data":"ruina:Harvest","floor":7.0,"key":"SMITH"},{"data":"Bash","floor":10.0,"key":"SMITH"},{"floor":15.0,"key":"REST"},{"data":"Bloodletting","floor":24.0,"key":"SMITH"},{"data":"REME_ACTH","floor":32.0,"key":"SMITH"},{"data":"Second Wind","floor":40,"key":"SMITH"},{"floor":44,"key":"REST"},{"floor":49,"key":"RECALL"}],"circlet_count":0,"master_deck":["Strike_R","Strike_R","Strike_R","Strike_R","Defend_R","Defend_R","Bash+1","ruina:Harvest+1","Pommel Strike+1","Ghostly Armor","Clash","Evolve","Flame Barrier","Burning Pact","Battle Trance","Metallicize","REME_ACTH+1","Bloodletting+1","Inflame","Second Wind+1","Shrug It Off","Spot Weakness","Feel No Pain+1","Demon Form","Whirlwind+1","Dark Embrace","Blind","Body Slam+1","Armaments+1","Perfected Strike+1"],"relics":["Burning Blood","REME_ComplimentaryCards","NeowsBlessing","reliquary:NewFriend","Oddly Smooth Stone","The Courier","Ginger","Pen Nib","reliquary:ThirdArm","reliquary:FingerTrap","reliquary:Crutches","Charon\u0027s Ashes","Vajra","Bag of Marbles","Molten Egg 2","Incense Burner","reliquary:WritOfMandamus","Prayer Wheel","reliquary:Spinner","TheAbacus","reliquary:SilkGlove"],"acts_visited":["Exordium","TheCity","TheBeyond"],"potions_floor_usage":[39,50,50,50],"damage_taken":[{"damage":0.0,"enemies":"Small Slimes","floor":1.0,"turns":1.0},{"damage":0.0,"enemies":"Jaw Worm","floor":5.0,"turns":1.0},{"damage":0.0,"enemies":"3 Sentries","floor":6.0,"turns":1.0},{"damage":21.0,"enemies":"Lagavulin","floor":8.0,"turns":5.0},{"damage":27.0,"enemies":"Gremlin Nob","floor":11.0,"turns":4.0},{"damage":0.0,"enemies":"2 Louse","floor":12.0,"turns":2.0},{"damage":5.0,"enemies":"Lots of Slimes","floor":13.0,"turns":5.0},{"damage":32.0,"enemies":"Lagavulin","floor":14.0,"turns":8.0},{"damage":23.0,"enemies":"Slime Boss","floor":16.0,"turns":12.0},{"damage":16.0,"enemies":"Spheric Guardian","floor":18.0,"turns":5.0},{"damage":1.0,"enemies":"Chosen","floor":21.0,"turns":4.0},{"damage":7.0,"enemies":"Shelled Parasite and Fungi","floor":22.0,"turns":5.0},{"damage":14.0,"enemies":"Gremlin Leader","floor":23.0,"turns":3.0},{"damage":3.0,"enemies":"Book of Stabbing","floor":25.0,"turns":3.0},{"damage":10.0,"enemies":"REME_1_Revenger","floor":27.0,"turns":3.0},{"damage":7.0,"enemies":"Cultist and Chosen","floor":28.0,"turns":4.0},{"damage":6.0,"enemies":"3 Cultists","floor":29.0,"turns":4.0},{"damage":9.0,"enemies":"Book of Stabbing","floor":31.0,"turns":5.0},{"damage":29.0,"enemies":"Champ","floor":33.0,"turns":8.0},{"damage":25.0,"enemies":"3 Darklings","floor":35.0,"turns":4.0},{"damage":38.0,"enemies":"2 Orb Walkers","floor":36.0,"turns":4.0},{"damage":14.0,"enemies":"Orb Walker","floor":37.0,"turns":2.0},{"damage":29,"enemies":"Jaw Worm Horde","floor":39,"turns":3},{"damage":0,"enemies":"Transient","floor":42,"turns":5},{"damage":0,"enemies":"Spire Growth","floor":46,"turns":2},{"damage":0,"enemies":"Giant Head","floor":47,"turns":5},{"damage":15,"enemies":"Maw","floor":48,"turns":4},{"damage":90,"enemies":"Time Eater","floor":50,"turns":7}],"seed_played":"5378440010642267694","potions_obtained":[{"floor":1.0,"key":"EssenceOfSteel"},{"floor":5.0,"key":"FairyPotion"},{"floor":11.0,"key":"LiquidBronze"},{"floor":16.0,"key":"FearPotion"},{"floor":19.0,"key":"Fire Potion"},{"floor":23.0,"key":"REME_GoldPotion"},{"floor":25.0,"key":"DistilledChaos"},{"floor":29.0,"key":"champ:CounterPotion"},{"floor":31.0,"key":"REME_GoldPotion"},{"floor":37.0,"key":"ColorlessPotion"},{"floor":42,"key":"Fire Potion"},{"floor":47,"key":"champ:CounterPotion"},{"floor":48,"key":"Fire Potion"}],"is_trial":false,"path_per_floor":["M","$","?","?","M","E","R","E","T","R","E","M","M","E","R","B",null,"M","?","$","M","M","E","R","E","T","E","M","M","$","E","R","B",null,"M","?","M","$","M","R","?","M","T","R","?","M","E","M","R","B"],"character_chosen":"IRONCLAD","items_purchased":["reliquary:FingerTrap","Molten Egg 2","Spot Weakness","reliquary:Spinner","TheAbacus"],"campfire_rested":2,"item_purchase_floors":[20,30,30,38,38],"current_hp_per_floor":[80,80,73,73,79,80,80,65,65,65,44,50,51,25,49,32,80,70,70,70,75,74,66,66,69,69,65,64,64,64,61,61,38,80,61,29,21,21,30,30,30,36,36,60,60,66,72,63,63,0,0],"gold":93,"neow_bonus":"THREE_ENEMY_KILL","is_daily":false,"chose_seed":false,"campfire_upgraded":5,"win_rate":0.0,"timestamp":1613812634,"path_taken":["M","$","?","?","M","E","R","E","T","R","E","M","M","E","R","BOSS","M","?","$","M","?","E","R","E","T","E","M","M","$","E","R","BOSS","M","?","M","$","M","R","?","M","T","R","?","M","E","?","R","BOSS"],"items_purchased_type":["Relic","Relic","Card","Relic","Relic"],"build_version":"2020-12-22","purchased_purges":2,"victory":false,"max_hp_per_floor":[80,80,80,80,80,80,80,80,80,80,80,80,80,80,80,80,80,80,80,80,80,80,80,80,80,80,80,80,80,80,80,80,80,80,80,80,80,80,80,80,80,80,80,80,80,80,80,80,80,80,80],"card_choices":[{"not_picked":["Havoc","Cleave"],"picked":"Pommel Strike","floor":1.0},{"not_picked":["Pummel","Disarm"],"picked":"Ghostly Armor","floor":5.0},{"not_picked":["Feel No Pain","Body Slam"],"picked":"Clash","floor":6.0},{"not_picked":["Double Tap","Anger"],"picked":"Evolve","floor":8.0},{"not_picked":["Iron Wave","Pommel Strike"],"picked":"Flame Barrier","floor":11.0},{"not_picked":["Havoc","Feel No Pain"],"picked":"Burning Pact","floor":12.0},{"not_picked":["REME_Cut","Evolve"],"picked":"Battle Trance","floor":13.0},{"not_picked":["Armaments","Thunderclap"],"picked":"Metallicize","floor":14.0},{"not_picked":["Immolate","Bludgeon"],"picked":"REME_ACTH","floor":16.0},{"not_picked":["True Grit","Twin Strike+1","Clash"],"picked":"SKIP","floor":18.0},{"not_picked":["Pommel Strike","Headbutt","Warcry"],"picked":"SKIP","floor":21.0},{"not_picked":["Battle Trance","Clothesline+1","Sword Boomerang"],"picked":"SKIP","floor":22.0},{"not_picked":["Wild Strike+1","Berserk"],"picked":"Bloodletting","floor":23.0},{"not_picked":["Clash","Thunderclap","Cleave"],"picked":"SKIP","floor":25.0},{"not_picked":["Heavy Blade","Headbutt"],"picked":"Inflame","floor":27.0},{"not_picked":["Clothesline","Havoc"],"picked":"Second Wind","floor":28.0},{"not_picked":["Perfected Strike","True Grit"],"picked":"Shrug It Off","floor":29.0},{"not_picked":["Anger+1","Demon Form"],"picked":"Feel No Pain+1","floor":31.0},{"not_picked":["Double Tap","REME_ACTH"],"picked":"Demon Form","floor":33.0},{"not_picked":["Carnage+1","Warcry+1"],"picked":"Whirlwind+1","floor":35.0},{"not_picked":["Pummel+1","True Grit+1","Headbutt+1"],"picked":"SKIP","floor":37.0},{"not_picked":["Clash+1","Flame Barrier","Cleave+1"],"picked":"SKIP","floor":37.0},{"not_picked":["Hemokinesis+1","Searing Blow+1"],"picked":"Dark Embrace","floor":39},{"not_picked":["True Grit+1","Combust","Second Wind+1"],"picked":"SKIP","floor":39},{"not_picked":["Jack Of All Trades","Madness"],"picked":"Blind","floor":41},{"not_picked":["Rupture","Dark Embrace"],"picked":"Body Slam+1","floor":42},{"not_picked":["Blood for Blood+1","Heavy Blade+1","Pommel Strike+1"],"picked":"SKIP","floor":42},{"not_picked":["Seeing Red","Feel No Pain+1"],"picked":"Armaments+1","floor":46},{"not_picked":["Double Tap","Shrug It Off+1"],"picked":"Perfected Strike+1","floor":46},{"not_picked":["Body Slam+1","Sword Boomerang+1","Iron Wave+1"],"picked":"SKIP","floor":47},{"not_picked":["Shrug It Off","Pommel Strike+1","Clash+1"],"picked":"SKIP","floor":48},{"not_picked":["Headbutt+1","Wild Strike+1","Sword Boomerang+1"],"picked":"SKIP","floor":48}],"player_experience":51615,"relics_obtained":[{"floor":6.0,"key":"reliquary:NewFriend"},{"floor":8.0,"key":"Oddly Smooth Stone"},{"floor":9.0,"key":"The Courier"},{"floor":11.0,"key":"Ginger"},{"floor":14.0,"key":"Pen Nib"},{"floor":23.0,"key":"reliquary:Crutches"},{"floor":25.0,"key":"Charon\u0027s Ashes"},{"floor":26.0,"key":"Vajra"},{"floor":27.0,"key":"Bag of Marbles"},{"floor":31.0,"key":"Incense Burner"},{"floor":36.0,"key":"Prayer Wheel"},{"floor":47,"key":"reliquary:SilkGlove"}],"event_choices":[{"cards_removed":["Defend_R"],"damage_healed":0.0,"max_hp_gain":0.0,"max_hp_loss":0.0,"gold_gain":0.0,"event_name":"Golden Wing","player_choice":"Card Removal","floor":3.0,"gold_loss":0.0,"damage_taken":7.0},{"damage_healed":0.0,"max_hp_gain":0.0,"max_hp_loss":0.0,"gold_gain":0.0,"event_name":"World of Goop","player_choice":"Left Gold","floor":4.0,"gold_loss":37.0,"damage_taken":0.0},{"damage_healed":0.0,"max_hp_gain":0.0,"max_hp_loss":0.0,"gold_gain":0.0,"event_name":"Lab","player_choice":"Got Potions","floor":19.0,"gold_loss":0.0,"damage_taken":0.0},{"damage_healed":0.0,"max_hp_gain":0.0,"max_hp_loss":0.0,"gold_gain":0.0,"event_name":"Mysterious Sphere","player_choice":"Fight","floor":36.0,"gold_loss":0.0,"damage_taken":0.0},{"damage_healed":0,"gold_gain":0,"player_choice":"Memory 1","damage_taken":0,"max_hp_gain":0,"max_hp_loss":0,"event_name":"SensoryStone","floor":41,"gold_loss":0},{"damage_healed":0,"gold_gain":0,"player_choice":"Forge","damage_taken":0,"max_hp_gain":0,"max_hp_loss":0,"event_name":"Accursed Blacksmith","floor":45,"gold_loss":0,"cards_upgraded":["Pommel Strike"]}],"is_beta":false,"boss_relics":[{"not_picked":["Runic Dome","Philosopher\u0027s Stone"],"picked":"reliquary:ThirdArm"},{"not_picked":["SacredBark","Empty Cage"],"picked":"reliquary:WritOfMandamus"}],"items_purged_floors":[2,20],"is_endless":false,"potions_floor_spawned":[1,5,11,16,23,25,29,31,37,42,47,48],"killed_by":"Time Eater","ascension_level":0}}