{"host":"8tgyo6jwzgmjsiz5","time":1613792103,"event":{"mods":["AchievementEnabler","BaseMod","Best Route Mod","Highlight Path","Minty Spire (QoL Compilation)","Permanent Neow","Quick Restart","StSLib","SuperFastMode"],"gold_per_floor":[112,125,140,72,84,84,101,132,132,132,163,226,226,257,257,331,331,341,373,648,307,326,326,336,363,363,8,26,1,34,54,54,131,131,148,148,148,193,193,193,224,224,250,250,270,270,283,313,313,313,313,313,154,188,188],"floor_reached":56,"language":"ENG","playtime":23080,"items_purged":["Writhe","Regret","Rampage"],"score":1982,"play_id":"13dc94c4-eb5e-4485-8be8-96d951838629","local_time":"20210220003503","is_ascension_mode":true,"campfire_choices":[{"data":"Immolate","floor":6.0,"key":"SMITH"},{"data":"Rupture","floor":10.0,"key":"SMITH"},{"data":"True Grit","floor":13.0,"key":"SMITH"},{"floor":15.0,"key":"REST"},{"data":"Armaments","floor":23.0,"key":"SMITH"},{"data":"True Grit","floor":32,"key":"SMITH"},{"data":"Barricade","floor":40,"key":"SMITH"},{"data":"Corruption","floor":42,"key":"SMITH"},{"floor":44,"key":"RECALL"},{"data":"Dark Embrace","floor":46,"key":"SMITH"},{"data":"Rupture","floor":49,"key":"SMITH"},{"data":"Shockwave","floor":52,"key":"SMITH"}],"circlet_count":0,"master_deck":["AscendersBane","Bash","Reaper","Headbutt","Rupture+1","Immolate+1","Combust","Twin Strike","Shockwave+1","Impervious","True Grit+1","Fiend Fire","Limit Break","Pommel Strike","Blood for Blood","Evolve","Armaments+1","Power Through","Metallicize","Power Through","Spot Weakness","Battle Trance","True Grit+1","Combust","Shrug It Off","Uppercut+1","Burning Pact","Shrug It Off","Corruption+1","Rupture+1","Barricade+1","Dark Embrace+1","Madness","Disarm+1","Ghostly Armor+1","Battle Trance","Disarm"],"relics":["Burning Blood","Bronze Scales","Bottled Lightning","Red Skull","Magic Flower","Question Card","Pandora\u0027s Box","Red Mask","Bag of Marbles","Smiling Mask","Meat on the Bone","Membership Card","Pocketwatch","Ornamental Fan","Busted Crown","Art of War","Vajra","Pen Nib","Bag of Preparation","Akabeko"],"acts_visited":["Exordium","TheCity","TheBeyond","TheEnding"],"potions_floor_usage":[33,55,55],"damage_taken":[{"damage":6.0,"enemies":"Cultist","floor":1.0,"turns":4.0},{"damage":0.0,"enemies":"Small Slimes","floor":2.0,"turns":3.0},{"damage":13.0,"enemies":"Jaw Worm","floor":3.0,"turns":5.0},{"damage":7.0,"enemies":"2 Fungi Beasts","floor":5.0,"turns":4.0},{"damage":0.0,"enemies":"Lots of Slimes","floor":7.0,"turns":1.0},{"damage":13.0,"enemies":"3 Sentries","floor":8.0,"turns":3.0},{"damage":20.0,"enemies":"Gremlin Nob","floor":11.0,"turns":3.0},{"damage":31.0,"enemies":"3 Sentries","floor":12.0,"turns":8.0},{"damage":28.0,"enemies":"Lagavulin","floor":14.0,"turns":6.0},{"damage":56.0,"enemies":"Hexaghost","floor":16.0,"turns":9.0},{"damage":2.0,"enemies":"2 Thieves","floor":18.0,"turns":4.0},{"damage":2.0,"enemies":"Masked Bandits","floor":19.0,"turns":2.0},{"damage":14.0,"enemies":"Spheric Guardian","floor":22.0,"turns":4.0},{"damage":13.0,"enemies":"Snake Plant","floor":24.0,"turns":4.0},{"damage":44.0,"enemies":"Slavers","floor":25.0,"turns":5.0},{"damage":2.0,"enemies":"Cultist and Chosen","floor":28.0,"turns":4.0},{"damage":28,"enemies":"Book of Stabbing","floor":30,"turns":7},{"damage":8,"enemies":"Centurion and Healer","floor":31,"turns":6},{"damage":34,"enemies":"Champ","floor":33,"turns":8},{"damage":21,"enemies":"3 Darklings","floor":35,"turns":7},{"damage":21,"enemies":"Nemesis","floor":41,"turns":7},{"damage":9,"enemies":"3 Shapes","floor":45,"turns":4},{"damage":38,"enemies":"Sphere and 2 Shapes","floor":47,"turns":7},{"damage":17,"enemies":"Reptomancer","floor":48,"turns":4},{"damage":36,"enemies":"Time Eater","floor":50,"turns":10},{"damage":46,"enemies":"Shield and Spear","floor":54,"turns":6},{"damage":44,"enemies":"The Heart","floor":55,"turns":9}],"seed_played":"-61104118446141915","potions_obtained":[{"floor":2.0,"key":"Fire Potion"},{"floor":3.0,"key":"Explosive Potion"},{"floor":19.0,"key":"SpeedPotion"},{"floor":24.0,"key":"DuplicationPotion"},{"floor":31,"key":"BloodPotion"},{"floor":35,"key":"EssenceOfSteel"}],"is_trial":false,"path_per_floor":["M","M","M","$","M","R","M","E","T","R","E","?","R","E","R","B",null,"M","?","?","$","M","R","M","E","T","$","M","$","E","M","R","B",null,"M","?","?","T","$","R","E","R","T","R","M","R","M","E","R","B",null,"R","$","E","B",null],"character_chosen":"IRONCLAD","items_purchased":["Combust","Combust","Shrug It Off","Bag of Marbles","Membership Card","True Grit","Pocketwatch","Shrug It Off","Bag of Preparation","Battle Trance"],"campfire_rested":1,"item_purchase_floors":[4,21,21,21,27,27,27,29,53,53],"current_hp_per_floor":[68,74,70,70,73,73,75,68,68,68,54,59,59,40,62,15,60,67,74,74,74,69,69,74,48,48,48,55,55,57,58,58,51,69,75,75,75,75,75,75,75,75,75,75,75,75,75,67,67,75,75,75,75,56,75],"gold":188,"neow_bonus":"THREE_RARE_CARDS","is_daily":false,"chose_seed":false,"campfire_upgraded":10,"win_rate":0.0,"timestamp":1613792103,"path_taken":["M","M","M","$","?","R","M","E","T","R","E","?","R","E","R","BOSS","M","?","?","$","M","R","M","E","T","$","?","?","E","M","R","BOSS","M","?","?","?","?","R","E","R","T","R","M","R","M","E","R","BOSS","R","$","E","BOSS"],"items_purchased_type":["Card","Card","Card","Relic","Relic","Card","Relic","Card","Relic","Card"],"build_version":"2020-12-22","purchased_purges":3,"victory":true,"max_hp_per_floor":[75,75,75,75,75,75,75,75,75,75,75,75,75,75,75,75,75,75,75,75,75,75,75,75,75,75,75,75,75,75,75,75,75,75,75,75,75,75,75,75,75,75,75,75,75,75,75,75,75,75,75,75,75,75,75],"card_choices":[{"not_picked":["Limit Break","Barricade"],"picked":"Reaper","floor":0.0},{"not_picked":["Havoc","Burning Pact"],"picked":"Headbutt","floor":1.0},{"not_picked":["Havoc","Rage"],"picked":"Rupture","floor":2.0},{"not_picked":["Thunderclap","Bloodletting"],"picked":"Immolate","floor":3.0},{"not_picked":["Havoc","Cleave","Perfected Strike"],"picked":"SKIP","floor":5.0},{"not_picked":["Rage","Sever Soul"],"picked":"Twin Strike","floor":7.0},{"not_picked":["Thunderclap","Havoc"],"picked":"Shockwave","floor":8.0},{"not_picked":["Blood for Blood","Havoc"],"picked":"Impervious","floor":11.0},{"not_picked":["Warcry","Armaments"],"picked":"True Grit","floor":12.0},{"not_picked":["Intimidate","Ghostly Armor"],"picked":"Fiend Fire","floor":14.0},{"not_picked":["Demon Form","Berserk","Reaper"],"picked":"Limit Break","floor":16.0},{"not_picked":["Havoc","Armaments","Spot Weakness+1"],"picked":"Battle Trance","floor":18.0},{"not_picked":["Evolve","Reckless Charge","Dual Wield+1"],"picked":"True Grit","floor":19.0},{"not_picked":["Clash","Sentinel","Body Slam+1","Twin Strike"],"picked":"SKIP","floor":22.0},{"not_picked":["Thunderclap","Shrug It Off","Cleave"],"picked":"Uppercut+1","floor":24.0},{"not_picked":["Heavy Blade","Headbutt","Havoc"],"picked":"Burning Pact","floor":25.0},{"not_picked":["Sword Boomerang","Wild Strike","Headbutt","Armaments"],"picked":"SKIP","floor":28.0},{"not_picked":["Combust","Fiend Fire","Clothesline"],"picked":"Corruption","floor":30},{"not_picked":["Sword Boomerang","Infernal Blade","Thunderclap"],"picked":"Rupture","floor":31},{"not_picked":["Bludgeon","Impervious","Demon Form"],"picked":"Barricade","floor":33},{"not_picked":["Shrug It Off"],"picked":"Dark Embrace","floor":35},{"not_picked":["Mayhem"],"picked":"Madness","floor":36},{"not_picked":["Reckless Charge","Headbutt+1"],"picked":"SKIP","floor":41},{"not_picked":["Flex"],"picked":"Disarm+1","floor":45},{"not_picked":["Anger","Searing Blow"],"picked":"SKIP","floor":47},{"not_picked":["Hemokinesis"],"picked":"Ghostly Armor+1","floor":48},{"not_picked":["Havoc"],"picked":"Disarm","floor":54}],"player_experience":1987632,"relics_obtained":[{"floor":8.0,"key":"Bronze Scales"},{"floor":9.0,"key":"Bottled Lightning"},{"floor":11.0,"key":"Red Skull"},{"floor":14.0,"key":"Question Card"},{"floor":19.0,"key":"Red Mask"},{"floor":25.0,"key":"Smiling Mask"},{"floor":26.0,"key":"Meat on the Bone"},{"floor":30,"key":"Ornamental Fan"},{"floor":41,"key":"Art of War"},{"floor":43,"key":"Vajra"},{"floor":48,"key":"Pen Nib"},{"floor":54,"key":"Akabeko"}],"event_choices":[{"damage_healed":0.0,"max_hp_gain":0.0,"max_hp_loss":0.0,"gold_gain":30.0,"event_name":"Dead Adventurer","player_choice":"Searched \u00273\u0027 times","floor":12.0,"gold_loss":0.0,"damage_taken":0.0,"relics_obtained":["Magic Flower"]},{"damage_healed":0.0,"max_hp_gain":0.0,"max_hp_loss":0.0,"gold_gain":0.0,"event_name":"Masked Bandits","player_choice":"Fought Bandits","floor":19.0,"gold_loss":0.0,"damage_taken":0.0},{"damage_healed":0.0,"max_hp_gain":0.0,"max_hp_loss":0.0,"gold_gain":275.0,"event_name":"Golden Shrine","player_choice":"Desecrate","floor":20.0,"gold_loss":0.0,"damage_taken":0.0,"cards_obtained":["Regret"]},{"damage_healed":0,"gold_gain":0,"player_choice":"Memory 1","damage_taken":0,"max_hp_gain":0,"max_hp_loss":0,"event_name":"SensoryStone","floor":36,"gold_loss":0},{"cards_removed":["True Grit"],"damage_healed":0,"gold_gain":0,"player_choice":"Removed Skill","damage_taken":0,"max_hp_gain":0,"max_hp_loss":0,"event_name":"Falling","floor":37,"gold_loss":0}],"is_beta":false,"boss_relics":[{"not_picked":["Black Blood","Philosopher\u0027s Stone"],"picked":"Pandora\u0027s Box"},{"not_picked":["Runic Cube","Black Star"],"picked":"Busted Crown"}],"items_purged_floors":[21,27,53],"is_endless":false,"potions_floor_spawned":[2,3,8,12,16,19,24,31,35,45,48],"ascension_level":15}}