{"host":"0kk91h4bq4kgfj0u","time":1613847613,"event":{"mods":["BaseMod","Bestiary","Block Reminder","Colored Map","Colored Powertips","Curses Come First","Highlight Path","Minty Spire (QoL Compilation)","Relic Stats","StSLib"],"gold_per_floor":[114,114,114,114,129,129,145,145,145,46,69,1,34,52,52,176,176,197,197,218,64,64,64,64],"floor_reached":23,"language":"ENG","playtime":595,"items_purged":[],"score":189,"play_id":"b197f1b6-6a51-45bc-9d8f-ecd1a8dbdb1d","local_time":"20210220140013","is_ascension_mode":false,"campfire_choices":[{"floor":6.0,"key":"RECALL"},{"data":"Searing Blow","floor":8.0,"key":"SMITH"},{"floor":15.0,"key":"REST"}],"circlet_count":0,"master_deck":["Strike_R","Strike_R","Strike_R","Defend_R","Defend_R","Defend_R","Defend_R","Bash","Iron Wave","Injury","Searing Blow+1","Heavy Blade","Clothesline","Inflame","Flame Barrier","Armaments","Pommel Strike","Flex","Demon Form"],"relics":["Burning Blood","Golden Idol","Pen Nib","Empty Cage","MutagenicStrength","Enchiridion"],"acts_visited":["Exordium","TheCity"],"potions_floor_usage":[23,23],"damage_taken":[{"damage":5.0,"enemies":"Cultist","floor":1.0,"turns":4.0},{"damage":6.0,"enemies":"2 Louse","floor":5.0,"turns":3.0},{"damage":1.0,"enemies":"Jaw Worm","floor":7.0,"turns":3.0},{"damage":35.0,"enemies":"Large Slime","floor":11.0,"turns":7.0},{"damage":56.0,"enemies":"Lagavulin","floor":13.0,"turns":7.0},{"damage":10.0,"enemies":"Looter","floor":14.0,"turns":3.0},{"damage":20.0,"enemies":"Slime Boss","floor":16.0,"turns":8.0},{"damage":14.0,"enemies":"Chosen","floor":18.0,"turns":6.0},{"damage":40.0,"enemies":"Shell Parasite","floor":20.0,"turns":8.0},{"damage":30,"enemies":"Slavers","floor":23,"turns":3}],"seed_played":"-5143475593448037579","potions_obtained":[{"floor":1.0,"key":"PowerPotion"},{"floor":5.0,"key":"LiquidMemories"},{"floor":14.0,"key":"HeartOfIron"},{"floor":16.0,"key":"Energy Potion"}],"is_trial":false,"path_per_floor":["M","?","?","$","M","R","M","R","T","$","M","$","E","M","R","B",null,"M","?","M","$","?","E"],"character_chosen":"IRONCLAD","items_purchased":["FairyPotion","Inflame","Demon Form"],"campfire_rested":1,"item_purchase_floors":[10,12,21],"current_hp_per_floor":[88,88,88,88,88,88,88,88,88,88,59,59,9,32,58,44,88,80,80,46,46,30,0,0],"gold":64,"neow_bonus":"TEN_PERCENT_HP_BONUS","is_daily":false,"chose_seed":false,"campfire_upgraded":1,"win_rate":0.0,"timestamp":1613847613,"path_taken":["M","?","?","$","M","R","M","R","T","$","M","?","E","M","R","BOSS","M","?","M","$","?","E"],"items_purchased_type":["Potion","Card","Card"],"build_version":"2020-12-22","purchased_purges":0,"victory":false,"max_hp_per_floor":[88,88,88,88,88,88,88,88,88,88,88,88,88,88,88,88,88,88,88,88,88,88,88,88],"relic_stats":{"counters":[10,52],"Golden Idol":55,"Pen Nib":[3],"obtain_stats":[{"Golden Idol":2,"MutagenicStrength":19,"Enchiridion":22,"Pen Nib":13,"Empty Cage":17,"Burning Blood":0},{"Golden Idol":1,"MutagenicStrength":8,"Enchiridion":9,"Pen Nib":5,"Empty Cage":7,"Burning Blood":0},{"Golden Idol":4,"MutagenicStrength":41,"Enchiridion":49,"Pen Nib":24,"Empty Cage":35,"Burning Blood":0}],"Burning Blood":48},"card_choices":[{"not_picked":["Seeing Red","Clash"],"picked":"Iron Wave","floor":1.0},{"not_picked":["Body Slam","Cleave"],"picked":"Searing Blow","floor":5.0},{"not_picked":["Carnage","Headbutt"],"picked":"Heavy Blade","floor":7.0},{"not_picked":["True Grit","Armaments"],"picked":"Clothesline","floor":11.0},{"not_picked":["Sever Soul","Wild Strike"],"picked":"Flame Barrier","floor":13.0},{"not_picked":["Rampage","Clothesline"],"picked":"Armaments","floor":14.0},{"not_picked":["Sentinel","True Grit+1"],"picked":"Pommel Strike","floor":18.0},{"not_picked":["Iron Wave","Combust+1"],"picked":"Flex","floor":20.0}],"player_experience":890575,"relics_obtained":[{"floor":13.0,"key":"Pen Nib"},{"floor":22.0,"key":"Enchiridion"}],"event_choices":[{"damage_healed":0.0,"max_hp_gain":0.0,"max_hp_loss":0.0,"gold_gain":0.0,"event_name":"Golden Idol","player_choice":"Take Wound","floor":2.0,"gold_loss":0.0,"damage_taken":0.0,"relics_obtained":["Golden Idol"],"cards_obtained":["Injury"]},{"damage_healed":0.0,"max_hp_gain":0.0,"max_hp_loss":0.0,"gold_gain":0.0,"event_name":"Liars Game","player_choice":"Ignored","floor":3.0,"gold_loss":0.0,"damage_taken":0.0},{"damage_healed":0.0,"max_hp_gain":0.0,"max_hp_loss":0.0,"gold_gain":0.0,"event_name":"Drug Dealer","player_choice":"Inject Mutagens","floor":19.0,"gold_loss":0.0,"damage_taken":0.0,"relics_obtained":["MutagenicStrength"]},{"damage_healed":0.0,"max_hp_gain":0.0,"max_hp_loss":0.0,"gold_gain":0.0,"event_name":"Cursed Tome","player_choice":"Obtained Book","floor":22.0,"gold_loss":0.0,"damage_taken":16.0}],"is_beta":false,"boss_relics":[{"not_picked":["Snecko Eye","Runic Cube"],"picked":"Empty Cage"}],"items_purged_floors":[],"is_endless":false,"potions_floor_spawned":[1,5,14,16],"killed_by":"Slavers","ascension_level":0}}