{"host":"mibvuclbvazdv03a","time":1613837363,"event":{"mods":["AchievementEnabler","BaseMod","DeckTracker","Minty Spire (QoL Compilation)","SuperFastMode"],"gold_per_floor":[363,288,124,137,12,41,41,76,76,104,123,123,141,158,158,231,231,241,253,3,3,16,42,42,61,86,86,117,117,117,140,140,227,227,247,265,22,22,51,85,85,120,120,5,0,23,58,67,67,67,67],"floor_reached":50,"language":"KOR","playtime":2322,"items_purged":["Strike_G"],"score":1163,"play_id":"38aed4df-c83b-4212-a912-d5ab5d74f4c0","local_time":"20210221010923","is_ascension_mode":true,"campfire_choices":[{"floor":7.0,"key":"REST"},{"data":"Prepared","floor":15.0,"key":"SMITH"},{"data":"Tactician","floor":24.0,"key":"SMITH"},{"data":"After Image","floor":27.0,"key":"SMITH"},{"floor":29.0,"key":"REST"},{"data":"Accuracy","floor":32.0,"key":"SMITH"},{"floor":41.0,"key":"REST"},{"floor":49,"key":"REST"}],"circlet_count":0,"master_deck":["AscendersBane","Defend_G+1","Defend_G","Defend_G","Defend_G","Defend_G","Survivor","Neutralize","Backflip","Backflip","Tactician+1","Infinite Blades","Caltrops","Prepared+1","Accuracy+1","Blade Dance","Backstab","Cloak And Dagger","Blade Dance+1","Eviscerate","After Image+1","Infinite Blades","Tools of the Trade","Skewer+1","Bane+1","Distraction+1","Acrobatics+1","Footwork","Deflect","Backstab","Hologram","Reaper","Heatsinks+1","Venomology","Evaluate","Madness","Madness","Footwork+1","Panacea","Evolve+1","Accuracy+1","Dodge and Roll","Flash of Steel"],"relics":["Ring of the Snake","Orrery","Bird Faced Urn","Ornamental Fan","Bottled Tornado","Odd Mushroom","Astrolabe","PrismaticShard","Nunchaku","Lantern","Frozen Egg 2","PreservedInsect","CeramicFish","WristBlade","Membership Card","Akabeko","Juzu Bracelet","Shuriken","War Paint","Red Mask","Mercury Hourglass"],"acts_visited":["Exordium","TheCity","TheBeyond"],"potions_floor_usage":[47,47,50],"damage_taken":[{"damage":3.0,"enemies":"2 Louse","floor":1.0,"turns":4.0},{"damage":6.0,"enemies":"Jaw Worm","floor":4.0,"turns":4.0},{"damage":40.0,"enemies":"3 Sentries","floor":6.0,"turns":9.0},{"damage":0.0,"enemies":"Gremlin Nob","floor":8.0,"turns":2.0},{"damage":18.0,"enemies":"The Mushroom Lair","floor":10.0,"turns":4.0},{"damage":0.0,"enemies":"Cultist","floor":11.0,"turns":2.0},{"damage":0.0,"enemies":"2 Fungi Beasts","floor":13.0,"turns":3.0},{"damage":3.0,"enemies":"Exordium Wildlife","floor":14.0,"turns":3.0},{"damage":14.0,"enemies":"The Guardian","floor":16.0,"turns":8.0},{"damage":13.0,"enemies":"Spheric Guardian","floor":18.0,"turns":4.0},{"damage":16.0,"enemies":"Shell Parasite","floor":19.0,"turns":3.0},{"damage":18.0,"enemies":"Centurion and Healer","floor":22.0,"turns":5.0},{"damage":6.0,"enemies":"Gremlin Leader","floor":23.0,"turns":6.0},{"damage":11.0,"enemies":"Snake Plant","floor":25.0,"turns":5.0},{"damage":35.0,"enemies":"Book of Stabbing","floor":28.0,"turns":6.0},{"damage":15.0,"enemies":"Champ","floor":33.0,"turns":9.0},{"damage":49.0,"enemies":"3 Shapes","floor":35.0,"turns":5.0},{"damage":0.0,"enemies":"Orb Walker","floor":39.0,"turns":5.0},{"damage":40.0,"enemies":"Giant Head","floor":40.0,"turns":7.0},{"damage":21.0,"enemies":"Nemesis","floor":42.0,"turns":7.0},{"damage":35.0,"enemies":"Spire Growth","floor":46.0,"turns":5.0},{"damage":18,"enemies":"Giant Head","floor":47,"turns":6},{"damage":45,"enemies":"Donu and Deca","floor":50,"turns":4}],"seed_played":"1496150164336053950","potions_obtained":[{"floor":6.0,"key":"CunningPotion"},{"floor":10.0,"key":"Energy Potion"},{"floor":13.0,"key":"Regen Potion"},{"floor":14.0,"key":"LiquidBronze"},{"floor":19.0,"key":"DuplicationPotion"},{"floor":28.0,"key":"Block Potion"},{"floor":40.0,"key":"Block Potion"},{"floor":42.0,"key":"Weak Potion"}],"is_trial":false,"path_per_floor":["M","?","$","M","$","E","R","E","T","?","M","?","M","M","R","B",null,"M","M","$","?","M","E","R","M","T","R","E","R","T","T","R","B",null,"M","?","$","?","M","E","R","E","T","$","?","M","E","?","R","B"],"character_chosen":"THE_SILENT","items_purchased":["Orrery","Blade Dance","Footwork","Deflect","PrismaticShard","Membership Card","Footwork+1","Panacea","Accuracy+1","War Paint"],"campfire_rested":4,"item_purchase_floors":[3,5,20,20,20,37,37,37,44,44],"current_hp_per_floor":[56,56,56,50,50,10,29,33,33,19,21,21,25,35,35,31,57,53,43,43,43,37,45,45,48,48,48,25,44,44,44,44,49,62,27,15,15,54,54,20,36,33,33,33,33,15,11,11,27,0,0],"gold":67,"neow_bonus":"TWO_FIFTY_GOLD","is_daily":false,"chose_seed":false,"campfire_upgraded":4,"win_rate":0.0,"timestamp":1613837363,"path_taken":["M","?","$","M","$","E","R","E","T","?","?","?","?","M","R","BOSS","M","M","$","?","M","E","R","M","T","R","E","R","?","?","R","BOSS","M","?","$","?","M","E","R","E","T","$","?","M","E","?","R","BOSS"],"items_purchased_type":["Relic","Card","Card","Card","Relic","Relic","Card","Card","Card","Relic"],"build_version":"2020-12-22","purchased_purges":1,"victory":false,"max_hp_per_floor":[66,66,66,66,66,66,66,66,66,66,66,66,66,66,66,66,66,66,66,66,66,66,66,66,66,66,66,66,66,66,66,66,66,66,66,66,66,54,54,54,54,54,54,54,54,54,54,54,54,54,54],"card_choices":[{"not_picked":["Prepared","Dagger Throw"],"picked":"Backflip","floor":1.0},{"not_picked":["Underhanded Strike","Wraith Form v2"],"picked":"Backflip","floor":3.0},{"not_picked":["Deflect","Prepared"],"picked":"Tactician","floor":3.0},{"not_picked":["Slice","Dodge and Roll"],"picked":"Infinite Blades","floor":3.0},{"not_picked":["Terror","Dagger Throw"],"picked":"Caltrops","floor":3.0},{"not_picked":["Predator","Dodge and Roll"],"picked":"Prepared","floor":3.0},{"not_picked":["Predator","Crippling Poison"],"picked":"Accuracy","floor":4.0},{"not_picked":["Prepared","Outmaneuver"],"picked":"Backstab","floor":6.0},{"not_picked":["Tactician","Sucker Punch"],"picked":"Cloak And Dagger","floor":8.0},{"not_picked":["Deadly Poison","Finisher"],"picked":"Blade Dance","floor":11.0},{"not_picked":["Riddle With Holes","Backflip"],"picked":"After Image","floor":13.0},{"not_picked":["Flechettes","Deadly Poison"],"picked":"Infinite Blades","floor":14.0},{"not_picked":["Doppelganger","Bullet Time"],"picked":"Tools of the Trade","floor":16.0},{"not_picked":["Slice","Dagger Spray","Setup"],"picked":"SKIP","floor":18.0},{"not_picked":["All Out Attack","Choke"],"picked":"Acrobatics+1","floor":19.0},{"not_picked":["CrushJoints","Pommel Strike"],"picked":"Hologram","floor":22.0},{"not_picked":["CrushJoints+1","ForeignInfluence","FlurryOfBlows"],"picked":"SKIP","floor":23.0},{"not_picked":["CrushJoints+1","ForeignInfluence","FlurryOfBlows"],"picked":"SKIP","floor":23.0},{"not_picked":["Warcry+1","EmptyFist"],"picked":"Reaper","floor":25.0},{"not_picked":["Choke","Vengeance+1"],"picked":"Heatsinks+1","floor":28.0},{"not_picked":["Ragnarok","Secret Weapon"],"picked":"Venomology","floor":33.0},{"not_picked":["Compile Driver+1","Steam+1"],"picked":"Evaluate","floor":35.0},{"not_picked":["Double Energy","Dagger Spray"],"picked":"Evolve+1","floor":39.0},{"not_picked":["Underhanded Strike","ConjureBlade","Gash"],"picked":"SKIP","floor":40.0},{"not_picked":["Iron Wave","Distraction+1","Deep Breath"],"picked":"SKIP","floor":42.0},{"not_picked":["Turbo","Consume"],"picked":"Dodge and Roll","floor":46.0},{"not_picked":["Sword Boomerang","Crescendo","Melter"],"picked":"SKIP","floor":47},{"not_picked":["Purity","Discovery"],"picked":"Flash of Steel","floor":48}],"player_experience":616898,"relics_obtained":[{"floor":6.0,"key":"Bird Faced Urn"},{"floor":8.0,"key":"Ornamental Fan"},{"floor":9.0,"key":"Bottled Tornado"},{"floor":10.0,"key":"Odd Mushroom"},{"floor":23.0,"key":"Nunchaku"},{"floor":26.0,"key":"Lantern"},{"floor":28.0,"key":"Frozen Egg 2"},{"floor":30.0,"key":"PreservedInsect"},{"floor":31.0,"key":"CeramicFish"},{"floor":40.0,"key":"Akabeko"},{"floor":42.0,"key":"Juzu Bracelet"},{"floor":43.0,"key":"Shuriken"},{"floor":47,"key":"Mercury Hourglass"}],"event_choices":[{"cards_removed":["Regret"],"damage_healed":0.0,"max_hp_gain":0.0,"max_hp_loss":0.0,"gold_gain":0.0,"event_name":"The Cleric","player_choice":"Card Removal","floor":2.0,"gold_loss":75.0,"damage_taken":0.0},{"damage_healed":0.0,"max_hp_gain":0.0,"max_hp_loss":0.0,"gold_gain":0.0,"event_name":"Mushrooms","player_choice":"Fought Mushrooms","floor":10.0,"gold_loss":0.0,"damage_taken":0.0},{"damage_healed":0.0,"max_hp_gain":0.0,"max_hp_loss":0.0,"gold_gain":0.0,"cards_transformed":["Strike_G"],"event_name":"Transmorgrifier","player_choice":"Transformed","floor":12.0,"gold_loss":0.0,"damage_taken":0.0,"cards_obtained":["Eviscerate"]},{"damage_healed":0.0,"max_hp_gain":0.0,"max_hp_loss":0.0,"gold_gain":0.0,"event_name":"The Library","player_choice":"Read","floor":21.0,"gold_loss":0.0,"damage_taken":0.0,"cards_obtained":["Backstab"]},{"damage_healed":0.0,"max_hp_gain":0.0,"max_hp_loss":0.0,"gold_gain":0.0,"event_name":"Winding Halls","player_choice":"Embrace Madness","floor":36.0,"gold_loss":0.0,"damage_taken":12.0,"cards_obtained":["Madness","Madness"]},{"damage_healed":54.0,"max_hp_gain":0.0,"max_hp_loss":12.0,"gold_gain":0.0,"event_name":"The Moai Head","player_choice":"Heal","floor":38.0,"gold_loss":0.0,"damage_taken":0.0},{"damage_healed":0.0,"max_hp_gain":0.0,"max_hp_loss":0.0,"gold_gain":0.0,"event_name":"Tomb of Lord Red Mask","player_choice":"Paid","floor":45.0,"gold_loss":5.0,"damage_taken":0.0,"relics_obtained":["Red Mask"]},{"damage_healed":0,"gold_gain":0,"player_choice":"Memory 1","damage_taken":0,"max_hp_gain":0,"max_hp_loss":0,"event_name":"SensoryStone","floor":48,"gold_loss":0}],"is_beta":false,"boss_relics":[{"not_picked":["Busted Crown","Pandora\u0027s Box"],"picked":"Astrolabe"},{"not_picked":["Runic Dome","Fusion Hammer"],"picked":"WristBlade"}],"items_purged_floors":[5],"is_endless":false,"potions_floor_spawned":[6,10,13,14,19,28,40,42,46],"killed_by":"Donu and Deca","ascension_level":18}}