{"host":"xxj0bkgoog7xyy18","time":1613785628,"event":{"mods":["BaseMod","Colored Map","Colored Powertips","Downfall","Googly Eyes","Minty Spire (QoL Compilation)","StSLib"],"gold_per_floor":[99,115,131,131,38,55,55,65,65,92,92,122,22,32,47,145,195,195,206,206,206,116,116,116,116,127,143,178,189,22,41,60,60,60,60],"floor_reached":33,"language":"ENG","playtime":1731,"items_purged":["downfall:Bewildered"],"score":279,"play_id":"bf8026e5-2b37-4bd6-8685-f7e2bf233063","local_time":"20210219184708","is_ascension_mode":false,"campfire_choices":[{"floor":1,"key":"RECALL"},{"data":"bronze:DelayedSlice","floor":11,"key":"SMITH"},{"data":"bronze:Replicate","floor":13,"key":"SMITH"},{"data":"bronze:AlphaBuild","floor":18,"key":"SMITH"},{"data":"bronze:Philosophize","floor":23,"key":"SMITH"},{"data":"bronze:Repulsor","floor":25,"key":"SMITH"}],"circlet_count":0,"master_deck":["bronze:Strike","bronze:Strike","bronze:Strike","bronze:Strike","bronze:Defend+1","bronze:Defend","bronze:Defend+1","bronze:Defend","bronze:Replicate+1","bronze:Goto","bronze:Optimize+1","bronze:Terminator","bronze:ForceShield","bronze:NullPointer","bronze:DelayedSlice+1","bronze:FineTuning","bronze:HardenedForm","bronze:BronzeOrb","bronze:DelayedSlice+1","bronze:Repulsor+1","bronze:AlphaBuild+1","bronze:Frontload+1","bronze:Philosophize+1","bronze:ChosenStrike+1","bronze:SpaghettiCode","bronze:Shield","bronze:Constructor","bronze:Flail","bronze:WhirlingStrike"],"relics":["bronze:BronzeCore","Sundial","White Beast Statue","Meat on the Bone","Bottled Flame","downfall:HeartBlessingRed","Tiny House","sneckomod:BabySnecko","Toy Ornithopter","Centennial Puzzle","Membership Card"],"acts_visited":["Exordium","TheCity"],"potions_floor_usage":[12,12,16,16,27,28,30,31,31,33,33],"damage_taken":[{"damage":9,"enemies":"Jaw Worm","floor":2,"turns":4},{"damage":9,"enemies":"2 Louse","floor":3,"turns":3},{"damage":2,"enemies":"downfall:FleeingMerchant","floor":5,"turns":4},{"damage":5,"enemies":"Small Slimes","floor":6,"turns":4},{"damage":11,"enemies":"Blue Slaver","floor":8,"turns":4},{"damage":10,"enemies":"3 Sentries","floor":10,"turns":7},{"damage":13,"enemies":"Gremlin Nob","floor":12,"turns":5},{"damage":15,"enemies":"3 Louse","floor":14,"turns":5},{"damage":1,"enemies":"Large Slime","floor":15,"turns":4},{"damage":4,"enemies":"SI_SHIV_ARCHETYPE","floor":16,"turns":5},{"damage":14,"enemies":"Shell Parasite","floor":19,"turns":4},{"damage":0,"enemies":"downfall:FleeingMerchant","floor":22,"turns":4},{"damage":0,"enemies":"Spheric Guardian","floor":26,"turns":1},{"damage":0,"enemies":"Snecko","floor":27,"turns":1},{"damage":44,"enemies":"Gremlin Leader","floor":28,"turns":8},{"damage":18,"enemies":"Snake Plant","floor":29,"turns":2},{"damage":0,"enemies":"downfall:FleeingMerchant","floor":30,"turns":4},{"damage":8,"enemies":"Chosen and Byrds","floor":31,"turns":5},{"damage":18,"enemies":"Sentry and Sphere","floor":32,"turns":6},{"damage":98,"enemies":"IC_MUSHROOM_ARCHETYPE","floor":33,"turns":8}],"seed_played":"7428501931530120557","potions_obtained":[{"floor":2,"key":"FearPotion"},{"floor":8,"key":"Weak Potion"},{"floor":10,"key":"Dexterity Potion"},{"floor":12,"key":"Strength Potion"},{"floor":14,"key":"SneckoOil"},{"floor":15,"key":"sneckomod:MuddlingPotion"},{"floor":16,"key":"AttackPotion"},{"floor":17,"key":"hexamod:SoulburnPotion"},{"floor":19,"key":"FairyPotion"},{"floor":26,"key":"DuplicationPotion"},{"floor":27,"key":"DistilledChaos"},{"floor":28,"key":"Energy Potion"},{"floor":30,"key":"SteroidPotion"},{"floor":31,"key":"Dexterity Potion"},{"floor":32,"key":"Dexterity Potion"}],"is_trial":false,"path_per_floor":["R","M","M","?","$","M","T","M","?","E","R","E","R","M","M","B",null,"R","M","?","?","$","R","T","R","M","M","E","M","$","M","M","B"],"character_chosen":"THE_AUTOMATON","items_purchased":["bronze:NullPointer","Membership Card"],"campfire_rested":0,"item_purchase_floors":[5,30],"current_hp_per_floor":[77,68,59,59,57,52,52,41,38,28,28,27,27,24,35,43,82,82,68,68,68,68,68,68,68,68,73,46,40,45,47,41,0,0,0],"gold":60,"neow_bonus":"TEN_PERCENT_HP_BONUS","is_daily":false,"chose_seed":false,"campfire_upgraded":5,"win_rate":0.0,"timestamp":1613785628,"path_taken":["R","M","M","?","$","M","T","M","?","E","R","E","R","M","M","BOSS","R","M","?","?","$","R","T","R","M","M","E","M","?","M","M","BOSS"],"items_purchased_type":["Card","Relic"],"build_version":"2020-12-22","purchased_purges":1,"victory":false,"max_hp_per_floor":[77,77,77,77,77,77,77,77,77,77,77,77,77,77,77,77,82,82,82,82,82,82,82,82,82,82,82,82,82,82,82,82,82,82,82],"card_choices":[{"not_picked":["bronze:Deprecate","bronze:Constructor"],"picked":"bronze:Optimize","floor":2},{"not_picked":["bronze:MaxOutput","bronze:FineTuning"],"picked":"bronze:Terminator","floor":3},{"not_picked":["bronze:DelayedGuard","bronze:FineTuning"],"picked":"bronze:ForceShield","floor":5},{"not_picked":["bronze:Backtrace","bronze:Invalidate"],"picked":"bronze:DelayedSlice","floor":6},{"not_picked":["bronze:DarkDash","bronze:Invalidate"],"picked":"bronze:FineTuning","floor":8},{"not_picked":["bronze:Frontload","bronze:BuggyMess"],"picked":"bronze:HardenedForm","floor":10},{"not_picked":["bronze:WildBeam","bronze:FineTuning"],"picked":"bronze:BronzeOrb","floor":12},{"not_picked":["bronze:Deprecate","bronze:Iterate"],"picked":"bronze:DelayedSlice","floor":14},{"not_picked":["bronze:BitShift","bronze:BugBarrage"],"picked":"bronze:Repulsor","floor":15},{"not_picked":["bronze:SpaghettiCode","bronze:Assembly"],"picked":"bronze:AlphaBuild","floor":16},{"not_picked":["bronze:Iterate","bronze:Overheat"],"picked":"bronze:Frontload+1","floor":19},{"not_picked":["bronze:Terminator","bronze:BronzeOrb","bronze:BronzeArmor"],"picked":"SKIP","floor":22},{"not_picked":["bronze:ItsAFeature","bronze:Return+1"],"picked":"bronze:ChosenStrike+1","floor":26},{"not_picked":["bronze:Iterate","bronze:Invalidate"],"picked":"bronze:SpaghettiCode","floor":27},{"not_picked":["bronze:OilSpill","bronze:Overheat"],"picked":"bronze:Shield","floor":28},{"not_picked":["bronze:Repulsor","bronze:Branch","bronze:FollowUp"],"picked":"SKIP","floor":29},{"not_picked":["bronze:BitShift","bronze:WildBeam+1"],"picked":"bronze:Constructor","floor":30},{"not_picked":["bronze:DelayedSlice","bronze:Constructor"],"picked":"bronze:Flail","floor":31},{"not_picked":["bronze:BronzeOrb+1","bronze:Overheat+1"],"picked":"bronze:WhirlingStrike","floor":32}],"player_experience":196382,"relics_obtained":[{"floor":7,"key":"Sundial"},{"floor":10,"key":"Meat on the Bone"},{"floor":12,"key":"Bottled Flame"},{"floor":24,"key":"Toy Ornithopter"},{"floor":28,"key":"Centennial Puzzle"}],"event_choices":[{"damage_healed":0,"gold_gain":0,"player_choice":"Success","damage_taken":3,"relics_obtained":["White Beast Statue"],"max_hp_gain":0,"max_hp_loss":0,"event_name":"Scrap Ooze","floor":9,"gold_loss":0}],"is_beta":false,"boss_relics":[{"not_picked":["SlaversCollar","Velvet Choker"],"picked":"Tiny House"}],"items_purged_floors":[22],"is_endless":false,"potions_floor_spawned":[2,8,10,12,14,15,16,19,22,26,27,28,29,30,31,32],"killed_by":"IC_MUSHROOM_ARCHETYPE","ascension_level":0}}