{"host":"l2lylj0omvglf5x0","time":1613846542,"event":{"mods":["2.2 Compatiblity","BaseMod","Bestiary","Block Reminder","Colored Map","Colored Powertips","Curses Come First","Highlight Path","Keyboard Shortcuts","Minty Spire (QoL Compilation)","Relic Sorter","Relic Stats","Slay the Relics Exporter","StSLib","SuperFastMode"],"gold_per_floor":[115,29,45,45,58,84,84,114,114,128,144,144,172,190,190,295,295,309,309,326,276,191,191,191],"floor_reached":23,"language":"ENG","playtime":922,"items_purged":["Regret"],"score":338,"play_id":"5f0903e6-1a8e-490e-80a7-bbb8e766f7f0","local_time":"20210220194222","is_ascension_mode":true,"campfire_choices":[{"data":"Immolate","floor":12,"key":"SMITH"},{"data":"Shockwave","floor":15,"key":"SMITH"}],"circlet_count":0,"master_deck":["AscendersBane","Strike_R","Strike_R","Strike_R","Strike_R","Strike_R","Defend_R","Defend_R+1","Defend_R","Defend_R+1","Bash","CurseOfTheBell","Carnage","Cleave","Feel No Pain","Pommel Strike","Immolate+1","Shockwave+1","Burning Pact","Metallicize","Brutality","Shrug It Off","Reaper","Uppercut+1"],"relics":["Calling Bell","Bag of Marbles","Blue Candle","Lizard Tail","White Beast Statue","Centennial Puzzle","Mango","Smiling Mask","Eternal Feather","Tiny Chest","Black Star","Nilry\u0027s Codex","War Paint"],"acts_visited":["Exordium","TheCity"],"potions_floor_usage":[5,6,8,11,13,14,14,16,23,23],"damage_taken":[{"damage":6,"enemies":"2 Louse","floor":1,"turns":3},{"damage":4,"enemies":"Small Slimes","floor":3,"turns":2},{"damage":0,"enemies":"Jaw Worm","floor":5,"turns":2},{"damage":23,"enemies":"Lagavulin","floor":6,"turns":6},{"damage":18,"enemies":"3 Sentries","floor":8,"turns":3},{"damage":1,"enemies":"2 Fungi Beasts","floor":10,"turns":2},{"damage":0,"enemies":"Lots of Slimes","floor":11,"turns":1},{"damage":24,"enemies":"Gremlin Nob","floor":13,"turns":4},{"damage":4,"enemies":"Large Slime","floor":14,"turns":6},{"damage":46,"enemies":"The Guardian","floor":16,"turns":10},{"damage":15,"enemies":"2 Thieves","floor":18,"turns":3},{"damage":42,"enemies":"Spheric Guardian","floor":20,"turns":6},{"damage":33,"enemies":"Book of Stabbing","floor":23,"turns":4}],"seed_played":"3252783540656028724","potions_obtained":[{"floor":1,"key":"Block Potion"},{"floor":3,"key":"BlessingOfTheForge"},{"floor":5,"key":"Energy Potion"},{"floor":6,"key":"PowerPotion"},{"floor":8,"key":"Strength Potion"},{"floor":11,"key":"AttackPotion"},{"floor":13,"key":"LiquidMemories"},{"floor":14,"key":"HeartOfIron"},{"floor":16,"key":"Weak Potion"},{"floor":18,"key":"Strength Potion"},{"floor":20,"key":"Regen Potion"}],"is_trial":false,"path_per_floor":["M","$","M","?","M","E","?","E","T","M","M","R","E","M","R","B",null,"M","?","M","$","?","E"],"character_chosen":"IRONCLAD","items_purchased":["Cleave","Feel No Pain"],"campfire_rested":0,"item_purchase_floors":[2,2],"current_hp_per_floor":[66,66,62,62,62,39,35,17,17,16,16,28,4,47,59,13,74,65,49,11,11,11,0,0],"gold":191,"neow_bonus":"BOSS_RELIC","is_daily":false,"chose_seed":false,"campfire_upgraded":2,"win_rate":0.0,"timestamp":1613846542,"path_taken":["M","$","M","?","M","E","?","E","T","M","M","R","E","M","R","BOSS","M","?","M","$","?","E"],"items_purchased_type":["Card","Card"],"build_version":"2020-12-22","purchased_purges":1,"victory":false,"max_hp_per_floor":[80,80,80,80,80,80,94,94,94,94,94,94,94,94,94,94,94,94,94,94,94,94,94,94],"relic_stats":{"Lizard Tail":47,"Centennial Puzzle":[24],"counters":[13,52],"Blue Candle":[8],"Eternal Feather":24,"Tiny Chest":0,"Black Star":0,"War Paint":["Defend_R","Defend_R"],"Smiling Mask":25,"obtain_stats":[{"Nilry\u0027s Codex":19,"Blue Candle":0,"Mango":7,"Eternal Feather":9,"War Paint":22,"Smiling Mask":8,"Burning Blood":0,"White Beast Statue":4,"Calling Bell":0,"Lizard Tail":0,"Centennial Puzzle":6,"Tiny Chest":13,"Bag of Marbles":0,"Black Star":17},{"Nilry\u0027s Codex":11,"Blue Candle":0,"Mango":4,"Eternal Feather":5,"War Paint":12,"Smiling Mask":5,"Burning Blood":0,"White Beast Statue":2,"Calling Bell":0,"Lizard Tail":0,"Centennial Puzzle":4,"Tiny Chest":8,"Bag of Marbles":0,"Black Star":10},{"Nilry\u0027s Codex":42,"Blue Candle":0,"Mango":13,"Eternal Feather":16,"War Paint":48,"Smiling Mask":16,"Burning Blood":0,"White Beast Statue":5,"Calling Bell":0,"Lizard Tail":0,"Centennial Puzzle":13,"Tiny Chest":23,"Bag of Marbles":0,"Black Star":39}]},"card_choices":[{"not_picked":["Shrug It Off","Pummel"],"picked":"Carnage","floor":1},{"not_picked":["True Grit","Flex"],"picked":"Pommel Strike","floor":3},{"not_picked":["Sword Boomerang","Wild Strike"],"picked":"Immolate","floor":5},{"not_picked":["Clash","Cleave"],"picked":"Shockwave","floor":6},{"not_picked":["Thunderclap","True Grit","Uppercut"],"picked":"SKIP","floor":8},{"not_picked":["Evolve","Dark Embrace"],"picked":"Burning Pact","floor":10},{"not_picked":["Perfected Strike","Blood for Blood"],"picked":"Metallicize","floor":11},{"not_picked":["Sword Boomerang","True Grit"],"picked":"Brutality","floor":13},{"not_picked":["Whirlwind","Cleave"],"picked":"Shrug It Off","floor":14},{"not_picked":["Immolate","Bludgeon"],"picked":"Reaper","floor":16},{"not_picked":["True Grit","Shrug It Off","Sword Boomerang"],"picked":"SKIP","floor":18},{"not_picked":["Second Wind","Rage"],"picked":"Uppercut+1","floor":20}],"player_experience":1018525,"relics_obtained":[{"floor":0,"key":"Bag of Marbles"},{"floor":0,"key":"Blue Candle"},{"floor":0,"key":"Lizard Tail"},{"floor":6,"key":"Centennial Puzzle"},{"floor":8,"key":"Smiling Mask"},{"floor":9,"key":"Eternal Feather"},{"floor":13,"key":"Tiny Chest"},{"floor":19,"key":"Nilry\u0027s Codex"}],"event_choices":[{"damage_healed":0,"gold_gain":0,"player_choice":"Box","damage_taken":0,"relics_obtained":["White Beast Statue"],"max_hp_gain":0,"max_hp_loss":0,"event_name":"Big Fish","floor":4,"gold_loss":0,"cards_obtained":["Regret"]},{"damage_healed":0,"gold_gain":0,"player_choice":"Success","damage_taken":18,"relics_obtained":["Mango"],"max_hp_gain":0,"max_hp_loss":0,"event_name":"Scrap Ooze","floor":7,"gold_loss":0},{"damage_healed":0,"gold_gain":0,"player_choice":"Obtained Book","damage_taken":16,"max_hp_gain":0,"max_hp_loss":0,"event_name":"Cursed Tome","floor":19,"gold_loss":0},{"damage_healed":0,"gold_gain":0,"player_choice":"Obtained Relic","damage_taken":0,"relics_obtained":["War Paint"],"max_hp_gain":0,"max_hp_loss":0,"event_name":"Addict","floor":22,"gold_loss":85}],"is_beta":false,"boss_relics":[{"not_picked":["Velvet Choker","Fusion Hammer"],"picked":"Black Star"}],"items_purged_floors":[21],"is_endless":false,"potions_floor_spawned":[1,3,5,6,8,10,11,13,14,16,18,20],"killed_by":"Book of Stabbing","ascension_level":12}}