{"host":"64ub6hloe4gtkym4","time":1613852017,"event":{"mods":["AchievementEnabler","BaseMod","Colored Map","Colored Powertips","Googly Eyes","Hermit","Highlight Path","Hubris","Minty Spire (QoL Compilation)","Reliquary","Shop Mod","StSLib","The Construct","The Runesmith","The Servant 0.9.4"],"gold_per_floor":[115,126,126,142,142,142,142,155,155,170,170,192,192,209,209,311,311,324,324,107,107,4,14,31,31,58,58,137,137,111,122,122,222,222,239,239,250,266,266,266,266,266,341,341,351,50,66,66,66],"floor_reached":48,"language":"ENG","playtime":3622,"items_purged":["Writhe"],"score":470,"play_id":"0fdc06d0-1530-4064-a0fd-c926f637adfb","local_time":"20210220201337","is_ascension_mode":false,"campfire_choices":[{"floor":6,"key":"REST"},{"floor":13,"key":"REST"},{"floor":15,"key":"REST"},{"floor":25,"key":"REST"},{"floor":27,"key":"REST"},{"floor":32,"key":"REST"},{"floor":40,"key":"REST"},{"floor":42,"key":"REST"}],"circlet_count":0,"master_deck":["Strike_B","Strike_B","Strike_B","Defend_B","Defend_B","Defend_B","Defend_B","Zap","Dualcast","Darkness","Coolheaded","Capacitor","Ball Lightning","Auto Shields+1","Hologram+1","Rebound","Electrodynamics","Conserve Battery+1","Darkness+1","Reinforced Body+1","Fusion+1","Sweeping Beam+1","Stack+1","Go for the Eyes","hubris:Ukulele+1","Multi-Cast+1","Beam Cell","Leap+1","Go for the Eyes+1","Secret Weapon+1","hubris:Prefetch+1","Static Discharge","Sunder+1","Parasite","Parasite"],"relics":["Cracked Core","Toxic Egg 2","Odd Mushroom","hubris:HollowSoul","reliquary:Stiletto","Boot","construct:FoamFinger","Ancient Tea Set","hubris:ScarierMask","hubris:Towel","reliquary:JackalopeAntler","reliquary:FingerTrap"],"acts_visited":["Exordium","TheCity","TheBeyond"],"potions_floor_usage":[16,16,33,33,38,38,47,47,48],"damage_taken":[{"damage":5,"enemies":"Jaw Worm","floor":1,"turns":4},{"damage":14,"enemies":"Small Slimes","floor":2,"turns":4},{"damage":0,"enemies":"Cultist","floor":4,"turns":3},{"damage":15,"enemies":"3 Louse","floor":8,"turns":5},{"damage":9,"enemies":"2 Fungi Beasts","floor":10,"turns":4},{"damage":47,"enemies":"The Mushroom Lair","floor":12,"turns":6},{"damage":7,"enemies":"Looter","floor":14,"turns":4},{"damage":27,"enemies":"Hexaghost","floor":16,"turns":11},{"damage":5,"enemies":"Shell Parasite","floor":18,"turns":9},{"damage":31,"enemies":"2 Thieves","floor":23,"turns":5},{"damage":24,"enemies":"Chosen and Byrds","floor":24,"turns":6},{"damage":5,"enemies":"Centurion and Healer","floor":31,"turns":6},{"damage":79,"enemies":"Collector","floor":33,"turns":11},{"damage":61,"enemies":"Orb Walker","floor":35,"turns":6},{"damage":3,"enemies":"3 Shapes","floor":37,"turns":5},{"damage":10,"enemies":"Maw","floor":38,"turns":7},{"damage":24,"enemies":"3 Darklings","floor":45,"turns":4},{"damage":32,"enemies":"Spire Growth","floor":47,"turns":6},{"damage":20,"enemies":"Writhing Mass","floor":48,"turns":9}],"seed_played":"-9204762339559176627","potions_obtained":[{"floor":1,"key":"BlessingOfTheForge"},{"floor":2,"key":"construct:ShiftPotion"},{"floor":4,"key":"AttackPotion"},{"floor":16,"key":"FearPotion"},{"floor":18,"key":"ColorlessPotion"},{"floor":31,"key":"SneckoOil"},{"floor":33,"key":"BlessingOfTheForge"},{"floor":37,"key":"PotionOfCapacity"},{"floor":38,"key":"SpeedPotion"},{"floor":45,"key":"PowerPotion"}],"is_trial":false,"path_per_floor":["M","M","?","M","?","R","?","M","T","M","?","?","R","M","R","B",null,"M","?","$","?","$","M","M","R","T","R","T","?","$","M","R","B",null,"M","?","M","M","?","R","?","R","T","?","M","$","M","M"],"character_chosen":"DEFECT","items_purchased":["reliquary:Stiletto","Darkness+1","Reinforced Body+1","Fusion+1","Go for the Eyes","reliquary:FingerTrap","Static Discharge"],"campfire_rested":8,"item_purchase_floors":[20,20,22,22,30,46,46],"current_hp_per_floor":[77,63,63,63,63,82,82,67,67,58,58,11,35,28,52,25,82,77,77,77,82,82,51,27,51,51,75,75,75,75,70,82,3,82,21,21,18,8,8,32,32,56,56,77,53,53,21,0,0],"gold":66,"neow_bonus":"TEN_PERCENT_HP_BONUS","is_daily":false,"chose_seed":false,"campfire_upgraded":0,"win_rate":0.0,"timestamp":1613852017,"path_taken":["M","M","?","M","?","R","?","M","T","?","?","?","R","M","R","BOSS","M","?","$","?","$","M","?","R","T","R","?","?","?","M","R","BOSS","M","?","?","M","?","R","?","R","T","?","M","$","M","M"],"items_purchased_type":["Relic","Card","Card","Card","Card","Relic","Card"],"build_version":"2020-12-22","purchased_purges":1,"victory":false,"max_hp_per_floor":[82,82,82,82,82,82,82,82,82,82,82,82,82,82,82,82,82,82,82,82,82,82,82,82,82,82,82,82,82,82,82,82,82,82,82,82,82,82,82,82,82,82,82,82,82,82,82,82,82],"card_choices":[{"not_picked":["Force Field","Hello World"],"picked":"Darkness","floor":1},{"not_picked":["Streamline","Undo"],"picked":"Coolheaded","floor":2},{"not_picked":["Coolheaded","Steam Power"],"picked":"Skim","floor":4},{"not_picked":["Barrage","Rebound"],"picked":"Capacitor","floor":8},{"not_picked":["Streamline","Cold Snap"],"picked":"Ball Lightning","floor":10},{"not_picked":["Static Discharge","Streamline"],"picked":"Hologram+1","floor":12},{"not_picked":["hubris:PowerSurge","Thunder Strike"],"picked":"Rebound","floor":14},{"not_picked":["Echo Form","All For One"],"picked":"Electrodynamics","floor":16},{"not_picked":["Compile Driver","Scrape"],"picked":"Conserve Battery+1","floor":18},{"not_picked":["Compile Driver+1","Conserve Battery+1"],"picked":"Sweeping Beam+1","floor":23},{"not_picked":["Defragment+1","Ball Lightning"],"picked":"Stack+1","floor":24},{"not_picked":["Barrage","Compile Driver"],"picked":"hubris:Ukulele+1","floor":31},{"not_picked":["Meteor Strike","hubris:DoWhile+1"],"picked":"Multi-Cast+1","floor":33},{"not_picked":["Steam Power+1","Tempest+1"],"picked":"Beam Cell","floor":35},{"not_picked":["Steam+1","Compile Driver"],"picked":"Leap+1","floor":37},{"not_picked":["Steam+1","Beam Cell+1"],"picked":"Go for the Eyes+1","floor":38},{"not_picked":["Chrysalis+1","Jack Of All Trades+1"],"picked":"Secret Weapon+1","floor":41},{"not_picked":["FTL","Coolheaded+1"],"picked":"hubris:Prefetch+1","floor":45},{"not_picked":["Meteor Strike","Hologram+1"],"picked":"Sunder+1","floor":47}],"player_experience":35085,"relics_obtained":[{"floor":9,"key":"Toxic Egg 2"},{"floor":12,"key":"Odd Mushroom"},{"floor":26,"key":"Boot"},{"floor":28,"key":"construct:FoamFinger"},{"floor":43,"key":"reliquary:JackalopeAntler"}],"event_choices":[{"damage_healed":0,"gold_gain":0,"player_choice":"Fled","damage_taken":0,"max_hp_gain":0,"max_hp_loss":0,"event_name":"Scrap Ooze","floor":3,"gold_loss":0},{"damage_healed":0,"gold_gain":0,"player_choice":"Ignored","damage_taken":0,"max_hp_gain":0,"max_hp_loss":0,"event_name":"Golden Wing","floor":5,"gold_loss":0},{"cards_removed":["Strike_B"],"damage_healed":0,"gold_gain":0,"player_choice":"Purged","damage_taken":0,"max_hp_gain":0,"max_hp_loss":0,"event_name":"Purifier","floor":7,"gold_loss":0},{"damage_healed":0,"gold_gain":0,"player_choice":"Fought Mushrooms","damage_taken":0,"max_hp_gain":0,"max_hp_loss":0,"event_name":"Mushrooms","floor":12,"gold_loss":0},{"damage_healed":0,"gold_gain":0,"player_choice":"Ignored","damage_taken":0,"max_hp_gain":0,"max_hp_loss":0,"event_name":"Vampires","floor":19,"gold_loss":0},{"cards_removed":["Skim"],"damage_healed":5,"gold_gain":0,"player_choice":"Offered Uncommon","damage_taken":0,"max_hp_gain":0,"max_hp_loss":0,"event_name":"Bonfire Elementals","floor":21,"gold_loss":0},{"damage_healed":0,"gold_gain":0,"player_choice":"Opened","damage_taken":0,"relics_obtained":["Ancient Tea Set"],"max_hp_gain":0,"max_hp_loss":0,"event_name":"The Mausoleum","floor":29,"gold_loss":0},{"damage_healed":0,"gold_gain":0,"player_choice":"Ignored","damage_taken":0,"max_hp_gain":0,"max_hp_loss":0,"event_name":"SecretPortal","floor":36,"gold_loss":0},{"damage_healed":0,"gold_gain":0,"player_choice":"Memory 1","damage_taken":0,"max_hp_gain":0,"max_hp_loss":0,"event_name":"SensoryStone","floor":41,"gold_loss":0},{"damage_healed":21,"gold_gain":0,"player_choice":"Writhe","damage_taken":0,"max_hp_gain":0,"max_hp_loss":0,"event_name":"Winding Halls","floor":44,"gold_loss":0,"cards_obtained":["Writhe"]}],"is_beta":false,"boss_relics":[{"not_picked":["Runesmith:UraniumAnvil","Inserter"],"picked":"hubris:HollowSoul"},{"not_picked":["Snecko Eye","Runic Pyramid"],"picked":"hubris:ScarierMask"}],"items_purged_floors":[46],"is_endless":false,"potions_floor_spawned":[1,2,4,16,18,31,33,37,38,45],"killed_by":"Writhing Mass","ascension_level":0}}