{"host":"Sean","time":1613839890,"event":{"mods":["BaseMod","Block Reminder","Colored Map","Colored Powertips","Highlight Path","Minty Spire (QoL Compilation)","Permanent Neow","Relic Stats"],"gold_per_floor":[112,112,124,124,11,46,46,81,81,116,116,131,53,65,65,163,163,175,274,274,284,339,364,364,396,396,396,132,144,164,182,182,287,287,302,314,1313,1313,1329,1329,1343,530,530,530,555,567,621,621,621],"floor_reached":48,"language":"ENG","playtime":1929,"items_purged":["Defend_G","Dagger Spray","Dagger Spray"],"score":892,"play_id":"a6261d45-e2b5-4966-b064-d835f2b94d1f","local_time":"20210220165130","is_ascension_mode":true,"campfire_choices":[{"data":"Unload","floor":7.0,"key":"SMITH"},{"floor":15.0,"key":"REST"},{"data":"Prepared","floor":24.0,"key":"SMITH"},{"data":"PiercingWail","floor":27.0,"key":"SMITH"},{"data":"Malaise","floor":32.0,"key":"SMITH"},{"data":"Storm of Steel","floor":40.0,"key":"SMITH"}],"circlet_count":0,"master_deck":["AscendersBane","Survivor","Neutralize","Blade Dance","Unload+1","Flying Knee","Infinite Blades","Sucker Punch","Cloak And Dagger","Blade Dance","Accuracy","Slice","After Image","Malaise+1","Accuracy","Corpse Explosion","Storm of Steel+1","Backflip","Prepared+1","Finisher","PiercingWail+1","Bouncing Flask+1","PiercingWail+1","Slice+1","Leg Sweep","Cloak And Dagger+1","Night Terror","PiercingWail+1","PiercingWail","Riddle With Holes","Secret Technique+1","Prepared+1","Infinite Blades+1","Catalyst+1"],"relics":["Ring of the Snake","NeowsBlessing","Omamori","Tiny Chest","Matryoshka","Centennial Puzzle","Eternal Feather","Paper Crane","Orichalcum","StrikeDummy","Pandora\u0027s Box","Bronze Scales","Ancient Tea Set","Shuriken","Smiling Mask","Snake Skull","WristBlade","Gambling Chip","Toxic Egg 2","Pantograph","Bottled Flame","Turnip"],"acts_visited":["Exordium","TheCity","TheBeyond"],"potions_floor_usage":[],"damage_taken":[{"damage":0.0,"enemies":"Jaw Worm","floor":1.0,"turns":1.0},{"damage":0.0,"enemies":"Cultist","floor":3.0,"turns":1.0},{"damage":0.0,"enemies":"3 Sentries","floor":6.0,"turns":1.0},{"damage":24.0,"enemies":"Gremlin Nob","floor":8.0,"turns":4.0},{"damage":39.0,"enemies":"Lagavulin","floor":10.0,"turns":8.0},{"damage":0.0,"enemies":"2 Louse","floor":12.0,"turns":2.0},{"damage":0.0,"enemies":"Blue Slaver","floor":14.0,"turns":3.0},{"damage":8.0,"enemies":"Slime Boss","floor":16.0,"turns":6.0},{"damage":0.0,"enemies":"3 Byrds","floor":18.0,"turns":5.0},{"damage":0.0,"enemies":"Chosen","floor":21.0,"turns":4.0},{"damage":8.0,"enemies":"Book of Stabbing","floor":23.0,"turns":5.0},{"damage":35.0,"enemies":"Gremlin Leader","floor":25.0,"turns":7.0},{"damage":0.0,"enemies":"3 Cultists","floor":29.0,"turns":1.0},{"damage":7.0,"enemies":"Snecko","floor":30.0,"turns":5.0},{"damage":5.0,"enemies":"Cultist and Chosen","floor":31.0,"turns":5.0},{"damage":7.0,"enemies":"Champ","floor":33.0,"turns":8.0},{"damage":1.0,"enemies":"Orb Walker","floor":35.0,"turns":4.0},{"damage":0.0,"enemies":"3 Shapes","floor":36.0,"turns":1.0},{"damage":12.0,"enemies":"Jaw Worm Horde","floor":39.0,"turns":3.0},{"damage":18.0,"enemies":"Spire Growth","floor":41.0,"turns":4.0},{"damage":24.0,"enemies":"Reptomancer","floor":45.0,"turns":5.0},{"damage":14,"enemies":"Sphere and 2 Shapes","floor":46,"turns":6},{"damage":5,"enemies":"2 Orb Walkers","floor":47,"turns":2},{"damage":14,"enemies":"3 Darklings","floor":48,"turns":2}],"seed_played":"7500340767643928322","potions_obtained":[{"floor":8.0,"key":"Regen Potion"},{"floor":14.0,"key":"Dexterity Potion"},{"floor":16.0,"key":"SteroidPotion"},{"floor":21.0,"key":"Fruit Juice"},{"floor":29.0,"key":"Block Potion"},{"floor":39.0,"key":"Dexterity Potion"}],"is_trial":false,"path_per_floor":["M","?","M","?","$","E","R","E","T","E","T","M","$","M","R","B",null,"M","?","?","M","T","E","R","E","T","R","$","M","M","M","R","B",null,"M","M","?","?","M","R","M","$","T","T","E","M","?","M"],"character_chosen":"THE_SILENT","items_purchased":["Infinite Blades","Accuracy","Snake Skull","Leg Sweep","Gambling Chip","Toxic Egg 2","Secret Technique+1","Prepared+1"],"campfire_rested":1,"item_purchase_floors":[5,13,28,28,42,42,42,42],"current_hp_per_floor":[63,63,63,60,60,60,60,36,36,12,12,12,12,12,45,37,62,62,62,62,62,62,54,69,34,34,49,49,54,47,42,57,50,69,68,68,68,68,56,74,56,56,56,56,32,18,13,0,0],"gold":621,"neow_bonus":"THREE_ENEMY_KILL","is_daily":false,"chose_seed":false,"campfire_upgraded":5,"win_rate":0.0,"timestamp":1613839890,"path_taken":["M","?","?","?","$","E","R","E","T","E","?","M","$","M","R","BOSS","M","?","?","M","?","E","R","E","T","R","?","M","M","M","R","BOSS","M","M","?","?","M","R","M","$","T","?","E","M","?","M"],"items_purchased_type":["Card","Card","Relic","Card","Relic","Relic","Card","Card"],"build_version":"2020-12-18","purchased_purges":3,"victory":false,"max_hp_per_floor":[70,70,70,70,70,70,70,70,70,70,70,70,70,70,70,70,70,70,70,70,70,70,70,70,70,70,70,70,75,75,75,75,75,75,75,75,75,75,75,75,75,75,75,75,75,75,75,75,75],"relic_stats":{"counters":[24,93],"Eternal Feather":75,"Snake Skull":[17],"Orichalcum":[126],"Smiling Mask":125,"Centennial Puzzle":[42],"Shuriken":[36],"Bronze Scales":[130],"Gambling Chip":[17],"Pantograph":0,"Tiny Chest":2,"Pandora\u0027s Box":["Malaise","Accuracy","Dagger Spray","Corpse Explosion","Storm of Steel","Backflip","Tactician","Prepared"],"Turnip":[0],"obtain_stats":[{"NeowsBlessing":0,"Eternal Feather":9,"Snake Skull":28,"Omamori":4,"Paper Crane":10,"Orichalcum":11,"Ancient Tea Set":23,"Smiling Mask":26,"Centennial Puzzle":9,"Bottled Flame":45,"Matryoshka":8,"WristBlade":34,"Shuriken":25,"Bronze Scales":22,"Gambling Chip":42,"Pantograph":44,"Tiny Chest":6,"Pandora\u0027s Box":17,"Turnip":47,"Toxic Egg 2":42,"StrikeDummy":11,"Ring of the Snake":0},{"NeowsBlessing":0,"Eternal Feather":4,"Snake Skull":12,"Omamori":2,"Paper Crane":5,"Orichalcum":5,"Ancient Tea Set":11,"Smiling Mask":12,"Centennial Puzzle":4,"Bottled Flame":21,"Matryoshka":4,"WristBlade":16,"Shuriken":12,"Bronze Scales":10,"Gambling Chip":20,"Pantograph":20,"Tiny Chest":3,"Pandora\u0027s Box":8,"Turnip":23,"Toxic Egg 2":20,"StrikeDummy":5,"Ring of the Snake":0},{"NeowsBlessing":0,"Eternal Feather":7,"Snake Skull":47,"Omamori":2,"Paper Crane":15,"Orichalcum":15,"Ancient Tea Set":40,"Smiling Mask":47,"Centennial Puzzle":7,"Bottled Flame":83,"Matryoshka":7,"WristBlade":66,"Shuriken":47,"Bronze Scales":35,"Gambling Chip":78,"Pantograph":78,"Tiny Chest":3,"Pandora\u0027s Box":26,"Turnip":91,"Toxic Egg 2":78,"StrikeDummy":15,"Ring of the Snake":0}],"Ring of the Snake":[48]},"card_choices":[{"not_picked":["Acrobatics","Underhanded Strike"],"picked":"Blade Dance","floor":1.0},{"not_picked":["Skewer","Dodge and Roll"],"picked":"Flying Knee","floor":3.0},{"not_picked":["Doppelganger","Bouncing Flask"],"picked":"Sucker Punch","floor":6.0},{"not_picked":["Concentrate","Distraction"],"picked":"Cloak And Dagger","floor":8.0},{"not_picked":["Reflex","Deadly Poison"],"picked":"Blade Dance","floor":10.0},{"not_picked":["Sucker Punch","Backflip"],"picked":"Dagger Spray","floor":12.0},{"not_picked":["Poisoned Stab","Dodge and Roll"],"picked":"Slice","floor":14.0},{"not_picked":["Die Die Die","Wraith Form v2"],"picked":"After Image","floor":16.0},{"not_picked":["Sucker Punch","Choke"],"picked":"Finisher","floor":18.0},{"not_picked":["Sucker Punch","Bane"],"picked":"Bouncing Flask+1","floor":21.0},{"not_picked":["A Thousand Cuts","Dagger Throw"],"picked":"PiercingWail+1","floor":23.0},{"not_picked":["Flying Knee","Storm of Steel"],"picked":"Slice+1","floor":25.0},{"not_picked":["Deflect","Deadly Poison","Dash"],"picked":"SKIP","floor":29.0},{"not_picked":["Underhanded Strike","Blade Dance","Backflip"],"picked":"SKIP","floor":30.0},{"not_picked":["Quick Slash+1","Prepared"],"picked":"Cloak And Dagger+1","floor":31.0},{"not_picked":["Grand Finale","Venomology"],"picked":"Night Terror","floor":33.0},{"not_picked":["Caltrops+1","Crippling Poison"],"picked":"PiercingWail+1","floor":35.0},{"not_picked":["Escape Plan","Dagger Throw+1"],"picked":"PiercingWail","floor":36.0},{"not_picked":["Heel Hook","Bane+1","Dagger Spray"],"picked":"SKIP","floor":39.0},{"not_picked":["Dagger Throw","Cloak And Dagger","Backflip"],"picked":"SKIP","floor":41.0},{"not_picked":["Expertise+1","Quick Slash","All Out Attack"],"picked":"SKIP","floor":45.0},{"not_picked":["Dagger Spray","Malaise+1"],"picked":"Infinite Blades+1","floor":46},{"not_picked":["Expertise+1","All Out Attack"],"picked":"Catalyst+1","floor":47}],"player_experience":572949,"relics_obtained":[{"floor":6.0,"key":"Tiny Chest"},{"floor":8.0,"key":"Matryoshka"},{"floor":9.0,"key":"Centennial Puzzle"},{"floor":9.0,"key":"Eternal Feather"},{"floor":10.0,"key":"Paper Crane"},{"floor":11.0,"key":"Orichalcum"},{"floor":11.0,"key":"StrikeDummy"},{"floor":22.0,"key":"Bronze Scales"},{"floor":23.0,"key":"Ancient Tea Set"},{"floor":25.0,"key":"Shuriken"},{"floor":26.0,"key":"Smiling Mask"},{"floor":44.0,"key":"Pantograph"},{"floor":45.0,"key":"Bottled Flame"},{"floor":47,"key":"Turnip"}],"event_choices":[{"damage_healed":0.0,"max_hp_gain":0.0,"max_hp_loss":0.0,"gold_gain":0.0,"cards_transformed":["Defend_G"],"event_name":"Transmorgrifier","player_choice":"Transformed","floor":2.0,"gold_loss":0.0,"damage_taken":0.0,"cards_obtained":["Unload"]},{"damage_healed":0.0,"max_hp_gain":0.0,"max_hp_loss":0.0,"gold_gain":0.0,"event_name":"Scrap Ooze","player_choice":"Success","floor":4.0,"gold_loss":0.0,"damage_taken":3.0,"relics_obtained":["Omamori"]},{"damage_healed":0.0,"max_hp_gain":0.0,"max_hp_loss":0.0,"gold_gain":99.0,"event_name":"Nest","player_choice":"Stole From Cult","floor":19.0,"gold_loss":0.0,"damage_taken":0.0},{"damage_healed":0.0,"max_hp_gain":0.0,"max_hp_loss":0.0,"gold_gain":0.0,"event_name":"The Library","player_choice":"Read","floor":20.0,"gold_loss":0.0,"damage_taken":0.0,"cards_obtained":["PiercingWail"]},{"damage_healed":0.0,"max_hp_gain":0.0,"max_hp_loss":0.0,"gold_gain":999.0,"event_name":"MindBloom","player_choice":"Gold","floor":37.0,"gold_loss":0.0,"damage_taken":0.0,"cards_obtained":["Normality","Normality"]},{"damage_healed":0.0,"max_hp_gain":0.0,"max_hp_loss":0.0,"gold_gain":0.0,"cards_transformed":["Tactician"],"event_name":"Transmorgrifier","player_choice":"Transformed","floor":38.0,"gold_loss":0.0,"damage_taken":0.0,"cards_obtained":["Riddle With Holes"]},{"damage_healed":0,"gold_gain":0,"player_choice":"Fight","damage_taken":0,"max_hp_gain":0,"max_hp_loss":0,"event_name":"Mysterious Sphere","floor":47,"gold_loss":0}],"is_beta":true,"boss_relics":[{"not_picked":["Velvet Choker","Cursed Key"],"picked":"Pandora\u0027s Box"},{"not_picked":["Runic Dome","Black Star"],"picked":"WristBlade"}],"items_purged_floors":[5,28,42],"is_endless":false,"potions_floor_spawned":[8,14,16,18,21,29,30,39,46],"killed_by":"3 Darklings","ascension_level":11}}