{"host":"iawk615p0198zs2h","time":1613833679,"event":{"mods":["BaseMod","Better Third Choice","BetterRewards","Downfall","Gold Saver","Infinite Spire","Minty Spire (QoL Compilation)","Quick Restart","Rare Cards Sparkle","Replay The Spire","Spicy Shops","StSLib","The Necromancer"],"gold_per_floor":[115,115,125,125,48,76,76,91,114,141,163,12,12,34,34,143,143,156,156,156,156],"floor_reached":20,"language":"ENG","playtime":728,"items_purged":["Strike_G"],"score":279,"play_id":"471a3196-d31c-4853-8de3-8560621c5d75","local_time":"20210220160759","is_ascension_mode":true,"campfire_choices":[{"data":"Footwork","floor":7.0,"key":"SMITH"},{"floor":13.0,"key":"REST"},{"data":"Noxious Fumes","floor":15.0,"key":"SMITH"}],"circlet_count":0,"master_deck":["Strike_G","Strike_G","Strike_G","Defend_G","Defend_G","Defend_G","Defend_G","Survivor","Neutralize","Deadly Poison","Footwork+1","Replay:Poison Smokescreen","Noxious Fumes+1","Blur","Burst","Doubt","After Image","Finesse","infinitespire:Starlight"],"relics":["Ring of the Snake","NeowsBlessing","Toy Ornithopter","MealTicket","Replay:Bandana","ReplayTheSpireMod:SealedPack"],"acts_visited":["Exordium","TheCity"],"potions_floor_usage":[],"damage_taken":[{"damage":0.0,"enemies":"Small Slimes","floor":1.0,"turns":1.0},{"damage":0.0,"enemies":"Jaw Worm","floor":3.0,"turns":1.0},{"damage":0.0,"enemies":"Gremlin Nob","floor":6.0,"turns":1.0},{"damage":2.0,"enemies":"Cultist","floor":8.0,"turns":4.0},{"damage":32.0,"enemies":"Lagavulin","floor":10.0,"turns":8.0},{"damage":17.0,"enemies":"Large Slime","floor":11.0,"turns":12.0},{"damage":1.0,"enemies":"Blue Slaver","floor":14.0,"turns":4.0},{"damage":2.0,"enemies":"The Guardian","floor":16.0,"turns":8.0},{"damage":18.0,"enemies":"Spheric Guardian","floor":18.0,"turns":6.0}],"seed_played":"2037884977604818163","potions_obtained":[{"floor":1.0,"key":"GamblersBrew"},{"floor":6.0,"key":"Dexterity Potion"},{"floor":14.0,"key":"Toxic Potion"},{"floor":18.0,"key":"Poison Potion"}],"is_trial":false,"path_per_floor":["M","?","M","?","$","E","R","M","T","E","M","$","R","M","R","B",null,"M","AVR","?"],"character_chosen":"THE_SILENT","items_purchased":["Footwork","Noxious Fumes"],"campfire_rested":1,"item_purchase_floors":[5,12],"current_hp_per_floor":[63,63,63,63,63,63,63,61,61,29,12,27,48,47,47,55,66,58,58,58,58],"gold":156,"neow_bonus":"THREE_ENEMY_KILL","is_daily":false,"chose_seed":false,"campfire_upgraded":2,"win_rate":0.0,"timestamp":1613833679,"path_taken":["M","?","M","?","?","E","R","M","T","E","?","$","R","M","R","BOSS","M","AVR","?"],"items_purchased_type":["Card","Card"],"build_version":"2020-12-22","purchased_purges":1,"victory":false,"max_hp_per_floor":[70,70,70,70,70,70,70,70,70,70,70,70,70,70,70,70,70,70,70,70,70],"card_choices":[{"not_picked":["Tactician","Calculated Gamble","Replay:Poison Smokescreen"],"picked":"SKIP","floor":1.0},{"not_picked":["Outmaneuver","Storm of Steel"],"picked":"Deadly Poison","floor":3.0},{"not_picked":["Dagger Spray","PiercingWail","ReplayTheSpireMod:The Works"],"picked":"SKIP","floor":6.0},{"not_picked":["Terror","Blade Dance","Dagger Throw"],"picked":"SKIP","floor":8.0},{"not_picked":["Finisher","Envenom","Dagger Throw"],"picked":"SKIP","floor":10.0},{"not_picked":["Prepared","Slice"],"picked":"Replay:Poison Smokescreen","floor":11.0},{"not_picked":["Accuracy","Infinite Blades"],"picked":"Blur","floor":14.0},{"not_picked":["Poison Darts","A Thousand Cuts"],"picked":"Burst","floor":16.0},{"not_picked":["Phantasmal Killer","Atom Bomb"],"picked":"After Image","floor":17.0},{"not_picked":["Enlightenment","Jack Of All Trades"],"picked":"Finesse","floor":17.0},{"not_picked":["ReplayTheSpireMod:Echoes of Time","infinitespire:Punishment"],"picked":"infinitespire:Starlight","floor":17.0},{"not_picked":["Dagger Throw","PiercingWail","ReplayTheSpireMod:Exploit Weakness+1"],"picked":"SKIP","floor":18.0}],"player_experience":218712,"relics_obtained":[{"floor":6.0,"key":"Toy Ornithopter"},{"floor":9.0,"key":"MealTicket"},{"floor":10.0,"key":"Replay:Bandana"}],"event_choices":[{"cards_removed":["Strike_G"],"damage_healed":0.0,"max_hp_gain":0.0,"max_hp_loss":0.0,"gold_gain":0.0,"event_name":"Living Wall","player_choice":"Forget","floor":2.0,"gold_loss":0.0,"damage_taken":0.0},{"damage_healed":0,"gold_gain":0,"player_choice":"Ignored","damage_taken":0,"max_hp_gain":0,"max_hp_loss":0,"event_name":"Ghosts","floor":20,"gold_loss":0}],"is_beta":false,"boss_relics":[{"not_picked":["Replay:Wanted Poster","Coffee Dripper"],"picked":"ReplayTheSpireMod:SealedPack"}],"items_purged_floors":[12],"is_endless":false,"potions_floor_spawned":[1,6,14,18],"ascension_level":7}}