{"host":"yqw1zpryoutrnocq","time":1613844824,"event":{"mods":["2.2 Compatiblity","AchievementEnabler","BaseMod","Colored Map","Custom Start","DeckTracker","Minty Spire (QoL Compilation)","StSLib","SuperFastMode"],"gold_per_floor":[114,114,128,128,148,174,174,190,214,241,241,191,191,39,39,144,144,161,161,176,195,205,230,230,230],"floor_reached":24,"language":"KOR","playtime":542,"items_purged":[],"score":362,"play_id":"e338b2b5-0fc0-48f6-89b6-d88233664bf4","local_time":"20210220121344","is_ascension_mode":true,"campfire_choices":[{"data":"Dark Embrace","floor":7.0,"key":"SMITH"},{"data":"Immolate","floor":11.0,"key":"SMITH"},{"data":"Fire Breathing","floor":13.0,"key":"SMITH"},{"floor":15.0,"key":"REST"}],"circlet_count":0,"master_deck":["AscendersBane","Strike_R","Strike_R","Strike_R","Strike_R","Defend_R","Defend_R","Defend_R","Defend_R","Bash","Wild Strike","Body Slam+1","Fire Breathing+1","Dark Embrace+1","Rage","Immolate+1","Barricade","Feel No Pain","Heavy Blade","Clothesline+1","Sever Soul+1"],"relics":["Burning Blood","Akabeko","Centennial Puzzle","Omamori","Brimstone","Snecko Eye","Ancient Tea Set","Dream Catcher"],"acts_visited":["Exordium","TheCity"],"potions_floor_usage":[23,24],"damage_taken":[{"damage":1.0,"enemies":"2 Louse","floor":1.0,"turns":2.0},{"damage":14.0,"enemies":"Small Slimes","floor":3.0,"turns":4.0},{"damage":1.0,"enemies":"Cultist","floor":5.0,"turns":3.0},{"damage":20.0,"enemies":"3 Sentries","floor":6.0,"turns":6.0},{"damage":21.0,"enemies":"2 Fungi Beasts","floor":8.0,"turns":4.0},{"damage":30.0,"enemies":"Lagavulin","floor":10.0,"turns":6.0},{"damage":46,"enemies":"The Guardian","floor":16,"turns":7},{"damage":15,"enemies":"Shell Parasite","floor":18,"turns":3},{"damage":0,"enemies":"Spheric Guardian","floor":20,"turns":3},{"damage":30,"enemies":"Snake Plant","floor":21,"turns":3},{"damage":0,"enemies":"Snecko","floor":22,"turns":2},{"damage":37,"enemies":"Slavers","floor":23,"turns":5},{"damage":18,"enemies":"Shelled Parasite and Fungi","floor":24,"turns":1}],"seed_played":"4522564049741897391","potions_obtained":[{"floor":1.0,"key":"AttackPotion"},{"floor":6.0,"key":"BlessingOfTheForge"},{"floor":8.0,"key":"Fire Potion"},{"floor":18,"key":"GamblersBrew"},{"floor":22,"key":"Dexterity Potion"},{"floor":23,"key":"Weak Potion"}],"is_trial":false,"path_per_floor":["M","?","M","?","M","E","R","M","T","E","R","?","R","$","R","B",null,"M","?","M","M","M","E","M"],"character_chosen":"IRONCLAD","items_purchased":["Brimstone"],"campfire_rested":1,"item_purchase_floors":[14],"current_hp_per_floor":[77,82,74,74,79,65,65,50,50,26,26,26,26,26,51,11,67,58,58,64,40,46,15,0,0],"gold":230,"neow_bonus":"THREE_CARDS","is_daily":false,"chose_seed":false,"campfire_upgraded":3,"win_rate":0.0,"timestamp":1613844824,"path_taken":["M","?","M","?","M","E","R","M","T","E","R","?","R","$","R","BOSS","M","?","M","M","M","E","M"],"items_purchased_type":["Relic"],"build_version":"2020-12-22","purchased_purges":0,"victory":false,"max_hp_per_floor":[80,85,85,85,85,85,85,85,85,85,85,85,85,85,85,85,85,85,85,85,85,85,85,85,85],"card_choices":[{"not_picked":["Havoc","Thunderclap"],"picked":"Wild Strike","floor":0.0},{"not_picked":["Blood for Blood","True Grit"],"picked":"Body Slam","floor":1.0},{"not_picked":["Battle Trance","Sword Boomerang"],"picked":"Fire Breathing","floor":3.0},{"not_picked":["Twin Strike","Flex","Perfected Strike"],"picked":"SKIP","floor":5.0},{"not_picked":["Clash","Intimidate"],"picked":"Dark Embrace","floor":6.0},{"not_picked":["Havoc","Headbutt"],"picked":"Rage","floor":8.0},{"not_picked":["Heavy Blade","Seeing Red"],"picked":"Immolate","floor":10.0},{"not_picked":["Limit Break","Berserk"],"picked":"Barricade","floor":16},{"not_picked":["Body Slam+1","Perfected Strike"],"picked":"Feel No Pain","floor":18},{"not_picked":["Iron Wave+1","Whirlwind"],"picked":"Heavy Blade","floor":20},{"not_picked":["Rage+1","Rupture"],"picked":"Clothesline+1","floor":21},{"not_picked":["Perfected Strike","Infernal Blade","Hemokinesis"],"picked":"SKIP","floor":22},{"not_picked":["Evolve","Bloodletting"],"picked":"Sever Soul+1","floor":23}],"player_experience":351058,"relics_obtained":[{"floor":6.0,"key":"Akabeko"},{"floor":9.0,"key":"Centennial Puzzle"},{"floor":10.0,"key":"Omamori"},{"floor":23,"key":"Dream Catcher"}],"event_choices":[{"damage_healed":0.0,"max_hp_gain":5.0,"max_hp_loss":0.0,"gold_gain":0.0,"event_name":"Big Fish","player_choice":"Donut","floor":2.0,"gold_loss":0.0,"damage_taken":0.0},{"damage_healed":0.0,"max_hp_gain":0.0,"max_hp_loss":0.0,"gold_gain":0.0,"event_name":"Living Wall","player_choice":"Grow","floor":4.0,"gold_loss":0.0,"damage_taken":0.0,"cards_upgraded":["Body Slam"]},{"cards_removed":["Strike_R"],"damage_healed":0.0,"max_hp_gain":0.0,"max_hp_loss":0.0,"gold_gain":0.0,"event_name":"The Cleric","player_choice":"Card Removal","floor":12.0,"gold_loss":50.0,"damage_taken":0.0},{"damage_healed":0,"gold_gain":0,"player_choice":"Gave Potion","damage_taken":0,"relics_obtained":["Ancient Tea Set"],"max_hp_gain":0,"max_hp_loss":0,"event_name":"WeMeetAgain","floor":19,"gold_loss":0}],"is_beta":false,"boss_relics":[{"not_picked":["Sozu","Empty Cage"],"picked":"Snecko Eye"}],"items_purged_floors":[],"is_endless":false,"potions_floor_spawned":[1,6,8,18,22,23],"killed_by":"Shelled Parasite and Fungi","ascension_level":12}}