{"host":"wbn3xdfsa5pc2kse","time":1613846183,"event":{"mods":["AchievementEnabler","BaseMod","Bestiary","Colored Map","Colored Powertips","Curses Come First","Highlight Path","Minty Spire (QoL Compilation)","Permanent Neow","Rare Cards Sparkle","Relic Stats","StSLib"],"gold_per_floor":[117,137,154,166,166,198,198,70,70,70,103,114,114,149,149,226,226,244,79,91,91,91,91,116,116,116,131,147,47,60,89,89,163,163,182,233,244,119,119,148,160,160,185,185,196,211,244,254,254,254],"floor_reached":51,"language":"ZHT","playtime":2669,"items_purged":["Strike_R","Injury","Strike_R"],"score":1411,"play_id":"2c6f6f00-0ac8-4624-a767-dd994baae293","local_time":"20210221023623","is_ascension_mode":true,"campfire_choices":[{"data":"Bash","floor":7.0,"key":"SMITH"},{"data":"Clothesline","floor":13.0,"key":"SMITH"},{"floor":15.0,"key":"REST"},{"data":"Dual Wield","floor":23.0,"key":"SMITH"},{"data":"Demon Form","floor":25.0,"key":"SMITH"},{"data":"Metallicize","floor":32.0,"key":"SMITH"},{"data":"True Grit","floor":42,"key":"SMITH"},{"floor":44,"key":"RECALL"},{"data":"Metallicize","floor":49,"key":"SMITH"}],"circlet_count":0,"master_deck":["AscendersBane","Strike_R","Strike_R","Defend_R","Defend_R","Defend_R","Defend_R","Bash+1","Sword Boomerang","Clothesline+1","Carnage+1","Rage","Metallicize+1","Dual Wield+1","Intimidate","Metallicize+1","Reaper","Headbutt+1","True Grit+1","Demon Form+1","Metallicize","Thunderclap","Spot Weakness","True Grit+1","Impervious","Metallicize","Corruption","CurseOfTheBell","Twin Strike+1","Feel No Pain+1","Limit Break","Disarm+1","True Grit+1","Metallicize+1"],"relics":["Cursed Key","White Beast Statue","CultistMask","Prayer Wheel","Snecko Eye","Anchor","Nilry\u0027s Codex","Art of War","Ornamental Fan","StrikeDummy","Calling Bell","Omamori","Letter Opener","Du-Vu Doll","TungstenRod","Thread and Needle","Toy Ornithopter","StoneCalendar"],"acts_visited":["Exordium","TheCity","TheBeyond"],"potions_floor_usage":[41,46,47,48,50],"damage_taken":[{"damage":7.0,"enemies":"Jaw Worm","floor":1.0,"turns":3.0},{"damage":6.0,"enemies":"Cultist","floor":2.0,"turns":3.0},{"damage":5.0,"enemies":"Small Slimes","floor":3.0,"turns":3.0},{"damage":15.0,"enemies":"Exordium Thugs","floor":4.0,"turns":5.0},{"damage":1.0,"enemies":"Gremlin Nob","floor":6.0,"turns":3.0},{"damage":6.0,"enemies":"3 Sentries","floor":11.0,"turns":5.0},{"damage":8.0,"enemies":"Looter","floor":12.0,"turns":3.0},{"damage":14.0,"enemies":"Lagavulin","floor":14.0,"turns":5.0},{"damage":21.0,"enemies":"The Guardian","floor":16.0,"turns":13.0},{"damage":4.0,"enemies":"Shell Parasite","floor":18.0,"turns":6.0},{"damage":0.0,"enemies":"Chosen","floor":20.0,"turns":4.0},{"damage":28.0,"enemies":"Slavers","floor":24.0,"turns":5.0},{"damage":14.0,"enemies":"Centurion and Healer","floor":27.0,"turns":6.0},{"damage":13.0,"enemies":"Cultist and Chosen","floor":28.0,"turns":8.0},{"damage":9.0,"enemies":"Snake Plant","floor":30.0,"turns":4.0},{"damage":21.0,"enemies":"Book of Stabbing","floor":31.0,"turns":5.0},{"damage":50.0,"enemies":"Automaton","floor":33.0,"turns":9.0},{"damage":13.0,"enemies":"3 Shapes","floor":35.0,"turns":9.0},{"damage":15.0,"enemies":"2 Orb Walkers","floor":36.0,"turns":6.0},{"damage":0,"enemies":"Orb Walker","floor":37,"turns":4},{"damage":37,"enemies":"Reptomancer","floor":40,"turns":8},{"damage":0,"enemies":"Maw","floor":41,"turns":10},{"damage":1,"enemies":"Sphere and 2 Shapes","floor":45,"turns":6},{"damage":4,"enemies":"3 Darklings","floor":46,"turns":5},{"damage":14,"enemies":"Giant Head","floor":47,"turns":8},{"damage":39,"enemies":"Jaw Worm Horde","floor":48,"turns":4},{"damage":62,"enemies":"Awakened One","floor":50,"turns":8}],"seed_played":"-5708249317655221608","potions_obtained":[{"floor":1.0,"key":"BlessingOfTheForge"},{"floor":6.0,"key":"EssenceOfSteel"},{"floor":11.0,"key":"ColorlessPotion"},{"floor":12.0,"key":"Block Potion"},{"floor":14.0,"key":"BloodPotion"},{"floor":16.0,"key":"EssenceOfSteel"},{"floor":18.0,"key":"Explosive Potion"},{"floor":24.0,"key":"PowerPotion"},{"floor":27.0,"key":"DuplicationPotion"},{"floor":28.0,"key":"Explosive Potion"},{"floor":30.0,"key":"AttackPotion"},{"floor":31.0,"key":"BloodPotion"},{"floor":33.0,"key":"Strength Potion"},{"floor":35.0,"key":"FearPotion"},{"floor":36,"key":"SteroidPotion"},{"floor":40,"key":"DuplicationPotion"},{"floor":41,"key":"EntropicBrew"},{"floor":46,"key":"Regen Potion"},{"floor":47,"key":"Fruit Juice"},{"floor":48,"key":"ColorlessPotion"}],"is_trial":false,"path_per_floor":["M","M","M","M","?","E","R","$","T","?","E","M","R","E","R","B",null,"M","$","M","?","?","R","E","R","T","M","M","$","M","E","R","B",null,"M","?","M","$","?","E","M","R","T","R","M","M","E","M","R","B",null],"character_chosen":"IRONCLAD","items_purchased":["PowerPotion","Anchor"],"campfire_rested":1,"item_purchase_floors":[8,19],"current_hp_per_floor":[61,55,50,35,35,34,34,34,34,34,28,20,20,6,28,7,58,60,60,64,43,43,43,40,40,40,73,75,75,75,73,73,45,68,70,67,75,75,75,56,62,62,62,62,75,71,80,80,80,60],"gold":254,"neow_bonus":"BOSS_RELIC","is_daily":false,"chose_seed":false,"campfire_upgraded":7,"win_rate":0.0,"timestamp":1613846183,"path_taken":["M","M","M","M","?","E","R","?","T","?","E","?","R","E","R","BOSS","M","$","M","?","?","R","E","R","T","M","M","$","M","E","R","BOSS","M","?","M","$","?","E","?","R","T","R","M","M","E","M","R","BOSS"],"items_purchased_type":["Potion","Relic"],"build_version":"2020-12-22","purchased_purges":3,"victory":true,"max_hp_per_floor":[75,75,75,75,75,75,75,75,75,75,75,75,75,75,75,75,75,75,75,75,75,75,75,75,75,75,75,75,75,75,75,75,75,75,75,75,75,75,75,75,75,75,75,75,75,75,80,80,80,80],"relic_stats":{"counters":[27,158],"Ornamental Fan":[56],"Snecko Eye":[196,185,191,181],"Prayer Wheel":11,"StoneCalendar":[0],"Art of War":[21],"Letter Opener":[103],"Cursed Key":2,"obtain_stats":[{"Nilry\u0027s Codex":21,"Thread and Needle":40,"StoneCalendar":47,"Omamori":34,"Letter Opener":34,"Cursed Key":0,"Burning Blood":0,"White Beast Statue":6,"Calling Bell":34,"Du-Vu Doll":34,"Anchor":19,"Ornamental Fan":26,"Snecko Eye":17,"Prayer Wheel":14,"CultistMask":10,"Art of War":24,"StrikeDummy":31,"TungstenRod":36,"Toy Ornithopter":43},{"Nilry\u0027s Codex":11,"Thread and Needle":21,"StoneCalendar":25,"Omamori":17,"Letter Opener":17,"Cursed Key":0,"Burning Blood":0,"White Beast Statue":5,"Calling Bell":17,"Du-Vu Doll":17,"Anchor":10,"Ornamental Fan":12,"Snecko Eye":9,"Prayer Wheel":8,"CultistMask":5,"Art of War":12,"StrikeDummy":16,"TungstenRod":19,"Toy Ornithopter":22},{"Nilry\u0027s Codex":53,"Thread and Needle":117,"StoneCalendar":146,"Omamori":90,"Letter Opener":90,"Cursed Key":0,"Burning Blood":0,"White Beast Statue":17,"Calling Bell":90,"Du-Vu Doll":90,"Anchor":49,"Ornamental Fan":58,"Snecko Eye":43,"Prayer Wheel":30,"CultistMask":17,"Art of War":58,"StrikeDummy":81,"TungstenRod":105,"Toy Ornithopter":127}],"TungstenRod":18,"Toy Ornithopter":0},"card_choices":[{"not_picked":["Entrench","True Grit"],"picked":"Sword Boomerang","floor":1.0},{"not_picked":["Twin Strike","True Grit"],"picked":"Clothesline","floor":2.0},{"not_picked":["Intimidate","Flame Barrier"],"picked":"Carnage","floor":3.0},{"not_picked":["Thunderclap","Cleave"],"picked":"Rage","floor":4.0},{"not_picked":["Armaments","Evolve"],"picked":"Metallicize","floor":6.0},{"not_picked":["Heavy Blade","Armaments"],"picked":"Dual Wield","floor":11.0},{"not_picked":["Perfected Strike","Limit Break"],"picked":"Intimidate","floor":12.0},{"not_picked":["Barricade","Fiend Fire"],"picked":"Metallicize","floor":14.0},{"not_picked":["Demon Form","Limit Break"],"picked":"Reaper","floor":16.0},{"not_picked":["Armaments","Heavy Blade"],"picked":"Headbutt+1","floor":18.0},{"not_picked":["Armaments","Dual Wield"],"picked":"True Grit","floor":18.0},{"not_picked":["Heavy Blade","Cleave+1"],"picked":"Demon Form","floor":20.0},{"not_picked":["Whirlwind","Perfected Strike+1","Clash"],"picked":"SKIP","floor":20.0},{"not_picked":["Limit Break","Seeing Red"],"picked":"Metallicize","floor":24.0},{"not_picked":["Iron Wave","Havoc"],"picked":"Thunderclap","floor":27.0},{"not_picked":["Wild Strike","Body Slam","Armaments"],"picked":"SKIP","floor":27.0},{"not_picked":["Iron Wave","Havoc"],"picked":"Spot Weakness","floor":28.0},{"not_picked":["Entrench","Pommel Strike","Searing Blow"],"picked":"SKIP","floor":28.0},{"not_picked":["Anger","Clothesline"],"picked":"True Grit+1","floor":30.0},{"not_picked":["Carnage","Clash+1"],"picked":"Impervious","floor":30.0},{"not_picked":["Flame Barrier","Headbutt"],"picked":"Metallicize","floor":31.0},{"not_picked":["Feed","Impervious"],"picked":"Corruption","floor":33.0},{"not_picked":["Headbutt","Clothesline"],"picked":"Twin Strike+1","floor":35.0},{"not_picked":["Twin Strike","Pommel Strike","Heavy Blade"],"picked":"SKIP","floor":35.0},{"not_picked":["Twin Strike","Pommel Strike","Heavy Blade"],"picked":"SKIP","floor":35.0},{"not_picked":["Clothesline","Twin Strike"],"picked":"Feel No Pain+1","floor":37},{"not_picked":["Whirlwind","Clothesline+1","Entrench+1"],"picked":"SKIP","floor":37},{"not_picked":["Seeing Red","Anger+1","Rampage"],"picked":"SKIP","floor":40},{"not_picked":["Dropkick","Ghostly Armor"],"picked":"Limit Break","floor":41},{"not_picked":["Anger","True Grit"],"picked":"Disarm+1","floor":41},{"not_picked":["Searing Blow","Body Slam","Sword Boomerang"],"picked":"SKIP","floor":45},{"not_picked":["Heavy Blade","Thunderclap","Flex"],"picked":"SKIP","floor":45},{"not_picked":["Second Wind","Cleave+1","Rupture"],"picked":"SKIP","floor":46},{"not_picked":["Thunderclap","Fire Breathing+1","Sentinel"],"picked":"SKIP","floor":46},{"not_picked":["Burning Pact","Searing Blow+1","Sword Boomerang"],"picked":"SKIP","floor":47},{"not_picked":["Perfected Strike+1","Combust"],"picked":"True Grit+1","floor":48},{"not_picked":["Sword Boomerang","Immolate"],"picked":"Metallicize+1","floor":48}],"player_experience":845885,"relics_obtained":[{"floor":6.0,"key":"White Beast Statue"},{"floor":14.0,"key":"Prayer Wheel"},{"floor":21.0,"key":"Nilry\u0027s Codex"},{"floor":24.0,"key":"Art of War"},{"floor":26.0,"key":"Ornamental Fan"},{"floor":31.0,"key":"StrikeDummy"},{"floor":34.0,"key":"Omamori"},{"floor":34.0,"key":"Letter Opener"},{"floor":34.0,"key":"Du-Vu Doll"},{"floor":36,"key":"TungstenRod"},{"floor":40,"key":"Thread and Needle"},{"floor":43,"key":"Toy Ornithopter"},{"floor":47,"key":"StoneCalendar"}],"event_choices":[{"damage_healed":0.0,"max_hp_gain":0.0,"max_hp_loss":0.0,"gold_gain":0.0,"event_name":"Accursed Blacksmith","player_choice":"Forge","floor":5.0,"gold_loss":0.0,"damage_taken":0.0,"cards_upgraded":["Carnage"]},{"damage_healed":0.0,"max_hp_gain":0.0,"max_hp_loss":0.0,"gold_gain":0.0,"event_name":"FaceTrader","player_choice":"Trade","floor":10.0,"gold_loss":0.0,"damage_taken":0.0,"relics_obtained":["CultistMask"]},{"damage_healed":0.0,"max_hp_gain":0.0,"max_hp_loss":0.0,"gold_gain":0.0,"event_name":"Cursed Tome","player_choice":"Obtained Book","floor":21.0,"gold_loss":0.0,"damage_taken":21.0},{"cards_removed":["Strike_R"],"damage_healed":0.0,"max_hp_gain":0.0,"max_hp_loss":0.0,"gold_gain":0.0,"event_name":"Purifier","player_choice":"Purged","floor":22.0,"gold_loss":0.0,"damage_taken":0.0},{"damage_healed":0.0,"max_hp_gain":0.0,"max_hp_loss":0.0,"gold_gain":0.0,"event_name":"Mysterious Sphere","player_choice":"Fight","floor":36.0,"gold_loss":0.0,"damage_taken":0.0},{"damage_healed":0,"gold_gain":0,"player_choice":"Ignored","damage_taken":0,"max_hp_gain":0,"max_hp_loss":0,"event_name":"SecretPortal","floor":39,"gold_loss":0}],"is_beta":false,"boss_relics":[{"not_picked":["Runic Pyramid","Sozu"],"picked":"Snecko Eye"},{"not_picked":["Fusion Hammer","Runic Dome"],"picked":"Calling Bell"}],"items_purged_floors":[8,29,38],"is_endless":false,"potions_floor_spawned":[1,6,11,12,14,16,18,20,24,27,28,30,31,33,35,36,37,40,41,45,46,47,48],"ascension_level":16}}