{"host":"jm9833yuloeli2yd","time":1613784817,"event":{"mods":["BaseMod","Better Altar","Better Match","Better Note","Better Sensory Stone","Better Skull","Better Third Choice","Better Vampires","BetterRewards","Colored Map","Colored Powertips","DeckTracker","Minty Spire (QoL Compilation)","Permanent Neow","Quick Restart","StSLib","SuperFastMode"],"gold_per_floor":[366,381,381,400,400,426,426,457,512,529,494,87,100,117,117,191,191,206,226,26,38,58,58,58,58],"floor_reached":24,"language":"ENG","playtime":875,"items_purged":[],"score":520,"play_id":"6c06729b-3d25-4071-a716-bf833a05678f","local_time":"20210219203337","is_ascension_mode":true,"campfire_choices":[{"data":"Rip and Tear","floor":7.0,"key":"SMITH"},{"data":"Hologram","floor":15.0,"key":"SMITH"},{"data":"Hologram","floor":23,"key":"SMITH"}],"circlet_count":0,"master_deck":["AscendersBane","Defend_B","Defend_B","Defend_B","Defend_B","Zap","Dualcast","Beam Cell","Conserve Battery","Rip and Tear+1","Compile Driver","Gash","Cold Snap","Echo Form","Hologram+1","Hologram+1","Buffer","Thunder Strike+1","Hyperbeam+1","Ball Lightning+1","Stack+1","Hologram","Dark Shackles","Chill"],"relics":["Cracked Core","Singing Bowl","Bag of Marbles","Potion Belt","HornCleat","Astrolabe"],"acts_visited":["Exordium","TheCity"],"potions_floor_usage":[24],"damage_taken":[{"damage":2.0,"enemies":"Cultist","floor":1.0,"turns":4.0},{"damage":9.0,"enemies":"2 Louse","floor":2.0,"turns":2.0},{"damage":2.0,"enemies":"Jaw Worm","floor":4.0,"turns":3.0},{"damage":12.0,"enemies":"3 Sentries","floor":6.0,"turns":10.0},{"damage":16.0,"enemies":"Lagavulin","floor":8.0,"turns":7.0},{"damage":20.0,"enemies":"Lots of Slimes","floor":10.0,"turns":4.0},{"damage":9.0,"enemies":"2 Fungi Beasts","floor":13.0,"turns":3.0},{"damage":0.0,"enemies":"Blue Slaver","floor":14.0,"turns":3.0},{"damage":0.0,"enemies":"Slime Boss","floor":16.0,"turns":4.0},{"damage":0.0,"enemies":"Spheric Guardian","floor":18.0,"turns":3.0},{"damage":3.0,"enemies":"3 Byrds","floor":19.0,"turns":4.0},{"damage":13.0,"enemies":"Snecko","floor":21.0,"turns":6.0},{"damage":17,"enemies":"Shelled Parasite and Fungi","floor":22,"turns":5},{"damage":28,"enemies":"Book of Stabbing","floor":24,"turns":5}],"seed_played":"1178107955688646776","potions_obtained":[{"floor":4.0,"key":"SkillPotion"},{"floor":8.0,"key":"Block Potion"},{"floor":14.0,"key":"AttackPotion"}],"is_trial":false,"path_per_floor":["M","M","?","M","?","E","R","E","T","M","?","$","M","M","R","B",null,"M","M","$","M","M","R","E"],"character_chosen":"DEFECT","items_purchased":["Echo Form","Hologram","HornCleat","Dark Shackles","Fire Potion","SteroidPotion"],"campfire_rested":0,"item_purchase_floors":[12,12,12,20,20,20],"current_hp_per_floor":[62,53,53,51,56,44,44,28,28,8,25,25,16,18,18,18,58,58,55,55,42,27,27,0,0],"gold":58,"neow_bonus":"TWO_FIFTY_GOLD","is_daily":false,"chose_seed":false,"campfire_upgraded":3,"win_rate":0.0,"timestamp":1613784817,"path_taken":["M","?","?","?","?","E","R","E","T","M","?","?","M","M","R","BOSS","M","?","$","M","M","R","E"],"items_purchased_type":["Card","Card","Relic","Card","Potion","Potion"],"build_version":"2020-12-22","purchased_purges":0,"victory":false,"max_hp_per_floor":[64,64,64,64,69,69,69,69,69,69,69,69,69,71,71,71,71,71,71,71,71,73,73,73,73],"card_choices":[{"not_picked":["Rebound","Static Discharge"],"picked":"Beam Cell","floor":1.0},{"not_picked":["Leap","Stack"],"picked":"Conserve Battery","floor":2.0},{"not_picked":["Barrage","Ball Lightning"],"picked":"Rip and Tear","floor":4.0},{"not_picked":["Reprogram","Stack"],"picked":"Compile Driver","floor":6.0},{"not_picked":["Steam","Sweeping Beam"],"picked":"Gash","floor":8.0},{"not_picked":["Thunder Strike","Turbo"],"picked":"Cold Snap","floor":10.0},{"not_picked":["Hello World","Doom and Gloom"],"picked":"Hologram","floor":13.0},{"not_picked":["Darkness","Consume","Force Field"],"picked":"Singing Bowl","floor":14.0},{"not_picked":["Core Surge","Multi-Cast"],"picked":"Buffer","floor":16.0},{"not_picked":["Rebound","Cold Snap"],"picked":"Stack+1","floor":18.0},{"not_picked":["Redo","Cold Snap"],"picked":"Hologram","floor":19.0},{"not_picked":["Doom and Gloom","Storm"],"picked":"Chill","floor":21.0},{"not_picked":["Steam","Rebound","Barrage"],"picked":"Singing Bowl","floor":22}],"player_experience":1374760,"relics_obtained":[{"floor":6.0,"key":"Singing Bowl"},{"floor":8.0,"key":"Bag of Marbles"},{"floor":9.0,"key":"Potion Belt"}],"event_choices":[{"cards_removed":["Strike_B"],"damage_healed":0.0,"max_hp_gain":0.0,"max_hp_loss":0.0,"gold_gain":0.0,"event_name":"Bonfire Elementals","player_choice":"Offered Basic","floor":3.0,"gold_loss":0.0,"damage_taken":0.0},{"damage_healed":0.0,"max_hp_gain":5.0,"max_hp_loss":0.0,"gold_gain":0.0,"event_name":"Big Fish","player_choice":"Donut","floor":5.0,"gold_loss":0.0,"damage_taken":0.0},{"damage_healed":17.0,"max_hp_gain":0.0,"max_hp_loss":0.0,"gold_gain":0.0,"event_name":"The Cleric","player_choice":"Healed","floor":11.0,"gold_loss":35.0,"damage_taken":0.0}],"is_beta":false,"boss_relics":[{"not_picked":["Velvet Choker","FrozenCore"],"picked":"Astrolabe"}],"items_purged_floors":[],"is_endless":false,"potions_floor_spawned":[4,8,14],"killed_by":"Book of Stabbing","ascension_level":20}}