{"host":"gkh5j5k5w4qf7k7n","time":1613823917,"event":{"mods":["100% Spire Juice","2.2 Compatiblity","AchievementEnabler","BaseMod","Colored Map","Colored Powertips","GifTheSpireLib","Hermit","Keyboard Shortcuts","Minty Spire (QoL Compilation)","Quick Restart","Replay The Spire","StSLib","SuperFastMode","The Clintock","The Problem Sleuth","TheBandit","¡¼?Úª?ø«¡½REMEMod"],"gold_per_floor":[18,18,36,49,65,65,84,105,129,129,143,113,288,288,288,288],"floor_reached":14,"language":"KOR","playtime":712,"items_purged":[],"score":111,"play_id":"e111cc22-17de-45b0-ad5d-3624b27dbc03","local_time":"20210220212517","is_ascension_mode":true,"campfire_choices":[{"data":"wariomod:ChargeForth","floor":6.0,"key":"SMITH"}],"circlet_count":0,"master_deck":["wariomod:Strike","wariomod:Defend","wariomod:Defend","wariomod:Defend","wariomod:Step","wariomod:Leap","DevaForm","wariomod:Purify","wariomod:ChargeForth+1","wariomod:BodyBlock","wariomod:WhirlwindBurst","Pot Of Greed","Pot Of Greed","Doubt"],"relics":["wariomod:TheHat","REME_ComplimentaryCards","Odd Mushroom","Grinning Jar"],"acts_visited":["Exordium"],"potions_floor_usage":[],"damage_taken":[{"damage":0.0,"enemies":"2 Louse","floor":1.0,"turns":3.0},{"damage":6.0,"enemies":"Cultist","floor":3.0,"turns":6.0},{"damage":4.0,"enemies":"Small Slimes","floor":4.0,"turns":3.0},{"damage":10.0,"enemies":"Blue Slaver","floor":5.0,"turns":3.0},{"damage":17.0,"enemies":"Exordium Thugs","floor":7.0,"turns":5.0},{"damage":17.0,"enemies":"The Mushroom Lair","floor":8.0,"turns":5.0},{"damage":2,"enemies":"3 Louse","floor":11,"turns":5},{"damage":5,"enemies":"Looter","floor":12,"turns":4},{"damage":16,"enemies":"Gremlin Nob","floor":14,"turns":2}],"seed_played":"5009279246754260282","potions_obtained":[{"floor":3.0,"key":"ColorlessPotion"},{"floor":4.0,"key":"Swift Potion"},{"floor":5.0,"key":"Weak Potion"}],"is_trial":false,"path_per_floor":["M","?","M","M","M","R","M","?","T","?","M","M","?","E"],"character_chosen":"THE_BANDIT","items_purchased":[],"campfire_rested":0,"item_purchase_floors":[],"current_hp_per_floor":[72,72,66,62,52,52,35,18,18,11,9,4,4,0,0,0],"gold":288,"neow_bonus":"REMOVE_TWO","is_daily":false,"chose_seed":false,"campfire_upgraded":1,"win_rate":0.0,"timestamp":1613823917,"path_taken":["M","?","M","?","M","R","M","?","T","?","M","M","?","E"],"items_purchased_type":[],"build_version":"2020-12-22","purchased_purges":0,"victory":false,"max_hp_per_floor":[80,80,80,80,80,80,80,80,80,80,80,80,80,80,80,80],"card_choices":[{"not_picked":["wariomod:EndlessBlast","wariomod:Bombtime"],"picked":"wariomod:Purify","floor":1.0},{"not_picked":["wariomod:Smackflip","wariomod:EndlessBlast"],"picked":"wariomod:ChargeForth","floor":3.0},{"not_picked":["wariomod:DoubleDash","wariomod:DoubleDip","wariomod:AwfulLook"],"picked":"SKIP","floor":4.0},{"not_picked":["wariomod:SpikeSlash","wariomod:Goblast"],"picked":"wariomod:BodyBlock","floor":5.0},{"not_picked":["wariomod:SmallSprint","wariomod:Bombshield"],"picked":"wariomod:WhirlwindBurst","floor":7.0},{"not_picked":["wariomod:Boomsmack","wariomod:Purify","wariomod:DoubleDash"],"picked":"SKIP","floor":11},{"not_picked":["wariomod:f","wariomod:Game","wariomod:SimpleShield"],"picked":"SKIP","floor":12}],"player_experience":823664,"relics_obtained":[{"floor":8.0,"key":"Odd Mushroom"},{"floor":9.0,"key":"Grinning Jar"}],"event_choices":[{"cards_removed":["wariomod:Strike"],"damage_healed":0.0,"max_hp_gain":0.0,"max_hp_loss":0.0,"gold_gain":0.0,"event_name":"Purifier","player_choice":"Purged","floor":2.0,"gold_loss":0.0,"damage_taken":0.0},{"damage_healed":0.0,"max_hp_gain":0.0,"max_hp_loss":0.0,"gold_gain":0.0,"event_name":"Mushrooms","player_choice":"Fought Mushrooms","floor":8.0,"gold_loss":0.0,"damage_taken":0.0},{"cards_removed":["wariomod:Strike"],"damage_healed":0.0,"max_hp_gain":0.0,"max_hp_loss":0.0,"gold_gain":0.0,"event_name":"Golden Wing","player_choice":"Card Removal","floor":10.0,"gold_loss":0.0,"damage_taken":7.0},{"damage_healed":0,"gold_gain":175,"player_choice":"AGREE","damage_taken":0,"max_hp_gain":0,"max_hp_loss":0,"event_name":"Liars Game","floor":13,"gold_loss":0,"cards_obtained":["Doubt"]}],"is_beta":false,"boss_relics":[],"items_purged_floors":[],"is_endless":false,"potions_floor_spawned":[3,4,5],"killed_by":"Gremlin Nob","ascension_level":7}}