{"host":"htqwg582tjjtn9p7","time":1613847654,"event":{"mods":["2.2 Compatiblity","AchievementEnabler","Act Like it!","Aspiration","BaseMod","Better Third Choice","Colored Map","Conspire","Curses Come First","Displayed Cursed Tome","Energized Spire","Force Act Four","Fox Events","GifTheSpireLib","Hermit","Highlight Path","JesterMod","Mad Scientist","Minty Spire (QoL Compilation)","Pale of the Ancients","Permanent Neow","Random Character Button","Relic Stats","Reliquary","Replay The Spire","Robot Space Explorer","Somnambulant","Spicy Shops","Spikes Relics","StSLib","Stuff the Spire","The Blue Laboratory","The Bug Knight","The Forsaken","The Gatherer","The Judge","The Jungle","The Marked","The Runesmith","The Servant 0.9.4","Uncapped"],"gold_per_floor":[109,119,119,119,119,147,147,157,207,237,237,249,265,22,22,117,117,137,137,137,137],"floor_reached":20,"language":"ENG","playtime":658,"items_purged":[],"score":361,"play_id":"b71c0c61-1dca-48b8-ad1e-e96af4063829","local_time":"20210220200054","is_ascension_mode":true,"campfire_choices":[{"data":"WordoMod:BoundlessGreed","floor":7,"key":"SMITH"},{"floor":11,"key":"REST"},{"data":"WordoMod:LordOfTheFlies","floor":15,"key":"SMITH"}],"circlet_count":0,"master_deck":["AscendersBane","conspire:GhostlyStrike","conspire:GhostlyStrike","conspire:GhostlyStrike","conspire:GhostlyStrike","conspire:GhostlyDefend","conspire:GhostlyDefend","conspire:GhostlyDefend","conspire:GhostlyDefend","WordoMod:Accursed","WordoMod:IllWill","WordoMod:Sacrilege","WordoMod:PurgeDisease","WordoMod:BoundlessGreed+1","WordoMod:Contagion","WordoMod:WillOWisp","WordoMod:SacRite","WordoMod:WillOWisp","WordoMod:LordOfTheFlies+1","WordoMod:DarkForm","WordoMod:BreakChains","WordoMod:Repent","WordoMod:MementoMori","WordoMod:Sacrilege","WordoMod:LanternFlame"],"relics":["StuffTheSpire:OccultApparatus","WordoMod:Effigy","NeowsBlessing","ReplayTheSpireMod:Ring of Exchange","Bronze Scales","reliquary:PorcupineQuills","StuffTheSpire:GrapeVine","Orrery"],"acts_visited":["Exordium","TheCity"],"potions_floor_usage":[10,10,16,20],"damage_taken":[{"damage":0,"enemies":"Cultist","floor":1,"turns":1},{"damage":0,"enemies":"2 Louse","floor":2,"turns":1},{"damage":0,"enemies":"Gremlin Nob","floor":6,"turns":1},{"damage":10,"enemies":"Small Slimes","floor":8,"turns":2},{"damage":24,"enemies":"Lagavulin","floor":10,"turns":4},{"damage":6,"enemies":"Looter","floor":12,"turns":3},{"damage":0,"enemies":"Large Slime","floor":13,"turns":5},{"damage":53,"enemies":"Fading Forest","floor":16,"turns":11},{"damage":35,"enemies":"Spheric Guardian","floor":18,"turns":7},{"damage":6,"enemies":"Shell Parasite","floor":20,"turns":4}],"seed_played":"1060244691492826440","potions_obtained":[{"floor":1,"key":"FearPotion"},{"floor":2,"key":"Venom Potion"},{"floor":12,"key":"blueLaboratory:BottleOfRum"},{"floor":16,"key":"Dexterity Potion"},{"floor":18,"key":"blueLaboratory:BubblePotion"}],"is_trial":false,"path_per_floor":["M","M","?","?","?","E","R","M","T","E","R","M","M","$","R","B",null,"M","?","M"],"character_chosen":"JUDGE_CLASS","items_purchased":["WordoMod:LordOfTheFlies"],"campfire_rested":1,"item_purchase_floors":[14],"current_hp_per_floor":[68,68,68,68,68,68,68,58,58,34,56,50,50,50,50,5,58,23,23,17,17],"gold":137,"neow_bonus":"THREE_ENEMY_KILL","is_daily":false,"chose_seed":false,"campfire_upgraded":2,"win_rate":0.0,"timestamp":1613847654,"path_taken":["M","?","?","?","?","E","R","M","T","E","R","M","M","$","R","BOSS","M","?","M"],"items_purchased_type":["Card"],"build_version":"2020-12-22","purchased_purges":0,"victory":false,"max_hp_per_floor":[75,75,75,75,75,75,75,75,75,75,75,75,75,75,75,75,75,75,75,75,75],"relic_stats":{"counters":[10,39],"Bronze Scales":[69],"obtain_stats":[{"StuffTheSpire:OccultApparatus":3,"ReplayTheSpireMod:Ring of Exchange":5,"WordoMod:Effigy":0,"reliquary:PorcupineQuills":9,"NeowsBlessing":0,"WordoMod:Obsidian":0,"Bronze Scales":6,"Orrery":17,"StuffTheSpire:GrapeVine":10},{"StuffTheSpire:OccultApparatus":2,"ReplayTheSpireMod:Ring of Exchange":2,"WordoMod:Effigy":0,"reliquary:PorcupineQuills":4,"NeowsBlessing":0,"WordoMod:Obsidian":0,"Bronze Scales":3,"Orrery":8,"StuffTheSpire:GrapeVine":5},{"StuffTheSpire:OccultApparatus":2,"ReplayTheSpireMod:Ring of Exchange":2,"WordoMod:Effigy":0,"reliquary:PorcupineQuills":5,"NeowsBlessing":0,"WordoMod:Obsidian":0,"Bronze Scales":3,"Orrery":28,"StuffTheSpire:GrapeVine":9}]},"card_choices":[{"not_picked":["WordoMod:HoldTheFort","WordoMod:BoundlessGreed"],"picked":"WordoMod:Sacrilege","floor":1},{"not_picked":["WordoMod:Retaliate","WordoMod:Combo"],"picked":"WordoMod:PurgeDisease","floor":2},{"not_picked":["WordoMod:LordOfTheFlies","WordoMod:CloudOfDust"],"picked":"WordoMod:BoundlessGreed","floor":6},{"not_picked":["WordoMod:BoundlessGreed","WordoMod:Vulgarity"],"picked":"WordoMod:Contagion","floor":8},{"not_picked":["WordoMod:UltimateSacrifice","WordoMod:Hysteria"],"picked":"WordoMod:WillOWisp","floor":10},{"not_picked":["WordoMod:ScatterAshes","WordoMod:Sickness"],"picked":"WordoMod:SacRite","floor":12},{"not_picked":["WordoMod:WipingAllOut","WordoMod:BoundlessGreed"],"picked":"WordoMod:WillOWisp","floor":13},{"not_picked":["WordoMod:UltimateSacrifice","WordoMod:ConjureTheDamned"],"picked":"WordoMod:DarkForm","floor":16},{"not_picked":["WordoMod:SacRite","WordoMod:ScatterAshes"],"picked":"WordoMod:BreakChains","floor":17},{"not_picked":["WordoMod:Retaliate","WordoMod:BreakChains"],"picked":"WordoMod:Repent","floor":17},{"not_picked":["WordoMod:SoulSpear","WordoMod:Resurrection"],"picked":"WordoMod:MementoMori","floor":17},{"not_picked":["WordoMod:MementoMori","WordoMod:Resurrection"],"picked":"WordoMod:Sacrilege","floor":17},{"not_picked":["WordoMod:ShackleGuard","WordoMod:BurdenOfSin+1"],"picked":"WordoMod:LanternFlame","floor":18}],"player_experience":2059228,"relics_obtained":[{"floor":5,"key":"ReplayTheSpireMod:Ring of Exchange"},{"floor":6,"key":"Bronze Scales"},{"floor":9,"key":"reliquary:PorcupineQuills"},{"floor":10,"key":"StuffTheSpire:GrapeVine"}],"event_choices":[{"damage_healed":0,"gold_gain":0,"player_choice":"Agree","damage_taken":0,"max_hp_gain":0,"max_hp_loss":0,"event_name":"conspire:LoneGhost","floor":4,"gold_loss":0},{"damage_healed":0,"gold_gain":0,"player_choice":"0 cards matched","damage_taken":0,"max_hp_gain":0,"max_hp_loss":0,"event_name":"Match and Keep!","floor":19,"gold_loss":0,"cards_obtained":[]}],"is_beta":false,"boss_relics":[{"not_picked":["ReplayTheSpireMod:DimensionalGlitch","jesterMod:MachoBrace"],"picked":"Orrery"}],"items_purged_floors":[],"is_endless":false,"potions_floor_spawned":[1,2,12,16,18],"killed_by":"Shell Parasite","ascension_level":10}}