{"host":"97k3n5kp0psabqmo","time":1613792598,"event":{"mods":["BaseMod","Colored Powertips","Minty Spire (QoL Compilation)"],"gold_per_floor":[116,191,210,56,73,99,99,99,99,110,124,124,124],"floor_reached":12,"language":"ENG","playtime":370,"items_purged":["Strike_R"],"score":100,"play_id":"759fd586-da05-4267-bb9d-62b5339b7806","local_time":"20210219224318","is_ascension_mode":true,"campfire_choices":[{"floor":7,"key":"REST"}],"circlet_count":0,"master_deck":["Strike_R","Strike_R","Strike_R","Strike_R","Defend_R","Defend_R","Defend_R","Defend_R","Bash","Seeing Red","Fire Breathing","Fire Breathing","Shrug It Off","Evolve","Shrug It Off"],"relics":["Burning Blood","Du-Vu Doll","Bottled Tornado"],"acts_visited":["Exordium"],"potions_floor_usage":[3,6,12],"damage_taken":[{"damage":2,"enemies":"2 Louse","floor":1,"turns":3},{"damage":4,"enemies":"Jaw Worm","floor":3,"turns":4},{"damage":0,"enemies":"Small Slimes","floor":5,"turns":3},{"damage":58,"enemies":"Lagavulin","floor":6,"turns":8},{"damage":13,"enemies":"3 Louse","floor":10,"turns":4},{"damage":18,"enemies":"Blue Slaver","floor":11,"turns":6},{"damage":58,"enemies":"Gremlin Nob","floor":12,"turns":5}],"seed_played":"-8502450293224794628","potions_obtained":[{"floor":1,"key":"Fire Potion"},{"floor":5,"key":"PowerPotion"},{"floor":10,"key":"BloodPotion"}],"is_trial":false,"path_per_floor":["M","?","M","$","M","E","R","$","T","M","M","E"],"character_chosen":"IRONCLAD","items_purchased":["Fire Breathing"],"campfire_rested":1,"item_purchase_floors":[4],"current_hp_per_floor":[88,77,79,79,85,33,59,59,59,52,40,0,0],"gold":124,"neow_bonus":"TEN_PERCENT_HP_BONUS","is_daily":false,"chose_seed":false,"campfire_upgraded":0,"win_rate":0.0,"timestamp":1613792598,"path_taken":["M","?","M","$","M","E","R","$","T","M","M","E"],"items_purchased_type":["Card"],"build_version":"2020-12-22","purchased_purges":1,"victory":false,"max_hp_per_floor":[88,88,88,88,88,88,88,88,88,88,88,88,88],"card_choices":[{"not_picked":["Warcry","Flex"],"picked":"Seeing Red","floor":1},{"not_picked":["Spot Weakness","Rage"],"picked":"Fire Breathing","floor":3},{"not_picked":["Disarm","True Grit"],"picked":"Shrug It Off","floor":5},{"not_picked":["Sword Boomerang","Disarm"],"picked":"Evolve","floor":6},{"not_picked":["Pummel","Iron Wave"],"picked":"Shrug It Off","floor":10},{"not_picked":["Shockwave","Clash","Sword Boomerang"],"picked":"SKIP","floor":11}],"player_experience":99900,"relics_obtained":[{"floor":6,"key":"Du-Vu Doll"},{"floor":9,"key":"Bottled Tornado"}],"event_choices":[{"damage_healed":0,"gold_gain":75,"player_choice":"Gather Gold","damage_taken":11,"max_hp_gain":0,"max_hp_loss":0,"event_name":"World of Goop","floor":2,"gold_loss":0}],"is_beta":false,"boss_relics":[],"items_purged_floors":[4],"is_endless":false,"potions_floor_spawned":[1,5,10],"killed_by":"Gremlin Nob","ascension_level":5}}