{"host":"f5gffvlv6a66yqkd","time":1613826111,"event":{"mods":["2.2 Compatiblity","BaseMod","Colored Map","Custom Start","DeckTracker","Keyboard Shortcuts","Minty Spire (QoL Compilation)","Permanent Neow","Quick Restart","Relic Stats","StSLib","SuperFastMode"],"gold_per_floor":[213,231,40,59,59,85,85,98,98,98,112,132,132,32,32,110,110,123,139,152,170,2,2,22,22,22,22,22,22,22,22,22,99,99,114,114,134,134,44,44,44],"floor_reached":40,"language":"KOR","playtime":1294,"items_purged":["Strike_B","Strike_B","Defend_B"],"score":922,"play_id":"bd3f2e82-b852-4252-9916-f46e4715f9f8","local_time":"20210220220151","is_ascension_mode":true,"campfire_choices":[{"data":"Strike_B","floor":7.0,"key":"PURGE"},{"data":"Redo","floor":10.0,"key":"SMITH"},{"data":"Coolheaded","floor":13.0,"key":"SMITH"},{"data":"Strike_B","floor":15.0,"key":"PURGE"},{"data":"Chaos","floor":23.0,"key":"SMITH"},{"data":"Recycle","floor":28,"key":"SMITH"},{"data":"Shame","floor":30,"key":"PURGE"},{"data":"Defend_B","floor":32,"key":"PURGE"}],"circlet_count":0,"master_deck":["AscendersBane","Zap","Dualcast","Streamline","Rebound","Compile Driver","Skim","Redo+1","Coolheaded+1","Core Surge","Chill","Turbo","Chaos+1","Recycle+1","Ghostly","Ghostly","Ghostly","Consume","Core Surge","Fission","Undo","Purity"],"relics":["FrozenCore","Peace Pipe","Cursed Key","Symbiotic Virus"],"acts_visited":["Exordium","TheCity","TheBeyond"],"potions_floor_usage":[33],"damage_taken":[{"damage":0.0,"enemies":"Cultist","floor":1.0,"turns":4.0},{"damage":0.0,"enemies":"2 Louse","floor":2.0,"turns":3.0},{"damage":9.0,"enemies":"Small Slimes","floor":4.0,"turns":4.0},{"damage":8.0,"enemies":"Gremlin Nob","floor":6.0,"turns":3.0},{"damage":5.0,"enemies":"2 Fungi Beasts","floor":8.0,"turns":4.0},{"damage":8.0,"enemies":"Blue Slaver","floor":11.0,"turns":4.0},{"damage":11.0,"enemies":"Looter","floor":12.0,"turns":2.0},{"damage":20.0,"enemies":"Hexaghost","floor":16.0,"turns":10.0},{"damage":22.0,"enemies":"2 Thieves","floor":18.0,"turns":3.0},{"damage":7.0,"enemies":"Spheric Guardian","floor":19.0,"turns":4.0},{"damage":10.0,"enemies":"Centurion and Healer","floor":20.0,"turns":9.0},{"damage":10.0,"enemies":"Snecko","floor":21.0,"turns":5.0},{"damage":4.0,"enemies":"3 Cultists","floor":24.0,"turns":4.0},{"damage":0,"enemies":"Automaton","floor":33,"turns":5},{"damage":27,"enemies":"3 Darklings","floor":35,"turns":5},{"damage":0,"enemies":"3 Shapes","floor":37,"turns":5},{"damage":16,"enemies":"Nemesis","floor":40,"turns":5}],"seed_played":"-6376575280118556136","potions_obtained":[{"floor":6.0,"key":"Swift Potion"},{"floor":8.0,"key":"DuplicationPotion"},{"floor":12.0,"key":"FocusPotion"},{"floor":16.0,"key":"PotionOfCapacity"},{"floor":18.0,"key":"SneckoOil"},{"floor":20.0,"key":"CultistPotion"},{"floor":21.0,"key":"FocusPotion"}],"is_trial":false,"path_per_floor":["M","M","$","M","?","E","R","M","T","R","M","M","R","$","R","B",null,"M","M","M","M","$","R","M","?","T","?","R","?","R","$","R","B",null,"M","?","M","?","$","E"],"character_chosen":"DEFECT","items_purchased":["EntropicBrew","Recycle","Purity"],"campfire_rested":0,"item_purchase_floors":[3,22,39],"current_hp_per_floor":[64,64,64,55,55,47,47,42,42,42,34,23,23,23,23,3,54,32,25,15,5,5,5,1,1,1,1,1,1,1,1,1,1,27,10,10,10,10,10,0,0],"gold":44,"neow_bonus":"HUNDRED_GOLD","is_daily":false,"chose_seed":false,"campfire_upgraded":4,"win_rate":0.0,"timestamp":1613826111,"path_taken":["M","M","$","M","?","E","R","?","T","R","M","?","R","$","R","BOSS","M","M","M","M","$","R","M","?","T","?","R","?","R","$","R","BOSS","M","?","M","?","$","E"],"items_purchased_type":["Potion","Card","Card"],"build_version":"2020-12-22","purchased_purges":3,"victory":false,"max_hp_per_floor":[71,71,71,71,71,71,71,71,71,71,71,71,71,71,71,71,71,71,71,71,71,71,71,71,35,35,35,35,35,35,35,35,35,35,35,35,35,35,35,35,35],"relic_stats":{"Peace Pipe":4,"counters":[17,79],"Cursed Key":0,"obtain_stats":[{"Peace Pipe":6,"Cracked Core":0,"Cursed Key":17,"Symbiotic Virus":29,"FrozenCore":34},{"Peace Pipe":4,"Cracked Core":0,"Cursed Key":8,"Symbiotic Virus":13,"FrozenCore":14},{"Peace Pipe":14,"Cracked Core":0,"Cursed Key":34,"Symbiotic Virus":59,"FrozenCore":64}],"FrozenCore":[4]},"card_choices":[{"not_picked":["Leap","Hologram"],"picked":"Streamline","floor":1.0},{"not_picked":["Beam Cell","Sweeping Beam"],"picked":"Rebound","floor":2.0},{"not_picked":["Leap","Storm","Heatsinks"],"picked":"SKIP","floor":4.0},{"not_picked":["Go for the Eyes","Streamline"],"picked":"Skim","floor":6.0},{"not_picked":["Blizzard","Hello World"],"picked":"Redo","floor":8.0},{"not_picked":["Rip and Tear","Doom and Gloom"],"picked":"Coolheaded","floor":11.0},{"not_picked":["Steam","Reinforced Body"],"picked":"Electrodynamics","floor":12.0},{"not_picked":["Machine Learning","Amplify"],"picked":"Core Surge","floor":16.0},{"not_picked":["Coolheaded","Storm","Gash+1"],"picked":"SKIP","floor":18.0},{"not_picked":["Lockon","Go for the Eyes"],"picked":"Chill","floor":19.0},{"not_picked":["Compile Driver","Auto Shields"],"picked":"Turbo","floor":20.0},{"not_picked":["Reprogram","Redo"],"picked":"Chaos","floor":21.0},{"not_picked":["Cold Snap","Coolheaded+1","Sweeping Beam"],"picked":"SKIP","floor":24.0},{"not_picked":["Electrodynamics","Thunder Strike"],"picked":"Fission","floor":33},{"not_picked":["Steam Power","Stack+1","Compile Driver"],"picked":"SKIP","floor":35},{"not_picked":["Leap+1","Undo","Capacitor+1"],"picked":"SKIP","floor":37},{"not_picked":["Leap+1","Capacitor+1"],"picked":"Undo","floor":37}],"player_experience":1536068,"relics_obtained":[{"floor":6.0,"key":"Peace Pipe"}],"event_choices":[{"damage_healed":0.0,"max_hp_gain":0.0,"max_hp_loss":0.0,"gold_gain":0.0,"event_name":"Match and Keep!","player_choice":"1 cards matched","floor":5.0,"gold_loss":0.0,"damage_taken":0.0,"cards_obtained":["Compile Driver"]},{"damage_healed":0.0,"max_hp_gain":0.0,"max_hp_loss":36.0,"gold_gain":0.0,"event_name":"Ghosts","player_choice":"Became a Ghost","floor":25.0,"gold_loss":0.0,"damage_taken":0.0,"cards_obtained":["Ghostly","Ghostly","Ghostly"]},{"damage_healed":0,"gold_gain":0,"cards_transformed":["Defend_B","Defend_B"],"player_choice":"Became Test Subject","damage_taken":0,"max_hp_gain":0,"max_hp_loss":0,"event_name":"Drug Dealer","floor":27,"gold_loss":0,"cards_obtained":["Consume","Core Surge"]},{"damage_healed":0,"gold_gain":0,"player_choice":"Stole Relic","damage_taken":0,"relics_obtained":["Symbiotic Virus"],"max_hp_gain":0,"max_hp_loss":0,"event_name":"Addict","floor":29,"gold_loss":0,"cards_obtained":["Shame"]},{"damage_healed":0,"gold_gain":0,"player_choice":"Memory 1","damage_taken":0,"max_hp_gain":0,"max_hp_loss":0,"event_name":"SensoryStone","floor":36,"gold_loss":0},{"cards_removed":["Electrodynamics"],"damage_healed":0,"gold_gain":0,"player_choice":"Removed Power","damage_taken":0,"max_hp_gain":0,"max_hp_loss":0,"event_name":"Falling","floor":38,"gold_loss":0}],"is_beta":false,"boss_relics":[{"not_picked":["Calling Bell","Busted Crown"],"picked":"Cursed Key"},{"not_picked":["Snecko Eye","Pandora\u0027s Box"],"picked":"FrozenCore"}],"items_purged_floors":[3,14,22],"is_endless":false,"potions_floor_spawned":[6,8,12,16,18,20,21],"killed_by":"Nemesis","ascension_level":20}}