{"host":"4ds1zdmwd19pifst","time":1613797151,"event":{"mods":["BaseMod","Downfall","Highlight Path","Minty Spire (QoL Compilation)","StSLib"],"gold_per_floor":[116,137,137,31,52,52,80,80,80,80],"floor_reached":8,"language":"ENG","playtime":543,"items_purged":[],"score":87,"play_id":"93e1e255-821b-4395-a497-6d649f8f72c0","local_time":"20210219205911","daily_mods":["downfall:Jewelcrafting"],"is_ascension_mode":true,"campfire_choices":[],"circlet_count":0,"master_deck":["AscendersBane","hexamod:Strike","hexamod:Strike","hexamod:Strike","hexamod:Strike","hexamod:Defend","hexamod:Defend","hexamod:Defend","hexamod:Defend","hexamod:Sear","hexamod:Float","Guardian:ExploitGems","Guardian:ExploitGems","hexamod:SecondSeal","hexamod:GhostLash","hexamod:FourthSeal","hexamod:DynamicBlow","hexamod:GhostLash","hexamod:ThermalTransfer","Guardian:Gem_Lightblue","Guardian:Gem_Yellow","hexamod:EtherealExpedition","hexamod:GhostOfSpirePast"],"relics":["hexamod:SpiritBrand","Guardian:PickAxe","Prayer Wheel","Bird Faced Urn"],"acts_visited":["Exordium"],"potions_floor_usage":[],"damage_taken":[{"damage":4,"enemies":"Jaw Worm","floor":1,"turns":5},{"damage":0,"enemies":"Cultist","floor":2,"turns":4},{"damage":0,"enemies":"2 Louse","floor":5,"turns":3},{"damage":8,"enemies":"Red Slaver","floor":7,"turns":3},{"damage":31,"enemies":"Lagavulin","floor":8,"turns":7}],"seed_played":"-3021599023166832582","potions_obtained":[{"floor":1,"key":"Fire Potion"},{"floor":2,"key":"BlessingOfTheForge"},{"floor":5,"key":"ColorlessPotion"},{"floor":8,"key":"LiquidMemories"}],"is_trial":true,"path_per_floor":["M","M","?","$","M","R","M","E"],"character_chosen":"THE_SPIRIT","items_purchased":["hexamod:FourthSeal","hexamod:DynamicBlow"],"campfire_rested":0,"item_purchase_floors":[4,4],"current_hp_per_floor":[59,59,59,59,59,59,51,20,20,20],"gold":80,"neow_bonus":"","is_daily":false,"chose_seed":false,"campfire_upgraded":0,"win_rate":0.0,"timestamp":1613797151,"path_taken":["M","M","?","$","?","R","M","E"],"items_purchased_type":["Card","Card"],"build_version":"2020-12-22","purchased_purges":0,"victory":false,"max_hp_per_floor":[70,70,70,70,70,70,70,70,70,70],"card_choices":[{"not_picked":["hexamod:HeatShield","hexamod:InspiringFlames"],"picked":"hexamod:SecondSeal","floor":1},{"not_picked":["hexamod:NecessarySacrifice","hexamod:RecurringNightmare"],"picked":"hexamod:GhostLash","floor":2},{"not_picked":["hexamod:HauntingEcho","hexamod:SwordOfDarkness"],"picked":"hexamod:GhostLash","floor":5},{"not_picked":["hexamod:CatchUp","hexamod:RecurringNightmare"],"picked":"hexamod:ThermalTransfer","floor":5},{"not_picked":["hexamod:BurningTouch","hexamod:ThermalTransfer"],"picked":"hexamod:EtherealExpedition","floor":7},{"not_picked":["hexamod:CatchUp","hexamod:Rewind"],"picked":"hexamod:GhostOfSpirePast","floor":7}],"player_experience":71570,"relics_obtained":[{"floor":8,"key":"Bird Faced Urn"}],"event_choices":[{"damage_healed":0,"gold_gain":0,"player_choice":"Gave Potion","damage_taken":0,"relics_obtained":["Prayer Wheel"],"max_hp_gain":0,"max_hp_loss":0,"event_name":"WeMeetAgain","floor":3,"gold_loss":0}],"is_beta":false,"boss_relics":[],"items_purged_floors":[],"is_endless":false,"potions_floor_spawned":[1,2,8],"killed_by":"Lagavulin","ascension_level":10}}