{"host":"bvp2uifzy1c463d9","time":1613862150,"event":{"mods":["AchievementEnabler","BaseMod","Better Note","Block Reminder","Bossed Relics","Colored Map","Colored Powertips","Highlight Path","Minty Spire (QoL Compilation)","Relic Sorter","Relic Stats","Replay The Spire","StSLib"],"gold_per_floor":[117,117,136,149,149,175,175,205,205,205,238,253,282,282,282,383,383,400,413,427,427,443,473,473,502,502,516,527,527,442,115,115,240,240,280,23,62,82,82,82,107,117,117,117,117,217,217,231,231,271,271,271,9,44,44,44],"floor_reached":55,"language":"ENG","playtime":3402,"items_purged":["Strike_G","Strike_G"],"score":1038,"play_id":"c3988d2b-36c8-4f94-a281-6e3b3e396ce2","local_time":"20210220170230","is_ascension_mode":true,"campfire_choices":[{"data":"Replay:Bag of Tricks","floor":7,"key":"SMITH"},{"floor":10,"key":"REST"},{"data":"Burst","floor":15,"key":"SMITH"},{"data":"Draining Mist","floor":24,"key":"SMITH"},{"data":"Noxious Fumes","floor":32,"key":"SMITH"},{"data":"Footwork","floor":40,"key":"SMITH"},{"floor":47,"key":"RECALL"},{"data":"Replay:Poison Smokescreen","floor":49,"key":"SMITH"},{"data":"Hidden Blade","floor":52,"key":"SMITH"}],"circlet_count":0,"master_deck":["Strike_G","Defend_G","Defend_G","Defend_G","Defend_G","Survivor","Neutralize","Replay:Bag of Tricks+1","Escape Plan","Replay:Poison Smokescreen+1","Draining Mist+1","Cloak And Dagger","Prepared","Burst+1","Toxin Wave","Bullet Time","Bane","Footwork+1","Leg Sweep","Calculated Gamble","Bouncing Flask","Noxious Fumes+1","HandOfGreed","Deadly Poison","Hidden Blade+1","Madness","Madness","Backflip+1"],"relics":["Ring of the Serpent","ReplayTheSpireMod:Ring of Collecting","Bag of Preparation","HornCleat","Snack Pack","Lantern","Divine Protection","Replay:Mystery Machine","Replay:Rubber Ducky","Ring of Fury","Oddly Smooth Stone","Regal Pillow","Busted Crown","Chemical X","Replay:Bottled Steam","ReplayTheSpireMod:Ninjato","Golden Egg"],"acts_visited":["Exordium","TheCity","TheBeyond","TheEnding"],"potions_floor_usage":[8,33,41],"damage_taken":[{"damage":0,"enemies":"Jaw Worm","floor":1,"turns":5},{"damage":0,"enemies":"Small Slimes","floor":3,"turns":3},{"damage":0,"enemies":"Cultist","floor":4,"turns":3},{"damage":31,"enemies":"Lagavulin","floor":6,"turns":6},{"damage":19,"enemies":"Gremlin Nob","floor":8,"turns":4},{"damage":4,"enemies":"Lagavulin","floor":11,"turns":5},{"damage":7,"enemies":"3 Louse","floor":12,"turns":3},{"damage":0,"enemies":"Gremlin Nob","floor":13,"turns":3},{"damage":0,"enemies":"The Guardian","floor":16,"turns":9},{"damage":0,"enemies":"Spheric Guardian","floor":18,"turns":3},{"damage":0,"enemies":"3 Byrds","floor":19,"turns":4},{"damage":4,"enemies":"Cultist and Chosen","floor":20,"turns":6},{"damage":11,"enemies":"Shelled Parasite and Fungi","floor":22,"turns":5},{"damage":0,"enemies":"Slavers","floor":23,"turns":9},{"damage":17,"enemies":"Gremlin Leader","floor":25,"turns":6},{"damage":0,"enemies":"Snecko","floor":27,"turns":4},{"damage":0,"enemies":"3 Cultists","floor":28,"turns":4},{"damage":13,"enemies":"Champ","floor":33,"turns":11},{"damage":0,"enemies":"3 Darklings","floor":35,"turns":4},{"damage":0,"enemies":"Orb Walker","floor":37,"turns":3},{"damage":1,"enemies":"Sphere and 2 Shapes","floor":38,"turns":3},{"damage":0,"enemies":"Reptomancer","floor":41,"turns":6},{"damage":0,"enemies":"Writhing Mass","floor":42,"turns":3},{"damage":6,"enemies":"Maw","floor":48,"turns":5},{"damage":13,"enemies":"Awakened One","floor":50,"turns":11},{"damage":16,"enemies":"Shield and Spear","floor":54,"turns":6},{"damage":73,"enemies":"The Heart","floor":55,"turns":6}],"seed_played":"-4588823881458572453","potions_obtained":[{"floor":1,"key":"SneckoOil"},{"floor":4,"key":"AttackPotion"},{"floor":8,"key":"Swift Potion"},{"floor":11,"key":"Swift Potion"},{"floor":22,"key":"Strength Potion"},{"floor":35,"key":"SteroidPotion"}],"is_trial":false,"path_per_floor":["M","?","M","M","?","E","R","E","T","R","E","M","E","?","R","B",null,"M","M","M","?","M","E","R","E","T","M","M","?","?","$","R","B",null,"M","$","M","M","?","R","E","M","T","$","?","?","R","M","R_BF","B",null,"R","$","E","B"],"character_chosen":"THE_SILENT","items_purchased":["Noxious Fumes","HandOfGreed","Chemical X","ReplayTheSpireMod:Ninjato"],"campfire_rested":1,"item_purchase_floors":[31,31,36,53],"current_hp_per_floor":[70,70,70,70,70,39,39,20,20,41,41,34,36,36,36,38,70,70,70,66,66,59,63,63,48,48,48,52,52,52,52,52,41,70,70,70,70,69,69,69,70,70,70,70,61,61,61,59,59,60,70,70,70,54,0,0],"gold":44,"neow_bonus":"ONE_RANDOM_RARE_CARD","is_daily":false,"chose_seed":false,"campfire_upgraded":7,"win_rate":0.0,"timestamp":1613862150,"path_taken":["M","?","M","M","?","E","R","E","T","R","E","?","E","?","R","BOSS","M","M","M","?","M","E","R","E","T","M","M","?","?","$","R","BOSS","M","$","M","M","?","R","E","M","T","$","?","?","R","?","R_BF","BOSS","R","$","E","BOSS"],"items_purchased_type":["Card","Card","Relic","Relic"],"build_version":"2020-12-22","purchased_purges":2,"victory":false,"max_hp_per_floor":[70,70,70,70,70,70,70,70,70,70,70,70,70,70,70,70,70,70,70,70,70,70,70,70,70,70,70,70,70,70,70,70,70,70,70,70,70,70,70,70,70,70,70,70,70,70,70,70,70,70,70,70,70,70,70,70],"relic_stats":{"Regal Pillow":0,"Busted Crown":14,"counters":[27,140],"Bag of Preparation":[46],"Chemical X":[1],"obtain_stats":[{"Divine Protection":13,"Golden Egg":54,"Lantern":11,"Regal Pillow":30,"ReplayTheSpireMod:Ninjato":53,"Oddly Smooth Stone":26,"Bag of Preparation":6,"Replay:Mystery Machine":23,"Replay:Rubber Ducky":25,"HornCleat":8,"Busted Crown":34,"ReplayTheSpireMod:Ring of Collecting":2,"Ring of Fury":26,"Snack Pack":9,"Chemical X":36,"Ring of the Serpent":17,"Ring of the Snake":0,"Replay:Bottled Steam":41},{"Divine Protection":8,"Golden Egg":26,"Lantern":6,"Regal Pillow":17,"ReplayTheSpireMod:Ninjato":25,"Oddly Smooth Stone":15,"Bag of Preparation":4,"Replay:Mystery Machine":14,"Replay:Rubber Ducky":15,"HornCleat":5,"Busted Crown":18,"ReplayTheSpireMod:Ring of Collecting":1,"Ring of Fury":15,"Snack Pack":5,"Chemical X":19,"Ring of the Serpent":9,"Ring of the Snake":0,"Replay:Bottled Steam":22},{"Divine Protection":32,"Golden Egg":134,"Lantern":26,"Regal Pillow":82,"ReplayTheSpireMod:Ninjato":128,"Oddly Smooth Stone":74,"Bag of Preparation":17,"Replay:Mystery Machine":68,"Replay:Rubber Ducky":74,"HornCleat":21,"Busted Crown":93,"ReplayTheSpireMod:Ring of Collecting":5,"Ring of Fury":74,"Snack Pack":21,"Chemical X":97,"Ring of the Serpent":41,"Ring of the Snake":0,"Replay:Bottled Steam":109}]},"card_choices":[{"not_picked":["ReplayTheSpireMod:Speed Training","Quick Slash"],"picked":"Escape Plan","floor":1},{"not_picked":["Flying Knee","Unload"],"picked":"Replay:Poison Smokescreen","floor":3},{"not_picked":["Dodge and Roll","Poisoned Stab"],"picked":"Draining Mist","floor":4},{"not_picked":["Underhanded Strike","Prepared"],"picked":"Cloak And Dagger","floor":6},{"not_picked":["Dagger Spray","Slice"],"picked":"Prepared","floor":8},{"not_picked":["Prepared","Backflip"],"picked":"Burst","floor":11},{"not_picked":["Underhanded Strike","Hidden Blade"],"picked":"Toxin Wave","floor":12},{"not_picked":["Deflect","Slice","Backflip"],"picked":"SKIP","floor":13},{"not_picked":["Storm of Steel","Atom Bomb"],"picked":"Bullet Time","floor":16},{"not_picked":["Slice+1","Cloak And Dagger","Prepared"],"picked":"SKIP","floor":18},{"not_picked":["Blur+1","Dodge and Roll"],"picked":"Bane","floor":19},{"not_picked":["Cloak And Dagger","Eviscerate"],"picked":"Footwork","floor":20},{"not_picked":["ReplayTheSpireMod:Exploit Weakness","Prepared"],"picked":"Leg Sweep","floor":22},{"not_picked":["Expertise","ReplayTheSpireMod:Exploit Weakness+1","Riddle With Holes+1"],"picked":"SKIP","floor":23},{"not_picked":["Venomology","Underhanded Strike"],"picked":"Calculated Gamble","floor":25},{"not_picked":["Expertise","PiercingWail+1","Flying Knee"],"picked":"SKIP","floor":27},{"not_picked":["Flying Knee","Poisoned Stab"],"picked":"Bouncing Flask","floor":28},{"not_picked":[],"picked":"Deadly Poison","floor":35},{"not_picked":["ReplayTheSpireMod:The Works+1"],"picked":"SKIP","floor":37},{"not_picked":[],"picked":"Hidden Blade","floor":38},{"not_picked":["Dodge and Roll"],"picked":"SKIP","floor":41},{"not_picked":["Distraction"],"picked":"SKIP","floor":42},{"not_picked":["Expertise"],"picked":"SKIP","floor":48},{"not_picked":[],"picked":"Backflip+1","floor":54}],"player_experience":255501,"relics_obtained":[{"floor":2,"key":"ReplayTheSpireMod:Ring of Collecting"},{"floor":6,"key":"Bag of Preparation"},{"floor":8,"key":"HornCleat"},{"floor":9,"key":"Snack Pack"},{"floor":11,"key":"Lantern"},{"floor":13,"key":"Divine Protection"},{"floor":23,"key":"Replay:Mystery Machine"},{"floor":25,"key":"Replay:Rubber Ducky"},{"floor":26,"key":"Ring of Fury"},{"floor":26,"key":"Oddly Smooth Stone"},{"floor":41,"key":"Replay:Bottled Steam"},{"floor":54,"key":"Golden Egg"}],"event_choices":[{"cards_removed":["Strike_G"],"damage_healed":0,"gold_gain":0,"player_choice":"Purged","damage_taken":0,"max_hp_gain":0,"max_hp_loss":0,"event_name":"Purifier","floor":5,"gold_loss":0},{"damage_healed":0,"gold_gain":0,"player_choice":"Ignored","damage_taken":0,"max_hp_gain":0,"max_hp_loss":0,"event_name":"Liars Game","floor":14,"gold_loss":0},{"damage_healed":0,"gold_gain":0,"player_choice":"Ignored","damage_taken":0,"max_hp_gain":0,"max_hp_loss":0,"event_name":"Vampires","floor":21,"gold_loss":0},{"cards_removed":["Strike_G"],"damage_healed":0,"gold_gain":0,"player_choice":"Elegance","damage_taken":0,"max_hp_gain":0,"max_hp_loss":0,"event_name":"Back to Basics","floor":29,"gold_loss":0},{"damage_healed":0,"gold_gain":0,"player_choice":"Obtained Relic","damage_taken":0,"relics_obtained":["Regal Pillow"],"max_hp_gain":0,"max_hp_loss":0,"event_name":"Addict","floor":30,"gold_loss":85},{"cards_removed":["Defend_G"],"damage_healed":0,"gold_gain":0,"player_choice":"Removed Skill","damage_taken":0,"max_hp_gain":0,"max_hp_loss":0,"event_name":"Falling","floor":39,"gold_loss":0},{"damage_healed":0,"gold_gain":0,"player_choice":"Embrace Madness","damage_taken":9,"max_hp_gain":0,"max_hp_loss":0,"event_name":"Winding Halls","floor":45,"gold_loss":0,"cards_obtained":["Madness","Madness"]},{"damage_healed":0,"gold_gain":100,"player_choice":"Pray","damage_taken":0,"max_hp_gain":0,"max_hp_loss":0,"event_name":"Golden Shrine","floor":46,"gold_loss":0}],"is_beta":false,"boss_relics":[{"not_picked":["ReplayTheSpireMod:DimensionalGlitch","Tiny House"],"picked":"Ring of the Serpent"},{"not_picked":["Velvet Choker","Snecko Scales"],"picked":"Busted Crown"}],"items_purged_floors":[31,36],"is_endless":false,"potions_floor_spawned":[1,4,8,11,16,19,22,28,35,37,38],"killed_by":"The Heart","ascension_level":4}}