{"host":"mnpd8gh7cwxsn5kh","time":1613853625,"event":{"mods":["BaseMod","Bestiary","Block Reminder","Colored Map","Colored Powertips","Highlight Path","Minty Spire (QoL Compilation)","Relic Sorter","Relic Stats"],"gold_per_floor":[13,13,26,26,40,40,79,79,79,114,264,189,213,231,231,231,231],"floor_reached":16,"language":"ENG","playtime":886,"items_purged":["Doubt"],"score":220,"play_id":"45954839-9d8a-4833-8cbd-9229fe1ed721","local_time":"20210220214025","is_ascension_mode":true,"campfire_choices":[{"data":"Zap","floor":6.0,"key":"SMITH"},{"floor":8,"key":"REST"},{"data":"Dualcast","floor":15,"key":"SMITH"}],"circlet_count":0,"master_deck":["AscendersBane","Strike_B","Strike_B","Defend_B","Defend_B","Defend_B","Defend_B","Zap+1","Dualcast+1","Scrape","Heatsinks","Cold Snap","Ball Lightning","Sweeping Beam","Sunder","Rebound"],"relics":["Cracked Core","Golden Idol","MealTicket","HornCleat","Shuriken"],"acts_visited":["Exordium"],"potions_floor_usage":[10],"damage_taken":[{"damage":2.0,"enemies":"Jaw Worm","floor":1.0,"turns":4.0},{"damage":12.0,"enemies":"2 Louse","floor":3.0,"turns":2.0},{"damage":0.0,"enemies":"Cultist","floor":5.0,"turns":3.0},{"damage":37,"enemies":"Gremlin Nob","floor":7,"turns":4},{"damage":13,"enemies":"Lagavulin","floor":10,"turns":7},{"damage":0,"enemies":"2 Fungi Beasts","floor":13,"turns":2},{"damage":12,"enemies":"Red Slaver","floor":14,"turns":2},{"damage":25,"enemies":"Slime Boss","floor":16,"turns":8}],"seed_played":"-7596340790096728794","potions_obtained":[{"floor":1.0,"key":"LiquidBronze"},{"floor":7,"key":"Weak Potion"}],"is_trial":false,"path_per_floor":["M","?","M","?","M","R","E","R","T","E","?","$","M","M","R","B"],"character_chosen":"DEFECT","items_purchased":[],"campfire_rested":1,"item_purchase_floors":[],"current_hp_per_floor":[62,62,50,50,50,50,13,32,32,19,19,34,34,22,22,0,0],"gold":231,"neow_bonus":"TRANSFORM_TWO_CARDS","is_daily":false,"chose_seed":false,"campfire_upgraded":2,"win_rate":0.0,"timestamp":1613853625,"path_taken":["M","?","M","?","M","R","E","R","T","E","?","$","M","M","R","BOSS"],"items_purchased_type":[],"build_version":"2020-12-22","purchased_purges":1,"victory":false,"max_hp_per_floor":[71,64,64,64,64,64,64,64,64,64,64,64,64,64,64,64,64],"relic_stats":{"counters":[8,32],"Golden Idol":30,"Shuriken":[2],"MealTicket":15,"obtain_stats":[{"HornCleat":9,"Golden Idol":2,"Shuriken":10,"MealTicket":7,"Cracked Core":0},{"HornCleat":4,"Golden Idol":1,"Shuriken":5,"MealTicket":4,"Cracked Core":0},{"HornCleat":13,"Golden Idol":4,"Shuriken":20,"MealTicket":13,"Cracked Core":0}]},"card_choices":[{"not_picked":["Blizzard","Conserve Battery"],"picked":"Cold Snap","floor":1.0},{"not_picked":["Double Energy","Undo"],"picked":"Ball Lightning","floor":3.0},{"not_picked":["Steam Power","Force Field"],"picked":"Sweeping Beam","floor":5.0},{"not_picked":["BootSequence","Ball Lightning"],"picked":"Sunder","floor":7},{"not_picked":["Turbo","Skim","Amplify"],"picked":"SKIP","floor":10},{"not_picked":["Darkness","Compile Driver"],"picked":"Rebound","floor":13},{"not_picked":["Loop","Heatsinks","Ball Lightning"],"picked":"SKIP","floor":14}],"player_experience":650316,"relics_obtained":[{"floor":7,"key":"MealTicket"},{"floor":9,"key":"HornCleat"},{"floor":10,"key":"Shuriken"}],"event_choices":[{"damage_healed":0.0,"max_hp_gain":0.0,"max_hp_loss":7.0,"gold_gain":0.0,"event_name":"Golden Idol","player_choice":"Lose Max HP","floor":2.0,"gold_loss":0.0,"damage_taken":0.0,"relics_obtained":["Golden Idol"]},{"damage_healed":0.0,"max_hp_gain":0.0,"max_hp_loss":0.0,"gold_gain":0.0,"event_name":"Scrap Ooze","player_choice":"Fled","floor":4.0,"gold_loss":0.0,"damage_taken":0.0},{"damage_healed":0,"gold_gain":150,"player_choice":"AGREE","damage_taken":0,"max_hp_gain":0,"max_hp_loss":0,"event_name":"Liars Game","floor":11,"gold_loss":0,"cards_obtained":["Doubt"]}],"is_beta":false,"boss_relics":[],"items_purged_floors":[12],"is_endless":false,"potions_floor_spawned":[1,7],"killed_by":"Slime Boss","ascension_level":20}}