{"host":"u2qrfxkm3wve0vp3","time":1613837678,"event":{"mods":["AchievementEnabler","BaseMod","Downfall","Minty Spire (QoL Compilation)","Quick Restart","Shop Mod","StSLib","The Cursed","The Marked"],"gold_per_floor":[115,190,204,204,132,132,57,87,112,146,146,164,183,202,202,202,202],"floor_reached":16,"language":"ZHS","playtime":460,"items_purged":["theMarked:Defend"],"score":116,"play_id":"6d4422a3-c17d-4489-b69c-5edce7636865","local_time":"20210221001438","is_ascension_mode":true,"campfire_choices":[{"data":"theMarked:SoldierOfQuellstein","floor":6,"key":"SMITH"},{"data":"theMarked:AttractMetal","floor":11,"key":"SMITH"},{"data":"theMarked:ChannelForce","floor":15,"key":"SMITH"}],"circlet_count":0,"master_deck":["theMarked:Strike","theMarked:Strike","theMarked:Strike","theMarked:Strike","theMarked:Strike","theMarked:Defend","theMarked:Defend","theMarked:Defend","theMarked:SoldierOfQuellstein+1","theMarked:Panic","theMarked:OneWithTheBlade","theMarked:AttractMetal+1","theMarked:ChannelForce+1"],"relics":["theMarked:ArtifactOfAir","Shovel","Blue Candle","Lantern","Ornamental Fan","Omamori","Matryoshka"],"acts_visited":["Exordium"],"potions_floor_usage":[16,16,16],"damage_taken":[{"damage":0,"enemies":"2 Louse","floor":1,"turns":3},{"damage":1,"enemies":"Small Slimes","floor":3,"turns":3},{"damage":19,"enemies":"3 Sentries","floor":8,"turns":7},{"damage":17,"enemies":"Gremlin Nob","floor":10,"turns":4},{"damage":1,"enemies":"Cultist","floor":12,"turns":3},{"damage":0,"enemies":"Blue Slaver","floor":13,"turns":2},{"damage":2,"enemies":"Looter","floor":14,"turns":3},{"damage":25,"enemies":"Slime Boss","floor":16,"turns":3}],"seed_played":"-1813110633522702042","potions_obtained":[{"floor":8,"key":"Swift Potion"},{"floor":10,"key":"Regen Potion"},{"floor":12,"key":"Dexterity Potion"}],"is_trial":false,"path_per_floor":["M","?","M","?","?","R","$","E","T","E","R","M","M","M","R","B"],"character_chosen":"THE_DEFAULT","items_purchased":[],"campfire_rested":0,"item_purchase_floors":[],"current_hp_per_floor":[65,54,53,48,48,48,48,29,29,12,12,11,11,9,9,0,0],"gold":202,"neow_bonus":"ONE_RARE_RELIC","is_daily":false,"chose_seed":false,"campfire_upgraded":3,"win_rate":0.0,"timestamp":1613837678,"path_taken":["M","?","M","?","?","R","$","E","T","E","R","M","?","M","R","BOSS"],"items_purchased_type":[],"build_version":"2020-12-22","purchased_purges":1,"victory":false,"max_hp_per_floor":[65,65,65,65,65,65,65,65,65,65,65,65,65,65,65,65,65],"card_choices":[{"not_picked":["theMarked:Memento","theMarked:SwordAndMagic"],"picked":"theMarked:Panic","floor":1},{"not_picked":["theMarked:WardOff","theMarked:Improvise"],"picked":"theMarked:OneWithTheBlade","floor":3},{"not_picked":["theMarked:Parkour","theMarked:ElectricStrings","theMarked:RepellingDischarge"],"picked":"SKIP","floor":8},{"not_picked":["theMarked:Improvise","theMarked:Overcharge"],"picked":"theMarked:AttractMetal","floor":10},{"not_picked":["theMarked:Parkour","theMarked:RepellingDischarge","theMarked:OneWithTheBlade"],"picked":"SKIP","floor":12},{"not_picked":["theMarked:BanishingStrike","theMarked:ResourceFulStrike"],"picked":"theMarked:ChannelForce","floor":13},{"not_picked":["theMarked:ThrowWeapon","theMarked:Friction","theMarked:Overcharge"],"picked":"SKIP","floor":14}],"player_experience":332338,"relics_obtained":[{"floor":8,"key":"Ornamental Fan"},{"floor":9,"key":"Omamori"},{"floor":10,"key":"Matryoshka"}],"event_choices":[{"damage_healed":0,"gold_gain":75,"player_choice":"Gather Gold","damage_taken":11,"max_hp_gain":0,"max_hp_loss":0,"event_name":"World of Goop","floor":2,"gold_loss":0},{"damage_healed":0,"gold_gain":0,"player_choice":"Paid Gold","damage_taken":0,"relics_obtained":["Lantern"],"max_hp_gain":0,"max_hp_loss":0,"event_name":"WeMeetAgain","floor":5,"gold_loss":72}],"is_beta":false,"boss_relics":[],"items_purged_floors":[7],"is_endless":false,"potions_floor_spawned":[8,10,12,13],"killed_by":"Slime Boss","ascension_level":1}}