{"host":"89iuq2p5kwriuwfq","time":1613823954,"event":{"mods":["BaseMod","Curses Come First","Minty Spire (QoL Compilation)","Permanent Neow","StSLib"],"gold_per_floor":[111,127,127,137,147,176,176,176,203,228,101,116,126,46,46,120,120,133,48,82,101,112,137,137,156,210,244,244,256,302,322,322,400,400,411,686,195,417,434,434,434],"floor_reached":40,"language":"ENG","playtime":1912,"items_purged":["Pain","Defend_P"],"score":804,"play_id":"00c37806-7855-4e8a-a355-a0695b62c244","local_time":"20210220122554","is_ascension_mode":true,"campfire_choices":[{"floor":8.0,"key":"REST"},{"data":"Devotion","floor":15.0,"key":"SMITH"},{"floor":24.0,"key":"REST"},{"floor":28.0,"key":"REST"},{"data":"ConjureBlade","floor":32.0,"key":"SMITH"}],"circlet_count":0,"master_deck":["AscendersBane","Strike_P","Strike_P+1","Strike_P+1","Defend_P","Defend_P","Defend_P","Eruption+1","Vigilance+1","Brilliance","Prostrate","SignatureMove","Prostrate","WheelKick","Consecrate","Devotion+1","Worship","ConjureBlade+1","ForeignInfluence+1","Protect","Protect+1","Ragnarok","Pray","WindmillStrike"],"relics":["PureWater","WarpedTongs","Dream Catcher","Bag of Marbles","Whetstone","SlaversCollar","Regal Pillow","Red Mask","Turnip","Damaru","Omamori","Blood Vial","VioletLotus","Unceasing Top"],"acts_visited":["Exordium","TheCity","TheBeyond"],"potions_floor_usage":[],"damage_taken":[{"damage":0.0,"enemies":"Small Slimes","floor":1.0,"turns":2.0},{"damage":0.0,"enemies":"Cultist","floor":2.0,"turns":2.0},{"damage":4.0,"enemies":"2 Louse","floor":4.0,"turns":2.0},{"damage":1.0,"enemies":"Exordium Wildlife","floor":5.0,"turns":5.0},{"damage":12.0,"enemies":"3 Sentries","floor":6.0,"turns":9.0},{"damage":16.0,"enemies":"Gremlin Nob","floor":10.0,"turns":4.0},{"damage":0.0,"enemies":"3 Louse","floor":12.0,"turns":3.0},{"damage":0.0,"enemies":"Looter","floor":13.0,"turns":2.0},{"damage":1.0,"enemies":"The Guardian","floor":16.0,"turns":4.0},{"damage":15.0,"enemies":"Shell Parasite","floor":18.0,"turns":3.0},{"damage":0.0,"enemies":"Masked Bandits","floor":20.0,"turns":1.0},{"damage":18.0,"enemies":"2 Thieves","floor":21.0,"turns":4.0},{"damage":4.0,"enemies":"Cultist and Chosen","floor":22.0,"turns":4.0},{"damage":4.0,"enemies":"Book of Stabbing","floor":23.0,"turns":3.0},{"damage":14.0,"enemies":"Snecko","floor":25.0,"turns":5.0},{"damage":14.0,"enemies":"Gremlin Leader","floor":27.0,"turns":5.0},{"damage":0.0,"enemies":"Snake Plant","floor":29.0,"turns":2.0},{"damage":7.0,"enemies":"Slavers","floor":30.0,"turns":3.0},{"damage":0.0,"enemies":"Centurion and Healer","floor":31.0,"turns":5.0},{"damage":15.0,"enemies":"Champ","floor":33.0,"turns":8.0},{"damage":0.0,"enemies":"Orb Walker","floor":35.0,"turns":2.0},{"damage":39.0,"enemies":"3 Darklings","floor":39.0,"turns":5.0},{"damage":32,"enemies":"Nemesis","floor":40,"turns":2}],"seed_played":"-1354365590623140224","potions_obtained":[{"floor":4.0,"key":"LiquidMemories"},{"floor":5.0,"key":"ColorlessPotion"},{"floor":10.0,"key":"PowerPotion"},{"floor":12.0,"key":"ColorlessPotion"},{"floor":22.0,"key":"Energy Potion"},{"floor":23.0,"key":"FearPotion"},{"floor":25.0,"key":"Strength Potion"},{"floor":33.0,"key":"FearPotion"}],"is_trial":false,"path_per_floor":["M","M","?","M","M","E","?","R","T","E","$","M","M","$","R","B",null,"M","?","?","M","M","E","R","M","T","E","R","M","E","M","R","B",null,"M","?","$","?","M","E"],"character_chosen":"WATCHER","items_purchased":["Consecrate","Worship","Unceasing Top","WindmillStrike"],"campfire_rested":3,"item_purchase_floors":[11,14,37,37],"current_hp_per_floor":[61,61,61,57,56,44,30,50,50,34,34,34,34,34,34,33,59,44,44,44,26,22,18,53,39,39,25,60,60,53,55,55,42,62,64,64,64,64,27,0,0],"gold":434,"neow_bonus":"TRANSFORM_CARD","is_daily":false,"chose_seed":false,"campfire_upgraded":2,"win_rate":0.0,"timestamp":1613823954,"path_taken":["M","M","?","?","?","E","?","R","T","E","$","M","M","?","R","BOSS","M","?","?","M","M","E","R","M","T","E","R","M","E","M","R","BOSS","M","?","$","?","M","E"],"items_purchased_type":["Card","Card","Relic","Card"],"build_version":"2020-12-22","purchased_purges":2,"victory":false,"max_hp_per_floor":[68,68,68,68,68,68,68,68,68,68,68,68,68,68,68,68,68,68,68,68,68,68,68,68,68,68,68,68,68,68,68,68,68,68,68,68,68,68,68,68,68],"card_choices":[{"not_picked":["Conclude","PathToVictory"],"picked":"Prostrate","floor":1.0},{"not_picked":["Halt","Study","ClearTheMind"],"picked":"SKIP","floor":2.0},{"not_picked":["FlurryOfBlows","SashWhip"],"picked":"SignatureMove","floor":4.0},{"not_picked":["BowlingBash","FearNoEvil"],"picked":"Prostrate","floor":5.0},{"not_picked":["WindmillStrike","EmptyBody"],"picked":"WheelKick","floor":6.0},{"not_picked":["CrushJoints","Adaptation","FlurryOfBlows"],"picked":"SKIP","floor":10.0},{"not_picked":["EmptyFist","FollowUp"],"picked":"Devotion","floor":12.0},{"not_picked":["Vengeance","LikeWater","Collect"],"picked":"SKIP","floor":13.0},{"not_picked":["Alpha","Blasphemy"],"picked":"ConjureBlade","floor":16.0},{"not_picked":["MentalFortress","PathToVictory","FlyingSleeves"],"picked":"SKIP","floor":18.0},{"not_picked":["ThirdEye","EmptyFist"],"picked":"ForeignInfluence+1","floor":20.0},{"not_picked":["Halt","EmptyBody","ForeignInfluence"],"picked":"SKIP","floor":21.0},{"not_picked":["Tantrum","FlyingSleeves","EmptyBody"],"picked":"SKIP","floor":22.0},{"not_picked":["EmptyFist","WreathOfFlame"],"picked":"Protect","floor":23.0},{"not_picked":["ForeignInfluence","Establishment"],"picked":"Protect+1","floor":24.0},{"not_picked":["Wireheading","BowlingBash","Protect"],"picked":"SKIP","floor":25.0},{"not_picked":["ThirdEye","ClearTheMind","Protect"],"picked":"SKIP","floor":27.0},{"not_picked":["Indignation","WaveOfTheHand","Protect"],"picked":"SKIP","floor":29.0},{"not_picked":["EmptyMind","Meditate","BowlingBash"],"picked":"SKIP","floor":30.0},{"not_picked":["FlyingSleeves","ForeignInfluence","ClearTheMind+1"],"picked":"SKIP","floor":31.0},{"not_picked":["SpiritShield","Alpha"],"picked":"Ragnarok","floor":33.0},{"not_picked":["Meditate","FollowUp"],"picked":"Pray","floor":35.0},{"not_picked":["WindmillStrike","Tantrum","Halt"],"picked":"SKIP","floor":39.0}],"player_experience":742519,"relics_obtained":[{"floor":6.0,"key":"Dream Catcher"},{"floor":9.0,"key":"Bag of Marbles"},{"floor":10.0,"key":"Whetstone"},{"floor":20.0,"key":"Red Mask"},{"floor":23.0,"key":"Turnip"},{"floor":26.0,"key":"Damaru"},{"floor":27.0,"key":"Omamori"},{"floor":30.0,"key":"Blood Vial"}],"event_choices":[{"damage_healed":0.0,"max_hp_gain":0.0,"max_hp_loss":0.0,"gold_gain":0.0,"event_name":"Accursed Blacksmith","player_choice":"Rummage","floor":3.0,"gold_loss":0.0,"damage_taken":0.0,"relics_obtained":["WarpedTongs"],"cards_obtained":["Pain"]},{"damage_healed":0.0,"max_hp_gain":0.0,"max_hp_loss":0.0,"gold_gain":0.0,"event_name":"Shining Light","player_choice":"Entered Light","floor":7.0,"gold_loss":0.0,"damage_taken":14.0,"cards_upgraded":["Strike_P","Vigilance"]},{"damage_healed":0.0,"max_hp_gain":0.0,"max_hp_loss":0.0,"gold_gain":0.0,"event_name":"Addict","player_choice":"Obtained Relic","floor":19.0,"gold_loss":85.0,"damage_taken":0.0,"relics_obtained":["Regal Pillow"]},{"damage_healed":0.0,"max_hp_gain":0.0,"max_hp_loss":0.0,"gold_gain":0.0,"event_name":"Masked Bandits","player_choice":"Fought Bandits","floor":20.0,"gold_loss":0.0,"damage_taken":0.0},{"damage_healed":0.0,"max_hp_gain":0.0,"max_hp_loss":0.0,"gold_gain":275.0,"event_name":"Golden Shrine","player_choice":"Desecrate","floor":36.0,"gold_loss":0.0,"damage_taken":0.0,"cards_obtained":["Regret"]},{"damage_healed":0.0,"max_hp_gain":0.0,"max_hp_loss":0.0,"gold_gain":222.0,"event_name":"Tomb of Lord Red Mask","player_choice":"Wore Mask","floor":38.0,"gold_loss":0.0,"damage_taken":0.0}],"is_beta":false,"boss_relics":[{"not_picked":["Fusion Hammer","Runic Pyramid"],"picked":"SlaversCollar"},{"not_picked":["Calling Bell","Velvet Choker"],"picked":"VioletLotus"}],"items_purged_floors":[11,37],"is_endless":false,"potions_floor_spawned":[4,5,10,12,16,22,23,25,29,33],"killed_by":"Nemesis","ascension_level":14}}