{"host":"6ggzka4dag2kvku2","time":1613808440,"event":{"mods":["AchievementEnabler","BaseMod","DeckTracker","Minty Spire (QoL Compilation)","Permanent Neow","Quick Restart","SuperFastMode"],"gold_per_floor":[18,35,47,58,69,69,101,101,101,101,133,147,147,159,159,159,159],"floor_reached":16,"language":"KOR","playtime":2774,"items_purged":[],"score":137,"play_id":"b7f2a044-de15-47f4-9153-e19694b81ed3","local_time":"20210220170720","is_ascension_mode":true,"campfire_choices":[{"data":"Crippling Poison","floor":6,"key":"SMITH"},{"data":"Deadly Poison","floor":8,"key":"SMITH"},{"data":"Dodge and Roll","floor":13,"key":"SMITH"},{"data":"Poisoned Stab","floor":15,"key":"SMITH"}],"circlet_count":0,"master_deck":["Strike_G","Strike_G","Strike_G","Strike_G","Strike_G","Defend_G","Defend_G","Defend_G","Defend_G","Defend_G","Survivor","Neutralize","Backstab","Crippling Poison+1","Deadly Poison+1","PiercingWail","Deflect","Poisoned Stab+1","Dagger Spray","Dodge and Roll+1","Expertise"],"relics":["Ring of the Snake","Unceasing Top","Torii","Blood Vial","Potion Belt"],"acts_visited":["Exordium"],"potions_floor_usage":[4,11,16],"damage_taken":[{"damage":0,"enemies":"2 Louse","floor":1,"turns":2},{"damage":1,"enemies":"Cultist","floor":2,"turns":4},{"damage":0,"enemies":"Small Slimes","floor":3,"turns":3},{"damage":3,"enemies":"2 Fungi Beasts","floor":4,"turns":3},{"damage":5,"enemies":"3 Louse","floor":5,"turns":2},{"damage":20,"enemies":"Lagavulin","floor":7,"turns":8},{"damage":7,"enemies":"Gremlin Nob","floor":11,"turns":3},{"damage":0,"enemies":"Lots of Slimes","floor":12,"turns":2},{"damage":0,"enemies":"Gremlin Gang","floor":14,"turns":1},{"damage":27,"enemies":"Slime Boss","floor":16,"turns":5}],"seed_played":"8104660967973500231","potions_obtained":[{"floor":2,"key":"Fire Potion"},{"floor":3,"key":"Fire Potion"},{"floor":7,"key":"FearPotion"},{"floor":11,"key":"SneckoOil"}],"is_trial":false,"path_per_floor":["M","M","M","M","M","R","E","R","T","?","E","M","R","M","R","B"],"character_chosen":"THE_SILENT","items_purchased":[],"campfire_rested":0,"item_purchase_floors":[],"current_hp_per_floor":[70,69,69,66,61,61,41,41,41,34,29,31,31,33,33,8,8],"gold":159,"neow_bonus":"ONE_RARE_RELIC","is_daily":false,"chose_seed":false,"campfire_upgraded":4,"win_rate":0.0,"timestamp":1613808440,"path_taken":["M","M","M","M","M","R","E","R","T","?","E","?","R","M","R","BOSS"],"items_purchased_type":[],"build_version":"2020-12-22","purchased_purges":0,"victory":false,"max_hp_per_floor":[70,70,70,70,70,70,70,70,70,70,70,70,70,70,70,70,70],"card_choices":[{"not_picked":["Blade Dance","Prepared"],"picked":"Backstab","floor":1},{"not_picked":["Dagger Throw","Sucker Punch"],"picked":"Crippling Poison","floor":2},{"not_picked":["Riddle With Holes","Dagger Throw"],"picked":"Deadly Poison","floor":3},{"not_picked":["Riddle With Holes","Outmaneuver"],"picked":"PiercingWail","floor":4},{"not_picked":["Outmaneuver","Acrobatics"],"picked":"Deflect","floor":5},{"not_picked":["Crippling Poison","Deflect"],"picked":"Poisoned Stab","floor":7},{"not_picked":["PiercingWail","Deflect"],"picked":"Dagger Spray","floor":11},{"not_picked":["Slice","Eviscerate"],"picked":"Dodge and Roll","floor":12},{"not_picked":["Reflex","Caltrops"],"picked":"Expertise","floor":14}],"player_experience":99707,"relics_obtained":[{"floor":7,"key":"Torii"},{"floor":9,"key":"Blood Vial"},{"floor":11,"key":"Potion Belt"}],"event_choices":[{"damage_healed":0,"gold_gain":0,"player_choice":"Damaged","damage_taken":7,"max_hp_gain":0,"max_hp_loss":0,"event_name":"Wheel of Change","floor":10,"gold_loss":0}],"is_beta":false,"boss_relics":[],"items_purged_floors":[],"is_endless":false,"potions_floor_spawned":[2,3,7,11],"killed_by":"Slime Boss","ascension_level":4}}