{"host":"onfdonezo2qmaex3","time":1613812658,"event":{"mods":["2.2 Compatiblity","AchievementEnabler","Act Like it!","Aspiration","BaseMod","Colored Powertips","Downfall","Friendly Minions","Gensokyo","Hallownest","Hermit","Highlight Path","Jorbs\u0027s Wanderer Trilogy","Marisa????????","Marked Mod","Minty Spire (QoL Compilation)","Quick Restart","Reliquary","Shop Mod","StSLib","The Disciple","The Hayseed","The Hierophant","The Marked","The Runesmith"],"gold_per_floor":[117,131,131,151,0,0,0,0,78,97,122,140,140,164,164,164,164],"floor_reached":16,"language":"ENG","playtime":637,"items_purged":[],"score":100,"play_id":"f0f0ad7d-7555-43a6-8e80-f7ec0bb8a76b","local_time":"20210220101738","is_ascension_mode":false,"campfire_choices":[{"data":"hermit:Covet","floor":6,"key":"SMITH"},{"data":"hermit:Snapshot","floor":8,"key":"SMITH"},{"floor":15,"key":"REST"}],"circlet_count":0,"master_deck":["hermit:Strike_Hermit","hermit:Strike_Hermit","hermit:Strike_Hermit","hermit:Strike_Hermit","hermit:Defend_Hermit","hermit:Defend_Hermit","hermit:Defend_Hermit","hermit:Defend_Hermit","hermit:Snapshot+1","hermit:Covet+1","hermit:Quickdraw","hermit:CursedWeapon","Injury","hierophant:Kindle+1"],"relics":["hermit:Momento","Ice Cream","PrismaticShard","reliquary:SilkGlove","reliquary:TuningFork","Boot"],"acts_visited":["Gensokyo:Gensokyo"],"potions_floor_usage":[11],"damage_taken":[{"damage":4,"enemies":"Gensokyo:Gryphon","floor":1,"turns":3},{"damage":1,"enemies":"Gensokyo:Python","floor":2,"turns":3},{"damage":2,"enemies":"Gensokyo:2_Kodama","floor":4,"turns":3},{"damage":13,"enemies":"Gensokyo:CorruptedTreant","floor":10,"turns":4},{"damage":53,"enemies":"Gensokyo:Aya","floor":11,"turns":11},{"damage":2,"enemies":"Gensokyo:VengefulSpirit","floor":12,"turns":5},{"damage":32,"enemies":"Gensokyo:Yukari","floor":16,"turns":6}],"seed_played":"-27607652643943878","potions_obtained":[{"floor":10,"key":"SpeedPotion"}],"is_trial":false,"path_per_floor":["M","M","T","M","$","R","?","R","T","M","E","M","?","T","R","B"],"character_chosen":"HERMIT","items_purchased":["PrismaticShard"],"campfire_rested":1,"item_purchase_floors":[5],"current_hp_per_floor":[78,77,77,75,75,75,75,75,75,62,9,7,7,7,31,0,0],"gold":164,"neow_bonus":"TEN_PERCENT_HP_BONUS","is_daily":false,"chose_seed":false,"campfire_upgraded":2,"win_rate":0.0,"timestamp":1613812658,"path_taken":["M","?","?","?","?","R","?","R","T","M","E","M","?","?","R","BOSS"],"items_purchased_type":["Relic"],"build_version":"2020-12-22","purchased_purges":0,"victory":false,"max_hp_per_floor":[82,82,82,82,82,82,82,82,82,82,82,82,82,82,82,82,82],"card_choices":[{"not_picked":["hermit:CalledShot","hermit:Snipe"],"picked":"hermit:Quickdraw","floor":1},{"not_picked":["hermit:BigShot","hermit:Manifest"],"picked":"hermit:CursedWeapon","floor":2},{"not_picked":["hermit:Maintenance","hermit:BodyArmor","hermit:Coalescence"],"picked":"SKIP","floor":4},{"not_picked":["champ:BladeFlurry","champ:PreemptiveStrike","stsjorbsmod:ChillTouch"],"picked":"SKIP","floor":10},{"not_picked":["stsjorbsmod:Message","GalacticHalo","theMarked:StartUp"],"picked":"SKIP","floor":11},{"not_picked":["hierophant:Smite","Leap"],"picked":"hierophant:Kindle","floor":12}],"player_experience":215300,"relics_obtained":[{"floor":3,"key":"Ice Cream"},{"floor":11,"key":"reliquary:TuningFork"},{"floor":14,"key":"Boot"}],"event_choices":[],"is_beta":false,"boss_relics":[],"items_purged_floors":[],"is_endless":false,"potions_floor_spawned":[10],"killed_by":"Gensokyo:Yukari","ascension_level":0}}