{"host":"eaiphzh066bwqdh7","time":1613783488,"event":{"mods":["AchievementEnabler","Aspiration","BaseMod","Better Note","Colored Powertips","Halation","Highlight Path","Hubris","Infinite Spire","Minty Spire (QoL Compilation)","Quick Restart","Reliquary","Replay The Spire","StSLib"],"gold_per_floor":[10,110,128,148,167,180,180,207,232,0,34,45,45,45,45,149,149,169,14,27,27,50,50,67,67,67,67,79,91,91,117,117,117,117],"floor_reached":33,"language":"ENG","playtime":1038,"items_purged":["Defend_P"],"score":360,"play_id":"f09f7fa1-d6d9-45b6-b386-1c702bab5649","local_time":"20210219201128","is_ascension_mode":true,"campfire_choices":[{"floor":7,"key":"REST"},{"floor":15,"key":"REST"},{"floor":23,"key":"REST"},{"data":"Prostrate","floor":25,"key":"SMITH"},{"data":"Prostrate","floor":27,"key":"SMITH"},{"floor":32,"key":"REST"}],"circlet_count":0,"master_deck":["Strike_P","Strike_P","Strike_P","Strike_P","Defend_P","Defend_P","Defend_P","Eruption","Vigilance","Prostrate+1","Prostrate","Prostrate+1","Judgement+1","PathToVictory+1","Inflame+1"],"relics":["PureWater","Iron Hammer","Blood Vial","CeramicFish","infinitespire:Beetle Shell","hubris:BottledRain","aspiration:IroncladSkillbook","halation:AfternoonTea","aspiration:ChemicalBlood","hubris:Spice"],"acts_visited":["Exordium","TheCity"],"potions_floor_usage":[8,11,11,16,24,29,31,31,31,33,33,33,33],"damage_taken":[{"damage":4,"enemies":"Jaw Worm","floor":1,"turns":5},{"damage":0,"enemies":"Cultist","floor":3,"turns":2},{"damage":0,"enemies":"2 Louse","floor":4,"turns":2},{"damage":0,"enemies":"Blue Slaver","floor":5,"turns":6},{"damage":13,"enemies":"3 Louse","floor":6,"turns":6},{"damage":22,"enemies":"Gremlin Nob","floor":8,"turns":3},{"damage":4,"enemies":"Replay:BlueRogue","floor":11,"turns":5},{"damage":1,"enemies":"Looter","floor":12,"turns":4},{"damage":46,"enemies":"Fading Forest","floor":16,"turns":11},{"damage":0,"enemies":"Spheric Guardian","floor":18,"turns":1},{"damage":18,"enemies":"Shell Parasite","floor":20,"turns":4},{"damage":12,"enemies":"Snake Plant","floor":22,"turns":3},{"damage":10,"enemies":"Cultist and Chosen","floor":24,"turns":5},{"damage":20,"enemies":"Shelled Parasite and Fungi","floor":28,"turns":5},{"damage":10,"enemies":"Centurion and Healer","floor":29,"turns":4},{"damage":29,"enemies":"Book of Stabbing","floor":31,"turns":4},{"damage":82,"enemies":"Collector","floor":33,"turns":12}],"seed_played":"-7845409870862926933","potions_obtained":[{"floor":1,"key":"ColorlessPotion"},{"floor":4,"key":"PowerPotion"},{"floor":5,"key":"Death Potion"},{"floor":11,"key":"Dexterity Potion"},{"floor":20,"key":"Weak Potion"},{"floor":22,"key":"Toxic Potion"}],"is_trial":false,"path_per_floor":["M","?","M","M","M","M","R","E","T","$","E","M","?","T","R","B",null,"M","$","M","?","M","R","M","R","T","R","M","M","?","E","R","B"],"character_chosen":"WATCHER","items_purchased":["CeramicFish","halation:AfternoonTea"],"campfire_rested":4,"item_purchase_floors":[10,19],"current_hp_per_floor":[82,82,82,82,82,69,86,64,64,64,62,63,63,63,86,45,86,86,86,72,72,66,86,80,80,80,80,66,62,45,30,59,0,0],"gold":117,"neow_bonus":"TWENTY_PERCENT_HP_BONUS","is_daily":false,"chose_seed":false,"campfire_upgraded":2,"win_rate":0.0,"timestamp":1613783488,"path_taken":["M","?","?","?","M","M","R","E","T","$","E","?","?","?","R","BOSS","M","$","M","?","M","R","M","R","T","R","M","M","?","E","R","BOSS"],"items_purchased_type":["Relic","Relic"],"build_version":"2020-12-22","purchased_purges":1,"victory":false,"max_hp_per_floor":[86,86,86,86,86,86,86,86,86,86,86,86,86,86,86,86,86,86,86,86,86,86,86,86,86,86,86,86,86,91,99,99,99,99],"card_choices":[{"not_picked":["FlurryOfBlows","JustLucky"],"picked":"Prostrate","floor":1},{"not_picked":["ReachHeaven","SashWhip","Vengeance"],"picked":"SKIP","floor":3},{"not_picked":["Replay:AtTheReady","Replay:Anticipation"],"picked":"Prostrate","floor":4},{"not_picked":["EmptyBody","PathToVictory"],"picked":"Prostrate","floor":5},{"not_picked":["Fasting2","Collect","Weave"],"picked":"SKIP","floor":6},{"not_picked":["SignatureMove","Omniscience","Halt"],"picked":"SKIP","floor":8},{"not_picked":["EmptyFist","SashWhip","CutThroughFate"],"picked":"SKIP","floor":11},{"not_picked":["Conclude","Replay:Cycle","JustLucky"],"picked":"SKIP","floor":12},{"not_picked":["DeusExMachina","Replay:AllIn"],"picked":"Judgement","floor":16},{"not_picked":["FollowUp+1","Pummel","Twin Strike"],"picked":"PathToVictory+1","floor":18},{"not_picked":["Abandon","Vengeance+1","Replay:Many Hands","Dropkick"],"picked":"SKIP","floor":20},{"not_picked":["Replay:Undeath\u0027s Touch","Heavy Blade","ReplayTheSpireMod:Corrosion Curse"],"picked":"Inflame+1","floor":22},{"not_picked":["Infernal Blade+1","Havoc","Shrug It Off","Body Slam"],"picked":"SKIP","floor":24},{"not_picked":["Battle Trance","ReplayTheSpireMod:Limb From Limb","CrushJoints","Replay:Undeath\u0027s Touch+1"],"picked":"SKIP","floor":28},{"not_picked":["InnerPeace","Replay:ManipulateFuture","Sentinel","EmptyFist"],"picked":"SKIP","floor":29},{"not_picked":["Clash+1","Clothesline","ForeignInfluence","WheelKick"],"picked":"SKIP","floor":31}],"player_experience":327921,"relics_obtained":[{"floor":8,"key":"Iron Hammer"},{"floor":9,"key":"Blood Vial"},{"floor":11,"key":"infinitespire:Beetle Shell"},{"floor":14,"key":"hubris:BottledRain"},{"floor":26,"key":"aspiration:ChemicalBlood"},{"floor":31,"key":"hubris:Spice"}],"event_choices":[{"damage_healed":0,"gold_gain":100,"player_choice":"Pray","damage_taken":0,"max_hp_gain":0,"max_hp_loss":0,"event_name":"Golden Shrine","floor":2,"gold_loss":0},{"damage_healed":0,"gold_gain":0,"player_choice":"Ignored","damage_taken":0,"max_hp_gain":0,"max_hp_loss":0,"event_name":"Liars Game","floor":13,"gold_loss":0},{"damage_healed":0,"gold_gain":0,"player_choice":"Shed Blood","damage_taken":22,"max_hp_gain":5,"max_hp_loss":0,"event_name":"Forgotten Altar","floor":30,"gold_loss":0}],"is_beta":false,"boss_relics":[{"not_picked":["Painkiller Herb","Replay:Ancient Bell"],"picked":"aspiration:IroncladSkillbook"}],"items_purged_floors":[10],"is_endless":false,"potions_floor_spawned":[1,4,5,11,20,22],"killed_by":"Collector","ascension_level":4}}