{"host":"ttzdpsscxkem3xrs","time":1613781562,"event":{"mods":["BaseMod","Colored Map","Downfall","Hermit","Minty Spire (QoL Compilation)","Replay The Spire","StSLib","The Cursed","The Hierophant"],"gold_per_floor":[114,114,114,130,130,160,160,2,25,37,72,94,116,142,142,249,249,276,236,258,288,319,319,362,362,362,362,390,390,163,199,293,401,401,439,539,561,193,40,40,79,79,128,176,176,176,202,233,233,239,239],"floor_reached":50,"language":"ENG","playtime":20215,"items_purged":["hermit:Strike_Hermit"],"score":557,"play_id":"4c0d3894-4835-48a7-af73-f55753e4d210","local_time":"20210219163922","is_ascension_mode":false,"campfire_choices":[{"floor":7,"key":"REST"},{"floor":15,"key":"REST"},{"floor":23,"key":"REST"},{"floor":27,"key":"REST"},{"floor":29,"key":"REST"},{"floor":40,"key":"RECALL"},{"floor":42,"key":"REST"},{"floor":49,"key":"REST"}],"circlet_count":0,"master_deck":["hermit:Strike_Hermit","hermit:Strike_Hermit","hermit:Strike_Hermit","hermit:Defend_Hermit","hermit:Defend_Hermit+1","hermit:Defend_Hermit","hermit:Defend_Hermit","hermit:Snapshot","Trip+1","hermit:Shortfuse+1","hermit:Roulette+1","hermit:Maintenance+1","Bandage Up","hermit:Glare+1","hermit:GoldenBullet","hermit:RoundhouseKick+1","hermit:HighNoon+1","hermit:HighCaliber+1","hermit:Deadeye","Replay:Sssssssssshield","hermit:Determination+1","hermit:Gestalt","hermit:Determination","hermit:Virtue+1"],"relics":["hermit:Momento","Tiny Chest","War Paint","Replay:Bandana","Fusion Hammer","Bag of Preparation","Gremlin Food","hermit:RedScarf","hermit:PetGhost","hermit:BartenderGlass","ClockworkSouvenir","Replay:Rubber Ducky","Oddly Smooth Stone","Snack Pack","Vajra","Turnip"],"acts_visited":["Exordium","TheCity","TheBeyond"],"potions_floor_usage":[11,24,33,44,47,47,50,50,50],"damage_taken":[{"damage":0,"enemies":"Small Slimes","floor":1,"turns":2},{"damage":1,"enemies":"Jaw Worm","floor":4,"turns":2},{"damage":29,"enemies":"3 Sentries","floor":6,"turns":6},{"damage":0,"enemies":"Cultist","floor":10,"turns":2},{"damage":13,"enemies":"Gremlin Nob","floor":11,"turns":3},{"damage":7,"enemies":"Blue Slaver","floor":12,"turns":2},{"damage":15,"enemies":"Exordium Thugs","floor":13,"turns":6},{"damage":1,"enemies":"2 Fungi Beasts","floor":14,"turns":3},{"damage":18,"enemies":"The Guardian","floor":16,"turns":7},{"damage":2,"enemies":"Spheric Guardian","floor":18,"turns":3},{"damage":13,"enemies":"3 Byrds","floor":20,"turns":6},{"damage":15,"enemies":"Snecko","floor":21,"turns":3},{"damage":19,"enemies":"Sentry and Sphere","floor":22,"turns":4},{"damage":18,"enemies":"Replay:Snechameleon","floor":24,"turns":3},{"damage":10,"enemies":"Snake Plant","floor":28,"turns":2},{"damage":0,"enemies":"3 Cultists","floor":31,"turns":3},{"damage":20,"enemies":"Collector","floor":33,"turns":6},{"damage":5,"enemies":"3 Darklings","floor":35,"turns":4},{"damage":10,"enemies":"3 Shapes","floor":37,"turns":3},{"damage":20,"enemies":"Giant Head","floor":41,"turns":8},{"damage":26,"enemies":"Reptomancer","floor":44,"turns":6},{"damage":8,"enemies":"Writhing Mass","floor":47,"turns":5},{"damage":2,"enemies":"Transient","floor":48,"turns":5},{"damage":100101,"enemies":"Replay:Hell Engine","floor":50,"turns":8}],"seed_played":"-1788002794655496096","potions_obtained":[{"floor":6,"key":"Strength Potion"},{"floor":11,"key":"SteroidPotion"},{"floor":16,"key":"Ancient Potion"},{"floor":20,"key":"BlessingOfTheForge"},{"floor":24,"key":"Energy Potion"},{"floor":31,"key":"Cursed Concoction"},{"floor":37,"key":"Fire Potion"},{"floor":44,"key":"Swift Potion"}],"is_trial":false,"path_per_floor":["M","?","?","M","?","E","R","$","T","M","E","M","M","M","R","B",null,"M","?","M","M","M","R","E","T","T","R","M","R","$","M","R_BF","B",null,"M","?","M","$","$","R","E","R","T","E","?","T","M","M","R","B"],"character_chosen":"HERMIT","items_purchased":["Bandage Up","hermit:PetGhost","Replay:Sssssssssshield","ClockworkSouvenir","Replay:Rubber Ducky","hermit:Determination","Oddly Smooth Stone"],"campfire_rested":7,"item_purchase_floors":[8,30,30,38,38,38,39],"current_hp_per_floor":[75,75,75,74,79,50,74,74,74,74,65,62,51,54,78,62,80,78,78,69,54,39,63,45,45,45,69,59,80,80,80,80,64,80,79,79,69,69,69,69,53,77,77,59,59,59,53,59,80,0,0],"gold":239,"neow_bonus":"RANDOM_COLORLESS","is_daily":false,"chose_seed":false,"campfire_upgraded":0,"win_rate":0.0,"timestamp":1613781562,"path_taken":["M","?","?","M","?","E","R","$","T","M","E","?","M","M","R","BOSS","M","?","M","M","?","R","E","?","T","R","M","R","$","M","R_BF","BOSS","M","?","M","?","$","R","E","R","T","E","?","?","M","M","R","BOSS"],"items_purchased_type":["Card","Relic","Card","Relic","Relic","Card","Relic"],"build_version":"2020-12-22","purchased_purges":1,"victory":false,"max_hp_per_floor":[75,75,75,75,80,80,80,80,80,80,80,80,80,80,80,80,80,80,80,80,80,80,80,80,80,80,80,80,80,80,80,80,80,80,80,80,80,80,80,80,80,80,80,80,80,80,80,80,80,80,80],"card_choices":[{"not_picked":["Dramatic Entrance","Discovery"],"picked":"Trip","floor":0},{"not_picked":["hermit:Grudge","hermit:Combo"],"picked":"hermit:Shortfuse","floor":1},{"not_picked":["hermit:WideOpen","hermit:FullyLoaded"],"picked":"hermit:Maintenance","floor":4},{"not_picked":["hermit:Dissolve","hermit:ItchyTrigger","hermit:HighCaliber"],"picked":"SKIP","floor":6},{"not_picked":["hermit:Headshot","hermit:Vantage"],"picked":"hermit:Glare","floor":10},{"not_picked":["hermit:Headshot","hermit:Cheat"],"picked":"hermit:GoldenBullet","floor":11},{"not_picked":["hermit:BodyArmor","hermit:Feint","hermit:Ricochet"],"picked":"SKIP","floor":12},{"not_picked":["hermit:LoneWolf","hermit:NoHoldsBarred"],"picked":"hermit:RoundhouseKick","floor":13},{"not_picked":["hermit:Glare","hermit:Roulette","hermit:EyeOfTheStorm"],"picked":"SKIP","floor":14},{"not_picked":["hermit:Magnum","hermit:Purgatory"],"picked":"hermit:HighNoon","floor":16},{"not_picked":["hermit:Roulette","hermit:PistolWhip","hermit:Coalescence"],"picked":"SKIP","floor":18},{"not_picked":["hermit:Quickdraw","hermit:Headshot","hermit:TakeCover"],"picked":"SKIP","floor":20},{"not_picked":["hermit:Scavenge","hermit:Enervate","hermit:Feint"],"picked":"SKIP","floor":21},{"not_picked":["hermit:Malice","hermit:TakeCover"],"picked":"hermit:HighCaliber+1","floor":22},{"not_picked":["hermit:Vantage","hermit:Adapt"],"picked":"hermit:Deadeye","floor":24},{"not_picked":["hermit:Headshot","hermit:Roulette","hermit:ItchyTrigger+1"],"picked":"SKIP","floor":28},{"not_picked":["hermit:Headshot","hermit:Misfire"],"picked":"hermit:Determination+1","floor":31},{"not_picked":["hermit:CalledShot+1","hermit:Vantage+1"],"picked":"hermit:Gestalt","floor":35},{"not_picked":["hermit:Midnight+1","hermit:SprayPray","hermit:BodyArmor+1"],"picked":"SKIP","floor":37},{"not_picked":["hermit:CursedWeapon","hermit:LowProfile+1"],"picked":"hermit:Virtue+1","floor":41},{"not_picked":["hermit:Feint","hermit:TrackingShot+1","hermit:NoHoldsBarred"],"picked":"SKIP","floor":44},{"not_picked":["hermit:Misfire+1","hermit:Coalescence+1","hermit:HeroicBravado"],"picked":"SKIP","floor":47},{"not_picked":["hermit:Vantage","hermit:BigShot","hermit:HighCaliber"],"picked":"SKIP","floor":48}],"player_experience":1420140,"relics_obtained":[{"floor":6,"key":"Tiny Chest"},{"floor":9,"key":"War Paint"},{"floor":11,"key":"Replay:Bandana"},{"floor":24,"key":"Bag of Preparation"},{"floor":25,"key":"Gremlin Food"},{"floor":26,"key":"hermit:RedScarf"},{"floor":41,"key":"Snack Pack"},{"floor":43,"key":"Vajra"},{"floor":44,"key":"Turnip"}],"event_choices":[{"damage_healed":0,"gold_gain":0,"player_choice":"Ignored","damage_taken":0,"max_hp_gain":0,"max_hp_loss":0,"event_name":"Liars Game","floor":3,"gold_loss":0},{"damage_healed":0,"gold_gain":0,"player_choice":"Donut","damage_taken":0,"max_hp_gain":5,"max_hp_loss":0,"event_name":"Big Fish","floor":5,"gold_loss":0},{"damage_healed":0,"gold_gain":0,"player_choice":"Upgrade","damage_taken":0,"max_hp_gain":0,"max_hp_loss":0,"event_name":"Designer","floor":19,"gold_loss":40,"cards_upgraded":["hermit:HighNoon"]},{"damage_healed":0,"gold_gain":100,"player_choice":"Pray","damage_taken":0,"max_hp_gain":0,"max_hp_loss":0,"event_name":"Golden Shrine","floor":36,"gold_loss":0},{"damage_healed":0,"gold_gain":0,"player_choice":"Ignored","damage_taken":0,"max_hp_gain":0,"max_hp_loss":0,"event_name":"Tomb of Lord Red Mask","floor":45,"gold_loss":0}],"is_beta":false,"boss_relics":[{"not_picked":["Sozu","ReplayTheSpireMod:DimensionalGlitch"],"picked":"Fusion Hammer"},{"not_picked":["Kintsugi","Black Star"],"picked":"hermit:BartenderGlass"}],"items_purged_floors":[8],"is_endless":false,"potions_floor_spawned":[6,11,16,20,21,24,31,37,41,44,48],"killed_by":"Replay:Hell Engine","ascension_level":0}}