{"host":"ilxricga2547gmyy","time":1613847916,"event":{"mods":["AchievementEnabler","BaseMod","Bestiary","Minty Spire (QoL Compilation)","StSLib"],"gold_per_floor":[115,115,115,132,57,82,100,18,18,51,51,92,92,110,110,229,229,254,254,254,154,154,154],"floor_reached":22,"language":"ENG","playtime":1310,"items_purged":["Strike_R","Perfected Strike"],"score":325,"play_id":"26daa9bd-ed34-4c99-9108-8b552f208866","local_time":"20210220200516","is_ascension_mode":true,"campfire_choices":[{"data":"Disarm","floor":13,"key":"SMITH"},{"data":"Rampage","floor":15,"key":"SMITH"}],"circlet_count":0,"master_deck":["AscendersBane","Bash","Shockwave","Pommel Strike","Rampage+1","Reaper","Disarm+1","Iron Wave","Limit Break","Clothesline","Battle Trance","Entrench","Second Wind","Flame Barrier","Disarm","Pommel Strike+1","Bite","Bite","Bite","Bite","Bite","Spot Weakness","Headbutt"],"relics":["Burning Blood","Blood Vial","Eternal Feather","Vajra","Golden Idol","Art of War","Pandora\u0027s Box"],"acts_visited":["Exordium","TheCity"],"potions_floor_usage":[10,10,12],"damage_taken":[{"damage":10.0,"enemies":"Small Slimes","floor":1.0,"turns":3.0},{"damage":3.0,"enemies":"2 Louse","floor":4.0,"turns":4.0},{"damage":55,"enemies":"3 Sentries","floor":6,"turns":16},{"damage":7,"enemies":"Cultist","floor":7,"turns":4},{"damage":16,"enemies":"Lagavulin","floor":10,"turns":8},{"damage":38,"enemies":"3 Sentries","floor":12,"turns":6},{"damage":13,"enemies":"Red Slaver","floor":14,"turns":4},{"damage":21,"enemies":"Hexaghost","floor":16,"turns":11},{"damage":32,"enemies":"3 Byrds","floor":18,"turns":7},{"damage":54,"enemies":"Masked Bandits","floor":22,"turns":3}],"seed_played":"-3244225904290700792","potions_obtained":[{"floor":0.0,"key":"SpeedPotion"},{"floor":0.0,"key":"Fire Potion"},{"floor":0.0,"key":"BloodPotion"},{"floor":1.0,"key":"LiquidMemories"},{"floor":10,"key":"SteroidPotion"},{"floor":12,"key":"BloodPotion"},{"floor":14,"key":"GamblersBrew"}],"is_trial":false,"path_per_floor":["M","?","?","M","$","E","M","$","T","E","?","E","R","M","R","B",null,"M","?","?","$","?"],"character_chosen":"IRONCLAD","items_purchased":["Disarm"],"campfire_rested":0,"item_purchase_floors":[8],"current_hp_per_floor":[80,73,65,68,68,19,20,20,20,18,18,33,42,44,53,45,67,48,48,48,48,0,0],"gold":154,"neow_bonus":"THREE_SMALL_POTIONS","is_daily":false,"chose_seed":false,"campfire_upgraded":2,"win_rate":0.0,"timestamp":1613847916,"path_taken":["M","?","?","?","$","E","M","?","T","E","?","E","R","M","R","BOSS","M","?","?","$","?"],"items_purchased_type":["Card"],"build_version":"2020-12-22","purchased_purges":2,"victory":false,"max_hp_per_floor":[80,80,80,80,80,80,80,80,80,80,74,74,74,74,74,74,74,74,51,51,51,51,51],"card_choices":[{"not_picked":["Thunderclap","Pommel Strike"],"picked":"Shockwave","floor":1.0},{"not_picked":["Warcry","Thunderclap"],"picked":"Pommel Strike","floor":4.0},{"not_picked":["Twin Strike","Uppercut"],"picked":"Rampage","floor":6},{"not_picked":["Clothesline","Sword Boomerang"],"picked":"Reaper","floor":7},{"not_picked":["Burning Pact","Heavy Blade"],"picked":"Iron Wave","floor":10},{"not_picked":["Perfected Strike","Metallicize"],"picked":"Rampage","floor":12},{"not_picked":["True Grit","Sentinel"],"picked":"Rampage","floor":14},{"not_picked":["Bludgeon","Impervious"],"picked":"Limit Break","floor":16},{"not_picked":["Warcry+1","Flex"],"picked":"Pommel Strike+1","floor":18}],"player_experience":287038,"relics_obtained":[{"floor":6,"key":"Blood Vial"},{"floor":9,"key":"Eternal Feather"},{"floor":10,"key":"Vajra"},{"floor":12,"key":"Art of War"}],"event_choices":[{"cards_removed":["Strike_R"],"damage_healed":0.0,"max_hp_gain":0.0,"max_hp_loss":0.0,"gold_gain":0.0,"event_name":"Golden Wing","player_choice":"Card Removal","floor":2.0,"gold_loss":0.0,"damage_taken":7.0},{"damage_healed":0.0,"max_hp_gain":0.0,"max_hp_loss":0.0,"gold_gain":0.0,"event_name":"Wheel of Change","player_choice":"Damaged","floor":3.0,"gold_loss":0.0,"damage_taken":8.0},{"damage_healed":0,"gold_gain":0,"player_choice":"Lose Max HP","damage_taken":0,"relics_obtained":["Golden Idol"],"max_hp_gain":0,"max_hp_loss":6,"event_name":"Golden Idol","floor":11,"gold_loss":0},{"damage_healed":0,"gold_gain":0,"player_choice":"Became a vampire","damage_taken":0,"max_hp_gain":0,"max_hp_loss":23,"event_name":"Vampires","floor":19,"gold_loss":0,"cards_obtained":["Bite","Bite","Bite","Bite","Bite"]},{"damage_healed":0,"gold_gain":0,"cards_transformed":["Rampage","Rampage"],"player_choice":"Became Test Subject","damage_taken":0,"max_hp_gain":0,"max_hp_loss":0,"event_name":"Drug Dealer","floor":20,"gold_loss":0,"cards_obtained":["Spot Weakness","Headbutt"]},{"damage_healed":0,"gold_gain":0,"player_choice":"Fought Bandits","damage_taken":0,"max_hp_gain":0,"max_hp_loss":0,"event_name":"Masked Bandits","floor":22,"gold_loss":0}],"is_beta":false,"boss_relics":[{"not_picked":["Runic Pyramid","Calling Bell"],"picked":"Pandora\u0027s Box"}],"items_purged_floors":[5,21],"is_endless":false,"potions_floor_spawned":[1,10,12,14,16,18],"killed_by":"Masked Bandits","ascension_level":10}}