{"host":"ipcfr4ajj2jkxvg7","time":1613825581,"event":{"mods":["BaseMod","Colored Powertips","GifTheSpireLib","Marisa（F雨　魔理沙）","Minty Spire (QoL Compilation)","Quick Restart","Remilia（蕾米莉亚）","Replay The Spire","RumiaBox-露米娅的神秘盒子","StSLib"],"gold_per_floor":[116,116,127,1,12,39,59,72,72,92,112,112,187,197,197,270,270,281,281,299,119,148,148,183,238,283,294,304,315,365,184,184,258,258,275,291,141,154,168,168,168,179,179,229,255,267,92,125,125,125],"floor_reached":51,"language":"ZHS","playtime":1108,"items_purged":["Strike_MRS","Strike_MRS","Defend_MRS","Strike_MRS","Defend_MRS"],"score":1585,"play_id":"9049bdf5-75bd-407c-b6b2-26156d057eea","local_time":"20210220205301","is_ascension_mode":true,"campfire_choices":[{"data":"PropBag","floor":12.0,"key":"SMITH"},{"data":"MilkyWay","floor":15.0,"key":"SMITH"},{"data":"MachineGunSpark","floor":23,"key":"SMITH"},{"data":"PowerUp","floor":32,"key":"SMITH"},{"data":"PowerUp","floor":40,"key":"SMITH"},{"data":"Strike_MRS","floor":49,"key":"PURGE"}],"circlet_count":0,"master_deck":["AscendersBane","MasterSpark","UpSweep","PropBag+1","DeepEcoloBomb","Acceleration","EarthLightRay","StarBarrage","UltimateShortwave","MilkyWay+1","UltimateShortwave","MachineGunSpark+1","FairyDestructionRay","PowerUp+1","PowerUp+1"],"relics":["MiniHakkero","NeowsBlessing","AddBug","SecretRecord","SecretRecord","SecretRecord","SecretRecord","SecretRecord","SecretRecord","SecretRecord","SecretRecord","SecretRecord","SecretRecord","SecretRecord","SecretRecord","SecretRecord","SecretRecord","SecretRecord","SecretRecord","SecretRecord","SecretRecord","SecretRecord","SecretRecord","SecretRecord"],"acts_visited":["Exordium","TheCity","TheBeyond"],"potions_floor_usage":[16],"damage_taken":[{"damage":0.0,"enemies":"2 Louse","floor":1.0,"turns":1.0},{"damage":0.0,"enemies":"Cultist","floor":3.0,"turns":1.0},{"damage":0.0,"enemies":"Small Slimes","floor":5.0,"turns":1.0},{"damage":8.0,"enemies":"Gremlin Nob","floor":6.0,"turns":3.0},{"damage":9.0,"enemies":"3 Louse","floor":7.0,"turns":2.0},{"damage":5.0,"enemies":"Gremlin Gang","floor":8.0,"turns":2.0},{"damage":11.0,"enemies":"Exordium Thugs","floor":10.0,"turns":3.0},{"damage":9.0,"enemies":"2 Fungi Beasts","floor":11.0,"turns":3.0},{"damage":0.0,"enemies":"Exordium Wildlife","floor":14.0,"turns":2.0},{"damage":13,"enemies":"Hexaghost","floor":16,"turns":4},{"damage":7,"enemies":"3 Byrds","floor":18,"turns":4},{"damage":0,"enemies":"Chosen","floor":20,"turns":1},{"damage":0,"enemies":"Masked Bandits","floor":22,"turns":2},{"damage":11,"enemies":"Gremlin Leader","floor":24,"turns":2},{"damage":24,"enemies":"Snake Plant","floor":27,"turns":2},{"damage":0,"enemies":"3 Cultists","floor":28,"turns":2},{"damage":0,"enemies":"Centurion and Healer","floor":29,"turns":1},{"damage":0,"enemies":"Automaton","floor":33,"turns":1},{"damage":9,"enemies":"3 Shapes","floor":35,"turns":2},{"damage":0,"enemies":"Orb Walker","floor":36,"turns":1},{"damage":0,"enemies":"Maw","floor":38,"turns":1},{"damage":0,"enemies":"Transient","floor":39,"turns":1},{"damage":0,"enemies":"3 Darklings","floor":42,"turns":1},{"damage":0,"enemies":"Nemesis","floor":45,"turns":1},{"damage":0,"enemies":"4 Shapes","floor":46,"turns":2},{"damage":0,"enemies":"R_Hoarder","floor":48,"turns":1},{"damage":23,"enemies":"Donu and Deca","floor":50,"turns":4}],"seed_played":"-5751597561348834626","potions_obtained":[{"floor":1.0,"key":"AttackPotion"},{"floor":3.0,"key":"ShroomBrew"},{"floor":6.0,"key":"Explosive Potion"},{"floor":7.0,"key":"Weak Potion"},{"floor":16,"key":"BottledSpark"},{"floor":20,"key":"Ancient Potion"},{"floor":22,"key":"CultistPotion"},{"floor":24,"key":"EntropicBrew"}],"is_trial":false,"path_per_floor":["M","?","M","$","M","E","M","M","T","M","M","R","?","M","R","B",null,"M","?","M","$","?","R","E","?","T","M","M","M","?","$","R","B",null,"M","M","$","M","M","R","$","M","T","?","E","M","$","E","R","B",null],"character_chosen":"MARISA","items_purchased":["Acceleration","MachineGunSpark","PowerUp"],"campfire_rested":0,"item_purchase_floors":[4,21,31],"current_hp_per_floor":[63,63,63,63,63,62,60,63,63,61,61,61,50,50,50,47,64,68,68,68,68,70,70,70,47,47,38,55,70,70,70,70,70,70,61,61,61,61,61,61,61,61,61,61,61,70,70,70,70,47],"gold":125,"neow_bonus":"THREE_ENEMY_KILL","is_daily":false,"chose_seed":false,"campfire_upgraded":5,"win_rate":0.0,"timestamp":1613825581,"path_taken":["M","?","M","?","?","E","?","M","T","?","M","R","?","M","R","BOSS","M","?","?","$","?","R","E","?","T","M","?","M","?","$","R","BOSS","M","M","$","M","M","R","$","M","T","?","E","M","$","E","R","BOSS"],"items_purchased_type":["Card","Card","Card"],"build_version":"2020-12-22","purchased_purges":5,"victory":true,"max_hp_per_floor":[70,70,70,70,70,70,70,70,70,70,70,70,70,70,70,70,70,70,70,70,70,70,70,70,70,70,70,70,70,70,70,70,70,70,70,70,70,70,70,70,70,70,70,70,70,70,70,70,70,70],"card_choices":[{"not_picked":["PowerUp","GalacticHalo"],"picked":"PropBag","floor":1.0},{"not_picked":["BlazeAway","OneTimeOff"],"picked":"DeepEcoloBomb","floor":3.0},{"not_picked":["NonDirectionalLaser","MeteoricShower"],"picked":"EarthLightRay","floor":5.0},{"not_picked":["GravityBeat","MillisecondPulsars","Robbery"],"picked":"SKIP","floor":6.0},{"not_picked":["IllusionStar","DC"],"picked":"StarBarrage","floor":7.0},{"not_picked":["AsteroidBelt","NonDirectionalLaser","MysteriousBeam"],"picked":"SKIP","floor":8.0},{"not_picked":["WitchLeyline","MilkyWay"],"picked":"UltimateShortwave","floor":10.0},{"not_picked":["ShootingEcho","StarlightTyphoon","EarthLightRay"],"picked":"SKIP","floor":11.0},{"not_picked":["EarthLightRay","DeepEcoloBomb"],"picked":"MilkyWay","floor":14.0},{"not_picked":["MillisecondPulsars","BigCrunch"],"picked":"UltimateShortwave","floor":16},{"not_picked":["ShootingEcho","SuperPerseids","GalacticHalo"],"picked":"SKIP","floor":18},{"not_picked":["SuperPerseids","IllusionStar","PropBag"],"picked":"SKIP","floor":20},{"not_picked":["AbsoluteMagnitude","6A","SatelliteIllusion"],"picked":"SKIP","floor":24},{"not_picked":["SprinkleStarSeal","StarlightTyphoon"],"picked":"FairyDestructionRay","floor":25},{"not_picked":["GrandCross+1","GalacticHalo","SprinkleStarSeal"],"picked":"SKIP","floor":27},{"not_picked":["6A+1","GalacticHalo","WitchLeyline"],"picked":"SKIP","floor":28},{"not_picked":["OrrerysSun","NonDirectionalLaser","GravityBeat"],"picked":"SKIP","floor":29},{"not_picked":["WitchOfGreed","EarthLightRay"],"picked":"PowerUp","floor":35},{"not_picked":["GalacticHalo+1","AsteroidBelt","WitchLeyline"],"picked":"SKIP","floor":36},{"not_picked":["NonDirectionalLaser+1","SuperPerseids","OneTimeOff"],"picked":"SKIP","floor":38},{"not_picked":["GalacticHalo","IllusionStar","SuperPerseids+1"],"picked":"SKIP","floor":39},{"not_picked":["MachineGunSpark","OneTimeOff+1","IllusionStar"],"picked":"SKIP","floor":42},{"not_picked":["FairyDestructionRay","BlazeAway","Robbery"],"picked":"SKIP","floor":45},{"not_picked":["DragonMeteor","BinaryStars","LuminesStrike"],"picked":"SKIP","floor":46},{"not_picked":["PulseMagic","GalacticHalo","RefractionSpark"],"picked":"SKIP","floor":48}],"player_experience":486186,"relics_obtained":[{"floor":1.0,"key":"AddBug"},{"floor":3.0,"key":"SecretRecord"},{"floor":5.0,"key":"SecretRecord"},{"floor":6.0,"key":"Bronze Scales"},{"floor":7.0,"key":"SecretRecord"},{"floor":8.0,"key":"SecretRecord"},{"floor":9.0,"key":"Shuriken"},{"floor":11.0,"key":"SecretRecord"},{"floor":16,"key":"SecretRecord"},{"floor":20,"key":"SecretRecord"},{"floor":22,"key":"Red Mask"},{"floor":24,"key":"SecretRecord"},{"floor":24,"key":"Gremlin Horn"},{"floor":25,"key":"Potion Belt"},{"floor":26,"key":"Centennial Puzzle"},{"floor":27,"key":"SecretRecord"},{"floor":28,"key":"SecretRecord"},{"floor":29,"key":"SecretRecord"},{"floor":33,"key":"SecretRecord"},{"floor":35,"key":"SecretRecord"},{"floor":36,"key":"SecretRecord"},{"floor":38,"key":"SecretRecord"},{"floor":39,"key":"SecretRecord"},{"floor":42,"key":"SecretRecord"},{"floor":43,"key":"Shovel"},{"floor":45,"key":"SecretRecord"},{"floor":45,"key":"ZombieArmy"},{"floor":46,"key":"SecretRecord"},{"floor":48,"key":"SecretRecord"},{"floor":48,"key":"Grinning Jar"}],"event_choices":[{"cards_removed":["Defend_MRS"],"damage_healed":0.0,"max_hp_gain":0.0,"max_hp_loss":0.0,"gold_gain":0.0,"event_name":"Purifier","player_choice":"Purged","floor":2.0,"gold_loss":0.0,"damage_taken":0.0},{"damage_healed":0.0,"max_hp_gain":0.0,"max_hp_loss":0.0,"gold_gain":75.0,"event_name":"World of Goop","player_choice":"Gather Gold","floor":13.0,"gold_loss":0.0,"damage_taken":11.0},{"cards_removed":["Defend_MRS"],"damage_healed":0,"gold_gain":0,"player_choice":"Offered Basic","damage_taken":0,"max_hp_gain":0,"max_hp_loss":0,"event_name":"Bonfire Elementals","floor":19,"gold_loss":0},{"damage_healed":0,"gold_gain":0,"player_choice":"Fought Bandits","damage_taken":0,"max_hp_gain":0,"max_hp_loss":0,"event_name":"Masked Bandits","floor":22,"gold_loss":0},{"damage_healed":0,"gold_gain":50,"player_choice":"Stole From Cult","damage_taken":0,"max_hp_gain":0,"max_hp_loss":0,"event_name":"Nest","floor":30,"gold_loss":0},{"damage_healed":0,"gold_gain":50,"player_choice":"Pray","damage_taken":0,"max_hp_gain":0,"max_hp_loss":0,"event_name":"Golden Shrine","floor":44,"gold_loss":0}],"is_beta":false,"boss_relics":[{"not_picked":["BewitchedHakkero","Painkiller Herb"],"picked":"Pandora\u0027s Box"},{"not_picked":["ReplayTheSpireMod:Onyx Gauntlets","Replay:Wanted Poster","SacredBark"]}],"items_purged_floors":[4,21,31,37,47],"is_endless":false,"potions_floor_spawned":[1,3,6,7,16,20,22,24,28,33,38,39,42,45],"ascension_level":18}}