{"host":"dkr0dog13pegamnp","time":1613831099,"event":{"mods":["AchievementEnabler","BaseMod","Minty Spire (QoL Compilation)","Rare Cards Sparkle","StSLib","SuperFastMode","everything is the same but u backflip on backflip"],"gold_per_floor":[113,188,200,44,44,44,71,71,71,71,94,128,142,161,161,161,161],"floor_reached":16,"language":"KOR","playtime":295,"items_purged":[],"score":209,"play_id":"bb6b9b4f-4c09-45d2-8269-3258d221f87a","local_time":"20210220232459","is_ascension_mode":true,"campfire_choices":[{"data":"Tactician","floor":6.0,"key":"SMITH"},{"data":"Bouncing Flask","floor":10.0,"key":"SMITH"},{"data":"Acrobatics","floor":15.0,"key":"SMITH"}],"circlet_count":0,"master_deck":["AscendersBane","Strike_G","Strike_G","Strike_G","Strike_G","Defend_G","Defend_G","Defend_G","Defend_G","Defend_G","Survivor","Neutralize","Escape Plan","Tactician+1","Bouncing Flask+1","After Image+1","Acrobatics+1"],"relics":["Ring of the Snake","NeowsBlessing","Snake Skull","Tiny Chest","Golden Idol","Lantern","Frozen Egg 2"],"acts_visited":["Exordium"],"potions_floor_usage":[16],"damage_taken":[{"damage":0.0,"enemies":"Small Slimes","floor":1.0,"turns":1.0},{"damage":0.0,"enemies":"2 Louse","floor":3.0,"turns":1.0},{"damage":0.0,"enemies":"Lagavulin","floor":7.0,"turns":1.0},{"damage":0.0,"enemies":"Cultist","floor":11.0,"turns":2.0},{"damage":16.0,"enemies":"Gremlin Nob","floor":12.0,"turns":4.0},{"damage":0.0,"enemies":"3 Louse","floor":13.0,"turns":3.0},{"damage":1.0,"enemies":"2 Fungi Beasts","floor":14.0,"turns":5.0},{"damage":32,"enemies":"Slime Boss","floor":16,"turns":10}],"seed_played":"-1474195109725441462","potions_obtained":[{"floor":1.0,"key":"SkillPotion"},{"floor":11.0,"key":"Strength Potion"},{"floor":12.0,"key":"EntropicBrew"}],"is_trial":false,"path_per_floor":["M","?","M","$","?","R","E","?","T","R","M","E","M","M","R","B"],"character_chosen":"THE_SILENT","items_purchased":["Snake Skull"],"campfire_rested":0,"item_purchase_floors":[4],"current_hp_per_floor":[63,52,52,52,45,45,45,45,45,45,45,29,29,28,28,0,0],"gold":161,"neow_bonus":"THREE_ENEMY_KILL","is_daily":false,"chose_seed":false,"campfire_upgraded":3,"win_rate":0.0,"timestamp":1613831099,"path_taken":["M","?","M","$","?","R","E","?","T","R","M","E","M","M","R","BOSS"],"items_purchased_type":["Relic"],"build_version":"2020-12-22","purchased_purges":0,"victory":false,"max_hp_per_floor":[70,70,70,70,70,70,70,65,65,65,65,65,65,65,65,65,65],"card_choices":[{"not_picked":["Deflect","Cloak And Dagger"],"picked":"Escape Plan","floor":1.0},{"not_picked":["Quick Slash","Finisher"],"picked":"Tactician","floor":3.0},{"not_picked":["Eviscerate","Flying Knee"],"picked":"Bouncing Flask","floor":7.0},{"not_picked":["Distraction","Envenom","Skewer"],"picked":"SKIP","floor":11.0},{"not_picked":["Caltrops+1","Acrobatics"],"picked":"After Image+1","floor":12.0},{"not_picked":["Poisoned Stab","Sucker Punch","Finisher"],"picked":"SKIP","floor":13.0},{"not_picked":["Dagger Spray","Eviscerate"],"picked":"Acrobatics","floor":14.0}],"player_experience":71502,"relics_obtained":[{"floor":7.0,"key":"Tiny Chest"},{"floor":9.0,"key":"Lantern"},{"floor":12.0,"key":"Frozen Egg 2"}],"event_choices":[{"damage_healed":0.0,"max_hp_gain":0.0,"max_hp_loss":0.0,"gold_gain":75.0,"event_name":"World of Goop","player_choice":"Gather Gold","floor":2.0,"gold_loss":0.0,"damage_taken":11.0},{"cards_removed":["Strike_G"],"damage_healed":0.0,"max_hp_gain":0.0,"max_hp_loss":0.0,"gold_gain":0.0,"event_name":"Golden Wing","player_choice":"Card Removal","floor":5.0,"gold_loss":0.0,"damage_taken":7.0},{"damage_healed":0.0,"max_hp_gain":0.0,"max_hp_loss":5.0,"gold_gain":0.0,"event_name":"Golden Idol","player_choice":"Lose Max HP","floor":8.0,"gold_loss":0.0,"damage_taken":0.0,"relics_obtained":["Golden Idol"]}],"is_beta":false,"boss_relics":[],"items_purged_floors":[],"is_endless":false,"potions_floor_spawned":[1,11,12],"killed_by":"Slime Boss","ascension_level":11}}