{"host":"7k7s6ne09mxa92o8","time":1613817640,"event":{"mods":["2.2 Compatiblity","BaseMod","DeckTracker","Hermit","Minty Spire (QoL Compilation)","StSLib","Waifu the Spire"],"gold_per_floor":[118,118,118,130,46,78,98,124,124,124,89,89,89,107,107,209,209,221,221,171,171,186,186,285,285,285,299,249,283,283,79,79,79,79],"floor_reached":33,"language":"KOR","playtime":1083,"items_purged":["Shame","hermit:Vantage","hermit:BigShot"],"score":466,"play_id":"9c962e34-80e2-4aa4-82b3-31ae05ca2b38","local_time":"20210220194040","is_ascension_mode":true,"campfire_choices":[{"data":"hermit:Maintenance","floor":10.0,"key":"SMITH"},{"floor":12.0,"key":"REST"},{"data":"hermit:Dive","floor":15.0,"key":"SMITH"},{"data":"hermit:Gambit","floor":23.0,"key":"SMITH"},{"data":"hermit:Snipe","floor":25.0,"key":"SMITH"},{"data":"hermit:EternalForm","floor":30.0,"key":"SMITH"},{"data":"hermit:GhostlyPresence","floor":32.0,"key":"SMITH"}],"circlet_count":0,"master_deck":["AscendersBane","hermit:Strike_Hermit","hermit:Strike_Hermit","hermit:Strike_Hermit","hermit:Strike_Hermit","hermit:Defend_Hermit","hermit:Defend_Hermit","hermit:Defend_Hermit","hermit:Defend_Hermit","hermit:Snapshot","hermit:Covet","hermit:Snipe+1","hermit:Dive+1","hermit:Gambit+1","hermit:Brawl+1","hermit:Maintenance+1","hermit:FinalCanter","hermit:HighCaliber+1","hermit:GhostlyPresence+1","hermit:EternalForm+1"],"relics":["hermit:Momento","NeowsBlessing","FaceOfCleric","Matryoshka","White Beast Statue","Smiling Mask","Mercury Hourglass","SacredBark","Blood Vial","Eternal Feather","Bronze Scales","Juzu Bracelet","Strawberry"],"acts_visited":["Exordium","TheCity"],"potions_floor_usage":[33,33],"damage_taken":[{"damage":0.0,"enemies":"2 Louse","floor":1.0,"turns":1.0},{"damage":0.0,"enemies":"Jaw Worm","floor":4.0,"turns":1.0},{"damage":0.0,"enemies":"Lagavulin","floor":6.0,"turns":1.0},{"damage":2.0,"enemies":"Cultist","floor":7.0,"turns":4.0},{"damage":71.0,"enemies":"Gremlin Nob","floor":8.0,"turns":5.0},{"damage":5.0,"enemies":"Blue Slaver","floor":14.0,"turns":4.0},{"damage":11.0,"enemies":"The Guardian","floor":16.0,"turns":10.0},{"damage":0.0,"enemies":"Spheric Guardian","floor":18.0,"turns":1.0},{"damage":7.0,"enemies":"Shell Parasite","floor":22.0,"turns":6.0},{"damage":0.0,"enemies":"Snake Plant","floor":27.0,"turns":4.0},{"damage":34.0,"enemies":"Gremlin Leader","floor":29.0,"turns":7.0},{"damage":77,"enemies":"Collector","floor":33,"turns":7}],"seed_played":"1169530856326690778","potions_obtained":[{"floor":4.0,"key":"hermit:Eclipse"},{"floor":6.0,"key":"GamblersBrew"},{"floor":8.0,"key":"FearPotion"},{"floor":14.0,"key":"hermit:Tonic"},{"floor":16.0,"key":"AttackPotion"},{"floor":18.0,"key":"PowerPotion"},{"floor":22.0,"key":"Block Potion"},{"floor":27.0,"key":"Strength Potion"},{"floor":29.0,"key":"Fire Potion"}],"is_trial":false,"path_per_floor":["M","?","?","M","$","E","M","E","T","R","?","R","?","M","R","B",null,"M","?","$","?","M","R","?","R","T","M","$","E","R","$","R","B"],"character_chosen":"HERMIT","items_purchased":["hermit:Dive","hermit:BigShot","Strawberry"],"campfire_rested":1,"item_purchase_floors":[5,5,31],"current_hp_per_floor":[68,73,73,74,74,75,74,4,4,4,25,50,50,46,46,36,74,75,75,75,75,71,71,71,71,71,74,74,43,55,62,74,0,0],"gold":79,"neow_bonus":"THREE_ENEMY_KILL","is_daily":false,"chose_seed":false,"campfire_upgraded":6,"win_rate":0.0,"timestamp":1613817640,"path_taken":["M","?","?","?","$","E","M","E","T","R","?","R","?","?","R","BOSS","M","?","$","?","M","R","?","R","T","M","$","E","R","?","R","BOSS"],"items_purchased_type":["Card","Card","Relic"],"build_version":"2020-12-22","purchased_purges":3,"victory":false,"max_hp_per_floor":[75,80,80,81,81,82,83,84,84,84,84,84,84,85,85,86,86,87,87,87,87,88,88,88,88,88,89,89,90,90,97,97,97,97],"card_choices":[{"not_picked":["hermit:TrackingShot","hermit:EyeOfTheStorm"],"picked":"hermit:Vantage","floor":1.0},{"not_picked":["hermit:Misfire","hermit:Cheat"],"picked":"hermit:Snipe","floor":4.0},{"not_picked":["hermit:Headshot","hermit:Feint"],"picked":"hermit:Gambit","floor":6.0},{"not_picked":["hermit:Coalescence","hermit:Quickdraw"],"picked":"hermit:Brawl","floor":7.0},{"not_picked":["hermit:BigShot","hermit:ShadowCloak"],"picked":"hermit:Maintenance","floor":8.0},{"not_picked":["hermit:FinalCanter","hermit:Manifest","hermit:Desperado"],"picked":"SKIP","floor":14.0},{"not_picked":["hermit:Adapt","hermit:HighNoon"],"picked":"hermit:FinalCanter","floor":16.0},{"not_picked":["hermit:ItchyTrigger","hermit:BodyArmor","hermit:ShadowCloak"],"picked":"SKIP","floor":18.0},{"not_picked":["hermit:Quickdraw","hermit:BodyArmor"],"picked":"hermit:HighCaliber+1","floor":22.0},{"not_picked":["hermit:CursedWeapon+1","hermit:Coalescence"],"picked":"hermit:GhostlyPresence","floor":27.0},{"not_picked":["hermit:Ricochet","hermit:Quickdraw+1"],"picked":"hermit:EternalForm","floor":29.0}],"player_experience":1235651,"relics_obtained":[{"floor":6.0,"key":"Matryoshka"},{"floor":8.0,"key":"White Beast Statue"},{"floor":9.0,"key":"Smiling Mask"},{"floor":9.0,"key":"Mercury Hourglass"},{"floor":26.0,"key":"Eternal Feather"},{"floor":26.0,"key":"Bronze Scales"},{"floor":29.0,"key":"Juzu Bracelet"}],"event_choices":[{"damage_healed":0.0,"max_hp_gain":5.0,"max_hp_loss":0.0,"gold_gain":0.0,"event_name":"Big Fish","player_choice":"Donut","floor":2.0,"gold_loss":0.0,"damage_taken":0.0},{"damage_healed":0.0,"max_hp_gain":0.0,"max_hp_loss":0.0,"gold_gain":0.0,"event_name":"FaceTrader","player_choice":"Trade","floor":3.0,"gold_loss":0.0,"damage_taken":0.0,"relics_obtained":["FaceOfCleric"]},{"damage_healed":21.0,"max_hp_gain":0.0,"max_hp_loss":0.0,"gold_gain":0.0,"event_name":"The Cleric","player_choice":"Healed","floor":11.0,"gold_loss":35.0,"damage_taken":0.0},{"damage_healed":0.0,"max_hp_gain":0.0,"max_hp_loss":0.0,"gold_gain":0.0,"event_name":"Upgrade Shrine","player_choice":"Upgraded","floor":13.0,"gold_loss":0.0,"damage_taken":0.0,"cards_upgraded":["hermit:Brawl"]},{"damage_healed":0.0,"max_hp_gain":0.0,"max_hp_loss":0.0,"gold_gain":0.0,"event_name":"Addict","player_choice":"Stole Relic","floor":19.0,"gold_loss":0.0,"damage_taken":0.0,"relics_obtained":["Blood Vial"],"cards_obtained":["Shame"]},{"damage_healed":0.0,"max_hp_gain":0.0,"max_hp_loss":0.0,"gold_gain":0.0,"event_name":"Ghosts","player_choice":"Ignored","floor":21.0,"gold_loss":0.0,"damage_taken":0.0},{"damage_healed":0.0,"max_hp_gain":0.0,"max_hp_loss":0.0,"gold_gain":99.0,"event_name":"Nest","player_choice":"Stole From Cult","floor":24.0,"gold_loss":0.0,"damage_taken":0.0}],"is_beta":false,"boss_relics":[{"not_picked":["Pandora\u0027s Box","Tiny House"],"picked":"SacredBark"}],"items_purged_floors":[20,28,31],"is_endless":false,"potions_floor_spawned":[4,6,8,14,16,18,22,27,29],"killed_by":"Collector","ascension_level":10}}