{"host":"zxkjcgzis4pm3za5","time":1613792557,"event":{"mods":["2.2 Compatiblity","AchievementEnabler","BaseMod","Colored Map","Colored Powertips","Minty Spire (QoL Compilation)","Quick Restart","Random Character Button","Relic Filter Mod","Relic Sorter","Relic Stats","StSLib"],"gold_per_floor":[366,377,395,162,177,177,202,202,225,251,263,309,332,362,374,463,475,507,529,541,295,314,343,343,343,370,28,47,47,77,77,77,154,154,165,145,108,133,0,27,27,43,95,95,95,127,181,211,211,211,211,211,211,22,54,54,54],"floor_reached":56,"language":"ENG","playtime":2497,"items_purged":["Parasite","Strike_R"],"score":2053,"play_id":"7007c929-7f49-4ad3-8ebc-d9e66f7f95fc","local_time":"20210220091237","is_ascension_mode":true,"campfire_choices":[{"data":"Bash","floor":6.0,"key":"SMITH"},{"data":"Pommel Strike","floor":11.0,"key":"SMITH"},{"data":"Sword Boomerang","floor":15.0,"key":"SMITH"},{"floor":24,"key":"REST"},{"floor":32,"key":"DIG"},{"floor":41,"key":"DIG"},{"floor":44,"key":"DIG"},{"floor":49,"key":"RECALL"},{"floor":53,"key":"DIG"}],"circlet_count":0,"master_deck":["AscendersBane","Strike_R+1","Strike_R","Defend_R","Defend_R","Defend_R","Defend_R","Bash+1","Pommel Strike+1","Cleave+1","Shrug It Off","Reaper","Sword Boomerang+1","Shrug It Off","Brutality","Thunderclap","Burning Pact","Flame Barrier","Iron Wave","Power Through+1","Armaments","Corruption","Feel No Pain","Rupture","Madness","Madness","Rage+1","Warcry+1","Sentinel+1","Dark Embrace","Shrug It Off","Burning Pact","Disarm"],"relics":["Burning Blood","Brimstone","Centennial Puzzle","Red Skull","Vajra","MawBank","Whetstone","Fusion Hammer","TheAbacus","Juzu Bracelet","Shovel","Toy Ornithopter","Meat on the Bone","Runic Pyramid","Lizard Tail","Red Mask","The Courier","InkBottle","Potion Belt","Mercury Hourglass","Art of War","Thread and Needle","Anchor","Letter Opener","Bag of Preparation"],"acts_visited":["Exordium","TheCity","TheBeyond","TheEnding"],"potions_floor_usage":[36,50,50,55,56,56,56],"damage_taken":[{"damage":16.0,"enemies":"Jaw Worm","floor":1.0,"turns":6.0},{"damage":7.0,"enemies":"Cultist","floor":2.0,"turns":4.0},{"damage":7.0,"enemies":"2 Louse","floor":3.0,"turns":3.0},{"damage":9.0,"enemies":"Exordium Thugs","floor":5.0,"turns":3.0},{"damage":18.0,"enemies":"3 Sentries","floor":7.0,"turns":4.0},{"damage":10.0,"enemies":"Gremlin Nob","floor":10.0,"turns":3.0},{"damage":35.0,"enemies":"Lagavulin","floor":12.0,"turns":4.0},{"damage":7.0,"enemies":"Exordium Wildlife","floor":13.0,"turns":2.0},{"damage":20.0,"enemies":"3 Louse","floor":14.0,"turns":4.0},{"damage":39.0,"enemies":"The Guardian","floor":16.0,"turns":6.0},{"damage":38.0,"enemies":"2 Thieves","floor":18.0,"turns":3.0},{"damage":22.0,"enemies":"Shell Parasite","floor":19.0,"turns":2.0},{"damage":5.0,"enemies":"Centurion and Healer","floor":22.0,"turns":2.0},{"damage":37,"enemies":"Slavers","floor":23,"turns":4},{"damage":7,"enemies":"Snake Plant","floor":28,"turns":2},{"damage":35,"enemies":"Gremlin Leader","floor":30,"turns":4},{"damage":66,"enemies":"Champ","floor":33,"turns":10},{"damage":24,"enemies":"3 Darklings","floor":35,"turns":3},{"damage":19,"enemies":"Mind Bloom Boss Battle","floor":38,"turns":7},{"damage":12,"enemies":"Reptomancer","floor":40,"turns":5},{"damage":8,"enemies":"Orb Walker","floor":42,"turns":4},{"damage":13,"enemies":"Giant Head","floor":46,"turns":7},{"damage":38,"enemies":"2 Orb Walkers","floor":47,"turns":3},{"damage":31,"enemies":"Nemesis","floor":48,"turns":7},{"damage":27,"enemies":"Time Eater","floor":50,"turns":6},{"damage":71,"enemies":"Awakened One","floor":51,"turns":9},{"damage":30,"enemies":"Shield and Spear","floor":55,"turns":5},{"damage":145,"enemies":"The Heart","floor":56,"turns":6}],"seed_played":"-8783354465805476758","potions_obtained":[{"floor":2.0,"key":"CultistPotion"},{"floor":3.0,"key":"AttackPotion"},{"floor":13.0,"key":"Regen Potion"},{"floor":18.0,"key":"Regen Potion"},{"floor":23,"key":"ColorlessPotion"},{"floor":28,"key":"Fruit Juice"},{"floor":36,"key":"EntropicBrew"}],"is_trial":false,"path_per_floor":["M","M","M","$","M","R","E","?","T","E","R","E","M","M","R","B",null,"M","M","?","$","M","E","R","?","T","$","M","?","E","?","R","B",null,"M","?","$","?","?","E","R","M","T","R","?","E","?","E","R","B","B",null,"R","$","E","B"],"character_chosen":"IRONCLAD","items_purchased":["Brimstone","TheAbacus","Shovel","Feel No Pain","Dark Embrace","Shrug It Off","Burning Pact","Disarm"],"campfire_rested":1,"item_purchase_floors":[4,21,27,37,54,54,54,54],"current_hp_per_floor":[58,57,56,56,53,53,41,41,41,37,37,29,52,62,62,56,68,51,50,50,50,51,41,62,62,62,62,61,61,72,72,72,52,67,72,77,77,77,77,71,71,77,77,77,63,73,72,55,55,75,47,70,70,70,77,0,0],"gold":54,"neow_bonus":"TWO_FIFTY_GOLD","is_daily":false,"chose_seed":false,"campfire_upgraded":3,"win_rate":0.0,"timestamp":1613792557,"path_taken":["M","M","M","$","M","R","E","?","T","E","R","E","M","M","R","BOSS","M","?","?","$","M","E","R","?","T","$","M","?","E","?","R","BOSS","M","?","$","?","?","E","R","M","T","R","?","E","?","E","R","BOSS","BOSS","R","$","E","BOSS"],"items_purchased_type":["Relic","Relic","Relic","Card","Card","Card","Card","Card"],"build_version":"2020-12-22","purchased_purges":2,"victory":false,"max_hp_per_floor":[75,75,75,72,72,72,72,72,72,72,72,72,72,72,72,72,72,72,72,72,72,72,72,72,72,72,72,72,72,72,72,72,72,72,72,77,77,77,77,77,77,77,77,77,77,77,77,77,77,77,77,77,77,77,77,77,77],"relic_stats":{"counters":[28,128],"Juzu Bracelet":2,"Bag of Preparation":[2],"Whetstone":["Strike_R","Cleave"],"Letter Opener":[40],"MawBank":132,"Burning Blood":134,"Mercury Hourglass":[156],"Centennial Puzzle":[60],"Lizard Tail":38,"TheAbacus":[180],"Shovel":4,"Art of War":[8],"obtain_stats":[{"Vajra":9,"Juzu Bracelet":23,"Bag of Preparation":55,"Whetstone":12,"Burning Blood":0,"Centennial Puzzle":7,"Lizard Tail":38,"TheAbacus":21,"Shovel":27,"Fusion Hammer":17,"Red Mask":39,"Red Skull":8,"InkBottle":41,"Runic Pyramid":34,"Potion Belt":43,"Thread and Needle":47,"The Courier":40,"Letter Opener":53,"MawBank":10,"Mercury Hourglass":44,"Anchor":48,"Brimstone":4,"Art of War":46,"Toy Ornithopter":30,"Meat on the Bone":32},{"Vajra":5,"Juzu Bracelet":14,"Bag of Preparation":27,"Whetstone":7,"Burning Blood":0,"Centennial Puzzle":5,"Lizard Tail":19,"TheAbacus":12,"Shovel":14,"Fusion Hammer":10,"Red Mask":19,"Red Skull":5,"InkBottle":20,"Runic Pyramid":17,"Potion Belt":21,"Thread and Needle":23,"The Courier":20,"Letter Opener":26,"MawBank":6,"Mercury Hourglass":21,"Anchor":24,"Brimstone":3,"Art of War":22,"Toy Ornithopter":16,"Meat on the Bone":16},{"Vajra":20,"Juzu Bracelet":50,"Bag of Preparation":122,"Whetstone":27,"Burning Blood":0,"Centennial Puzzle":20,"Lizard Tail":76,"TheAbacus":44,"Shovel":50,"Fusion Hammer":39,"Red Mask":76,"Red Skull":20,"InkBottle":81,"Runic Pyramid":66,"Potion Belt":85,"Thread and Needle":95,"The Courier":81,"Letter Opener":117,"MawBank":23,"Mercury Hourglass":85,"Anchor":102,"Brimstone":13,"Art of War":92,"Toy Ornithopter":56,"Meat on the Bone":56}],"Toy Ornithopter":15,"InkBottle":[24],"Meat on the Bone":24},"card_choices":[{"not_picked":["Perfected Strike","Headbutt"],"picked":"Pommel Strike","floor":1.0},{"not_picked":["Twin Strike","Warcry"],"picked":"Cleave","floor":2.0},{"not_picked":["Clash","Cleave"],"picked":"Shrug It Off","floor":3.0},{"not_picked":["Flex","Perfected Strike","Spot Weakness"],"picked":"SKIP","floor":5.0},{"not_picked":["Dual Wield","Pommel Strike"],"picked":"Iron Wave","floor":7.0},{"not_picked":["Dark Embrace","Sword Boomerang"],"picked":"Reaper","floor":10.0},{"not_picked":["Warcry","Blood for Blood","True Grit"],"picked":"SKIP","floor":12.0},{"not_picked":["True Grit","Metallicize"],"picked":"Sword Boomerang","floor":13.0},{"not_picked":["Hemokinesis","Clash"],"picked":"Shrug It Off","floor":14.0},{"not_picked":["Bludgeon","Immolate"],"picked":"Brutality","floor":16.0},{"not_picked":["Pommel Strike","Cleave"],"picked":"Thunderclap","floor":18.0},{"not_picked":["Sword Boomerang","Dropkick"],"picked":"Burning Pact","floor":19.0},{"not_picked":["Carnage","Shockwave"],"picked":"Flame Barrier","floor":22.0},{"not_picked":["Flex","Intimidate"],"picked":"Iron Wave","floor":23},{"not_picked":["Immolate","Body Slam"],"picked":"Power Through+1","floor":28},{"not_picked":["Anger","Warcry"],"picked":"Armaments","floor":30},{"not_picked":["Immolate","Exhume"],"picked":"Corruption","floor":33},{"not_picked":["Pommel Strike","Seeing Red","Battle Trance"],"picked":"SKIP","floor":35},{"not_picked":["Perfected Strike","True Grit"],"picked":"Rupture","floor":38},{"not_picked":["Rampage","Perfected Strike+1","Body Slam+1"],"picked":"SKIP","floor":40},{"not_picked":["Twin Strike+1","Fire Breathing+1","Reckless Charge"],"picked":"SKIP","floor":42},{"not_picked":["Sword Boomerang","Cleave"],"picked":"Rage+1","floor":46},{"not_picked":["Sentinel","Evolve"],"picked":"Warcry+1","floor":47},{"not_picked":["Sword Boomerang","Corruption"],"picked":"Sentinel+1","floor":48},{"not_picked":["Body Slam+1","Immolate","Cleave"],"picked":"SKIP","floor":55}],"player_experience":405964,"relics_obtained":[{"floor":7.0,"key":"Centennial Puzzle"},{"floor":9.0,"key":"Vajra"},{"floor":10.0,"key":"MawBank"},{"floor":12.0,"key":"Whetstone"},{"floor":23,"key":"Juzu Bracelet"},{"floor":30,"key":"Toy Ornithopter"},{"floor":32,"key":"Meat on the Bone"},{"floor":38,"key":"Lizard Tail"},{"floor":40,"key":"The Courier"},{"floor":41,"key":"InkBottle"},{"floor":43,"key":"Potion Belt"},{"floor":44,"key":"Mercury Hourglass"},{"floor":46,"key":"Art of War"},{"floor":47,"key":"Thread and Needle"},{"floor":48,"key":"Anchor"},{"floor":53,"key":"Letter Opener"},{"floor":55,"key":"Bag of Preparation"}],"event_choices":[{"cards_removed":["Iron Wave"],"damage_healed":0.0,"max_hp_gain":0.0,"max_hp_loss":0.0,"gold_gain":0.0,"event_name":"WeMeetAgain","player_choice":"Gave Card","floor":8.0,"gold_loss":0.0,"damage_taken":0.0,"relics_obtained":["Red Skull"]},{"cards_removed":["Strike_R"],"damage_healed":0.0,"max_hp_gain":0.0,"max_hp_loss":0.0,"gold_gain":0.0,"event_name":"Bonfire Elementals","player_choice":"Offered Basic","floor":20.0,"gold_loss":0.0,"damage_taken":0.0},{"damage_healed":0,"gold_gain":0,"player_choice":"Ignored","damage_taken":0,"max_hp_gain":0,"max_hp_loss":0,"event_name":"Vampires","floor":25,"gold_loss":0},{"cards_removed":["Strike_R"],"damage_healed":0,"gold_gain":0,"player_choice":"Elegance","damage_taken":0,"max_hp_gain":0,"max_hp_loss":0,"event_name":"Back to Basics","floor":29,"gold_loss":0},{"damage_healed":0,"gold_gain":0,"player_choice":"Ignored","damage_taken":0,"max_hp_gain":0,"max_hp_loss":0,"event_name":"Ghosts","floor":31,"gold_loss":0},{"damage_healed":0,"gold_gain":0,"player_choice":"Bought 1 Potion","damage_taken":0,"max_hp_gain":0,"max_hp_loss":0,"event_name":"The Woman in Blue","floor":36,"gold_loss":0},{"damage_healed":0,"gold_gain":0,"player_choice":"Fight","damage_taken":0,"max_hp_gain":0,"max_hp_loss":0,"event_name":"MindBloom","floor":38,"gold_loss":0},{"damage_healed":0,"gold_gain":0,"player_choice":"Paid","damage_taken":0,"relics_obtained":["Red Mask"],"max_hp_gain":0,"max_hp_loss":0,"event_name":"Tomb of Lord Red Mask","floor":39,"gold_loss":133},{"damage_healed":0,"gold_gain":0,"player_choice":"Embrace Madness","damage_taken":14,"max_hp_gain":0,"max_hp_loss":0,"event_name":"Winding Halls","floor":45,"gold_loss":0,"cards_obtained":["Madness","Madness"]},{"damage_healed":0,"gold_gain":0,"player_choice":"Fight","damage_taken":0,"max_hp_gain":0,"max_hp_loss":0,"event_name":"Mysterious Sphere","floor":47,"gold_loss":0}],"is_beta":false,"boss_relics":[{"not_picked":["Snecko Eye","Runic Dome"],"picked":"Fusion Hammer"},{"not_picked":["Coffee Dripper","Busted Crown"],"picked":"Runic Pyramid"}],"items_purged_floors":[4,21],"is_endless":false,"potions_floor_spawned":[2,3,13,14,18,23,28,38,40,42],"killed_by":"The Heart","ascension_level":20}}