{"host":"uixgxi1v9jim9335","time":1613802688,"event":{"mods":["AchievementEnabler","BaseMod","Downfall","Minty Spire (QoL Compilation)","Rare Cards Sparkle","Relic Sorter","StSLib"],"gold_per_floor":[116,129,142,152,164,192,205,205,205,218,218,237,256,271,271,368,368,380,33,44,64,64,64,64,64],"floor_reached":24,"language":"ENG","playtime":5922,"items_purged":[],"score":231,"play_id":"cfea9f70-503a-428c-a3e0-16d9cf5330a3","local_time":"20210219233128","is_ascension_mode":false,"campfire_choices":[{"floor":11.0,"key":"RECALL"},{"floor":15,"key":"REST"},{"data":"Barricade","floor":23,"key":"SMITH"}],"circlet_count":0,"master_deck":["Strike_R","Strike_R","Strike_R","Strike_R","Strike_R","Defend_R","Defend_R","Defend_R","Defend_R","Bash","Feed","Rampage","Anger","Metallicize","Inflame","Searing Blow","Reckless Charge","Disarm","Reaper","Anger","Iron Wave","Shrug It Off","Barricade+1","Inflame","Armaments","Shrug It Off","Anger","Twin Strike","Double Tap","Shame"],"relics":["Black Blood","White Beast Statue","Gremlin Horn","Prayer Wheel","Centennial Puzzle"],"acts_visited":["Exordium","TheCity"],"potions_floor_usage":[16,16,21,24],"damage_taken":[{"damage":11.0,"enemies":"Jaw Worm","floor":1.0,"turns":6.0},{"damage":17.0,"enemies":"Cultist","floor":2.0,"turns":6.0},{"damage":0.0,"enemies":"Small Slimes","floor":3.0,"turns":2.0},{"damage":7.0,"enemies":"2 Fungi Beasts","floor":4.0,"turns":3.0},{"damage":15.0,"enemies":"Large Slime","floor":5.0,"turns":6.0},{"damage":28.0,"enemies":"Lagavulin","floor":6.0,"turns":6.0},{"damage":9.0,"enemies":"Blue Slaver","floor":7.0,"turns":4.0},{"damage":8.0,"enemies":"Gremlin Gang","floor":10.0,"turns":5.0},{"damage":16.0,"enemies":"Exordium Thugs","floor":12.0,"turns":5.0},{"damage":7,"enemies":"Looter","floor":13,"turns":2},{"damage":17,"enemies":"Large Slime","floor":14,"turns":6},{"damage":51,"enemies":"The Guardian","floor":16,"turns":13},{"damage":10,"enemies":"Chosen","floor":18,"turns":8},{"damage":14,"enemies":"Shell Parasite","floor":20,"turns":8},{"damage":44,"enemies":"Sentry and Sphere","floor":21,"turns":9},{"damage":77,"enemies":"Book of Stabbing","floor":24,"turns":5}],"seed_played":"-5419276943112334870","potions_obtained":[{"floor":1.0,"key":"EssenceOfSteel"},{"floor":4.0,"key":"hexamod:SoulburnPotion"},{"floor":7.0,"key":"Fruit Juice"},{"floor":10.0,"key":"BloodPotion"},{"floor":12,"key":"Explosive Potion"},{"floor":13,"key":"Weak Potion"},{"floor":14,"key":"Block Potion"},{"floor":16,"key":"Fire Potion"},{"floor":18,"key":"Dexterity Potion"},{"floor":21,"key":"FearPotion"}],"is_trial":false,"path_per_floor":["M","M","M","M","M","E","M","?","T","M","R","M","M","M","R","B",null,"M","$","M","M","?","R","E"],"character_chosen":"IRONCLAD","items_purchased":["Prayer Wheel","Armaments"],"campfire_rested":1,"item_purchase_floors":[19,19],"current_hp_per_floor":[70,62,71,73,67,45,42,42,42,61,61,65,67,59,88,47,99,99,99,100,74,74,74,0,0],"gold":64,"neow_bonus":"THREE_RARE_CARDS","is_daily":false,"chose_seed":false,"campfire_upgraded":1,"win_rate":0.0,"timestamp":1613802688,"path_taken":["M","M","M","M","M","E","M","?","T","M","R","M","M","M","R","BOSS","M","$","?","M","?","R","E"],"items_purchased_type":["Relic","Card"],"build_version":"2020-12-22","purchased_purges":0,"victory":false,"max_hp_per_floor":[75,78,81,84,87,87,87,87,87,90,90,93,96,99,99,99,99,99,99,102,102,102,102,102,102],"card_choices":[{"not_picked":["Impervious","Juggernaut"],"picked":"Feed","floor":0.0},{"not_picked":["Uppercut","Shockwave"],"picked":"Rampage","floor":1.0},{"not_picked":["Armaments","Disarm"],"picked":"Anger","floor":2.0},{"not_picked":["Heavy Blade","Body Slam"],"picked":"Metallicize","floor":3.0},{"not_picked":["Power Through","Twin Strike"],"picked":"Inflame","floor":4.0},{"not_picked":["Armaments","Evolve"],"picked":"Searing Blow","floor":5.0},{"not_picked":["Shockwave","Carnage"],"picked":"Reckless Charge","floor":6.0},{"not_picked":["Heavy Blade","True Grit"],"picked":"Disarm","floor":7.0},{"not_picked":["Rupture","Carnage"],"picked":"Reaper","floor":10.0},{"not_picked":["Entrench","Sword Boomerang"],"picked":"Anger","floor":12},{"not_picked":["Shrug It Off","Dropkick"],"picked":"Iron Wave","floor":13},{"not_picked":["Clash","Combust"],"picked":"Shrug It Off","floor":14},{"not_picked":["Impervious","Brutality"],"picked":"Barricade","floor":16},{"not_picked":["Headbutt+1","Rampage"],"picked":"Inflame","floor":18},{"not_picked":["Perfected Strike","Headbutt+1"],"picked":"Shrug It Off","floor":20},{"not_picked":["Cleave","Ghostly Armor"],"picked":"Anger","floor":20},{"not_picked":["Pommel Strike","Wild Strike"],"picked":"Twin Strike","floor":21},{"not_picked":["Seeing Red","Iron Wave"],"picked":"Double Tap","floor":21}],"player_experience":271899,"relics_obtained":[{"floor":6.0,"key":"White Beast Statue"}],"event_choices":[{"damage_healed":0.0,"max_hp_gain":0.0,"max_hp_loss":0.0,"gold_gain":0.0,"event_name":"WeMeetAgain","player_choice":"Gave Potion","floor":8.0,"gold_loss":0.0,"damage_taken":0.0,"relics_obtained":["Gremlin Horn"]},{"damage_healed":0,"gold_gain":0,"player_choice":"Stole Relic","damage_taken":0,"relics_obtained":["Centennial Puzzle"],"max_hp_gain":0,"max_hp_loss":0,"event_name":"Addict","floor":22,"gold_loss":0,"cards_obtained":["Shame"]}],"is_beta":false,"boss_relics":[{"not_picked":["Velvet Choker","Philosopher\u0027s Stone"],"picked":"Black Blood"}],"items_purged_floors":[],"is_endless":false,"potions_floor_spawned":[1,4,7,10,12,13,14,16,18,20,21],"killed_by":"Book of Stabbing","ascension_level":0}}