{"host":"ocll6kdfqxraqtza","time":1613844655,"event":{"mods":["2.2 Compatiblity","Act Like it!","Arknights","Aspiration","BaseMod","Better Third Choice","Gensokyo","Hallownest","Hermit","Hubris","Jorbs\u0027s Wanderer Trilogy","Luminous","Marisa（霧雨　魔理沙）","Minty Spire (QoL Compilation)","Reimu（博??梦）","Reliquary","Replay The Spire","Shade Mod","StSLib","The Alterego","The Bug Knight","The Cursed","The Hierophant","The Marked","The Runesmith","TheBandit","Wandering Minibosses"],"gold_per_floor":[119,137,62,62,82,82,82,82,82,99,8,37,37,56,56,159,159,176,26,79,89,89,89],"floor_reached":22,"language":"ENG","playtime":756,"items_purged":["HollowMod:NailStrikeStart"],"score":184,"play_id":"e6ffc0d7-4eea-469a-8218-a4001bf12a18","local_time":"20210221021055","is_ascension_mode":false,"campfire_choices":[{"data":"HollowMod:QuirrelsAssistance","floor":6.0,"key":"SMITH"},{"data":"Swift Strike","floor":13.0,"key":"SMITH"}],"circlet_count":1,"master_deck":["HollowMod:QuickDashStart","HollowMod:QuickDashStart","HollowMod:QuickDashStart","HollowMod:FocusHealStart","HollowMod:PogoStrike","HollowMod:FallenFury","HollowMod:CycloneSlash+1","HollowMod:QuirrelsAssistance+1","HollowMod:SoulStrike","Swift Strike+1","HollowMod:ChannelNail","HollowMod:DashSlash","HollowMod:GreatSlash","HollowMod:Weaversong","HollowMod:InfectedAttack+1","HollowMod:SoulEater+1","HollowMod:SoulSplash+1"],"relics":["HollowMod:VesselMask","NeowsBlessing","Hallownest:DreamNailRelic","Circlet","hubris:MysteriousPyramids","Replay:Drink Me","HollowMod:StagPassRelic","aspiration:SeaSaltIceCream","Replay:Accelerometer"],"acts_visited":["Hallownest:Greenpath","Hallownest:CityofTears"],"potions_floor_usage":[22],"damage_taken":[{"damage":0.0,"enemies":"Hallownest:monsterHuskGuard","floor":1.0,"turns":1.0},{"damage":0.0,"enemies":"Hallownest:2_Tiktiks_and_1_Crawlid","floor":2.0,"turns":1.0},{"damage":0.0,"enemies":"2_ Uuma","floor":5.0,"turns":1.0},{"damage":10.0,"enemies":"Hallownest:2_Tiktiks_1_Baldur_1_Crawlid","floor":10.0,"turns":3.0},{"damage":14.0,"enemies":"Hallownest:eliteMossKnight","floor":12.0,"turns":5.0},{"damage":0.0,"enemies":"Hallownest:monsterFoolEater","floor":14.0,"turns":3.0},{"damage":64.0,"enemies":"Hallownest:BossBrokenVessel","floor":16.0,"turns":10.0},{"damage":7.0,"enemies":"Hallownest:Guard_and_Sentry","floor":18.0,"turns":3.0},{"damage":11,"enemies":"Hallownest:Flukemon_and_Top","floor":21,"turns":5},{"damage":26,"enemies":"Hallownest:Master_and_Novice","floor":22,"turns":2}],"seed_played":"2330930620034449595","potions_obtained":[{"floor":1.0,"key":"LiquidBronze"},{"floor":5.0,"key":"Death Potion"},{"floor":20,"key":"Fire Potion"},{"floor":21,"key":"PowerPotion"}],"is_trial":false,"path_per_floor":["M","M","$","?","M","R","?","?","T","M","$","E","R","M","R","B",null,"M","?","?","M","M"],"character_chosen":"THE_BUGKNIGHT","items_purchased":["Swift Strike"],"campfire_rested":0,"item_purchase_floors":[11],"current_hp_per_floor":[75,75,75,75,75,75,75,75,75,71,71,57,57,57,57,3,57,50,50,36,25,0,0],"gold":89,"neow_bonus":"THREE_ENEMY_KILL","is_daily":false,"chose_seed":false,"campfire_upgraded":2,"win_rate":0.0,"timestamp":1613844655,"path_taken":["M","M","?","?","?","R","?","?","T","M","?","E","R","M","R","BOSS","M","?","?","M","M"],"items_purchased_type":["Card"],"build_version":"2020-12-22","purchased_purges":1,"victory":false,"max_hp_per_floor":[75,75,75,75,75,75,75,75,75,75,75,75,75,75,75,75,57,57,57,57,57,57,57],"card_choices":[{"not_picked":["HollowMod:TaintedHusks","HollowMod:ShadowDash"],"picked":"HollowMod:FallenFury","floor":1.0},{"not_picked":["HollowMod:DescendingDark","HollowMod:InfectedCysts"],"picked":"HollowMod:CycloneSlash","floor":2.0},{"not_picked":["HollowMod:DescendingDark","HollowMod:CloakDash"],"picked":"HollowMod:QuirrelsAssistance","floor":5.0},{"not_picked":["HollowMod:TaintedHusks","HollowMod:SoulShaman"],"picked":"HollowMod:SoulStrike","floor":10.0},{"not_picked":["HollowMod:ShapeofUnn","HollowMod:DreamGate"],"picked":"HollowMod:ChannelNail","floor":12.0},{"not_picked":["HollowMod:LifebloodCore","HollowMod:SoulStrike"],"picked":"HollowMod:DashSlash","floor":14.0},{"not_picked":["HollowMod:LifebloodCore","HollowMod:ZotesMagnificence"],"picked":"HollowMod:Weaversong","floor":16.0},{"not_picked":["HollowMod:CoiledNail","HollowMod:HowlingWraiths"],"picked":"HollowMod:InfectedAttack+1","floor":18.0},{"not_picked":["HollowMod:WraithStrike","HollowMod:CycloneSlash"],"picked":"HollowMod:SoulEater+1","floor":20},{"not_picked":["HollowMod:LifebloodCore","HollowMod:DescendingDark"],"picked":"HollowMod:SoulSplash+1","floor":21}],"player_experience":559185,"relics_obtained":[{"floor":12.0,"key":"hubris:MysteriousPyramids"},{"floor":20,"key":"aspiration:SeaSaltIceCream"}],"event_choices":[],"is_beta":false,"boss_relics":[{"not_picked":["Empty Cage","Calling Bell"],"picked":"Replay:Drink Me"}],"items_purged_floors":[3],"is_endless":false,"potions_floor_spawned":[1,5,21],"killed_by":"Hallownest:Master_and_Novice","ascension_level":0}}