{"host":"f0gpob8hq9vgebej","time":1613792988,"event":{"mods":["AchievementEnabler","BaseMod","Minty Spire (QoL Compilation)","Quick Restart","SuperFastMode"],"gold_per_floor":[117,128,53,53,53,80,80,108,108,128,144,144,161,179,179,179,179],"floor_reached":16,"language":"KOR","playtime":246,"items_purged":[],"score":253,"play_id":"e3087369-0fdf-4e66-b543-a67888e3140a","local_time":"20210220124948","is_ascension_mode":true,"campfire_choices":[{"data":"Dagger Spray","floor":7.0,"key":"SMITH"},{"data":"Leg Sweep","floor":12.0,"key":"SMITH"},{"floor":15,"key":"REST"}],"circlet_count":0,"master_deck":["AscendersBane","Strike_G","Strike_G","Strike_G","Strike_G","Defend_G","Defend_G","Defend_G","Defend_G","Survivor","Neutralize","Blade Dance","Dagger Spray+1","Leg Sweep+1","Dash","Bouncing Flask","Crippling Poison","PiercingWail","PiercingWail"],"relics":["Ring of the Snake","NeowsBlessing","Bottled Flame","Pen Nib","Paper Crane"],"acts_visited":["Exordium"],"potions_floor_usage":[16],"damage_taken":[{"damage":0.0,"enemies":"Jaw Worm","floor":1.0,"turns":1.0},{"damage":0.0,"enemies":"2 Louse","floor":2.0,"turns":1.0},{"damage":0.0,"enemies":"3 Sentries","floor":6.0,"turns":1.0},{"damage":33.0,"enemies":"Lagavulin","floor":8.0,"turns":9.0},{"damage":0.0,"enemies":"Cultist","floor":10.0,"turns":3.0},{"damage":1.0,"enemies":"Looter","floor":11.0,"turns":3.0},{"damage":3.0,"enemies":"Blue Slaver","floor":13.0,"turns":5.0},{"damage":0,"enemies":"Lots of Slimes","floor":14,"turns":2},{"damage":42,"enemies":"Slime Boss","floor":16,"turns":10}],"seed_played":"-956588495150812356","potions_obtained":[{"floor":2.0,"key":"CunningPotion"},{"floor":8.0,"key":"Ancient Potion"},{"floor":14,"key":"Weak Potion"}],"is_trial":false,"path_per_floor":["M","M","?","?","$","E","R","E","T","M","M","R","M","M","R","B"],"character_chosen":"THE_SILENT","items_purchased":[],"campfire_rested":1,"item_purchase_floors":[],"current_hp_per_floor":[59,59,59,59,59,59,59,26,26,26,25,25,22,22,41,0,0],"gold":179,"neow_bonus":"THREE_ENEMY_KILL","is_daily":false,"chose_seed":false,"campfire_upgraded":2,"win_rate":0.0,"timestamp":1613792988,"path_taken":["M","M","?","?","$","E","R","E","T","M","M","R","M","?","R","BOSS"],"items_purchased_type":[],"build_version":"2020-12-22","purchased_purges":0,"victory":false,"max_hp_per_floor":[66,66,66,66,66,66,66,66,66,66,66,66,66,66,66,66,66],"card_choices":[{"not_picked":["Bane","Leg Sweep"],"picked":"Blade Dance","floor":1.0},{"not_picked":["Outmaneuver","Sucker Punch"],"picked":"Dagger Spray","floor":2.0},{"not_picked":["Riddle With Holes","Outmaneuver"],"picked":"Leg Sweep","floor":6.0},{"not_picked":["Blur","Riddle With Holes"],"picked":"Dash","floor":8.0},{"not_picked":["Heel Hook","Deflect"],"picked":"Bouncing Flask","floor":10.0},{"not_picked":["Poisoned Stab","Blade Dance"],"picked":"Crippling Poison","floor":11.0},{"not_picked":["Caltrops","Malaise"],"picked":"PiercingWail","floor":13.0},{"not_picked":["Underhanded Strike","Dodge and Roll"],"picked":"PiercingWail","floor":14}],"player_experience":392297,"relics_obtained":[{"floor":6.0,"key":"Bottled Flame"},{"floor":8.0,"key":"Pen Nib"},{"floor":9.0,"key":"Paper Crane"}],"event_choices":[{"cards_removed":["Strike_G"],"damage_healed":0.0,"max_hp_gain":0.0,"max_hp_loss":0.0,"gold_gain":0.0,"event_name":"The Cleric","player_choice":"Card Removal","floor":3.0,"gold_loss":75.0,"damage_taken":0.0},{"cards_removed":["Defend_G"],"damage_healed":0.0,"max_hp_gain":0.0,"max_hp_loss":0.0,"gold_gain":0.0,"event_name":"Living Wall","player_choice":"Forget","floor":4.0,"gold_loss":0.0,"damage_taken":0.0}],"is_beta":false,"boss_relics":[],"items_purged_floors":[],"is_endless":false,"potions_floor_spawned":[2,8,14],"killed_by":"Slime Boss","ascension_level":17}}