{"host":"wsjkkb37re1dhcjs","time":1613864877,"event":{"mods":["AchievementEnabler","BaseMod","Colored Map","Curses Come First","Googly Eyes","Minty Spire (QoL Compilation)","Permanent Neow","Relic Stats","StSLib"],"gold_per_floor":[19,19,30,40,54,88,88,106,158,201,213,225,257,156,156,256,306,318,233,243,260,260,260,288,299,299,299,125,150,96,106,106,106,106],"floor_reached":33,"language":"ENG","playtime":2685,"items_purged":["Strike_G","Strike_G"],"score":420,"play_id":"604f35ef-4c59-406b-ad70-dcb415bb383b","local_time":"20210220184757","is_ascension_mode":true,"campfire_choices":[{"floor":7,"key":"REST"},{"floor":12,"key":"REST"},{"data":"Calculated Gamble","floor":15,"key":"SMITH"},{"floor":23,"key":"REST"},{"data":"Tactician","floor":32,"key":"SMITH"}],"circlet_count":0,"master_deck":["Strike_G+1","Strike_G","Strike_G","Defend_G","Defend_G","Defend_G","Defend_G","Defend_G","Survivor","Neutralize","Master of Strategy","Caltrops","Tactician+1","Blur","Eviscerate","Infinite Blades","Reflex","Reflex","After Image","Backstab","Calculated Gamble+1","Venomology","Dagger Throw","Prepared+1","Reflex","Prepared","Ghostly","Ghostly","Ghostly","Ghostly","Ghostly","Eviscerate","Caltrops","Underhanded Strike","Acrobatics"],"relics":["Ring of the Snake","Art of War","MawBank","Ornamental Fan","Tiny House","Orichalcum","Centennial Puzzle","Letter Opener","Girya"],"acts_visited":["Exordium","TheCity"],"potions_floor_usage":[5,5,8,10,10,16,18,18,18,20,21,25,29,29,33,33,33],"damage_taken":[{"damage":3,"enemies":"Jaw Worm","floor":1,"turns":7},{"damage":0,"enemies":"Cultist","floor":3,"turns":5},{"damage":2,"enemies":"2 Louse","floor":4,"turns":3},{"damage":15,"enemies":"Large Slime","floor":5,"turns":6},{"damage":29,"enemies":"3 Sentries","floor":6,"turns":8},{"damage":1,"enemies":"Looter","floor":8,"turns":4},{"damage":12,"enemies":"Lagavulin","floor":10,"turns":5},{"damage":3,"enemies":"Blue Slaver","floor":13,"turns":5},{"damage":23,"enemies":"The Guardian","floor":16,"turns":16},{"damage":24,"enemies":"3 Byrds","floor":18,"turns":6},{"damage":17,"enemies":"Chosen","floor":20,"turns":10},{"damage":26,"enemies":"Snake Plant","floor":21,"turns":4},{"damage":5,"enemies":"Slavers","floor":24,"turns":11},{"damage":0,"enemies":"Snecko","floor":25,"turns":5},{"damage":0,"enemies":"Gremlin Leader","floor":29,"turns":6},{"damage":9,"enemies":"Shelled Parasite and Fungi","floor":31,"turns":5},{"damage":37,"enemies":"Champ","floor":33,"turns":8}],"seed_played":"9032536044741688963","potions_obtained":[{"floor":3,"key":"Regen Potion"},{"floor":4,"key":"GhostInAJar"},{"floor":8,"key":"EntropicBrew"},{"floor":13,"key":"SkillPotion"},{"floor":16,"key":"Strength Potion"},{"floor":17,"key":"LiquidMemories"},{"floor":18,"key":"Strength Potion"},{"floor":24,"key":"SteroidPotion"},{"floor":31,"key":"FearPotion"}],"is_trial":false,"path_per_floor":["M","?","M","M","M","E","R","M","T","E","?","R","M","$","R","B",null,"M","?","M","M","?","R","E","M","T","?","$","E","$","M","R","B"],"character_chosen":"THE_SILENT","items_purchased":["Calculated Gamble","Caltrops","Acrobatics"],"campfire_rested":3,"item_purchase_floors":[14,28,30],"current_hp_per_floor":[67,67,67,65,64,35,56,55,55,43,36,57,54,54,54,31,75,51,51,34,8,8,19,14,14,14,26,26,35,35,26,26,0,0],"gold":106,"neow_bonus":"RANDOM_COLORLESS_2","is_daily":false,"chose_seed":false,"campfire_upgraded":2,"win_rate":0.0,"timestamp":1613864877,"path_taken":["M","?","?","M","M","E","R","M","T","E","?","R","M","$","R","BOSS","M","?","M","M","?","R","E","M","T","?","$","E","?","M","R","BOSS"],"items_purchased_type":["Card","Card","Card"],"build_version":"2020-12-22","purchased_purges":2,"victory":false,"max_hp_per_floor":[70,70,70,70,70,70,70,70,70,70,70,70,70,70,70,70,75,75,75,75,75,37,37,37,37,37,37,37,37,37,37,37,37,37],"relic_stats":{"Centennial Puzzle":[6],"counters":[17,114],"Ornamental Fan":[88],"Art of War":[7],"Letter Opener":[83],"Orichalcum":[18],"MawBank":60,"obtain_stats":[{"Girya":29,"Centennial Puzzle":24,"Tiny House":17,"Ornamental Fan":10,"Art of War":6,"Letter Opener":26,"Orichalcum":19,"MawBank":9,"Ring of the Snake":0},{"Girya":15,"Centennial Puzzle":13,"Tiny House":9,"Ornamental Fan":7,"Art of War":5,"Letter Opener":14,"Orichalcum":10,"MawBank":6,"Ring of the Snake":0},{"Girya":101,"Centennial Puzzle":90,"Tiny House":59,"Ornamental Fan":38,"Art of War":29,"Letter Opener":95,"Orichalcum":65,"MawBank":33,"Ring of the Snake":0}],"Ring of the Snake":[34]},"card_choices":[{"not_picked":["Apotheosis","Chrysalis"],"picked":"Master of Strategy","floor":0},{"not_picked":["Deadly Poison","Quick Slash"],"picked":"Caltrops","floor":1},{"not_picked":["PiercingWail","Flying Knee"],"picked":"Blur","floor":3},{"not_picked":["Prepared","Dagger Throw"],"picked":"Eviscerate","floor":4},{"not_picked":["Cloak And Dagger","Blade Dance"],"picked":"Infinite Blades","floor":5},{"not_picked":["Dodge and Roll","Slice"],"picked":"Reflex","floor":6},{"not_picked":["Deadly Poison","Catalyst"],"picked":"Reflex","floor":8},{"not_picked":["Bane","Outmaneuver"],"picked":"After Image","floor":10},{"not_picked":["Noxious Fumes","Deadly Poison"],"picked":"Backstab","floor":13},{"not_picked":["Bullet Time","Envenom"],"picked":"Venomology","floor":16},{"not_picked":["Noxious Fumes","Accuracy"],"picked":"Dagger Throw","floor":17},{"not_picked":["Flying Knee","Deflect+1"],"picked":"Prepared+1","floor":18},{"not_picked":["Cloak And Dagger+1","Choke"],"picked":"Reflex","floor":20},{"not_picked":["Quick Slash+1","Expertise"],"picked":"Prepared","floor":21},{"not_picked":["After Image","Die Die Die"],"picked":"Eviscerate","floor":24},{"not_picked":["Outmaneuver","Sucker Punch","Bane"],"picked":"SKIP","floor":25},{"not_picked":["Reflex","Finisher"],"picked":"Underhanded Strike","floor":29},{"not_picked":["Leg Sweep","Infinite Blades","Quick Slash"],"picked":"SKIP","floor":31}],"player_experience":853442,"relics_obtained":[{"floor":6,"key":"Art of War"},{"floor":9,"key":"MawBank"},{"floor":10,"key":"Ornamental Fan"},{"floor":24,"key":"Centennial Puzzle"},{"floor":26,"key":"Letter Opener"},{"floor":29,"key":"Girya"}],"event_choices":[{"damage_healed":0,"gold_gain":0,"player_choice":"1 cards matched","damage_taken":0,"max_hp_gain":0,"max_hp_loss":0,"event_name":"Match and Keep!","floor":2,"gold_loss":0,"cards_obtained":["Tactician"]},{"damage_healed":0,"gold_gain":0,"player_choice":"Fled","damage_taken":7,"max_hp_gain":0,"max_hp_loss":0,"event_name":"Scrap Ooze","floor":11,"gold_loss":0},{"damage_healed":0,"gold_gain":0,"player_choice":"Obtained Relic","damage_taken":0,"relics_obtained":["Orichalcum"],"max_hp_gain":0,"max_hp_loss":0,"event_name":"Addict","floor":19,"gold_loss":85},{"damage_healed":0,"gold_gain":0,"player_choice":"Became a Ghost","damage_taken":0,"max_hp_gain":0,"max_hp_loss":38,"event_name":"Ghosts","floor":22,"gold_loss":0,"cards_obtained":["Ghostly","Ghostly","Ghostly","Ghostly","Ghostly"]},{"damage_healed":12,"gold_gain":0,"player_choice":"Heal","damage_taken":0,"max_hp_gain":0,"max_hp_loss":0,"event_name":"The Library","floor":27,"gold_loss":0}],"is_beta":false,"boss_relics":[{"not_picked":["Fusion Hammer","Velvet Choker"],"picked":"Tiny House"}],"items_purged_floors":[14,28],"is_endless":false,"potions_floor_spawned":[3,4,8,13,16,18,24,31],"killed_by":"Champ","ascension_level":3}}