{"host":"trw84khdytc0ixrp","time":1613846402,"event":{"mods":["BaseMod","Downfall","Hermit","Jorbs\u0027s Wanderer Trilogy","Minty Spire (QoL Compilation)","StSLib","The Cursed","The Disciple"],"gold_per_floor":[362,380,234,234,245,323,323,354,354,366,379,379,379,60,60,60,60],"floor_reached":16,"language":"ENG","playtime":1339,"items_purged":["Normality"],"score":105,"play_id":"f7023bb5-8d72-4db3-a73e-a81edad4ce4c","local_time":"20210220194002","is_ascension_mode":true,"campfire_choices":[{"data":"TheCursedMod:DoubleShield","floor":7,"key":"SMITH"},{"data":"TheCursedMod:CursedWand","floor":12,"key":"SMITH"},{"floor":15,"key":"REST"}],"circlet_count":0,"master_deck":["TheCursedMod:Strike_TheCursed","TheCursedMod:Strike_TheCursed","TheCursedMod:Strike_TheCursed","TheCursedMod:Defend_TheCursed","TheCursedMod:Defend_TheCursed","TheCursedMod:Defend_TheCursed","TheCursedMod:Defend_TheCursed","TheCursedMod:CursedWand+1","TheCursedMod:CleanUpWorkshop","TheCursedMod:Dregs","TheCursedMod:CursedMace","TheCursedMod:DoubleShield+1","TheCursedMod:SurpriseAttack","Regret","TheCursedMod:LuckyCharm"],"relics":["TheCursedMod:BlackMagic101","TheCursedMod:DemonicMark","Regal Pillow","Ice Cream","Mummified Hand"],"acts_visited":["Exordium"],"potions_floor_usage":[8,16],"damage_taken":[{"damage":0,"enemies":"2 Louse","floor":1,"turns":3},{"damage":1,"enemies":"Jaw Worm","floor":2,"turns":3},{"damage":1,"enemies":"Cultist","floor":5,"turns":3},{"damage":18,"enemies":"Gremlin Nob","floor":8,"turns":5},{"damage":10,"enemies":"Exordium Thugs","floor":10,"turns":6},{"damage":4,"enemies":"2 Fungi Beasts","floor":11,"turns":5},{"damage":77,"enemies":"Hexaghost","floor":16,"turns":18}],"seed_played":"-8979623509522408605","potions_obtained":[{"floor":2,"key":"AttackPotion"},{"floor":8,"key":"BlessingOfTheForge"},{"floor":10,"key":"sneckomod:MuddlingPotion"}],"is_trial":false,"path_per_floor":["M","M","$","?","M","T","R","E","T","M","M","R","?","$","R","B"],"character_chosen":"THE_CURSED","items_purchased":["TheCursedMod:DoubleShield","Mummified Hand","TheCursedMod:LuckyCharm"],"campfire_rested":1,"item_purchase_floors":[3,14,14],"current_hp_per_floor":[75,74,74,67,66,66,66,48,48,38,34,34,34,34,71,0,0],"gold":60,"neow_bonus":"TWO_FIFTY_GOLD","is_daily":false,"chose_seed":false,"campfire_upgraded":2,"win_rate":0.0,"timestamp":1613846402,"path_taken":["M","M","$","?","M","?","R","E","T","?","M","R","?","$","R","BOSS"],"items_purchased_type":["Card","Relic","Card"],"build_version":"2020-12-22","purchased_purges":1,"victory":false,"max_hp_per_floor":[75,75,75,75,75,75,75,75,75,75,75,75,75,75,75,75,75],"card_choices":[{"not_picked":["TheCursedMod:SaltUponWound","TheCursedMod:Stretching"],"picked":"TheCursedMod:CursedMace","floor":1},{"not_picked":["TheCursedMod:FuryStrike","TheCursedMod:ManaBullet","TheCursedMod:VitalStrike"],"picked":"SKIP","floor":2},{"not_picked":["TheCursedMod:CursedArmor","TheCursedMod:RavingStaff","TheCursedMod:SurpriseAttack"],"picked":"SKIP","floor":5},{"not_picked":["TheCursedMod:TacticalStrike","TheCursedMod:CircleOfCorruption"],"picked":"TheCursedMod:SurpriseAttack","floor":8},{"not_picked":["TheCursedMod:Stigma","TheCursedMod:EmpowerCircles","TheCursedMod:Obscuration"],"picked":"SKIP","floor":10},{"not_picked":["TheCursedMod:Evocation","TheCursedMod:SoulCrush","TheCursedMod:CircleOfFocus"],"picked":"SKIP","floor":11}],"player_experience":158415,"relics_obtained":[{"floor":6,"key":"TheCursedMod:DemonicMark"},{"floor":8,"key":"Regal Pillow"}],"event_choices":[{"cards_removed":["TheCursedMod:Strike_TheCursed"],"damage_healed":0,"gold_gain":0,"player_choice":"Card Removal","damage_taken":7,"max_hp_gain":0,"max_hp_loss":0,"event_name":"Golden Wing","floor":4,"gold_loss":0},{"damage_healed":0,"gold_gain":0,"player_choice":"Box","damage_taken":0,"relics_obtained":["Ice Cream"],"max_hp_gain":0,"max_hp_loss":0,"event_name":"Big Fish","floor":13,"gold_loss":0,"cards_obtained":["Regret"]}],"is_beta":false,"boss_relics":[],"items_purged_floors":[3],"is_endless":false,"potions_floor_spawned":[2,8,10],"killed_by":"Hexaghost","ascension_level":1}}