{"host":"b3k9t793tjx241t9","time":1613859069,"event":{"mods":["BaseMod","Card Forge","Colored Map","Custom Start","Downfall","Minty Spire (QoL Compilation)","Relic Stats","StSLib"],"gold_per_floor":[117,129,129,145,74,118,118,151,178,196,196,275,275,315,315,435,435,448,448,373,473,245,289,307,348,348,372,387,387,302,315,315,444,444,462,462,475,475,475,511,535,568,568,568,568,568,82,118,118,118,118],"floor_reached":50,"language":"ENG","playtime":2953,"items_purged":["Defend_G","Strike_G"],"score":740,"play_id":"9b313356-1f33-4e82-9151-84cdb9e401dc","local_time":"20210220231109","is_ascension_mode":true,"campfire_choices":[{"data":"Footwork","floor":7.0,"key":"SMITH"},{"data":"Infinite Blades","floor":11.0,"key":"SMITH"},{"floor":13.0,"key":"REST"},{"floor":15.0,"key":"REST"},{"data":"Accuracy","floor":32,"key":"SMITH"},{"data":"Envenom","floor":46,"key":"SMITH"},{"data":"After Image","floor":49,"key":"SMITH"}],"circlet_count":0,"master_deck":["Strike_G","Strike_G","Defend_G","Defend_G","Defend_G","Survivor","Neutralize","Dagger Throw","Blade Dance","Escape Plan","Footwork+1","Cloak And Dagger","Infinite Blades+1","Dodge and Roll","Riddle With Holes","Glass Knife","Deadly Poison+1","Ghostly","Ghostly","Ghostly","Ghostly","Ghostly","Setup+1","Dagger Spray","Bouncing Flask+1","Blade Dance+1","Accuracy+1","Envenom+1","Blade Dance+1","Madness+1","Madness+1","Caltrops","Blur+1","Doubt","After Image+1"],"relics":["Ring of the Serpent","Hammer of Thor","Seething Fire","Anvil of the Gods","NeowsBlessing","Golden Idol","Lantern","Juzu Bracelet","Bag of Preparation","Shuriken","Bottled Tornado","Blood Vial","Pen Nib","Molten Egg 2","Toxic Egg 2","Toy Ornithopter","Du-Vu Doll","SlaversCollar","Happy Flower","Meat on the Bone","Sundial","Strange Spoon","Ninja Scroll","Anchor"],"acts_visited":["Exordium","TheCity","TheBeyond"],"potions_floor_usage":[25,40,42],"damage_taken":[{"damage":0.0,"enemies":"Small Slimes","floor":1.0,"turns":1.0},{"damage":0.0,"enemies":"2 Louse","floor":2.0,"turns":1.0},{"damage":0.0,"enemies":"Jaw Worm","floor":4.0,"turns":1.0},{"damage":23.0,"enemies":"Gremlin Nob","floor":6.0,"turns":5.0},{"damage":6.0,"enemies":"3 Sentries","floor":8.0,"turns":10.0},{"damage":0.0,"enemies":"Red Slaver","floor":10.0,"turns":3.0},{"damage":16.0,"enemies":"Lagavulin Event","floor":12.0,"turns":6.0},{"damage":13.0,"enemies":"Gremlin Nob","floor":14.0,"turns":4.0},{"damage":0.0,"enemies":"Slime Boss","floor":16.0,"turns":6.0},{"damage":6.0,"enemies":"Chosen","floor":18.0,"turns":5.0},{"damage":2.0,"enemies":"Gremlin Leader","floor":23.0,"turns":6.0},{"damage":1,"enemies":"3 Byrds","floor":24,"turns":4},{"damage":34,"enemies":"Slavers","floor":25,"turns":6},{"damage":2,"enemies":"Snecko","floor":28,"turns":5},{"damage":2,"enemies":"Chosen and Byrds","floor":31,"turns":5},{"damage":37,"enemies":"Automaton","floor":33,"turns":8},{"damage":0,"enemies":"3 Shapes","floor":35,"turns":5},{"damage":2,"enemies":"Orb Walker","floor":37,"turns":4},{"damage":37,"enemies":"Nemesis","floor":40,"turns":5},{"damage":1,"enemies":"Transient","floor":41,"turns":5},{"damage":11,"enemies":"Reptomancer","floor":42,"turns":4},{"damage":0,"enemies":"Nemesis","floor":48,"turns":3},{"damage":58,"enemies":"Time Eater","floor":50,"turns":9}],"seed_played":"-2638006809102050543","potions_obtained":[{"floor":4.0,"key":"DuplicationPotion"},{"floor":6.0,"key":"Regen Potion"},{"floor":8.0,"key":"BlessingOfTheForge"},{"floor":25,"key":"PowerPotion"},{"floor":48,"key":"ColorlessPotion"}],"is_trial":false,"path_per_floor":["M","M","?","M","$","E","R","E","T","M","R","?","R","E","R","B",null,"M","?","?","?","$","E","M","E","T","T","M","?","?","M","R","B",null,"M","?","M","?","?","E","M","E","T","?","?","R","$","E","R","B"],"character_chosen":"THE_SILENT","items_purchased":["Footwork","Blood Vial","Strange Spoon","Ninja Scroll"],"campfire_rested":2,"item_purchase_floors":[5,22,47,47],"current_hp_per_floor":[70,70,53,53,53,30,30,24,24,24,24,8,29,16,37,37,70,64,35,35,35,35,33,34,10,10,10,10,45,45,43,43,8,45,45,45,43,43,37,7,8,4,4,45,45,45,45,45,45,0,0],"gold":118,"neow_bonus":"THREE_ENEMY_KILL","is_daily":false,"chose_seed":false,"campfire_upgraded":5,"win_rate":0.0,"timestamp":1613859069,"path_taken":["M","M","?","M","$","E","R","E","T","M","R","?","R","E","R","BOSS","M","?","?","?","?","E","M","E","T","?","M","?","?","M","R","BOSS","M","?","M","?","?","E","M","E","T","?","?","R","$","E","R","BOSS"],"items_purchased_type":["Card","Relic","Relic","Relic"],"build_version":"2020-12-22","purchased_purges":2,"victory":false,"max_hp_per_floor":[70,70,70,70,70,70,70,70,70,70,70,70,70,70,70,70,70,70,35,35,35,35,35,35,35,35,35,35,45,45,45,45,45,45,45,45,45,45,45,45,45,45,45,45,45,45,45,45,45,45,45],"relic_stats":{"Happy Flower":[7],"counters":[23,111],"Golden Idol":177,"Pen Nib":[20],"Juzu Bracelet":3,"Bag of Preparation":[34],"Blood Vial":13,"Strange Spoon":[34],"Shuriken":[72],"Sundial":[0],"obtain_stats":[{"Lantern":6,"Hammer of Thor":0,"Juzu Bracelet":8,"Bag of Preparation":9,"Bottled Tornado":14,"Blood Vial":22,"Sundial":43,"Ninja Scroll":47,"Toxic Egg 2":26,"Ring of the Snake":0,"NeowsBlessing":0,"Happy Flower":40,"Golden Idol":3,"Pen Nib":23,"Seething Fire":0,"Du-Vu Doll":30,"SlaversCollar":34,"Strange Spoon":47,"Anchor":48,"Anvil of the Gods":0,"Shuriken":12,"Molten Egg 2":25,"Ring of the Serpent":17,"Toy Ornithopter":27,"Meat on the Bone":42},{"Lantern":4,"Hammer of Thor":0,"Juzu Bracelet":5,"Bag of Preparation":5,"Bottled Tornado":8,"Blood Vial":10,"Sundial":21,"Ninja Scroll":21,"Toxic Egg 2":13,"Ring of the Snake":0,"NeowsBlessing":0,"Happy Flower":19,"Golden Idol":2,"Pen Nib":11,"Seething Fire":0,"Du-Vu Doll":14,"SlaversCollar":16,"Strange Spoon":21,"Anchor":22,"Anvil of the Gods":0,"Shuriken":6,"Molten Egg 2":13,"Ring of the Serpent":9,"Toy Ornithopter":13,"Meat on the Bone":21},{"Lantern":8,"Hammer of Thor":0,"Juzu Bracelet":18,"Bag of Preparation":18,"Bottled Tornado":31,"Blood Vial":42,"Sundial":99,"Ninja Scroll":99,"Toxic Egg 2":58,"Ring of the Snake":0,"NeowsBlessing":0,"Happy Flower":90,"Golden Idol":2,"Pen Nib":48,"Seething Fire":0,"Du-Vu Doll":63,"SlaversCollar":76,"Strange Spoon":99,"Anchor":102,"Anvil of the Gods":0,"Shuriken":21,"Molten Egg 2":58,"Ring of the Serpent":37,"Toy Ornithopter":58,"Meat on the Bone":99}],"Toy Ornithopter":10,"Meat on the Bone":0},"card_choices":[{"not_picked":["Deadly Poison","Deflect"],"picked":"Dagger Throw","floor":1.0},{"not_picked":["Catalyst","Quick Slash"],"picked":"Blade Dance","floor":2.0},{"not_picked":["Sucker Punch","Quick Slash"],"picked":"Escape Plan","floor":4.0},{"not_picked":["Catalyst","Bane"],"picked":"Cloak And Dagger","floor":6.0},{"not_picked":["Calculated Gamble","Slice"],"picked":"Infinite Blades","floor":8.0},{"not_picked":["Footwork","Deflect"],"picked":"Dodge and Roll","floor":10.0},{"not_picked":["Slice","Prepared"],"picked":"Riddle With Holes","floor":12.0},{"not_picked":["Outmaneuver","Poisoned Stab"],"picked":"Glass Knife","floor":14.0},{"not_picked":["Bullet Time","Grand Finale"],"picked":"Malaise","floor":16.0},{"not_picked":["Concentrate","Slice"],"picked":"Deadly Poison+1","floor":18.0},{"not_picked":["Footwork","Riddle With Holes"],"picked":"Setup+1","floor":23},{"not_picked":["Dodge and Roll","Calculated Gamble"],"picked":"Dagger Spray","floor":24},{"not_picked":["Dodge and Roll","Crippling Poison"],"picked":"Bouncing Flask+1","floor":25},{"not_picked":["Dagger Spray+1","Quick Slash+1"],"picked":"Blade Dance+1","floor":28},{"not_picked":["Predator+1","Slice+1"],"picked":"Accuracy","floor":31},{"not_picked":["Grand Finale+1","Glass Knife+1"],"picked":"Envenom","floor":33},{"not_picked":["Escape Plan+1","Bane+1"],"picked":"Blade Dance+1","floor":35},{"not_picked":["Predator+1","Quick Slash+1","Crippling Poison+1"],"picked":"SKIP","floor":37},{"not_picked":["Slice+1","Acrobatics+1","Footwork+1"],"picked":"SKIP","floor":40},{"not_picked":["Deflect+1","Concentrate+1"],"picked":"Caltrops","floor":41},{"not_picked":["Dagger Spray+1","Riddle With Holes+1"],"picked":"Blur+1","floor":42},{"not_picked":["Blur+1","Finisher+1"],"picked":"After Image","floor":48}],"player_experience":218298,"relics_obtained":[{"floor":6.0,"key":"Lantern"},{"floor":8.0,"key":"Juzu Bracelet"},{"floor":9.0,"key":"Bag of Preparation"},{"floor":14.0,"key":"Bottled Tornado"},{"floor":23,"key":"Pen Nib"},{"floor":25,"key":"Molten Egg 2"},{"floor":26,"key":"Toxic Egg 2"},{"floor":27,"key":"Toy Ornithopter"},{"floor":40,"key":"Happy Flower"},{"floor":42,"key":"Meat on the Bone"},{"floor":43,"key":"Sundial"},{"floor":48,"key":"Anchor"}],"event_choices":[{"damage_healed":0.0,"max_hp_gain":0.0,"max_hp_loss":0.0,"gold_gain":0.0,"event_name":"Golden Idol","player_choice":"Take Damage","floor":3.0,"gold_loss":0.0,"damage_taken":17.0,"relics_obtained":["Golden Idol"]},{"damage_healed":0.0,"max_hp_gain":0.0,"max_hp_loss":0.0,"gold_gain":0.0,"event_name":"Dead Adventurer","player_choice":"Searched \u00273\u0027 times","floor":12.0,"gold_loss":0.0,"damage_taken":0.0,"relics_obtained":["Shuriken"]},{"damage_healed":0.0,"max_hp_gain":0.0,"max_hp_loss":35.0,"gold_gain":0.0,"event_name":"Ghosts","player_choice":"Became a Ghost","floor":19.0,"gold_loss":0.0,"damage_taken":0.0,"cards_obtained":["Ghostly","Ghostly","Ghostly","Ghostly","Ghostly"]},{"cards_removed":["Defend_G"],"damage_healed":0.0,"max_hp_gain":0.0,"max_hp_loss":0.0,"gold_gain":0.0,"event_name":"Beggar","player_choice":"Gave Gold","floor":20.0,"gold_loss":75.0,"damage_taken":0.0},{"damage_healed":0.0,"max_hp_gain":0.0,"max_hp_loss":0.0,"gold_gain":100.0,"event_name":"Golden Shrine","player_choice":"Pray","floor":21.0,"gold_loss":0.0,"damage_taken":0.0},{"cards_removed":["Malaise"],"damage_healed":25,"gold_gain":0,"player_choice":"Offered Rare","damage_taken":0,"max_hp_gain":10,"max_hp_loss":0,"event_name":"Bonfire Elementals","floor":29,"gold_loss":0},{"damage_healed":0,"gold_gain":0,"player_choice":"Obtained Relic","damage_taken":0,"relics_obtained":["Du-Vu Doll"],"max_hp_gain":0,"max_hp_loss":0,"event_name":"Addict","floor":30,"gold_loss":85},{"cards_removed":["Strike_G"],"damage_healed":0,"gold_gain":0,"player_choice":"Purged","damage_taken":0,"max_hp_gain":0,"max_hp_loss":0,"event_name":"Purifier","floor":36,"gold_loss":0},{"damage_healed":0,"gold_gain":0,"player_choice":"Memory 1","damage_taken":0,"max_hp_gain":0,"max_hp_loss":0,"event_name":"SensoryStone","floor":38,"gold_loss":0},{"damage_healed":0,"gold_gain":0,"player_choice":"Embrace Madness","damage_taken":6,"max_hp_gain":0,"max_hp_loss":0,"event_name":"Winding Halls","floor":39,"gold_loss":0,"cards_obtained":["Madness","Madness"]},{"damage_healed":41,"gold_gain":0,"player_choice":"Heal","damage_taken":0,"max_hp_gain":0,"max_hp_loss":0,"event_name":"MindBloom","floor":44,"gold_loss":0,"cards_obtained":["Doubt"]},{"cards_removed":["Strike_G"],"damage_healed":0,"gold_gain":0,"player_choice":"Removed Attack","damage_taken":0,"max_hp_gain":0,"max_hp_loss":0,"event_name":"Falling","floor":45,"gold_loss":0}],"is_beta":false,"boss_relics":[{"not_picked":["Empty Cage","Runic Dome"],"picked":"Ring of the Serpent"},{"not_picked":["Tiny House","Snecko Eye"],"picked":"SlaversCollar"}],"items_purged_floors":[22,47],"is_endless":false,"potions_floor_spawned":[4,6,8,10,18,25,48],"killed_by":"Time Eater","ascension_level":1}}