{"host":"suw5tyb7z6zbnnfs","time":1613786465,"event":{"mods":["AchievementEnabler","BaseMod","Colored Map","Minty Spire (QoL Compilation)"],"gold_per_floor":[116,135,149,149,224,224,255,255,309,342,413,456,469,469,469,581,608,619,534,313,333,356,356,374,374,400,400,400],"floor_reached":27,"language":"ENG","playtime":1906,"items_purged":["Catalyst+1"],"score":358,"play_id":"b56ddcb0-8e0b-4047-94b2-cd9e0eca586f","local_time":"20210219210105","is_ascension_mode":true,"campfire_choices":[{"data":"Apotheosis","floor":6,"key":"SMITH"},{"floor":8,"key":"REST"},{"floor":15,"key":"REST"},{"floor":23,"key":"REST"}],"circlet_count":0,"master_deck":["AscendersBane","Strike_G","Strike_G","Strike_G","Defend_G","Defend_G","Defend_G","Defend_G","Survivor","Neutralize","Apotheosis+1","Dodge and Roll","Dagger Spray","Masterful Stab","Flying Knee","Cloak And Dagger","Adrenaline","Blur+1","Dodge and Roll+1","Acrobatics+1"],"relics":["Ring of the Snake","CeramicFish","Regal Pillow","Tiny Chest","Boot","Omamori","Nunchaku","Astrolabe","WingedGreaves","Oddly Smooth Stone","Gambling Chip","Ancient Tea Set"],"acts_visited":["Exordium","TheCity"],"potions_floor_usage":[7,11,12,16,21],"damage_taken":[{"damage":4,"enemies":"Small Slimes","floor":1,"turns":5},{"damage":0,"enemies":"Jaw Worm","floor":2,"turns":5},{"damage":3,"enemies":"2 Louse","floor":3,"turns":2},{"damage":4,"enemies":"Gremlin Nob","floor":7,"turns":4},{"damage":3,"enemies":"Lagavulin","floor":10,"turns":8},{"damage":10,"enemies":"Lagavulin Event","floor":11,"turns":5},{"damage":6,"enemies":"3 Sentries","floor":12,"turns":5},{"damage":0,"enemies":"Looter","floor":13,"turns":3},{"damage":38,"enemies":"The Guardian","floor":16,"turns":14},{"damage":19,"enemies":"Chosen","floor":18,"turns":7},{"damage":1,"enemies":"Spheric Guardian","floor":21,"turns":6},{"damage":12,"enemies":"Centurion and Healer","floor":22,"turns":8},{"damage":14,"enemies":"Snake Plant","floor":24,"turns":7},{"damage":62,"enemies":"Gremlin Leader","floor":27,"turns":8}],"seed_played":"-837462030977951706","potions_obtained":[{"floor":1,"key":"ColorlessPotion"},{"floor":7,"key":"Strength Potion"},{"floor":10,"key":"SneckoOil"},{"floor":11,"key":"Explosive Potion"},{"floor":13,"key":"BlessingOfTheForge"},{"floor":21,"key":"Ancient Potion"},{"floor":24,"key":"BlessingOfTheForge"}],"is_trial":false,"path_per_floor":["M","M","M","?","?","R","E","R","T","E","?","E","M","T","R","B",null,"M","?","$","M","M","R","M","T","T","E"],"character_chosen":"THE_SILENT","items_purchased":["Oddly Smooth Stone"],"campfire_rested":3,"item_purchase_floors":[20],"current_hp_per_floor":[41,41,38,61,50,50,46,67,67,64,54,48,48,48,70,32,61,42,42,42,41,29,65,51,51,51,0,0],"gold":400,"neow_bonus":"RANDOM_COLORLESS_2","is_daily":false,"chose_seed":false,"campfire_upgraded":1,"win_rate":0.0,"timestamp":1613786465,"path_taken":["M","M","M","?","?","R","E","R","T","E","?","E","M","?","R","BOSS","M","?","$","M","M","R","M","?","T","E"],"items_purchased_type":["Relic"],"build_version":"2020-12-22","purchased_purges":1,"victory":false,"max_hp_per_floor":[70,70,70,70,70,70,70,70,70,70,70,70,70,70,70,70,70,70,70,70,70,70,70,70,70,70,70,70],"card_choices":[{"not_picked":["Chrysalis","Metamorphosis"],"picked":"Apotheosis","floor":0},{"not_picked":["All Out Attack","Endless Agony"],"picked":"Dodge and Roll","floor":1},{"not_picked":["Riddle With Holes","Setup"],"picked":"Dagger Spray","floor":2},{"not_picked":["Infinite Blades","Backflip"],"picked":"Masterful Stab","floor":3},{"not_picked":["Deadly Poison","Acrobatics","Bullet Time"],"picked":"SKIP","floor":7},{"not_picked":["Expertise","Distraction","Accuracy"],"picked":"SKIP","floor":10},{"not_picked":["Blade Dance","Dagger Throw"],"picked":"Flying Knee","floor":11},{"not_picked":["Flechettes","Backflip"],"picked":"Cloak And Dagger","floor":12},{"not_picked":["Choke","Escape Plan","Blur"],"picked":"SKIP","floor":13},{"not_picked":["Night Terror","Tools of the Trade"],"picked":"Adrenaline","floor":16},{"not_picked":["Quick Slash","Cloak And Dagger","Dodge and Roll"],"picked":"SKIP","floor":18},{"not_picked":["Distraction+1","Eviscerate+1","Underhanded Strike"],"picked":"SKIP","floor":21},{"not_picked":["Dagger Spray","Deadly Poison+1"],"picked":"Acrobatics+1","floor":22},{"not_picked":["Night Terror","Deadly Poison","Outmaneuver+1"],"picked":"SKIP","floor":24}],"player_experience":956031,"relics_obtained":[{"floor":7,"key":"CeramicFish"},{"floor":9,"key":"Regal Pillow"},{"floor":10,"key":"Tiny Chest"},{"floor":11,"key":"Boot"},{"floor":12,"key":"Omamori"},{"floor":14,"key":"Nunchaku"},{"floor":25,"key":"Gambling Chip"},{"floor":26,"key":"Ancient Tea Set"}],"event_choices":[{"damage_healed":23,"gold_gain":0,"player_choice":"Banana","damage_taken":0,"max_hp_gain":0,"max_hp_loss":0,"event_name":"Big Fish","floor":4,"gold_loss":0},{"damage_healed":0,"gold_gain":75,"player_choice":"Gather Gold","damage_taken":11,"max_hp_gain":0,"max_hp_loss":0,"event_name":"World of Goop","floor":5,"gold_loss":0},{"damage_healed":0,"gold_gain":30,"player_choice":"Searched \u00272\u0027 times","damage_taken":0,"max_hp_gain":0,"max_hp_loss":0,"event_name":"Dead Adventurer","floor":11,"gold_loss":0},{"damage_healed":0,"gold_gain":0,"player_choice":"Obtained Relic","damage_taken":0,"relics_obtained":["WingedGreaves"],"max_hp_gain":0,"max_hp_loss":0,"event_name":"Addict","floor":19,"gold_loss":85}],"is_beta":false,"boss_relics":[{"not_picked":["Snecko Eye","Busted Crown"],"picked":"Astrolabe"}],"items_purged_floors":[20],"is_endless":false,"potions_floor_spawned":[1,7,10,11,13,21,24],"killed_by":"Gremlin Leader","ascension_level":11}}