{"host":"hnflc3t7qut4yf6t","time":1613825028,"event":{"mods":["BaseMod","Minty Spire (QoL Compilation)","Random Character Button","Relic Stats","Slay-I"],"gold_per_floor":[110,128,1,17,27,27,41,69,69,69,244,261,261,261],"floor_reached":13,"language":"ENG","playtime":397,"items_purged":[],"score":87,"play_id":"37dcd6cd-24f3-4a23-ab2e-6eb247a65013","local_time":"20210220134348","is_ascension_mode":false,"campfire_choices":[{"data":"Fire Breathing","floor":6,"key":"SMITH"},{"data":"Armaments","floor":10,"key":"SMITH"}],"circlet_count":0,"master_deck":["Strike_R","Strike_R","Strike_R","Strike_R","Strike_R","Defend_R","Defend_R","Defend_R","Defend_R","Bash","Rupture","Fire Breathing+1","Combust","PanicButton","Shockwave","Blood for Blood","Combust","Armaments+1","Doubt","Battle Trance"],"relics":["Runic Cube","Unceasing Top","HornCleat"],"acts_visited":["Exordium"],"potions_floor_usage":[2,12],"damage_taken":[{"damage":0,"enemies":"Small Slimes","floor":1,"turns":3},{"damage":6,"enemies":"Jaw Worm","floor":2,"turns":3},{"damage":3,"enemies":"Cultist","floor":4,"turns":4},{"damage":4,"enemies":"Large Slime","floor":5,"turns":5},{"damage":14,"enemies":"Blue Slaver","floor":7,"turns":4},{"damage":31,"enemies":"3 Sentries","floor":8,"turns":6},{"damage":15,"enemies":"2 Fungi Beasts","floor":12,"turns":5},{"damage":16,"enemies":"Lagavulin","floor":13,"turns":3}],"seed_played":"-5278673494011651554","potions_obtained":[{"floor":1,"key":"FearPotion"},{"floor":4,"key":"CultistPotion"},{"floor":12,"key":"Fruit Juice"}],"is_trial":false,"path_per_floor":["M","M","$","M","M","R","M","E","T","R","?","M","E"],"character_chosen":"IRONCLAD","items_purchased":["Combust","PanicButton"],"campfire_rested":0,"item_purchase_floors":[3,3],"current_hp_per_floor":[80,74,74,71,67,67,53,22,22,22,22,12,0,0],"gold":261,"neow_bonus":"BOSS_RELIC","is_daily":false,"chose_seed":false,"campfire_upgraded":2,"win_rate":0.0,"timestamp":1613825028,"path_taken":["M","M","$","M","M","R","M","E","T","R","?","M","E"],"items_purchased_type":["Card","Card"],"build_version":"2020-12-22","purchased_purges":0,"victory":false,"max_hp_per_floor":[80,80,80,80,80,80,80,80,80,80,80,85,85,85],"relic_stats":{"counters":[8,33],"obtain_stats":[{"HornCleat":9,"Burning Blood":0,"Unceasing Top":8,"Runic Cube":0},{"HornCleat":6,"Burning Blood":0,"Unceasing Top":6,"Runic Cube":0},{"HornCleat":25,"Burning Blood":0,"Unceasing Top":25,"Runic Cube":0}],"Unceasing Top":[0],"Runic Cube":[28]},"card_choices":[{"not_picked":["Sword Boomerang","Clothesline"],"picked":"Rupture","floor":1},{"not_picked":["Anger","Uppercut"],"picked":"Fire Breathing","floor":2},{"not_picked":["Heavy Blade","Pummel"],"picked":"Shockwave","floor":4},{"not_picked":["Headbutt","Sword Boomerang"],"picked":"Blood for Blood","floor":5},{"not_picked":["Thunderclap","Cleave"],"picked":"Combust","floor":7},{"not_picked":["Pommel Strike","Barricade"],"picked":"Armaments","floor":8},{"not_picked":["Headbutt","Cleave"],"picked":"Battle Trance","floor":12}],"player_experience":11159,"relics_obtained":[{"floor":8,"key":"Unceasing Top"},{"floor":9,"key":"HornCleat"}],"event_choices":[{"damage_healed":0,"gold_gain":175,"player_choice":"AGREE","damage_taken":0,"max_hp_gain":0,"max_hp_loss":0,"event_name":"Liars Game","floor":11,"gold_loss":0,"cards_obtained":["Doubt"]}],"is_beta":false,"boss_relics":[],"items_purged_floors":[],"is_endless":false,"potions_floor_spawned":[1,4,12],"killed_by":"Lagavulin","ascension_level":0}}