{"host":"vx488ommchhibo3k","time":1613815345,"event":{"mods":["BaseMod","BetterRewards","Minty Spire (QoL Compilation)","Shop Mod","StSLib"],"gold_per_floor":[115,290,290,240,34,369,380,380,404,404,418,418,418,436,436,540,540,554,15,25,25,44,44,44,44,68,82,102,113,113,125,125,228,228,246,90,0,0,13,13,26,26,26,40,59,59,59,73,73,73,73,73,11,36,36,36],"floor_reached":55,"language":"JPN","playtime":5808,"items_purged":["Strike_G","Strike_G","Defend_G","Defend_G"],"score":744,"play_id":"00653b90-bdba-4a32-b0df-6086a041089f","local_time":"20210220190225","is_ascension_mode":false,"campfire_choices":[{"floor":8,"key":"RECALL"},{"data":"Noxious Fumes","floor":10,"key":"SMITH"},{"data":"Crippling Poison","floor":12,"key":"SMITH"},{"floor":15,"key":"REST"},{"data":"Catalyst","floor":23,"key":"SMITH"},{"data":"Tools of the Trade","floor":25,"key":"SMITH"},{"data":"Neutralize","floor":30,"key":"SMITH"},{"data":"Reflex","floor":32,"key":"SMITH"},{"data":"Enlightenment","floor":40,"key":"SMITH"},{"floor":47,"key":"REST"},{"floor":49,"key":"REST"},{"data":"Venomology","floor":52,"key":"SMITH"}],"circlet_count":0,"master_deck":["Defend_G","Defend_G","Survivor","Neutralize+1","Tactician","Deadly Poison","Footwork","Acrobatics","Doubt","Prepared","Dash","Flying Knee","Noxious Fumes+1","Crippling Poison+1","Eviscerate","Tools of the Trade+1","Outmaneuver+1","Footwork","Blur","Bouncing Flask","Flechettes","Catalyst+1","Underhanded Strike","Acrobatics+1","Dagger Throw+1","PiercingWail","Reflex+1","Venomology+1","CurseOfTheBell","Outmaneuver+1","Discovery","Predator","Enlightenment+1","Deadly Poison","Crippling Poison","Well Laid Plans+1","Catalyst+1","Tactician+1","Backflip","Leg Sweep"],"relics":["Ring of the Snake","CaptainsWheel","Bag of Preparation","Sundial","Membership Card","Blood Vial","Oddly Smooth Stone","MerchantsRug","Bag of Marbles","Lantern","The Specimen","Strawberry","Red Mask","Molten Egg 2","Toy Ornithopter","Art of War","Bronze Scales"],"acts_visited":["Exordium","TheCity","TheBeyond","TheEnding"],"potions_floor_usage":[6,22,31,33,35,41,41,45,45,45,50,50,54,55],"damage_taken":[{"damage":0,"enemies":"Jaw Worm","floor":1,"turns":4},{"damage":7,"enemies":"Lagavulin","floor":6,"turns":8},{"damage":0,"enemies":"2 Louse","floor":7,"turns":3},{"damage":0,"enemies":"Small Slimes","floor":11,"turns":4},{"damage":1,"enemies":"Blue Slaver","floor":14,"turns":4},{"damage":13,"enemies":"The Guardian","floor":16,"turns":8},{"damage":10,"enemies":"Chosen","floor":18,"turns":5},{"damage":0,"enemies":"Shell Parasite","floor":20,"turns":6},{"damage":9,"enemies":"Centurion and Healer","floor":22,"turns":8},{"damage":0,"enemies":"Cultist and Chosen","floor":27,"turns":4},{"damage":0,"enemies":"Snecko","floor":28,"turns":4},{"damage":12,"enemies":"Shelled Parasite and Fungi","floor":29,"turns":7},{"damage":3,"enemies":"Snake Plant","floor":31,"turns":4},{"damage":0,"enemies":"Collector","floor":33,"turns":6},{"damage":2,"enemies":"Orb Walker","floor":35,"turns":5},{"damage":0,"enemies":"3 Shapes","floor":39,"turns":5},{"damage":24,"enemies":"3 Darklings","floor":41,"turns":5},{"damage":1,"enemies":"Sphere and 2 Shapes","floor":44,"turns":3},{"damage":44,"enemies":"Spire Growth","floor":45,"turns":7},{"damage":32,"enemies":"Jaw Worm Horde","floor":48,"turns":5},{"damage":39,"enemies":"Time Eater","floor":50,"turns":7},{"damage":22,"enemies":"Shield and Spear","floor":54,"turns":5},{"damage":118,"enemies":"The Heart","floor":55,"turns":10}],"seed_played":"-6069929823266065279","potions_obtained":[{"floor":1,"key":"AttackPotion"},{"floor":14,"key":"FearPotion"},{"floor":16,"key":"Swift Potion"},{"floor":18,"key":"CunningPotion"},{"floor":28,"key":"CunningPotion"},{"floor":31,"key":"ColorlessPotion"},{"floor":41,"key":"Weak Potion"},{"floor":44,"key":"Dexterity Potion"},{"floor":45,"key":"FearPotion"}],"is_trial":false,"path_per_floor":["M","?","?","?","$","E","M","R","T","R","M","R","?","M","R","B",null,"M","$","M","?","M","R","?","R","T","M","M","M","R","M","R","B",null,"M","$","?","?","M","R","M","?","T","M","M","?","R","M","R","B",null,"R","$","E","B"],"character_chosen":"THE_SILENT","items_purchased":["Tactician","Deadly Poison","Footwork","Bag of Preparation","Sundial","Prepared","Dash","Membership Card","Footwork","Blur","Bouncing Flask","Blood Vial","Oddly Smooth Stone","MerchantsRug","Discovery","Strawberry","Predator","Toy Ornithopter","Art of War","Backflip"],"campfire_rested":3,"item_purchase_floors":[0,0,0,0,0,5,5,19,19,19,19,19,19,19,36,36,36,53,53,53],"current_hp_per_floor":[38,38,31,31,31,24,24,24,24,24,24,24,17,16,37,24,70,60,60,62,62,55,55,42,42,42,44,46,36,36,35,35,37,75,73,80,80,80,84,84,60,60,60,61,19,19,44,14,39,2,84,84,84,67,0,0],"gold":36,"neow_bonus":"","is_daily":false,"chose_seed":false,"campfire_upgraded":8,"win_rate":0.0,"timestamp":1613815345,"path_taken":["M","?","?","?","$","E","M","R","T","R","M","R","?","?","R","BOSS","M","$","M","?","M","R","?","R","T","?","?","M","R","M","R","BOSS","M","$","?","?","M","R","M","?","T","M","M","?","R","M","R","BOSS","R","$","E","BOSS"],"items_purchased_type":["Card","Card","Card","Relic","Relic","Card","Card","Relic","Card","Card","Card","Relic","Relic","Relic","Card","Relic","Card","Relic","Relic","Card"],"build_version":"2020-12-22","purchased_purges":4,"victory":false,"max_hp_per_floor":[70,70,70,70,70,70,70,70,70,70,70,70,70,70,70,70,70,70,70,70,70,70,70,75,75,75,75,75,75,75,75,75,75,75,75,82,82,82,84,84,84,84,84,84,84,84,84,84,84,84,84,84,84,84,84,84],"card_choices":[{"not_picked":["Reflex","Deadly Poison"],"picked":"Acrobatics","floor":1},{"not_picked":["Night Terror","Dodge and Roll"],"picked":"Flying Knee","floor":6},{"not_picked":["Poisoned Stab","Deadly Poison"],"picked":"Noxious Fumes","floor":7},{"not_picked":["Backflip","Sucker Punch"],"picked":"Crippling Poison","floor":11},{"not_picked":["Dodge and Roll","Infinite Blades"],"picked":"Eviscerate","floor":14},{"not_picked":["A Thousand Cuts","Venomology"],"picked":"Tools of the Trade","floor":16},{"not_picked":["Quick Slash","Deadly Poison"],"picked":"Outmaneuver+1","floor":18},{"not_picked":["Outmaneuver","Deflect"],"picked":"Flechettes","floor":20},{"not_picked":["Dagger Throw","Eviscerate"],"picked":"Underhanded Strike","floor":22},{"not_picked":["Choke","Heel Hook"],"picked":"Acrobatics+1","floor":27},{"not_picked":["Finisher+1","Footwork"],"picked":"Dagger Throw+1","floor":28},{"not_picked":["Sucker Punch","Masterful Stab+1"],"picked":"PiercingWail","floor":29},{"not_picked":["Dagger Spray","Tactician+1"],"picked":"Reflex","floor":31},{"not_picked":["Unload","Corpse Explosion"],"picked":"Venomology","floor":33},{"not_picked":["Blade Dance+1","Sucker Punch"],"picked":"Outmaneuver+1","floor":35},{"not_picked":["Flash of Steel","Deep Breath"],"picked":"Enlightenment","floor":38},{"not_picked":["Prepared","Distraction","Riddle With Holes"],"picked":"Singing Bowl","floor":39},{"not_picked":["Endless Agony+1","Blade Dance+1"],"picked":"Deadly Poison","floor":41},{"not_picked":["Sucker Punch+1","Slice+1"],"picked":"Crippling Poison","floor":44},{"not_picked":["Accuracy+1","Dash+1"],"picked":"Well Laid Plans+1","floor":45},{"not_picked":["Flying Knee+1","Acrobatics"],"picked":"Tactician+1","floor":48},{"not_picked":["Poisoned Stab+1","Calculated Gamble+1"],"picked":"Leg Sweep","floor":54}],"player_experience":128643,"relics_obtained":[{"floor":6,"key":"Old Coin"},{"floor":26,"key":"Bag of Marbles"},{"floor":34,"key":"Lantern"},{"floor":34,"key":"Singing Bowl"},{"floor":34,"key":"The Specimen"},{"floor":43,"key":"Molten Egg 2"},{"floor":54,"key":"Bronze Scales"}],"event_choices":[{"damage_healed":0,"gold_gain":175,"player_choice":"AGREE","damage_taken":0,"max_hp_gain":0,"max_hp_loss":0,"event_name":"Liars Game","floor":2,"gold_loss":0,"cards_obtained":["Doubt"]},{"cards_removed":["Strike_G"],"damage_healed":0,"gold_gain":0,"player_choice":"Card Removal","damage_taken":7,"max_hp_gain":0,"max_hp_loss":0,"event_name":"Golden Wing","floor":3,"gold_loss":0},{"cards_removed":["Strike_G"],"damage_healed":0,"gold_gain":0,"player_choice":"Card Removal","damage_taken":0,"max_hp_gain":0,"max_hp_loss":0,"event_name":"The Cleric","floor":4,"gold_loss":50},{"damage_healed":0,"gold_gain":0,"player_choice":"Success","damage_taken":7,"relics_obtained":["Ancient Tea Set"],"max_hp_gain":0,"max_hp_loss":0,"event_name":"Scrap Ooze","floor":13,"gold_loss":0},{"damage_healed":0,"gold_gain":0,"player_choice":"Read","damage_taken":0,"max_hp_gain":0,"max_hp_loss":0,"event_name":"The Library","floor":21,"gold_loss":0,"cards_obtained":["Catalyst"]},{"damage_healed":0,"gold_gain":0,"player_choice":"Shed Blood","damage_taken":18,"max_hp_gain":5,"max_hp_loss":0,"event_name":"Forgotten Altar","floor":24,"gold_loss":0},{"damage_healed":0,"gold_gain":0,"player_choice":"Paid","damage_taken":0,"relics_obtained":["Red Mask"],"max_hp_gain":0,"max_hp_loss":0,"event_name":"Tomb of Lord Red Mask","floor":37,"gold_loss":90},{"damage_healed":0,"gold_gain":0,"player_choice":"Memory 1","damage_taken":0,"max_hp_gain":0,"max_hp_loss":0,"event_name":"SensoryStone","floor":38,"gold_loss":0},{"damage_healed":0,"gold_gain":0,"player_choice":"Ignored","damage_taken":0,"max_hp_gain":0,"max_hp_loss":0,"event_name":"Mysterious Sphere","floor":42,"gold_loss":0},{"damage_healed":0,"gold_gain":0,"player_choice":"Copied","damage_taken":0,"max_hp_gain":0,"max_hp_loss":0,"event_name":"Duplicator","floor":46,"gold_loss":0,"cards_obtained":["Catalyst"]}],"is_beta":false,"boss_relics":[{"not_picked":["Philosopher\u0027s Stone","Ectoplasm"],"picked":"Empty Cage"},{"not_picked":["Fusion Hammer","Black Star"],"picked":"Calling Bell"}],"items_purged_floors":[0,5,19,36],"is_endless":false,"potions_floor_spawned":[1,14,16,18,28,31,41,44,45],"killed_by":"The Heart","ascension_level":0}}