{"host":"gm50ke85n5jz306u","time":1613851432,"event":{"mods":["AchievementEnabler","AlwaysNeverKeys","Aspiration","BaseMod","Bestiary","Better Altar","Better Match","Better Note","Better Sensory Stone","Better Skull","Better Third Choice","Better Vampires","Better-Laid Plans","BetterRewards","Colored Powertips","Curses Come First","DNKmod","Decade(???)","Defuse TimeMaze Blight","Disable Question Mark Monsters","Displayed Cursed Tome","Downfall","Emptier Cage","Extra Virgin Snecko Oil","Filter the Spire","Friendly Minions","Gremlin Skip","Hermit","Hubris","Hyrulean Relics","Ironclad Rager","Jorbs\u0027s Wanderer Trilogy","KinomotoSakuraMod(????)","Koishi","Lobotomy","Marisa????????","Marked Mod","Minty Spire (QoL Compilation)","Permanent Neow","Poor People Problems","Quick Restart","Reimu??????","Relic Filter Mod","Relic Sorter","Remilia??????","Remove Card Discount Mod","Reorder Act Four","Replay The Spire","Shop Mod","StSLib","Synergy Search","Td1madao Mod","The Administrix","The Animator","The Blue Laboratory","The Bug Knight","The Construct","The Cursed","The Disciple","The Hierophant","The Necromancer","The Poker Player","The Runesmith","The Senshi","The Servant 0.9.4","Thieving Mod","Transform Curses","WarShipGirlsR/????R mod","Youmu??????"],"gold_per_floor":[9800,9800,9950,10008,10008,9373,9373,8906,8932,8932,8942,8976,8346,8346,8361,8461,8461,8461,8480,8480,8480,8484,8509,8587,8587,8612,8612,8645,8645,8664,8664,8689,8798,8798,8798,8822,8822,8822,8735,8785,8817,8917,8942,8970,8987,8987,9020,8601,8616,8616],"floor_reached":51,"language":"ENG","playtime":8190,"items_purged":["downfall:Icky","champ:Execute","champ:Strike","champ:Strike","champ:Strike","champ:Strike","champ:Backstep","champ:Taunt+1","champ:Defend","champ:Defend","Blind","champ:StanceDance","champ:FancyFootwork","champ:Lariat","champ:Defend","champ:Defend","champ:Devastate","champ:DeathBlow","champ:RapidStrikes","champ:PreciseThrust","champ:RisingSlash","champ:ShieldWall","champ:ShieldWall","champ:CrownThrow","champ:EnGarde","champ:AdrenalArmor","champ:Shatter","champ:CrookedStrike","hubris:Greed","champ:GutPunch","champ:FaceSlap+1","champ:RisingSlash+1","Sickly","Parasite","champ:CrookedStrike+1"],"score":881,"play_id":"091162d4-b5fa-4a77-9242-f05ec469f30d","local_time":"20210220210352","is_ascension_mode":false,"campfire_choices":[{"data":"champ:Taunt","floor":1.0,"key":"SMITH"},{"data":"champ:ShieldSlam","floor":10.0,"key":"SMITH"},{"data":"champ:SwordThrow","floor":18.0,"key":"SMITH"},{"data":"champ:FanOfKnives","floor":25.0,"key":"SMITH"},{"data":"champ:VampiricStrike","floor":27.0,"key":"SMITH"},{"data":"champ:Improvising","floor":35,"key":"SMITH"},{"data":"champ:Endure","floor":46,"key":"SMITH"}],"circlet_count":0,"master_deck":["champ:Endure+1","champ:FanOfKnives+1","champ:VampiricStrike+1","champ:Endure","champ:ShieldSlam+1","champ:SwordThrow+1","champ:Endure","champ:Endure","champ:Shatter+1","champ:LastStand+1","champ:CrownThrow+1","champ:Endure","champ:FanOfKnives+1","champ:FanOfKnives+1","champ:Improvising+1","champ:FocusedBerserking+1","champ:EnragedBash+1"],"relics":["champ:ChampionCrown","Shuriken","Happy Flower","hubris:Icosahedron","InkBottle","MerchantsRug","Membership Card","MealTicket","downfall:HeartsMalice","downfall:HeartBlessingRed","downfall:HeartBlessingGreen","Prayer Wheel","aspiration:HummingbirdHeart","Calipers","Medical Kit","Juzu Bracelet","Unceasing Top","Bird Faced Urn","Garlic","Molten Egg 2","Replay:WaspNest","Cursed Key","CeramicFish","Ice Cream","Lee\u0027s Waffle","Mirror","aspiration:MobileForge","PureWhite:ReiMu","Bronze Scales","White Beast Statue","hubris:FunFungus","ClockworkSouvenir","hubris:64BitClover"],"acts_visited":["Exordium","TheCity","TheBeyond"],"potions_floor_usage":[47,50,50],"damage_taken":[{"damage":0.0,"enemies":"Jaw Worm","floor":2.0,"turns":1.0},{"damage":0.0,"enemies":"Lagavulin Event","floor":4.0,"turns":1.0},{"damage":0.0,"enemies":"Small Slimes","floor":5.0,"turns":1.0},{"damage":15.0,"enemies":"downfall:FleeingMerchant","floor":6.0,"turns":4.0},{"damage":15.0,"enemies":"downfall:FleeingMerchant","floor":8.0,"turns":4.0},{"damage":20.0,"enemies":"Lagavulin","floor":9.0,"turns":5.0},{"damage":10.0,"enemies":"Cultist","floor":11.0,"turns":3.0},{"damage":15.0,"enemies":"Gremlin Nob","floor":12.0,"turns":4.0},{"damage":21.0,"enemies":"downfall:FleeingMerchant","floor":13.0,"turns":4.0},{"damage":10.0,"enemies":"Large Slime","floor":15.0,"turns":3.0},{"damage":60.0,"enemies":"DF_ARCHETYPE_STREAMLINE","floor":16.0,"turns":5.0},{"damage":5.0,"enemies":"Shell Parasite","floor":19.0,"turns":2.0},{"damage":50.0,"enemies":"downfall:FleeingMerchant","floor":22.0,"turns":4.0},{"damage":15.0,"enemies":"downfall:LooterAlt2","floor":23.0,"turns":3.0},{"damage":35.0,"enemies":"Sentry and Sphere","floor":26.0,"turns":2.0},{"damage":20.0,"enemies":"Snecko","floor":28.0,"turns":2.0},{"damage":10.0,"enemies":"Centurion and Healer","floor":30.0,"turns":3.0},{"damage":2.0,"enemies":"Cultist and Chosen","floor":32.0,"turns":2.0},{"damage":40,"enemies":"IC_MUSHROOM_ARCHETYPE","floor":33,"turns":4},{"damage":0,"enemies":"Orb Walker","floor":36,"turns":2},{"damage":15,"enemies":"Orb Walker","floor":40,"turns":3},{"damage":25,"enemies":"downfall:LadyInBlue","floor":42,"turns":4},{"damage":10,"enemies":"3 Darklings","floor":43,"turns":2},{"damage":40,"enemies":"Writhing Mass","floor":44,"turns":4},{"damage":10,"enemies":"Jaw Worm Horde","floor":45,"turns":1},{"damage":5,"enemies":"Reptomancer","floor":47,"turns":3},{"damage":18,"enemies":"Sphere and 2 Shapes","floor":49,"turns":2},{"damage":55,"enemies":"SI_POISON_ARCHETYPE","floor":50,"turns":6}],"seed_played":"-4217493117451411246","potions_obtained":[{"floor":9.0,"key":"blueLaboratory:RecallPotion"},{"floor":16.0,"key":"blueLaboratory:CorrosionFlask"},{"floor":40,"key":"blueLaboratory:ExaltedPotion"},{"floor":42,"key":"DuplicationPotion"},{"floor":43,"key":"blueLaboratory:EmptyBottle"},{"floor":47,"key":"champ:OpenerPotion"},{"floor":49,"key":"blueLaboratory:Moonshine"}],"is_trial":false,"path_per_floor":["R","M","?","?","M","$","T","$","E","R","M","E","$","?","M","B",null,"R","M","?","?","$","M","T","R","M","R","M","?","M","?","M","B",null,"R","M","?","?","$","?","T","?","M","M","M","R","E","$","M","B",null],"character_chosen":"THE_CHAMP","items_purchased":["Membership Card","MealTicket","MerchantsRug","aspiration:HummingbirdHeart","Block Potion","champ:VampiricStrike","champ:RapidStrikes","champ:EnGarde","champ:ShieldWall","Medical Kit","Juzu Bracelet","InkBottle","champ:Endure","champ:ShieldSlam","champ:GutPunch","Swift Potion","Blind","Garlic","Pet Ghost","Orrery","Molten Egg 2","Replay:WaspNest","champ:RisingSlash+1","champ:Endure","champ:Endure","champ:CrookedStrike+1","CeramicFish","Ice Cream","Lee\u0027s Waffle","Happy Flower","Shuriken","ClockworkSouvenir","hubris:64BitClover","blueLaboratory:FruitPunch","champ:EnragedBash+1"],"campfire_rested":0,"item_purchase_floors":[6,6,6,6,6,6,6,6,6,8,8,8,8,8,8,8,8,13,13,13,13,13,13,13,22,22,22,22,22,39,48,48,48,48,48],"current_hp_per_floor":[90,90,90,90,90,90,90,90,90,90,90,75,89,90,90,80,90,90,90,90,90,97,97,97,97,97,97,97,97,97,78,76,102,102,102,102,102,102,102,102,102,102,102,102,102,102,102,99,98,101],"gold":8616,"neow_bonus":"THREE_ENEMY_KILL","is_daily":false,"chose_seed":false,"campfire_upgraded":7,"win_rate":0.0,"timestamp":1613851432,"path_taken":["R","M","?","?","M","$","T","$","E","R","M","E","$","?","M","BOSS","R","M","?","?","$","M","T","R","M","R","M","?","M","?","M","BOSS","R","M","?","?","$","?","T","?","M","M","M","R","E","$","M","BOSS"],"items_purchased_type":["Relic","Relic","Relic","Relic","Potion","Card","Card","Card","Card","Relic","Relic","Relic","Card","Card","Card","Potion","Card","Relic","Relic","Relic","Relic","Relic","Card","Card","Card","Card","Relic","Relic","Relic","Relic","Relic","Relic","Relic","Potion","Card"],"build_version":"2020-12-22","purchased_purges":35,"victory":true,"max_hp_per_floor":[90,90,90,90,90,90,90,90,90,90,90,90,90,90,90,90,90,90,90,90,90,97,97,97,97,97,97,97,97,97,102,102,102,102,102,102,102,102,102,102,102,102,102,102,102,102,102,99,99,101],"card_choices":[{"not_picked":["champ:Circumvent","champ:BladeFlurry"],"picked":"champ:Backstep","floor":2.0},{"not_picked":["champ:DeathBlow","champ:PreciseThrust"],"picked":"champ:CrownThrow","floor":4.0},{"not_picked":["champ:Circumvent","champ:FlashCut"],"picked":"champ:Endure","floor":5.0},{"not_picked":["champ:BerserkersShout","champ:Circumvent"],"picked":"champ:FanOfKnives","floor":5.0},{"not_picked":["champ:Haymaker","champ:AdrenalArmor"],"picked":"champ:DeathBlow","floor":6.0},{"not_picked":["champ:UltimateStance","champ:CalledShot"],"picked":"champ:FancyFootwork","floor":8.0},{"not_picked":["champ:FalseCounter","champ:Haymaker"],"picked":"champ:PreciseThrust","floor":9.0},{"not_picked":["champ:FancyFootwork","champ:GutPunch"],"picked":"champ:StanceDance","floor":11.0},{"not_picked":["champ:ArenaPreparation","champ:PerfectedStrike","champ:RapidStrikes"],"picked":"SKIP","floor":11.0},{"not_picked":["champ:PreemptiveStrike","champ:RecklessLeap"],"picked":"champ:RisingSlash","floor":12.0},{"not_picked":["champ:Lariat","champ:Backstep"],"picked":"champ:SwordThrow","floor":13.0},{"not_picked":["champ:PerfectedStrike","champ:PreemptiveStrike"],"picked":"champ:Devastate","floor":13.0},{"not_picked":["champ:StanceDance","champ:BringItOn"],"picked":"champ:Lariat","floor":13.0},{"not_picked":["champ:EnGarde","champ:Backstep"],"picked":"champ:Shatter","floor":13.0},{"not_picked":["champ:FocusedDefense","champ:Backstep"],"picked":"champ:AdrenalArmor","floor":13.0},{"not_picked":["champ:ArenaPreparation","champ:DefensiveShout"],"picked":"champ:CrookedStrike","floor":13.0},{"not_picked":["champ:Backstep","champ:BladeFlurry+1"],"picked":"champ:Endure","floor":15.0},{"not_picked":["champ:BringItOn","champ:BerserkersShout"],"picked":"champ:Shatter+1","floor":15.0},{"not_picked":["champ:StrikeOfGenius","champ:MurderStrike+1"],"picked":"champ:LastStand","floor":16.0},{"not_picked":["champ:FancyFootwork+1","champ:DefensiveShout+1","champ:EnGarde"],"picked":"SKIP","floor":19.0},{"not_picked":["champ:PreciseThrust+1","champ:FlashCut+1","champ:Encircle+1"],"picked":"SKIP","floor":19.0},{"not_picked":["champ:PerfectedStrike+1","champ:RecklessLeap+1"],"picked":"champ:CrownThrow+1","floor":22.0},{"not_picked":["champ:FancyFootwork","champ:TripleStrike+1"],"picked":"champ:FanOfKnives+1","floor":23.0},{"not_picked":["champ:Duel+1","champ:CrownThrow+1","champ:BringItOn+1"],"picked":"SKIP","floor":23.0},{"not_picked":["champ:FlashCut+1","champ:Encircle+1"],"picked":"champ:FanOfKnives+1","floor":26.0},{"not_picked":["champ:BringItOn","champ:RisingSlash+1","champ:Haymaker+1"],"picked":"SKIP","floor":26.0},{"not_picked":["champ:FlashCut+1","champ:BladeFlurry+1"],"picked":"champ:FaceSlap+1","floor":28.0},{"not_picked":["champ:PerfectedStrike+1","champ:ArenaPreparation","champ:FanOfKnives+1"],"picked":"SKIP","floor":28.0},{"not_picked":["champ:Haymaker+1","champ:StrikeOfGenius","champ:FalseCounter+1"],"picked":"SKIP","floor":30.0},{"not_picked":["champ:RecklessLeap+1","champ:BerserkersShout","champ:EnGarde+1"],"picked":"SKIP","floor":30.0},{"not_picked":["champ:Backstep","champ:RecklessLeap+1","champ:EnGarde"],"picked":"SKIP","floor":32.0},{"not_picked":["champ:FlashCut+1","champ:PreemptiveStrike+1","champ:PerfectedStrike+1"],"picked":"SKIP","floor":32.0},{"not_picked":["champ:CheapShot+1","champ:IgnorePain"],"picked":"champ:Improvising","floor":33},{"not_picked":["champ:StanceDance+1","champ:ShieldWall+1","champ:PerfectedStrike+1"],"picked":"SKIP","floor":36},{"not_picked":["champ:PerfectedStrike+1","champ:FancyFootwork+1","champ:PreemptiveStrike+1"],"picked":"SKIP","floor":36},{"not_picked":["champ:Encircle+1","champ:RapidStrikes+1"],"picked":"champ:FocusedBerserking+1","floor":43},{"not_picked":["champ:Circumvent+1","champ:HeartStrike+1","champ:BringItOn+1"],"picked":"SKIP","floor":43},{"not_picked":["champ:BladeFlurry+1","champ:FanOfKnives+1","champ:GutPunch+1"],"picked":"SKIP","floor":44},{"not_picked":["champ:FocusedDefense","champ:PreciseThrust+1","champ:BringItOn"],"picked":"SKIP","floor":44},{"not_picked":["champ:FanOfKnives+1","champ:Shatter+1","champ:SetATrap"],"picked":"SKIP","floor":45},{"not_picked":["champ:CrookedStrike+1","champ:RisingSlash+1","champ:BladeFlurry+1"],"picked":"SKIP","floor":45},{"not_picked":["champ:FanOfKnives+1","champ:Shatter+1","champ:SetATrap"],"picked":"SKIP","floor":45},{"not_picked":["champ:CrookedStrike+1","champ:RisingSlash+1","champ:BladeFlurry+1"],"picked":"SKIP","floor":45},{"not_picked":["champ:GutPunch+1","champ:Shatter+1","champ:Circumvent+1"],"picked":"SKIP","floor":47},{"not_picked":["champ:SteelEdge+1","champ:Backstep","champ:Lariat"],"picked":"SKIP","floor":49},{"not_picked":["champ:DefensiveShout+1","champ:Encircle+1","champ:StanceDance+1"],"picked":"SKIP","floor":49}],"player_experience":330892,"relics_obtained":[{"floor":4.0,"key":"Prayer Wheel"},{"floor":7.0,"key":"Calipers"},{"floor":9.0,"key":"Unceasing Top"},{"floor":12.0,"key":"Bird Faced Urn"},{"floor":24.0,"key":"Mirror"},{"floor":40,"key":"PureWhite:ReiMu"},{"floor":41,"key":"Bronze Scales"},{"floor":42,"key":"White Beast Statue"},{"floor":47,"key":"hubris:FunFungus"}],"event_choices":[{"damage_healed":0.0,"max_hp_gain":0.0,"max_hp_loss":0.0,"gold_gain":0.0,"event_name":"betterNote:BetterNote","player_choice":"Ignored","floor":21.0,"gold_loss":0.0,"damage_taken":0.0,"cards_obtained":["Mayhem"]},{"damage_healed":0,"gold_gain":0,"player_choice":"Forge","damage_taken":0,"max_hp_gain":0,"max_hp_loss":0,"event_name":"Accursed Blacksmith","floor":37,"gold_loss":0,"cards_upgraded":["champ:LastStand"]}],"is_beta":false,"boss_relics":[{"not_picked":["bronze:MakeshiftBattery","aspiration:RunicSpoon"],"picked":"Cursed Key"},{"not_picked":["Painkiller Herb","Tiny House"],"picked":"aspiration:MobileForge"}],"items_purged_floors":[6,6,6,6,6,6,6,6,6,8,8,13,13,13,13,13,13,13,13,13,13,13,13,22,22,22,22,22,39,39,39,39,48,48,48],"is_endless":false,"potions_floor_spawned":[9,15,16,19,28,30,36,40,42,43,44,45,47,49],"ascension_level":0}}