{"host":"0kk91h4bq4kgfj0u","time":1613851825,"event":{"mods":["BaseMod","Bestiary","Block Reminder","Colored Map","Colored Powertips","Curses Come First","Highlight Path","Minty Spire (QoL Compilation)","Relic Stats","StSLib"],"gold_per_floor":[113,131,231,251,264,264,282,311,365,381,381,393,349,58,58,159,159,174,2,20,20,20],"floor_reached":21,"language":"ENG","playtime":881,"items_purged":["Strike_G"],"score":247,"play_id":"29f72dd0-b464-4c5c-a476-5e9d1e36ed44","local_time":"20210220151025","is_ascension_mode":true,"campfire_choices":[{"floor":6.0,"key":"REST"},{"floor":15,"key":"REST"}],"circlet_count":0,"master_deck":["Strike_G+1","Strike_G+1","Strike_G","Strike_G","Defend_G","Defend_G","Defend_G","Defend_G","Defend_G+1","Survivor","Neutralize","Tactician","Deadly Poison","Blade Dance+1","Flying Knee","Dagger Throw","Backflip","Dagger Spray","Parasite","Sucker Punch","Underhanded Strike","After Image","Backflip","Deflect","Poisoned Stab","Accuracy"],"relics":["Ring of the Snake","Whetstone","War Paint","HandDrill","WristBlade"],"acts_visited":["Exordium","TheCity"],"potions_floor_usage":[20],"damage_taken":[{"damage":0.0,"enemies":"2 Louse","floor":1.0,"turns":4.0},{"damage":1.0,"enemies":"Cultist","floor":2.0,"turns":5.0},{"damage":1.0,"enemies":"Jaw Worm","floor":4.0,"turns":4.0},{"damage":31.0,"enemies":"Large Slime","floor":5.0,"turns":7.0},{"damage":8.0,"enemies":"Blue Slaver","floor":7.0,"turns":3.0},{"damage":37.0,"enemies":"3 Sentries","floor":8.0,"turns":12.0},{"damage":9,"enemies":"3 Louse","floor":10,"turns":5},{"damage":8,"enemies":"Exordium Thugs","floor":12,"turns":4},{"damage":45,"enemies":"Hexaghost","floor":16,"turns":13},{"damage":25,"enemies":"3 Byrds","floor":18,"turns":7},{"damage":13,"enemies":"Spheric Guardian","floor":20,"turns":6},{"damage":25,"enemies":"Chosen and Byrds","floor":21,"turns":6}],"seed_played":"5510295473580397422","potions_obtained":[{"floor":4.0,"key":"Dexterity Potion"},{"floor":7.0,"key":"DuplicationPotion"},{"floor":16,"key":"Block Potion"},{"floor":20,"key":"LiquidBronze"}],"is_trial":false,"path_per_floor":["M","M","?","M","M","R","M","E","T","M","?","M","?","$","R","B",null,"M","$","M","M"],"character_chosen":"THE_SILENT","items_purchased":["FairyPotion","HandDrill","Underhanded Strike","Deflect","Poisoned Stab"],"campfire_rested":2,"item_purchase_floors":[14,14,14,19,19],"current_hp_per_floor":[70,69,69,68,37,60,52,15,15,6,25,17,17,17,40,20,63,38,38,25,0,0],"gold":20,"neow_bonus":"TEN_PERCENT_HP_BONUS","is_daily":false,"chose_seed":false,"campfire_upgraded":0,"win_rate":0.0,"timestamp":1613851825,"path_taken":["M","M","?","?","M","R","M","E","T","M","?","M","?","$","R","BOSS","M","$","M","M"],"items_purchased_type":["Potion","Relic","Card","Card","Card"],"build_version":"2020-12-22","purchased_purges":1,"victory":false,"max_hp_per_floor":[77,77,77,77,77,77,77,77,77,77,77,77,77,77,77,77,77,77,77,77,77,77],"relic_stats":{"counters":[12,76],"HandDrill":[4],"Whetstone":["Strike_G","Strike_G"],"War Paint":["Defend_G","Blade Dance"],"obtain_stats":[{"WristBlade":17,"HandDrill":14,"Whetstone":8,"War Paint":9,"Ring of the Snake":0},{"WristBlade":9,"HandDrill":8,"Whetstone":6,"War Paint":6,"Ring of the Snake":0},{"WristBlade":57,"HandDrill":44,"Whetstone":35,"War Paint":35,"Ring of the Snake":0}],"Ring of the Snake":[24]},"card_choices":[{"not_picked":["Deflect","Expertise"],"picked":"Tactician","floor":1.0},{"not_picked":["PiercingWail","Dagger Spray"],"picked":"Deadly Poison","floor":2.0},{"not_picked":["Infinite Blades","Deadly Poison"],"picked":"Blade Dance","floor":4.0},{"not_picked":["Outmaneuver","Wraith Form v2"],"picked":"Flying Knee","floor":5.0},{"not_picked":["Deflect","Deadly Poison"],"picked":"Dagger Throw","floor":7.0},{"not_picked":["Bouncing Flask","Deadly Poison"],"picked":"Backflip","floor":8.0},{"not_picked":["Backstab","Bane"],"picked":"Dagger Spray","floor":10},{"not_picked":["Quick Slash","Concentrate"],"picked":"Sucker Punch","floor":12},{"not_picked":["Wraith Form v2","Grand Finale"],"picked":"After Image","floor":16},{"not_picked":["Quick Slash","Sucker Punch"],"picked":"Backflip","floor":18},{"not_picked":["All Out Attack+1","Deadly Poison"],"picked":"Accuracy","floor":20}],"player_experience":892972,"relics_obtained":[{"floor":8.0,"key":"Whetstone"},{"floor":9.0,"key":"War Paint"}],"event_choices":[{"damage_healed":0.0,"max_hp_gain":0.0,"max_hp_loss":0.0,"gold_gain":100.0,"event_name":"Golden Shrine","player_choice":"Pray","floor":3.0,"gold_loss":0.0,"damage_taken":0.0},{"damage_healed":19,"gold_gain":0,"player_choice":"Healed and dodged fight","damage_taken":0,"max_hp_gain":0,"max_hp_loss":0,"event_name":"Mushrooms","floor":11,"gold_loss":0,"cards_obtained":["Parasite"]},{"damage_healed":0,"gold_gain":0,"player_choice":"Left Gold","damage_taken":0,"max_hp_gain":0,"max_hp_loss":0,"event_name":"World of Goop","floor":13,"gold_loss":44}],"is_beta":false,"boss_relics":[{"not_picked":["Tiny House","SacredBark"],"picked":"WristBlade"}],"items_purged_floors":[19],"is_endless":false,"potions_floor_spawned":[4,7,16,20],"killed_by":"Chosen and Byrds","ascension_level":7}}