{"host":"i45hfqkcke4zequp","time":1613835536,"event":{"mods":["AchievementEnabler","BaseMod","BetterRewards","Minty Spire (QoL Compilation)","Permanent Neow","Shop Mod","SuperFastMode"],"gold_per_floor":[115,115,127,147,147,182,182,132,132,132,150,150,183,194,194,299,299,316,328,279,554,570,570,589,589,613,642,654,766,404,432,432,537,537,549,346,357,79,98,98,98,98,98,112,126,161,179,210,210,210],"floor_reached":51,"language":"KOR","playtime":1749,"items_purged":["Regret"],"score":1306,"play_id":"2bf67113-7547-4644-a33b-c8a2531d78b4","local_time":"20210221003856","is_ascension_mode":true,"campfire_choices":[{"floor":7.0,"key":"REST"},{"data":"1","floor":12.0,"key":"LIFT"},{"data":"2","floor":15.0,"key":"LIFT"},{"data":"3","floor":23.0,"key":"LIFT"},{"data":"Perfected Strike","floor":25.0,"key":"SMITH"},{"data":"Perfected Strike","floor":32.0,"key":"SMITH"},{"data":"Bash","floor":40.0,"key":"SMITH"},{"data":"Strike_R","floor":49,"key":"SMITH"}],"circlet_count":0,"master_deck":["AscendersBane","Strike_R","Strike_R","Strike_R","Strike_R+1","Strike_R","Defend_R","Defend_R","Defend_R","Defend_R","Bash+1","Perfected Strike+1","Combust+1","Perfected Strike+1","Cleave+1","Thunderclap+1","Berserk+1","Heavy Blade+1","Berserk+1","Flex+1","Perfected Strike+1","Sword Boomerang+1","Twin Strike+1","Wild Strike+1","Twin Strike+1","Heavy Blade+1","Exhume","Demon Form+1","CurseOfTheBell","Perfected Strike+1","Perfected Strike+1","Heavy Blade+1","Inflame+1","Pommel Strike+1","Thunderclap+1","Twin Strike+1","Dropkick+1"],"relics":["Black Blood","Magic Flower","Girya","Frozen Egg 2","Molten Egg 2","Strawberry","Boot","CultistMask","Paper Frog","MawBank","CaptainsWheel","Kunai","Gremlin Horn","Bag of Marbles","Calling Bell","Happy Flower","Eternal Feather","StoneCalendar","Lantern","Anchor","Toxic Egg 2","Singing Bowl","Pocketwatch","Art of War"],"acts_visited":["Exordium","TheCity","TheBeyond"],"potions_floor_usage":[48,50],"damage_taken":[{"damage":6.0,"enemies":"Cultist","floor":1.0,"turns":3.0},{"damage":12.0,"enemies":"2 Louse","floor":3.0,"turns":4.0},{"damage":12.0,"enemies":"Jaw Worm","floor":4.0,"turns":2.0},{"damage":26.0,"enemies":"3 Sentries","floor":6.0,"turns":4.0},{"damage":2.0,"enemies":"Large Slime","floor":11.0,"turns":4.0},{"damage":16.0,"enemies":"Gremlin Nob","floor":13.0,"turns":3.0},{"damage":11.0,"enemies":"Exordium Thugs","floor":14.0,"turns":3.0},{"damage":2.0,"enemies":"Slime Boss","floor":16.0,"turns":5.0},{"damage":11.0,"enemies":"Spheric Guardian","floor":18.0,"turns":3.0},{"damage":16.0,"enemies":"Shell Parasite","floor":19.0,"turns":3.0},{"damage":49.0,"enemies":"Snake Plant","floor":22.0,"turns":3.0},{"damage":0.0,"enemies":"Snecko","floor":24.0,"turns":2.0},{"damage":23.0,"enemies":"Shelled Parasite and Fungi","floor":27.0,"turns":3.0},{"damage":24.0,"enemies":"Colosseum Slavers","floor":29.0,"turns":3.0},{"damage":1.0,"enemies":"Colosseum Nobs","floor":29.0,"turns":2.0},{"damage":16.0,"enemies":"Slavers","floor":31.0,"turns":3.0},{"damage":79.0,"enemies":"Champ","floor":33.0,"turns":6.0},{"damage":18.0,"enemies":"3 Shapes","floor":35.0,"turns":2.0},{"damage":15.0,"enemies":"3 Darklings","floor":37.0,"turns":3.0},{"damage":0.0,"enemies":"Jaw Worm Horde","floor":39.0,"turns":1.0},{"damage":1.0,"enemies":"Writhing Mass","floor":44.0,"turns":2.0},{"damage":0.0,"enemies":"4 Shapes","floor":45.0,"turns":2.0},{"damage":73,"enemies":"Giant Head","floor":46,"turns":6},{"damage":2,"enemies":"Sphere and 2 Shapes","floor":47,"turns":2},{"damage":0,"enemies":"Reptomancer","floor":48,"turns":2},{"damage":110,"enemies":"Donu and Deca","floor":50,"turns":6}],"seed_played":"-4032785506666415746","potions_obtained":[{"floor":4.0,"key":"FearPotion"},{"floor":6.0,"key":"LiquidMemories"},{"floor":11.0,"key":"DuplicationPotion"},{"floor":16.0,"key":"Strength Potion"},{"floor":18.0,"key":"Regen Potion"},{"floor":22.0,"key":"LiquidMemories"},{"floor":24.0,"key":"DistilledChaos"},{"floor":31.0,"key":"SteroidPotion"},{"floor":33.0,"key":"Strength Potion"},{"floor":46,"key":"FairyPotion"},{"floor":48,"key":"Fire Potion"}],"is_trial":false,"path_per_floor":["M","?","M","M","?","E","R","?","T","?","M","R","E","M","R","B",null,"M","M","$","?","M","R","M","R","T","M","?","?","$","E","R","B",null,"M","$","M","$","M","R","?","T","T","M","M","E","M","E","R","B",null],"character_chosen":"IRONCLAD","items_purchased":["Frozen Egg 2","Sword Boomerang+1","Gremlin Horn","Heavy Blade+1","Lantern","Perfected Strike+1","Inflame+1","Pommel Strike+1","Anchor"],"campfire_rested":1,"item_purchase_floors":[0,20,30,30,36,36,38,38,38],"current_hp_per_floor":[39,39,36,33,33,23,49,49,49,49,56,56,49,47,47,54,79,86,87,87,87,56,56,74,74,74,69,69,80,80,82,82,21,71,71,71,74,74,87,87,83,83,83,83,85,30,48,68,89,57],"gold":210,"neow_bonus":"","is_daily":false,"chose_seed":false,"campfire_upgraded":4,"win_rate":0.0,"timestamp":1613835536,"path_taken":["M","?","M","?","?","E","R","?","T","?","M","R","E","M","R","BOSS","M","M","$","?","M","R","M","R","T","?","?","?","$","E","R","BOSS","M","$","M","$","M","R","?","?","T","M","M","E","M","E","R","BOSS"],"items_purchased_type":["Relic","Card","Relic","Card","Relic","Card","Card","Card","Relic"],"build_version":"2020-12-22","purchased_purges":1,"victory":true,"max_hp_per_floor":[80,80,80,80,80,87,87,87,87,87,87,87,87,87,87,87,87,87,87,87,87,87,87,87,87,87,87,87,87,87,87,87,87,87,87,87,87,87,87,87,83,83,83,83,85,85,87,89,89,89],"card_choices":[{"not_picked":["Thunderclap","Shrug It Off"],"picked":"Perfected Strike","floor":1.0},{"not_picked":["Anger","Second Wind"],"picked":"Combust+1","floor":3.0},{"not_picked":["Iron Wave","Heavy Blade"],"picked":"Perfected Strike","floor":4.0},{"not_picked":["Clothesline+1","Feel No Pain+1"],"picked":"Cleave+1","floor":6.0},{"not_picked":["Armaments","Rampage+1"],"picked":"Thunderclap+1","floor":11.0},{"not_picked":["Iron Wave+1","Metallicize+1"],"picked":"Berserk+1","floor":13.0},{"not_picked":["Dark Embrace+1","Dropkick+1"],"picked":"Heavy Blade+1","floor":14.0},{"not_picked":["Bludgeon+1","Barricade+1"],"picked":"Berserk+1","floor":16.0},{"not_picked":["Uppercut+1","True Grit"],"picked":"Flex+1","floor":18.0},{"not_picked":["Searing Blow+1","Cleave+1"],"picked":"Perfected Strike+1","floor":19.0},{"not_picked":["True Grit+1","Havoc+1"],"picked":"Twin Strike+1","floor":22.0},{"not_picked":["Ghostly Armor","Flex"],"picked":"Wild Strike+1","floor":24.0},{"not_picked":["Cleave+1","Body Slam+1"],"picked":"Twin Strike+1","floor":27.0},{"not_picked":["Flex","Shrug It Off"],"picked":"Exhume","floor":31.0},{"not_picked":["Impervious","Feed+1"],"picked":"Demon Form+1","floor":33.0},{"not_picked":["Thunderclap+1","Hemokinesis+1"],"picked":"Perfected Strike+1","floor":35.0},{"not_picked":["Shrug It Off","Flame Barrier"],"picked":"Heavy Blade+1","floor":37.0},{"not_picked":["Iron Wave+1","Battle Trance"],"picked":"Thunderclap+1","floor":39.0},{"not_picked":["Whirlwind+1","Dark Embrace+1"],"picked":"Twin Strike+1","floor":44.0},{"not_picked":["Sever Soul+1","Entrench+1","Second Wind+1"],"picked":"Singing Bowl","floor":45.0},{"not_picked":["Hemokinesis+1","Sentinel+1"],"picked":"Dropkick+1","floor":46},{"not_picked":["Body Slam+1","Dark Embrace+1","Havoc+1"],"picked":"Singing Bowl","floor":47},{"not_picked":["Carnage+1","Flex+1","Exhume+1"],"picked":"Singing Bowl","floor":48}],"player_experience":576173,"relics_obtained":[{"floor":6.0,"key":"Strawberry"},{"floor":9.0,"key":"Boot"},{"floor":13.0,"key":"Paper Frog"},{"floor":26.0,"key":"MawBank"},{"floor":29.0,"key":"CaptainsWheel"},{"floor":29.0,"key":"Kunai"},{"floor":31.0,"key":"Bag of Marbles"},{"floor":34.0,"key":"Happy Flower"},{"floor":34.0,"key":"Eternal Feather"},{"floor":34.0,"key":"StoneCalendar"},{"floor":42.0,"key":"Toxic Egg 2"},{"floor":43.0,"key":"Singing Bowl"},{"floor":46,"key":"Pocketwatch"},{"floor":48,"key":"Art of War"}],"event_choices":[{"damage_healed":0.0,"max_hp_gain":0.0,"max_hp_loss":0.0,"gold_gain":0.0,"event_name":"The Woman in Blue","player_choice":"Bought 0 Potions","floor":2.0,"gold_loss":0.0,"damage_taken":0.0},{"damage_healed":0.0,"max_hp_gain":0.0,"max_hp_loss":0.0,"gold_gain":0.0,"event_name":"Big Fish","player_choice":"Box","floor":5.0,"gold_loss":0.0,"damage_taken":0.0,"relics_obtained":["Molten Egg 2"],"cards_obtained":["Regret"]},{"cards_removed":["Regret"],"damage_healed":0.0,"max_hp_gain":0.0,"max_hp_loss":0.0,"gold_gain":0.0,"event_name":"The Cleric","player_choice":"Card Removal","floor":8.0,"gold_loss":50.0,"damage_taken":0.0},{"damage_healed":0.0,"max_hp_gain":0.0,"max_hp_loss":0.0,"gold_gain":0.0,"event_name":"FaceTrader","player_choice":"Trade","floor":10.0,"gold_loss":0.0,"damage_taken":0.0,"relics_obtained":["CultistMask"]},{"damage_healed":0.0,"max_hp_gain":0.0,"max_hp_loss":0.0,"gold_gain":275.0,"event_name":"Golden Shrine","player_choice":"Desecrate","floor":21.0,"gold_loss":0.0,"damage_taken":0.0,"cards_obtained":["Regret"]},{"damage_healed":0.0,"max_hp_gain":0.0,"max_hp_loss":0.0,"gold_gain":0.0,"event_name":"Ghosts","player_choice":"Ignored","floor":28.0,"gold_loss":0.0,"damage_taken":0.0},{"damage_healed":0.0,"max_hp_gain":0.0,"max_hp_loss":0.0,"gold_gain":0.0,"event_name":"Colosseum","player_choice":"Fight","floor":29.0,"gold_loss":0.0,"damage_taken":0.0},{"damage_healed":0.0,"max_hp_gain":0.0,"max_hp_loss":0.0,"gold_gain":0.0,"event_name":"Colosseum","player_choice":"Fought Nobs","floor":29.0,"gold_loss":0.0,"damage_taken":0.0},{"damage_healed":0.0,"max_hp_gain":0.0,"max_hp_loss":4.0,"gold_gain":0.0,"event_name":"Winding Halls","player_choice":"Max HP","floor":41.0,"gold_loss":0.0,"damage_taken":0.0}],"is_beta":false,"boss_relics":[{"not_picked":["Pandora\u0027s Box","Busted Crown"],"picked":"Black Blood"},{"not_picked":["Sozu","Fusion Hammer"],"picked":"Calling Bell"}],"items_purged_floors":[30],"is_endless":false,"potions_floor_spawned":[4,6,11,16,18,22,24,31,33,39,46,47,48],"ascension_level":10}}