{"host":"g907ck67u7c3hrs6","time":1613793951,"event":{"mods":["BaseMod","Colored Map","DeckTracker","Force Act Four","Highlight Path","Keyboard Shortcuts","Minty Spire (QoL Compilation)","Permanent Neow","Say the Spire","SuperFastMode"],"gold_per_floor":[115,127,146,158,172,172,172,172,172,172,172],"floor_reached":10,"language":"KOR","playtime":360,"items_purged":[],"score":120,"play_id":"719cfa4c-c3e3-423a-865e-908e53730c2d","local_time":"20210220130551","daily_mods":["SealedDeck","Heirloom","Time Dilation","Flight","DeadlyEvents","Cursed Run","Elite Swarm"],"is_ascension_mode":true,"campfire_choices":[{"data":"Buffer","floor":6,"key":"SMITH"},{"data":"Double Energy","floor":7,"key":"SMITH"},{"data":"Reinforced Body","floor":8,"key":"SMITH"}],"circlet_count":0,"master_deck":["AscendersBane","Reinforced Body+1","Double Energy+1","Blizzard","Chill","Self Repair","Steam Power","Coolheaded","Capacitor","Fusion","Coolheaded","Coolheaded","Turbo","Buffer+1","Normality"],"relics":["Cursed Key","Darkstone Periapt","Du-Vu Doll","Calipers"],"acts_visited":["Exordium"],"potions_floor_usage":[],"damage_taken":[{"damage":4,"enemies":"2 Louse","floor":1,"turns":4},{"damage":0,"enemies":"Jaw Worm","floor":2,"turns":5},{"damage":0,"enemies":"Small Slimes","floor":3,"turns":5},{"damage":6,"enemies":"Red Slaver","floor":4,"turns":3},{"damage":0,"enemies":"Blue Slaver","floor":5,"turns":6},{"damage":0,"enemies":"Gremlin Nob","floor":10,"turns":4}],"seed_played":"-4152233149632228754","potions_obtained":[{"floor":5,"key":"Regen Potion"}],"is_trial":true,"path_per_floor":["M","M","M","M","M","R","R","R","T","E"],"character_chosen":"DEFECT","items_purchased":[],"campfire_rested":0,"item_purchase_floors":[],"current_hp_per_floor":[67,71,71,71,71,71,71,71,77,77,77],"gold":172,"neow_bonus":"","is_daily":false,"chose_seed":false,"campfire_upgraded":3,"win_rate":0.0,"timestamp":1613793951,"path_taken":["M","M","M","M","M","R","R","R","T","E"],"items_purchased_type":[],"build_version":"2020-12-22","purchased_purges":0,"victory":false,"max_hp_per_floor":[71,71,71,71,71,71,71,71,77,77,77],"card_choices":[{"not_picked":["Hologram","Leap","Sunder"],"picked":"SKIP","floor":1},{"not_picked":["Stack","Beam Cell","Auto Shields"],"picked":"SKIP","floor":2},{"not_picked":["Gash","Barrage"],"picked":"Coolheaded","floor":3},{"not_picked":["Coolheaded","Storm"],"picked":"Turbo","floor":4},{"not_picked":["Sunder","Beam Cell"],"picked":"Buffer","floor":5}],"player_experience":325907,"relics_obtained":[],"event_choices":[],"is_beta":false,"boss_relics":[],"items_purged_floors":[],"is_endless":false,"potions_floor_spawned":[5],"killed_by":"Gremlin Nob","ascension_level":20}}