{"host":"i8x3uekhioq8aaet","time":1613818493,"event":{"mods":["AchievementEnabler","BaseMod","Colored Map","Colored Powertips","DeckTracker","Minty Spire (QoL Compilation)","Relic Sorter","StSLib"],"gold_per_floor":[116,116,41,41,41,41,56,70,70,70,80,27,27,42,42,145,145,145,145],"floor_reached":18,"language":"ZHT","playtime":1025,"items_purged":["Strike_P"],"score":150,"play_id":"175e02c4-edc4-4ce9-8bb3-48c22723e200","local_time":"20210220185453","is_ascension_mode":false,"campfire_choices":[{"floor":10,"key":"REST"},{"floor":15,"key":"REST"}],"circlet_count":0,"master_deck":["Strike_P","Strike_P","Strike_P","Defend_P","Defend_P","Defend_P","Defend_P","Eruption","Vigilance","PathToVictory"],"relics":["SacredBark"],"acts_visited":["Exordium","TheCity"],"potions_floor_usage":[11,16,16],"damage_taken":[{"damage":2.0,"enemies":"Jaw Worm","floor":1.0,"turns":4.0},{"damage":13,"enemies":"Cultist","floor":7,"turns":4},{"damage":5,"enemies":"2 Louse","floor":8,"turns":4},{"damage":47,"enemies":"Exordium Thugs","floor":11,"turns":8},{"damage":11,"enemies":"2 Fungi Beasts","floor":14,"turns":4},{"damage":16,"enemies":"Slime Boss","floor":16,"turns":7},{"damage":86,"enemies":"Chosen","floor":18,"turns":8}],"seed_played":"-2472370916345266315","potions_obtained":[{"floor":1.0,"key":"ColorlessPotion"},{"floor":11,"key":"EntropicBrew"}],"is_trial":false,"path_per_floor":["M","?","$","?","?","?","M","M","T","R","M","$","$","M","R","B",null,"M"],"character_chosen":"WATCHER","items_purchased":["PathToVictory"],"campfire_rested":2,"item_purchase_floors":[12],"current_hp_per_floor":[70,70,70,70,75,75,62,57,57,77,30,30,30,19,42,26,77,0,0],"gold":145,"neow_bonus":"BOSS_RELIC","is_daily":false,"chose_seed":false,"campfire_upgraded":0,"win_rate":0.0,"timestamp":1613818493,"path_taken":["M","?","$","?","?","?","M","?","T","R","M","?","$","M","R","BOSS","M"],"items_purchased_type":["Card"],"build_version":"2020-12-22","purchased_purges":1,"victory":false,"max_hp_per_floor":[72,72,72,72,77,77,77,77,77,77,77,77,77,77,77,77,77,77,77],"card_choices":[{"not_picked":["SignatureMove","Fasting2","FlurryOfBlows"],"picked":"SKIP","floor":1.0},{"not_picked":["JustLucky","EmptyFist","ClearTheMind"],"picked":"SKIP","floor":7},{"not_picked":["Consecrate","EmptyFist","JustLucky"],"picked":"SKIP","floor":8},{"not_picked":["ClearTheMind","FollowUp","CrushJoints"],"picked":"SKIP","floor":11},{"not_picked":["FollowUp","Protect","BowlingBash"],"picked":"SKIP","floor":14}],"player_experience":339367,"relics_obtained":[],"event_choices":[{"damage_healed":0.0,"max_hp_gain":0.0,"max_hp_loss":0.0,"gold_gain":0.0,"event_name":"Transmorgrifier","player_choice":"Ignored","floor":2.0,"gold_loss":0.0,"damage_taken":0.0},{"damage_healed":0.0,"max_hp_gain":0.0,"max_hp_loss":0.0,"gold_gain":0.0,"event_name":"Liars Game","player_choice":"Ignored","floor":4.0,"gold_loss":0.0,"damage_taken":0.0},{"damage_healed":0.0,"max_hp_gain":5.0,"max_hp_loss":0.0,"gold_gain":0.0,"event_name":"Big Fish","player_choice":"Donut","floor":5.0,"gold_loss":0.0,"damage_taken":0.0},{"damage_healed":0,"gold_gain":0,"player_choice":"Ignored","damage_taken":0,"max_hp_gain":0,"max_hp_loss":0,"event_name":"NoteForYourself","floor":6,"gold_loss":0}],"is_beta":false,"boss_relics":[{"not_picked":["Ectoplasm","Astrolabe","Runic Dome"]}],"items_purged_floors":[3],"is_endless":false,"potions_floor_spawned":[1,11],"killed_by":"Chosen","ascension_level":0}}