{"host":"oqyakm3e5m4kt4l3","time":1613779317,"event":{"mods":["2.2 Compatiblity","AchievementEnabler","BaseMod","Better Altar","Better Match","Better Note","Better Sensory Stone","Better Skull","Better Third Choice","BetterRewards","Colored Map","Colored Powertips","Minty Spire (QoL Compilation)","Permanent Neow","Quick Restart","Rare Cards Sparkle","Shop Mod","StSLib","Synergy Search"],"gold_per_floor":[114,114,114,133,20,20,54,54,54,78,117,117,131,164,164,254,254,277,20,41,41,41,74,74,115,115,139,139,139],"floor_reached":28,"language":"ENG","playtime":1135,"items_purged":["Burn"],"score":551,"play_id":"872a959c-6953-46fc-9d69-e88e79c161df","local_time":"20210219190157","is_ascension_mode":true,"campfire_choices":[{"data":"Inflame","floor":6.0,"key":"SMITH"},{"floor":8.0,"key":"REST"},{"data":"Apotheosis","floor":15.0,"key":"SMITH"},{"floor":24.0,"key":"REST"}],"circlet_count":0,"master_deck":["AscendersBane","Bash","Thunderclap","Shrug It Off","Inflame+1","Pummel","Rampage","Seeing Red","Apotheosis+1","Headbutt","Immolate","Demon Form","Berserk","Barricade","Searing Blow","Rupture","Hemokinesis","Dual Wield","True Grit","Immolate","Spot Weakness","Seeing Red","Fire Breathing","Havoc","Heavy Blade","True Grit+1"],"relics":["Burning Blood","PreservedInsect","Golden Idol","Red Skull","Blood Vial","Peace Pipe","Bag of Marbles","Pandora\u0027s Box","Mummified Hand","InkBottle","Prayer Wheel","Matryoshka"],"acts_visited":["Exordium","TheCity"],"potions_floor_usage":[28],"damage_taken":[{"damage":10.0,"enemies":"Jaw Worm","floor":1.0,"turns":6.0},{"damage":11.0,"enemies":"2 Louse","floor":4.0,"turns":3.0},{"damage":35.0,"enemies":"Gremlin Nob","floor":7.0,"turns":5.0},{"damage":7.0,"enemies":"Small Slimes","floor":10.0,"turns":3.0},{"damage":2.0,"enemies":"Lagavulin","floor":11.0,"turns":6.0},{"damage":9.0,"enemies":"Looter","floor":13.0,"turns":3.0},{"damage":18.0,"enemies":"Gremlin Nob","floor":14.0,"turns":4.0},{"damage":34.0,"enemies":"Hexaghost","floor":16.0,"turns":8.0},{"damage":33.0,"enemies":"Spheric Guardian","floor":18.0,"turns":5.0},{"damage":19.0,"enemies":"Shell Parasite","floor":20.0,"turns":3.0},{"damage":0.0,"enemies":"Gremlin Leader","floor":23.0,"turns":3.0},{"damage":0,"enemies":"Slavers","floor":25,"turns":1},{"damage":47,"enemies":"Cultist and Chosen","floor":27,"turns":5},{"damage":21,"enemies":"Gremlin Leader","floor":28,"turns":3}],"seed_played":"-3064390173749697577","potions_obtained":[{"floor":1.0,"key":"BlessingOfTheForge"},{"floor":4.0,"key":"EssenceOfSteel"},{"floor":10.0,"key":"SkillPotion"},{"floor":20.0,"key":"ElixirPotion"},{"floor":27,"key":"Strength Potion"}],"is_trial":false,"path_per_floor":["M","?","?","M","$","R","E","R","T","M","E","?","M","E","R","B",null,"M","$","M","?","$","E","R","E","T","M","E"],"character_chosen":"IRONCLAD","items_purchased":["Inflame","Mummified Hand"],"campfire_rested":2,"item_purchase_floors":[5,19],"current_hp_per_floor":[64,64,64,59,59,59,30,50,50,51,57,57,56,46,46,20,57,32,32,21,21,21,29,49,57,57,18,0,0],"gold":139,"neow_bonus":"RANDOM_COMMON_RELIC","is_daily":false,"chose_seed":false,"campfire_upgraded":2,"win_rate":0.0,"timestamp":1613779317,"path_taken":["M","?","?","M","?","R","E","R","T","M","E","?","M","E","R","BOSS","M","$","M","?","$","E","R","E","T","M","E"],"items_purchased_type":["Card","Relic"],"build_version":"2020-12-22","purchased_purges":1,"victory":false,"max_hp_per_floor":[75,69,69,69,69,69,69,69,69,69,69,69,69,69,69,69,69,69,69,69,69,69,69,69,69,69,69,69,69],"card_choices":[{"not_picked":["Sentinel","Twin Strike"],"picked":"Thunderclap","floor":1.0},{"not_picked":["Cleave","Anger"],"picked":"Shrug It Off","floor":4.0},{"not_picked":["Body Slam","Battle Trance"],"picked":"Pummel","floor":7.0},{"not_picked":["Seeing Red","Sentinel"],"picked":"Rampage","floor":10.0},{"not_picked":["Sever Soul","Perfected Strike"],"picked":"Seeing Red","floor":11.0},{"not_picked":["Sadistic Nature","Bandage Up"],"picked":"Apotheosis","floor":12.0},{"not_picked":["Warcry","Pommel Strike"],"picked":"Headbutt","floor":13.0},{"not_picked":["Fire Breathing","Warcry"],"picked":"Immolate","floor":14.0},{"not_picked":["Impervious","Fiend Fire"],"picked":"Demon Form","floor":16.0},{"not_picked":["Feel No Pain","Clothesline"],"picked":"Seeing Red","floor":18.0},{"not_picked":["Searing Blow","Seeing Red"],"picked":"Fire Breathing","floor":20.0},{"not_picked":["Dual Wield+1","Cleave+1"],"picked":"Havoc","floor":23.0},{"not_picked":["Armaments","Sword Boomerang","Wild Strike"],"picked":"SKIP","floor":25},{"not_picked":["Body Slam","Dropkick+1"],"picked":"Heavy Blade","floor":27},{"not_picked":["Wild Strike+1","Thunderclap"],"picked":"True Grit+1","floor":27}],"player_experience":548126,"relics_obtained":[{"floor":7.0,"key":"Red Skull"},{"floor":9.0,"key":"Blood Vial"},{"floor":11.0,"key":"Peace Pipe"},{"floor":14.0,"key":"Bag of Marbles"},{"floor":23.0,"key":"InkBottle"},{"floor":25,"key":"Prayer Wheel"},{"floor":26,"key":"Matryoshka"}],"event_choices":[{"damage_healed":0.0,"max_hp_gain":0.0,"max_hp_loss":6.0,"gold_gain":0.0,"event_name":"Golden Idol","player_choice":"Lose Max HP","floor":2.0,"gold_loss":0.0,"damage_taken":0.0,"relics_obtained":["Golden Idol"]},{"damage_healed":64.0,"max_hp_gain":0.0,"max_hp_loss":69.0,"gold_gain":0.0,"event_name":"betterThird:BetterShining","player_choice":"Embrace Burn","floor":3.0,"gold_loss":0.0,"damage_taken":0.0},{"damage_healed":0.0,"max_hp_gain":0.0,"max_hp_loss":0.0,"gold_gain":1.0,"event_name":"betterStone:BetterStone","player_choice":"1","floor":12.0,"gold_loss":0.0,"damage_taken":0.0},{"damage_healed":0.0,"max_hp_gain":0.0,"max_hp_loss":0.0,"gold_gain":0.0,"event_name":"Vampires","player_choice":"Ignored","floor":21.0,"gold_loss":0.0,"damage_taken":0.0}],"is_beta":false,"boss_relics":[{"not_picked":["Cursed Key","Velvet Choker"],"picked":"Pandora\u0027s Box"}],"items_purged_floors":[5],"is_endless":false,"potions_floor_spawned":[1,4,10,20,27],"killed_by":"Gremlin Leader","ascension_level":14}}