{"host":"ffjrj7fisyni1ebk","time":1613823857,"event":{"mods":["2.2 Compatiblity","BaseMod","Bestiary","Colored Map","Colored Powertips","Curses Come First","Highlight Path","Keyboard Shortcuts","Minty Spire (QoL Compilation)","Relic Stats","Slay the Relics Exporter","StSLib","SuperFastMode"],"gold_per_floor":[114,114,131,101,115,147,147,172,218,236,262,262,310,337,337,441,441,454,464,225,225,240,240,240,240],"floor_reached":24,"language":"ENG","playtime":1835,"items_purged":["Strike_P"],"score":214,"play_id":"988548f9-f5e8-4694-87b5-75322df7f522","local_time":"20210220142417","is_ascension_mode":false,"campfire_choices":[{"floor":7.0,"key":"REST"},{"floor":12.0,"key":"REST"},{"floor":15.0,"key":"REST"},{"floor":23,"key":"REST"}],"circlet_count":0,"master_deck":["Defend_P+1","Defend_P","Defend_P","Defend_P+1","Eruption","Vigilance","ThirdEye+1","CrushJoints","FlurryOfBlows","JustLucky","Prostrate","SashWhip","Evaluate","Wireheading","Brilliance","ConjureBlade","DevaForm","Perseverance","Prostrate","Chrysalis","Consecrate","Prostrate"],"relics":["Fusion Hammer","Dream Catcher","Odd Mushroom","Happy Flower","War Paint","Bronze Scales","Pen Nib","Empty Cage"],"acts_visited":["TheCity"],"potions_floor_usage":[24],"damage_taken":[{"damage":5.0,"enemies":"2 Louse","floor":1.0,"turns":2.0},{"damage":0.0,"enemies":"Jaw Worm","floor":3.0,"turns":2.0},{"damage":0.0,"enemies":"Cultist","floor":5.0,"turns":3.0},{"damage":58.0,"enemies":"Lagavulin","floor":6.0,"turns":4.0},{"damage":5.0,"enemies":"The Mushroom Lair","floor":8.0,"turns":4.0},{"damage":3.0,"enemies":"Blue Slaver","floor":10.0,"turns":3.0},{"damage":9.0,"enemies":"3 Sentries","floor":11.0,"turns":12.0},{"damage":28.0,"enemies":"Gremlin Nob","floor":14.0,"turns":4.0},{"damage":10.0,"enemies":"The Guardian","floor":16.0,"turns":11.0},{"damage":9.0,"enemies":"Shell Parasite","floor":18.0,"turns":7.0},{"damage":37.0,"enemies":"2 Thieves","floor":19.0,"turns":4.0},{"damage":17,"enemies":"Cultist and Chosen","floor":22,"turns":7},{"damage":33,"enemies":"Gremlin Leader","floor":24,"turns":7}],"seed_played":"-6011668728910509077","potions_obtained":[{"floor":3.0,"key":"BlessingOfTheForge"},{"floor":4.0,"key":"Dexterity Potion"},{"floor":4.0,"key":"SteroidPotion"},{"floor":14.0,"key":"ColorlessPotion"},{"floor":18.0,"key":"Ancient Potion"},{"floor":22,"key":"Weak Potion"}],"is_trial":false,"path_per_floor":["M","?","M","?","M","E","R","?","T","M","E","R","T","E","R","B",null,"M","M","$","?","M","R","E"],"character_chosen":"WATCHER","items_purchased":["Chrysalis"],"campfire_rested":4,"item_purchase_floors":[20],"current_hp_per_floor":[67,67,67,67,67,9,30,25,25,22,13,34,34,6,27,17,72,63,26,26,26,9,30,0,0],"gold":240,"neow_bonus":"BOSS_RELIC","is_daily":false,"chose_seed":false,"campfire_upgraded":0,"win_rate":0.0,"timestamp":1613823857,"path_taken":["M","?","M","?","?","E","R","?","T","M","E","R","?","E","R","BOSS","M","M","$","?","M","R","E"],"items_purchased_type":["Card"],"build_version":"2020-12-22","purchased_purges":1,"victory":false,"max_hp_per_floor":[72,72,72,72,72,72,72,72,72,72,72,72,72,72,72,72,72,72,72,72,72,72,72,72,72],"relic_stats":{"Dream Catcher":4,"Happy Flower":[18],"counters":[13,70],"Bronze Scales":[128],"Pen Nib":[6],"War Paint":["Defend_P","Defend_P"],"obtain_stats":[{"Dream Catcher":6,"Happy Flower":9,"Bronze Scales":13,"Fusion Hammer":0,"Pen Nib":14,"PureWater":0,"Odd Mushroom":8,"War Paint":11,"Empty Cage":17},{"Dream Catcher":4,"Happy Flower":5,"Bronze Scales":7,"Fusion Hammer":0,"Pen Nib":8,"PureWater":0,"Odd Mushroom":5,"War Paint":7,"Empty Cage":9},{"Dream Catcher":11,"Happy Flower":15,"Bronze Scales":30,"Fusion Hammer":0,"Pen Nib":34,"PureWater":0,"Odd Mushroom":15,"War Paint":30,"Empty Cage":45}]},"card_choices":[{"not_picked":["EmptyBody","Indignation"],"picked":"ThirdEye","floor":1.0},{"not_picked":["Protect","Crescendo"],"picked":"CrushJoints","floor":3.0},{"not_picked":["EmptyFist","Conclude"],"picked":"FlurryOfBlows","floor":5.0},{"not_picked":["EmptyBody","FlurryOfBlows"],"picked":"JustLucky","floor":6.0},{"not_picked":["Omniscience","Adaptation"],"picked":"Prostrate","floor":7.0},{"not_picked":["CrushJoints","Protect"],"picked":"SashWhip","floor":8.0},{"not_picked":["ClearTheMind","Fasting2"],"picked":"Evaluate","floor":10.0},{"not_picked":["Consecrate","Evaluate"],"picked":"Wireheading","floor":11.0},{"not_picked":["ThirdEye","EmptyFist"],"picked":"Brilliance","floor":12.0},{"not_picked":["WindmillStrike","SandsOfTime"],"picked":"ConjureBlade","floor":14.0},{"not_picked":["Alpha","Scrawl"],"picked":"DevaForm","floor":16.0},{"not_picked":["SashWhip","ClearTheMind"],"picked":"Perseverance","floor":18.0},{"not_picked":["Indignation","EmptyFist"],"picked":"Prostrate","floor":19.0},{"not_picked":["FlurryOfBlows+1","Evaluate"],"picked":"Consecrate","floor":22},{"not_picked":["Consecrate+1","FollowUp+1"],"picked":"Prostrate","floor":23}],"player_experience":326389,"relics_obtained":[{"floor":6.0,"key":"Dream Catcher"},{"floor":8.0,"key":"Odd Mushroom"},{"floor":9.0,"key":"Happy Flower"},{"floor":11.0,"key":"War Paint"},{"floor":13.0,"key":"Bronze Scales"},{"floor":14.0,"key":"Pen Nib"}],"event_choices":[{"damage_healed":0.0,"max_hp_gain":0.0,"max_hp_loss":0.0,"gold_gain":0.0,"event_name":"Living Wall","player_choice":"Grow","floor":2.0,"gold_loss":0.0,"damage_taken":0.0,"cards_upgraded":["ThirdEye"]},{"damage_healed":0.0,"max_hp_gain":0.0,"max_hp_loss":0.0,"gold_gain":0.0,"event_name":"The Woman in Blue","player_choice":"Bought 2 Potions","floor":4.0,"gold_loss":0.0,"damage_taken":0.0},{"damage_healed":0.0,"max_hp_gain":0.0,"max_hp_loss":0.0,"gold_gain":0.0,"event_name":"Mushrooms","player_choice":"Fought Mushrooms","floor":8.0,"gold_loss":0.0,"damage_taken":0.0},{"cards_removed":["Strike_P"],"damage_healed":0.0,"max_hp_gain":0.0,"max_hp_loss":0.0,"gold_gain":0.0,"event_name":"Wheel of Change","player_choice":"Card Removal","floor":21.0,"gold_loss":0.0,"damage_taken":0.0}],"is_beta":false,"boss_relics":[{"not_picked":["Busted Crown","Coffee Dripper"],"picked":"Empty Cage"}],"items_purged_floors":[20],"is_endless":false,"potions_floor_spawned":[3,5,6,14,18,22],"killed_by":"Gremlin Leader","ascension_level":0}}