{"host":"mxzdufzqk8sjj15q","time":1613838573,"event":{"mods":["2.2 Compatiblity","BaseMod","Better Note","Downfall","Googly Eyes","Minty Spire (QoL Compilation)","Random Character Button","Rare Cards Sparkle","StSLib","The Cursed","The Disciple","The Hierophant"],"gold_per_floor":[99,111,126,126,126,36,36,56,56,56,56,71,221,221,236,337,337,337,351,369,369,389,84,111,128,13,13,23,23,223,242,252,252,252,252],"floor_reached":33,"language":"ENG","playtime":1859,"items_purged":["champ:Strike","downfall:Icky"],"score":239,"play_id":"c9be6415-cbe0-4c3b-b276-e445321f9904","local_time":"20210220142933","is_ascension_mode":false,"campfire_choices":[{"data":"champ:Taunt","floor":1,"key":"SMITH"},{"data":"champ:IronFortress","floor":11,"key":"SMITH"},{"data":"champ:BringItOn","floor":18,"key":"SMITH"}],"circlet_count":0,"master_deck":["champ:Strike","champ:Strike","champ:Strike","champ:Defend","champ:Defend","champ:Defend","champ:Defend","champ:Execute","champ:Taunt+1","champ:DefensiveShout","champ:IronFortress+1","champ:BringItOn+1","champ:TornadoPunch","champ:FlashCut","champ:EnGarde","champ:Devastate","champ:PerfectedStrike","champ:Parry","champ:BringItOn","champ:Duel","champ:UltimateStance","champ:GladiatorForm","champ:ArenaPreparation+1","champ:TornadoPunch+1","champ:SetATrap"],"relics":["champ:ChampionCrown","Bag of Marbles","champ:LiftRelic","downfall:ShatteredFragment","Coffee Dripper","champ:DefensiveTrainingManual","MealTicket"],"acts_visited":["Exordium","TheCity"],"potions_floor_usage":[33,33,33],"damage_taken":[{"damage":21,"enemies":"Jaw Worm","floor":2,"turns":4},{"damage":10,"enemies":"Small Slimes","floor":3,"turns":3},{"damage":15,"enemies":"downfall:FleeingMerchant","floor":6,"turns":4},{"damage":10,"enemies":"Cultist","floor":8,"turns":3},{"damage":0,"enemies":"3 Louse","floor":12,"turns":1},{"damage":10,"enemies":"Large Slime","floor":15,"turns":4},{"damage":61,"enemies":"IC_STATUS_ARCHETYPE","floor":16,"turns":9},{"damage":13,"enemies":"downfall:LooterAlt2","floor":19,"turns":3},{"damage":10,"enemies":"Shell Parasite","floor":20,"turns":3},{"damage":10,"enemies":"3 Cultists","floor":22,"turns":4},{"damage":10,"enemies":"downfall:FleeingMerchant","floor":23,"turns":4},{"damage":4,"enemies":"Snake Plant","floor":25,"turns":3},{"damage":0,"enemies":"downfall:FleeingMerchant","floor":26,"turns":4},{"damage":46,"enemies":"Centurion and Healer","floor":28,"turns":6},{"damage":14,"enemies":"Sentry and Sphere","floor":31,"turns":4},{"damage":32,"enemies":"Shelled Parasite and Fungi","floor":32,"turns":4},{"damage":45,"enemies":"DF_ARCHETYPE_CLAW","floor":33,"turns":8}],"seed_played":"1696227313780960599","potions_obtained":[{"floor":12,"key":"Guardian:BlockOnCardUsePotion"},{"floor":15,"key":"Explosive Potion"},{"floor":16,"key":"EssenceOfSteel"},{"floor":22,"key":"Ancient Potion"}],"is_trial":false,"path_per_floor":["R","M","M","?","?","$","T","M","?","?","R","M","?","?","M","B",null,"R","M","M","?","M","$","T","M","$","?","M","?","?","M","M","B"],"character_chosen":"THE_CHAMP","items_purchased":["champ:UltimateStance","champ:DefensiveTrainingManual"],"campfire_rested":0,"item_purchase_floors":[23,23],"current_hp_per_floor":[99,98,98,98,103,103,103,103,103,103,103,103,103,76,76,35,104,104,101,101,101,101,101,101,97,104,104,73,73,73,59,37,0,0,0],"gold":252,"neow_bonus":"TEN_PERCENT_HP_BONUS","is_daily":false,"chose_seed":false,"campfire_upgraded":3,"win_rate":0.0,"timestamp":1613838573,"path_taken":["R","M","M","?","?","$","T","M","?","?","R","?","?","?","M","BOSS","R","M","M","?","M","?","T","?","$","?","M","?","?","M","M","BOSS"],"items_purchased_type":["Card","Relic"],"build_version":"2020-12-22","purchased_purges":2,"victory":false,"max_hp_per_floor":[99,99,99,99,104,104,104,104,104,104,104,104,104,104,104,104,104,104,104,104,104,104,104,104,104,104,104,104,104,104,104,104,104,104,104],"card_choices":[{"not_picked":["champ:BerserkersShout","champ:Backstep"],"picked":"champ:DefensiveShout","floor":2},{"not_picked":["champ:PreciseThrust","champ:TornadoPunch"],"picked":"champ:IronFortress","floor":3},{"not_picked":["champ:BerserkersShout","champ:Circumvent"],"picked":"champ:BringItOn","floor":6},{"not_picked":["champ:BladeFlurry","champ:RecklessLeap"],"picked":"champ:TornadoPunch","floor":8},{"not_picked":["champ:GladiatorStyle","champ:CalledShot"],"picked":"champ:FlashCut","floor":12},{"not_picked":["champ:BerserkersShout","champ:HeartStrike"],"picked":"champ:EnGarde","floor":15},{"not_picked":["champ:ShieldThrow","champ:IgnorePain"],"picked":"champ:Devastate","floor":16},{"not_picked":["champ:CrownThrow","champ:FanOfKnives+1"],"picked":"champ:PerfectedStrike","floor":19},{"not_picked":["champ:FaceSlap","champ:Haymaker"],"picked":"champ:Parry","floor":20},{"not_picked":["champ:Shatter+1","champ:PerfectedStrike+1"],"picked":"champ:BringItOn","floor":22},{"not_picked":["champ:BladeFlurry","champ:BerserkersShout"],"picked":"champ:Duel","floor":23},{"not_picked":["champ:DeathBlow","champ:Backstep"],"picked":"champ:GladiatorForm","floor":25},{"not_picked":["champ:GutPunch","champ:Duel"],"picked":"champ:ArenaPreparation+1","floor":26},{"not_picked":["champ:BladeFlurry","champ:GutPunch"],"picked":"champ:TornadoPunch+1","floor":28},{"not_picked":["champ:RapidStrikes","champ:Circumvent"],"picked":"champ:SetATrap","floor":31},{"not_picked":["champ:CrownThrow","champ:Backstep","champ:GutPunch+1"],"picked":"SKIP","floor":32}],"player_experience":557420,"relics_obtained":[{"floor":7,"key":"Bag of Marbles"},{"floor":24,"key":"MealTicket"}],"event_choices":[{"damage_healed":0,"gold_gain":0,"player_choice":"Donut","damage_taken":0,"max_hp_gain":5,"max_hp_loss":0,"event_name":"Big Fish","floor":5,"gold_loss":0},{"cards_removed":["champ:BringItOn"],"damage_healed":0,"gold_gain":0,"player_choice":"Give","damage_taken":0,"max_hp_gain":0,"max_hp_loss":0,"event_name":"betterNote:BetterNote","floor":21,"gold_loss":0,"cards_obtained":["hexamod:Strike"]}],"is_beta":false,"boss_relics":[{"not_picked":["Fusion Hammer","Tiny House"],"picked":"Coffee Dripper"}],"items_purged_floors":[6,26],"is_endless":false,"potions_floor_spawned":[12,15,16,22,28,32],"killed_by":"DF_ARCHETYPE_CLAW","ascension_level":0}}