{"host":"6q94iy5iz6612v89","time":1613830038,"event":{"mods":["2.2 Compatiblity","AchievementEnabler","BaseMod","Colored Map","DeckTracker","Keyboard Shortcuts","Minty Spire (QoL Compilation)","Permanent Neow","StSLib","SuperFastMode"],"gold_per_floor":[118,136,148,148,162,162,193,193,193,204,104,130,130,142,142,221,221,239,256,256,256,14,14,43,43,43,74,74,92,105,131,131,131,131],"floor_reached":33,"language":"KOR","playtime":836,"items_purged":["Strike_G"],"score":680,"play_id":"712f78ad-50ad-4116-be8d-38908a314957","local_time":"20210220230718","is_ascension_mode":true,"campfire_choices":[{"data":"Poisoned Stab","floor":6.0,"key":"SMITH"},{"data":"Corpse Explosion","floor":8.0,"key":"SMITH"},{"data":"Crippling Poison","floor":13.0,"key":"SMITH"},{"data":"Neutralize","floor":15.0,"key":"SMITH"},{"data":"Backflip","floor":23,"key":"SMITH"},{"floor":25,"key":"RECALL"},{"floor":32,"key":"REST"}],"circlet_count":0,"master_deck":["AscendersBane","Strike_G","Strike_G","Strike_G","Strike_G","Defend_G","Defend_G","Defend_G","Defend_G","Defend_G","Survivor","Neutralize+1","Poisoned Stab+1","Crippling Poison+1","Backflip+1","Corpse Explosion+1","Deadly Poison+1","Catalyst+1","Acrobatics+1","Backflip+1","Calculated Gamble+1","Noxious Fumes","PiercingWail+1"],"relics":["Ring of the Snake","Tiny Chest","Ancient Tea Set","Toxic Egg 2","Bird Faced Urn","Philosopher\u0027s Stone","Omamori","Happy Flower","Anchor","Calipers","Potion Belt"],"acts_visited":["Exordium","TheCity"],"potions_floor_usage":[19,30],"damage_taken":[{"damage":4.0,"enemies":"Small Slimes","floor":1.0,"turns":4.0},{"damage":3.0,"enemies":"Jaw Worm","floor":2.0,"turns":4.0},{"damage":0.0,"enemies":"Cultist","floor":3.0,"turns":4.0},{"damage":0.0,"enemies":"3 Louse","floor":5.0,"turns":1.0},{"damage":24.0,"enemies":"3 Sentries","floor":7.0,"turns":11.0},{"damage":0.0,"enemies":"Exordium Thugs","floor":10.0,"turns":4.0},{"damage":10.0,"enemies":"Lagavulin","floor":12.0,"turns":5.0},{"damage":0.0,"enemies":"2 Fungi Beasts","floor":14.0,"turns":2.0},{"damage":10.0,"enemies":"Hexaghost","floor":16.0,"turns":7.0},{"damage":21.0,"enemies":"2 Thieves","floor":18.0,"turns":3.0},{"damage":0,"enemies":"3 Byrds","floor":19,"turns":1},{"damage":15,"enemies":"Slavers","floor":24,"turns":2},{"damage":13,"enemies":"Book of Stabbing","floor":27,"turns":3},{"damage":0,"enemies":"Sentry and Sphere","floor":29,"turns":4},{"damage":7,"enemies":"Chosen and Byrds","floor":30,"turns":3},{"damage":19,"enemies":"Slavers","floor":31,"turns":3},{"damage":57,"enemies":"Collector","floor":33,"turns":7}],"seed_played":"-291430186876878172","potions_obtained":[{"floor":3.0,"key":"Explosive Potion"},{"floor":5.0,"key":"CunningPotion"},{"floor":12.0,"key":"LiquidMemories"},{"floor":14.0,"key":"Strength Potion"},{"floor":27,"key":"SteroidPotion"}],"is_trial":false,"path_per_floor":["M","M","M","?","M","R","E","R","T","M","?","E","R","M","R","B",null,"M","M","?","?","$","R","E","R","T","E","T","M","M","E","R","B"],"character_chosen":"THE_SILENT","items_purchased":["Omamori"],"campfire_rested":1,"item_purchase_floors":[22],"current_hp_per_floor":[61,58,58,58,58,58,34,34,34,34,34,24,24,24,24,14,58,37,37,37,82,82,82,67,67,67,54,54,54,47,28,52,0,0],"gold":131,"neow_bonus":"TEN_PERCENT_HP_BONUS","is_daily":false,"chose_seed":false,"campfire_upgraded":5,"win_rate":0.0,"timestamp":1613830038,"path_taken":["M","M","M","?","M","R","E","R","T","M","?","E","R","M","R","BOSS","M","M","?","?","$","R","E","R","T","E","?","?","M","E","R","BOSS"],"items_purchased_type":["Relic"],"build_version":"2020-12-22","purchased_purges":1,"victory":false,"max_hp_per_floor":[72,72,72,72,72,72,72,72,72,72,72,72,72,72,72,72,72,72,72,72,82,82,82,82,82,82,82,82,82,82,82,82,82,82],"card_choices":[{"not_picked":["Cloak And Dagger","Masterful Stab"],"picked":"Poisoned Stab","floor":1.0},{"not_picked":["Cloak And Dagger","Outmaneuver"],"picked":"Crippling Poison","floor":2.0},{"not_picked":["Finisher","Sucker Punch"],"picked":"Backflip","floor":3.0},{"not_picked":["Backflip","Riddle With Holes","Reflex"],"picked":"SKIP","floor":5.0},{"not_picked":["Prepared","Flying Knee"],"picked":"Corpse Explosion","floor":7.0},{"not_picked":["Sucker Punch","Accuracy","Eviscerate"],"picked":"SKIP","floor":10.0},{"not_picked":["Predator","Tools of the Trade"],"picked":"Deadly Poison+1","floor":12.0},{"not_picked":["Expertise+1","Terror+1","Eviscerate"],"picked":"SKIP","floor":14.0},{"not_picked":["Unload","Night Terror+1"],"picked":"Venomology+1","floor":16.0},{"not_picked":["Dagger Throw","Setup+1"],"picked":"Catalyst+1","floor":18.0},{"not_picked":["Deadly Poison+1","Flying Knee"],"picked":"Acrobatics+1","floor":19},{"not_picked":["Noxious Fumes+1","Blade Dance+1"],"picked":"Backflip+1","floor":24},{"not_picked":["Infinite Blades","Tools of the Trade"],"picked":"Calculated Gamble+1","floor":27},{"not_picked":["Dagger Throw","Outmaneuver+1","Prepared+1"],"picked":"SKIP","floor":29},{"not_picked":["Masterful Stab","Prepared+1"],"picked":"Noxious Fumes","floor":30},{"not_picked":["Dodge and Roll+1","Sucker Punch"],"picked":"PiercingWail+1","floor":31}],"player_experience":1495859,"relics_obtained":[{"floor":7.0,"key":"Tiny Chest"},{"floor":9.0,"key":"Ancient Tea Set"},{"floor":12.0,"key":"Bird Faced Urn"},{"floor":24,"key":"Happy Flower"},{"floor":26,"key":"Anchor"},{"floor":27,"key":"Calipers"},{"floor":28,"key":"Kunai"},{"floor":31,"key":"Potion Belt"}],"event_choices":[{"damage_healed":0.0,"max_hp_gain":0.0,"max_hp_loss":0.0,"gold_gain":0.0,"event_name":"Liars Game","player_choice":"Ignored","floor":4.0,"gold_loss":0.0,"damage_taken":0.0},{"damage_healed":0.0,"max_hp_gain":0.0,"max_hp_loss":0.0,"gold_gain":0.0,"event_name":"WeMeetAgain","player_choice":"Paid Gold","floor":11.0,"gold_loss":100.0,"damage_taken":0.0,"relics_obtained":["Toxic Egg 2"]},{"damage_healed":0,"gold_gain":0,"player_choice":"Ignored","damage_taken":0,"max_hp_gain":0,"max_hp_loss":0,"event_name":"Cursed Tome","floor":20,"gold_loss":0},{"cards_removed":["Venomology"],"damage_healed":35,"gold_gain":0,"player_choice":"Offered Rare","damage_taken":0,"max_hp_gain":10,"max_hp_loss":0,"event_name":"Bonfire Elementals","floor":21,"gold_loss":0}],"is_beta":false,"boss_relics":[{"not_picked":["Ring of the Serpent","SlaversCollar"],"picked":"Philosopher\u0027s Stone"}],"items_purged_floors":[22],"is_endless":false,"potions_floor_spawned":[3,5,12,14,16,19,27],"killed_by":"Collector","ascension_level":20}}