{"host":"8e3sp1tozjyrh64l","time":1613856505,"event":{"mods":["Act Like it!","BaseMod","Better Altar","Better Match","Better Note","Better Sensory Stone","Better Silent Start","Better Skull","Better Third Choice","BetterRewards","Conspire","Curses Come First","Defuse TimeMaze Blight","Infinite Spire","Minty Spire (QoL Compilation)","Permanent Neow","Rare Cards Sparkle","Relic Sorter","Reliquary","Replay The Spire","Shop Mod","Spicy Shops","StSLib","SuperFastMode","The Jungle","The Mystic","The Necromancer","Wandering Minibosses"],"gold_per_floor":[109,109,109,109,120,120,152,167,167,167,181,181,201,217,217,313,313,333,348,63,74,173,202,202,202,202,202],"floor_reached":26,"language":"ENG","playtime":748,"items_purged":[],"score":239,"play_id":"99df2757-7db9-4be4-8c0e-6c3cce380923","local_time":"20210220142825","is_ascension_mode":true,"campfire_choices":[{"data":"Caltrops","floor":6,"key":"SMITH"},{"data":"Caltrops","floor":10,"key":"SMITH"},{"data":"Neutralize","floor":15,"key":"SMITH"}],"circlet_count":0,"master_deck":["Strike_G","Strike_G","Strike_G","Strike_G","Defend_G","Defend_G","Defend_G","Survivor","Neutralize+1","Caltrops+1","Caltrops+1","ReplayTheSpireMod:Scrap Shanks","Envenom","Well Laid Plans","All Out Attack"],"relics":["Ring of the Snake","reliquary:RoseTintedGlasses","Replay:Kaleidoscope","Bird Faced Urn","Unceasing Top","Black Star","infinitespire:Magic Flask","reliquary:FeatherDuster","conspire:TopHat"],"acts_visited":["Exordium","TheCity"],"potions_floor_usage":[14,16,18,21,26],"damage_taken":[{"damage":0,"enemies":"conspire:RoseBush","floor":1,"turns":4},{"damage":0,"enemies":"Small Slimes","floor":5,"turns":5},{"damage":29,"enemies":"Lagavulin","floor":7,"turns":10},{"damage":0,"enemies":"Cultist","floor":8,"turns":4},{"damage":7,"enemies":"Blue Slaver","floor":11,"turns":4},{"damage":0,"enemies":"Red Slaver","floor":13,"turns":4},{"damage":1,"enemies":"Lots of Slimes","floor":14,"turns":3},{"damage":15,"enemies":"The Guardian","floor":16,"turns":10},{"damage":14,"enemies":"Spheric Guardian","floor":18,"turns":6},{"damage":31,"enemies":"conspire:FuzzyDice","floor":19,"turns":4},{"damage":27,"enemies":"Sentry and Sphere","floor":21,"turns":7},{"damage":12,"enemies":"Replay:Snechameleon","floor":23,"turns":6},{"damage":30,"enemies":"conspire:SneckoGhost","floor":26,"turns":6}],"seed_played":"-9007742930012428040","potions_obtained":[{"floor":5,"key":"Ancient Potion"},{"floor":11,"key":"Block Potion"},{"floor":13,"key":"LifebloodPotion"},{"floor":14,"key":"GamblersBrew"},{"floor":18,"key":"Strength Potion"},{"floor":19,"key":"Ancient Potion"}],"is_trial":false,"path_per_floor":["M","?","$","?","M","R","E","M","T","R","M","?","M","M","R","B",null,"M","M","$","M","?","E","PTL","PTL","E"],"character_chosen":"THE_SILENT","items_purchased":["infinitespire:Magic Flask"],"campfire_rested":0,"item_purchase_floors":[20],"current_hp_per_floor":[70,67,67,67,67,67,38,40,40,40,37,37,41,44,44,35,70,58,37,37,18,18,14,14,14,0,0],"gold":202,"neow_bonus":"RANDOM_COMMON_RELIC","is_daily":false,"chose_seed":false,"campfire_upgraded":3,"win_rate":0.0,"timestamp":1613856505,"path_taken":["M","?","$","?","M","R","E","?","T","R","M","?","M","M","R","BOSS","M","M","?","?","?","E","PTL","PTL","E"],"items_purchased_type":["Relic"],"build_version":"2020-12-22","purchased_purges":0,"victory":false,"max_hp_per_floor":[70,70,70,70,70,70,70,70,70,70,70,70,70,70,70,70,70,70,70,70,70,70,70,70,70,70,70],"card_choices":[{"not_picked":["Dodge and Roll","Sucker Punch"],"picked":"Caltrops","floor":1},{"not_picked":["Quick Slash","Deadly Poison","Expertise"],"picked":"SKIP","floor":5},{"not_picked":["Predator","Dash","Escape Plan"],"picked":"SKIP","floor":7},{"not_picked":["Poisoned Stab","Bane"],"picked":"Caltrops","floor":8},{"not_picked":["Deadly Poison","Catalyst","Backflip"],"picked":"SKIP","floor":11},{"not_picked":["Underhanded Strike","Dagger Throw","Outmaneuver"],"picked":"SKIP","floor":13},{"not_picked":["ReplayTheSpireMod:Tripwire","Acrobatics"],"picked":"ReplayTheSpireMod:Scrap Shanks","floor":14},{"not_picked":["Unload","Storm of Steel"],"picked":"Envenom","floor":16},{"not_picked":["Fluid Movement","Dash"],"picked":"Well Laid Plans","floor":18},{"not_picked":["Prepared","Leg Sweep+1","Quick Slash"],"picked":"SKIP","floor":19},{"not_picked":["Deadly Poison","Dagger Spray","PiercingWail"],"picked":"SKIP","floor":21},{"not_picked":["Dagger Throw","Accuracy"],"picked":"All Out Attack","floor":23}],"player_experience":962234,"relics_obtained":[{"floor":7,"key":"Bird Faced Urn"},{"floor":9,"key":"Unceasing Top"},{"floor":23,"key":"reliquary:FeatherDuster"},{"floor":23,"key":"conspire:TopHat"}],"event_choices":[{"damage_healed":0,"gold_gain":0,"player_choice":"Relic ","damage_taken":3,"max_hp_gain":0,"max_hp_loss":0,"event_name":"betterThird:BetterScrap","floor":2,"gold_loss":0,"cards_obtained":["Battle Trance"]},{"cards_removed":["Defend_G"],"damage_healed":0,"gold_gain":0,"player_choice":"Offered Basic","damage_taken":0,"max_hp_gain":0,"max_hp_loss":0,"event_name":"Bonfire Elementals","floor":4,"gold_loss":0},{"damage_healed":0,"gold_gain":0,"player_choice":"Ignored","damage_taken":0,"max_hp_gain":0,"max_hp_loss":0,"event_name":"betterNote:BetterNote","floor":12,"gold_loss":0,"cards_obtained":["Trip"]},{"damage_healed":0,"gold_gain":99,"player_choice":"Steal","damage_taken":0,"max_hp_gain":0,"max_hp_loss":0,"event_name":"betterThird:BetterNest","floor":22,"gold_loss":0}],"is_beta":false,"boss_relics":[{"not_picked":["HoveringKite","reliquary:Ember"],"picked":"Black Star"}],"items_purged_floors":[],"is_endless":false,"potions_floor_spawned":[5,11,13,14,18,19],"killed_by":"conspire:SneckoGhost","ascension_level":1}}