{"host":"4lhs9mfpcz34ad49","time":1613864152,"event":{"mods":["AchievementEnabler","BaseMod","Colored Powertips","Minty Spire (QoL Compilation)","Replay The Spire","StSLib"],"gold_per_floor":[109,120,120,54,74,74,108,108,108,108,137,217,228,245,245,340,340,354,354,367,139,157,157,185,5,56,56,56,56,87,101,101,202,202,215,215,71,71,81,114,114,219,242,256,256,50,50,70,70,70],"floor_reached":51,"language":"ENG","playtime":1272,"items_purged":["Strike_R","Rampage","ReplayTheSpireMod:Splinters"],"score":721,"play_id":"4b6a8d9e-d606-42dd-a277-2301f733cd7b","local_time":"20210220213552","is_ascension_mode":false,"campfire_choices":[{"data":"Wild Strike","floor":6.0,"key":"SMITH"},{"data":"Flex","floor":8.0,"key":"SMITH"},{"data":"Shrug It Off","floor":10.0,"key":"SMITH"},{"floor":15.0,"key":"DIG"},{"data":"Immolate","floor":23.0,"key":"SMITH"},{"floor":28.0,"key":"REST"},{"data":"Demon Form","floor":32.0,"key":"SMITH"},{"data":"Bludgeon","floor":41.0,"key":"SMITH"},{"data":"ReplayTheSpireMod:Stacked","floor":45.0,"key":"SMITH"},{"data":"ReplayTheSpireMod:Muscle Training","floor":49.0,"key":"SMITH"}],"circlet_count":0,"master_deck":["Defend_R","Defend_R","Defend_R","Defend_R","Bash+1","Flex+1","Shrug It Off+1","Wild Strike+1","Ghostly Armor","Whirlwind","Berserk","Headbutt","Immolate+1","Reaper","Warcry","Shrug It Off","Evolve","Demon Form+1","Necronomicurse","Flex","Disarm+1","Exhume","Wild Strike+1","ReplayReversal+1","Metallicize+1","Iron Wave+1","Bludgeon+1","Iron Wave","ReplayTheSpireMod:Stacked+1","Cleave+1","ReplayTheSpireMod:Muscle Training+1"],"relics":["Burning Blood","Ancient Tea Set","Pet Ghost","Mercury Hourglass","Thread and Needle","StrikeDummy","Bag of Marbles","Black Star","ClockworkSouvenir","Sundial","Nunchaku","Centennial Puzzle","Necronomicon","Eternal Feather","Another Sword","Astrolabe","Bag of Preparation","FossilizedHelix","StoneCalendar","Bronze Scales","Self Forming Clay"],"acts_visited":["Exordium","TheCity","TheBeyond"],"potions_floor_usage":[],"damage_taken":[{"damage":1.0,"enemies":"Cultist","floor":1.0,"turns":3.0},{"damage":10.0,"enemies":"Small Slimes","floor":2.0,"turns":3.0},{"damage":1.0,"enemies":"Jaw Worm","floor":5.0,"turns":4.0},{"damage":24.0,"enemies":"Gremlin Nob","floor":7.0,"turns":4.0},{"damage":15.0,"enemies":"Lagavulin","floor":11.0,"turns":5.0},{"damage":0.0,"enemies":"Large Slime","floor":13.0,"turns":4.0},{"damage":0.0,"enemies":"Looter","floor":14.0,"turns":2.0},{"damage":18.0,"enemies":"Slime Boss","floor":16.0,"turns":6.0},{"damage":14.0,"enemies":"Shell Parasite","floor":18.0,"turns":4.0},{"damage":21.0,"enemies":"2 Thieves","floor":20.0,"turns":2.0},{"damage":4.0,"enemies":"Cultist and Chosen","floor":22.0,"turns":6.0},{"damage":3.0,"enemies":"Slavers","floor":24.0,"turns":2.0},{"damage":24.0,"enemies":"Book of Stabbing","floor":30.0,"turns":4.0},{"damage":0.0,"enemies":"Sentry and Sphere","floor":31.0,"turns":1.0},{"damage":9.0,"enemies":"Champ","floor":33.0,"turns":7.0},{"damage":6.0,"enemies":"3 Darklings","floor":35.0,"turns":2.0},{"damage":0.0,"enemies":"Orb Walker","floor":39.0,"turns":3.0},{"damage":20.0,"enemies":"Giant Head","floor":40.0,"turns":6.0},{"damage":3.0,"enemies":"4 Shapes","floor":44.0,"turns":1.0},{"damage":0.0,"enemies":"Writhing Mass","floor":48.0,"turns":2.0},{"damage":60.0,"enemies":"Awakened One","floor":50.0,"turns":10.0}],"seed_played":"396504653450185152","potions_obtained":[{"floor":5.0,"key":"ColorlessPotion"},{"floor":7.0,"key":"Flashbang"},{"floor":20.0,"key":"Milkshake"},{"floor":24.0,"key":"Toxic Potion"},{"floor":44.0,"key":"Adrenaline Potion"},{"floor":48.0,"key":"Fire Potion"}],"is_trial":false,"path_per_floor":["M","M","?","?","M","R","E","R","T","R","E","T","M","M","R","B",null,"M","?","M","$","M","R","E","$","T","?","R","?","E","M","R","B",null,"M","?","$","?","M","E","R","?","T","M","R","$","T","M","R","B",null],"character_chosen":"IRONCLAD","items_purchased":["ClockworkSouvenir","Demon Form","Bag of Preparation","ReplayTheSpireMod:Muscle Training"],"campfire_rested":1,"item_purchase_floors":[21,25,37,46],"current_hp_per_floor":[80,76,76,76,80,80,62,62,62,62,53,53,59,65,65,53,80,72,72,57,57,59,59,62,62,62,46,70,70,52,58,70,67,80,80,76,76,76,76,74,76,76,76,76,76,76,76,76,76,70],"gold":70,"neow_bonus":"RANDOM_EVENT","is_daily":false,"chose_seed":false,"campfire_upgraded":8,"win_rate":0.0,"timestamp":1613864152,"path_taken":["M","M","?","?","?","R","E","R","T","R","E","?","M","M","R","BOSS","M","?","M","$","M","R","E","$","T","?","R","?","E","M","R","BOSS","M","?","$","?","M","E","R","?","T","M","R","$","?","M","R","BOSS"],"items_purchased_type":["Relic","Card","Relic","Card"],"build_version":"2020-12-22","purchased_purges":3,"victory":true,"max_hp_per_floor":[80,80,80,80,80,80,80,80,80,80,80,80,80,80,80,80,80,80,80,80,80,80,80,80,80,80,80,80,80,80,80,80,80,80,80,76,76,76,76,76,76,76,76,76,76,76,76,76,76,76],"card_choices":[{"not_picked":["Iron Wave","Pummel"],"picked":"Flex","floor":1.0},{"not_picked":["Iron Wave","Replay:Undeath\u0027s Touch"],"picked":"Shrug It Off","floor":2.0},{"not_picked":["Defy Death","Massacre"],"picked":"Wild Strike","floor":5.0},{"not_picked":["Havoc","Sentinel"],"picked":"Pommel Strike","floor":7.0},{"not_picked":["Wild Strike","Rage"],"picked":"Ghostly Armor","floor":11.0},{"not_picked":["Second Wind","Sever Soul"],"picked":"Rampage","floor":13.0},{"not_picked":["Run Through","Replay:Undeath\u0027s Touch"],"picked":"Whirlwind","floor":14.0},{"not_picked":["Corruption","Exhume"],"picked":"Berserk","floor":16.0},{"not_picked":["True Grit","Shrug It Off"],"picked":"Headbutt","floor":18.0},{"not_picked":["Sword Boomerang","Wild Strike"],"picked":"Warcry","floor":20.0},{"not_picked":["Twin Strike","Warcry"],"picked":"Shrug It Off","floor":22.0},{"not_picked":["Infernal Blade","Armaments"],"picked":"Evolve","floor":24.0},{"not_picked":["Defy Death","Clothesline"],"picked":"Flex","floor":30.0},{"not_picked":["Hemogenesis","Warcry"],"picked":"Disarm+1","floor":31.0},{"not_picked":["Fiend Fire","Demon Form"],"picked":"Exhume","floor":33.0},{"not_picked":["ReplayTheSpireMod:Strike From Hell+1","Fire Breathing"],"picked":"Metallicize+1","floor":35.0},{"not_picked":["Replay:Undeath\u0027s Touch+1","Run Through"],"picked":"Iron Wave+1","floor":39.0},{"not_picked":["Havoc","Carnage"],"picked":"Bludgeon","floor":40.0},{"not_picked":["Havoc","ReplayTheSpireMod:Strike From Hell+1"],"picked":"Iron Wave","floor":42.0},{"not_picked":["Wild Strike","Thunderclap+1"],"picked":"ReplayTheSpireMod:Stacked","floor":42.0},{"not_picked":["Iron Wave","Twin Strike"],"picked":"Cleave+1","floor":44.0},{"not_picked":["Cleave","ReplayTheSpireMod:Strike From Hell","Havoc+1"],"picked":"SKIP","floor":48.0}],"player_experience":430057,"relics_obtained":[{"floor":7.0,"key":"Pet Ghost"},{"floor":9.0,"key":"Mercury Hourglass"},{"floor":11.0,"key":"Thread and Needle"},{"floor":12.0,"key":"StrikeDummy"},{"floor":15.0,"key":"Bag of Marbles"},{"floor":24.0,"key":"Sundial"},{"floor":24.0,"key":"Nunchaku"},{"floor":26.0,"key":"Centennial Puzzle"},{"floor":27.0,"key":"Necronomicon"},{"floor":30.0,"key":"Eternal Feather"},{"floor":30.0,"key":"Another Sword"},{"floor":40.0,"key":"FossilizedHelix"},{"floor":40.0,"key":"StoneCalendar"},{"floor":43.0,"key":"Bronze Scales"},{"floor":47.0,"key":"Self Forming Clay"}],"event_choices":[{"damage_healed":0.0,"max_hp_gain":0.0,"max_hp_loss":0.0,"gold_gain":0.0,"event_name":"Living Wall","player_choice":"Grow","floor":0.0,"gold_loss":0.0,"damage_taken":0.0,"cards_upgraded":["Bash"]},{"damage_healed":0.0,"max_hp_gain":0.0,"max_hp_loss":0.0,"gold_gain":0.0,"event_name":"WeMeetAgain","player_choice":"Paid Gold","floor":4.0,"gold_loss":66.0,"damage_taken":0.0,"relics_obtained":["Ancient Tea Set"]},{"damage_healed":0.0,"max_hp_gain":0.0,"max_hp_loss":0.0,"gold_gain":0.0,"cards_transformed":["Pommel Strike","Strike_R"],"event_name":"Drug Dealer","player_choice":"Became Test Subject","floor":19.0,"gold_loss":0.0,"damage_taken":0.0,"cards_obtained":["Immolate","Reaper"]},{"damage_healed":0.0,"max_hp_gain":0.0,"max_hp_loss":0.0,"gold_gain":0.0,"event_name":"Cursed Tome","player_choice":"Obtained Book","floor":27.0,"gold_loss":0.0,"damage_taken":16.0},{"damage_healed":0.0,"max_hp_gain":0.0,"max_hp_loss":0.0,"gold_gain":0.0,"event_name":"Ghosts","player_choice":"Ignored","floor":29.0,"gold_loss":0.0,"damage_taken":0.0},{"damage_healed":0.0,"max_hp_gain":0.0,"max_hp_loss":4.0,"gold_gain":0.0,"event_name":"Winding Halls","player_choice":"Max HP","floor":36.0,"gold_loss":0.0,"damage_taken":0.0},{"cards_removed":["Blood for Blood"],"damage_healed":0.0,"max_hp_gain":0.0,"max_hp_loss":0.0,"gold_gain":0.0,"event_name":"Falling","player_choice":"Removed Attack","floor":38.0,"gold_loss":0.0,"damage_taken":0.0}],"is_beta":false,"boss_relics":[{"not_picked":["Replay:Wanted Poster","Honey Jar"],"picked":"Black Star"},{"not_picked":["Empty Cage","Black Blood"],"picked":"Astrolabe"}],"items_purged_floors":[21,25,46],"is_endless":false,"potions_floor_spawned":[5,7,20,24,35,44,48],"ascension_level":0}}