{"host":"gaqyve1328ta0etl","time":1613821052,"event":{"mods":["BaseMod","Colored Map","Colored Powertips","Duelist Mod","Googly Eyes","Hero for Fun","Minty Spire (QoL Compilation)","Shop Mod","StSLib","SuperFastMode","The Hierophant","The Runesmith"],"gold_per_floor":[16,16,16,26,0,30,30,50,76,76,89,89,99,119,119,192,242,162,87,98,98,109,109,128,128,128,128,128,143,156,56,56,127,127,142,142,142,142,17,17,17],"floor_reached":40,"language":"ENG","playtime":1378,"items_purged":["theDuelist:CastleWalls","theDuelist:GiantSoldier","theDuelist:BeaverWarrior"],"score":920,"play_id":"e949b22b-343e-4b44-9c91-1be814c7d1aa","local_time":"20210220033732","is_ascension_mode":true,"campfire_choices":[{"floor":7,"key":"REST"},{"floor":10,"key":"REST"},{"data":"theDuelist:MillenniumGolem","floor":15,"key":"SMITH"},{"floor":23,"key":"REST"},{"floor":27,"key":"REST"},{"floor":32,"key":"REST"}],"circlet_count":0,"master_deck":["AscendersBane","theDuelist:BeaverWarrior+1","theDuelist:CastleWalls+1","theDuelist:FinalFlame","theDuelist:GiantSoldier+1","theDuelist:ScrapFactory","theDuelist:HappyLover","theDuelist:Graverobber","The Bomb","theDuelist:KamionTimelord","theDuelist:SummoningCurse","theDuelist:MillenniumGolem+1","theDuelist:GridRod","theDuelist:SwordsConcealing","theDuelist:MiraculousDescent","theDuelist:Eva+1","theDuelist:RainbowKuriboh","theDuelist:GravityAxe","theDuelist:YamiForm","theDuelist:Hinotama"],"relics":["theDuelist:MillenniumPuzzle","theDuelist:CardPoolRelic","theDuelist:CardPoolBasicRelic","theDuelist:BoosterPackPoolRelic","theDuelist:CardPoolAddRelic","theDuelist:CardPoolMinusRelic","theDuelist:CardPoolSaveRelic","theDuelist:CardPoolOptionsRelic","theDuelist:CursedHealer","Tiny Chest","theDuelist:MillenniumArmor","theDuelist:MillenniumNecklace","Tiny House","Bottled Flame","Question Card","Pen Nib"],"acts_visited":["Exordium","TheCity","TheBeyond"],"potions_floor_usage":[6,16,18,20,24,33,35,40],"damage_taken":[{"damage":0,"enemies":"Small Slimes","floor":1,"turns":4},{"damage":0,"enemies":"Jaw Worm","floor":4,"turns":4},{"damage":36,"enemies":"Gremlin Nob","floor":6,"turns":5},{"damage":0,"enemies":"2 Louse","floor":8,"turns":4},{"damage":0,"enemies":"2 Fungi Beasts","floor":11,"turns":3},{"damage":0,"enemies":"Exordium Wildlife","floor":13,"turns":5},{"damage":0,"enemies":"Large Slime","floor":14,"turns":4},{"damage":0,"enemies":"Hexaghost","floor":16,"turns":10},{"damage":14,"enemies":"2 Thieves","floor":18,"turns":4},{"damage":32,"enemies":"3 Byrds","floor":20,"turns":4},{"damage":2,"enemies":"Centurion and Healer","floor":22,"turns":7},{"damage":13,"enemies":"Snake Plant","floor":24,"turns":4},{"damage":34,"enemies":"Chosen and Byrds","floor":29,"turns":8},{"damage":16,"enemies":"Centurion and Healer","floor":30,"turns":12},{"damage":0,"enemies":"Champ","floor":33,"turns":20},{"damage":49,"enemies":"3 Darklings","floor":35,"turns":6},{"damage":21,"enemies":"Nemesis","floor":40,"turns":5}],"seed_played":"3014644761561768432","potions_obtained":[{"floor":1,"key":"Ambrosia"},{"floor":8,"key":"theDuelist:FireBottle"},{"floor":11,"key":"theDuelist:FusionPotion"},{"floor":16,"key":"theDuelist:BurningPotionB"},{"floor":18,"key":"SkillPotion"},{"floor":20,"key":"theDuelist:CoolBottle"},{"floor":24,"key":"Strength Potion"},{"floor":33,"key":"theDuelist:StunPotion"},{"floor":35,"key":"ColorlessPotion"}],"is_trial":false,"path_per_floor":["M","?","?","M","?","E","R","M","T","R","M","?","M","M","R","B",null,"M","$","M","?","M","R","M","T","T","R","?","M","M","$","R","B",null,"M","?","T","?","$","E"],"character_chosen":"THE_DUELIST","items_purchased":[],"campfire_rested":5,"item_purchase_floors":[],"current_hp_per_floor":[63,70,49,49,49,13,34,34,34,55,55,55,55,55,55,55,71,57,57,25,25,23,45,32,32,32,54,54,20,4,4,26,26,63,14,14,14,14,14,0,0],"gold":17,"neow_bonus":"REMOVE_TWO","is_daily":false,"chose_seed":false,"campfire_upgraded":1,"win_rate":0.0,"timestamp":1613821052,"path_taken":["M","?","?","M","?","E","R","M","T","R","M","?","?","M","R","BOSS","M","$","M","?","M","R","M","?","T","R","?","?","M","$","R","BOSS","M","?","?","?","$","E"],"items_purchased_type":[],"build_version":"2020-12-22","purchased_purges":3,"victory":false,"max_hp_per_floor":[70,70,70,70,70,70,70,70,70,70,70,70,70,70,70,70,75,75,75,75,75,75,75,75,75,75,75,75,75,75,75,75,75,75,75,75,75,75,75,75,75],"card_choices":[{"not_picked":["theDuelist:WhiteMagicalHat","theDuelist:SpiritHarp","theDuelist:SangaEarth","theDuelist:MythicalBeast"],"picked":"theDuelist:HappyLover","floor":1},{"not_picked":["theDuelist:CombinationAttack","theDuelist:BigFire","theDuelist:SwordDeepSeated","theDuelist:EgoBoost","theDuelist:Electrowhip"],"picked":"SKIP","floor":4},{"not_picked":["Impatience","Madness","Master of Strategy"],"picked":"The Bomb","floor":6},{"not_picked":["theDuelist:WhiteHowling","theDuelist:GravityAxe","theDuelist:Electrowhip","theDuelist:ElectromagneticShield"],"picked":"SKIP","floor":8},{"not_picked":["theDuelist:LightLaser","theDuelist:GravityLash"],"picked":"theDuelist:KamionTimelord","floor":11},{"not_picked":["theDuelist:Hinotama","theDuelist:Invigoration","theDuelist:SolarWindJammer","theDuelist:BreakDraw","theDuelist:MythicalBeast"],"picked":"SKIP","floor":13},{"not_picked":["theDuelist:PotAvarice","theDuelist:Jinzo","theDuelist:HeavyStorm","theDuelist:FlameTiger"],"picked":"theDuelist:MillenniumGolem","floor":14},{"not_picked":["theDuelist:SwordsConcealing","theDuelist:LightningBlade","theDuelist:ForbiddenLance","theDuelist:KamionTimelord"],"picked":"theDuelist:GridRod","floor":16},{"not_picked":["theDuelist:WhiteHowling","theDuelist:ImperialOrder","theDuelist:Electrowhip","theDuelist:MiraculousDescent","theDuelist:GridRod"],"picked":"SKIP","floor":18},{"not_picked":["theDuelist:SparkBlaster","theDuelist:AfterTheStorm","theDuelist:GravityAxe","theDuelist:ElectromagneticShield","theDuelist:LegendarySword"],"picked":"SKIP","floor":20},{"not_picked":["theDuelist:WhiteHowling","theDuelist:ImperialOrder","theDuelist:ElectromagneticShield","theDuelist:MiraculousDescent"],"picked":"theDuelist:SwordsConcealing","floor":22},{"not_picked":["theDuelist:CoreBlaster","theDuelist:SilverApples+1","theDuelist:WhiteMagicalHat","theDuelist:Hinotama+1","theDuelist:ImperialOrder"],"picked":"SKIP","floor":24},{"not_picked":["theDuelist:WhiteHowling","theDuelist:ImperialOrder","theDuelist:GravityAxe","theDuelist:Electrowhip"],"picked":"theDuelist:MiraculousDescent","floor":29},{"not_picked":["theDuelist:MeteorDestruction","theDuelist:PowerWall","theDuelist:MagnumShield","theDuelist:AfterTheStorm"],"picked":"theDuelist:Eva+1","floor":30},{"not_picked":["theDuelist:RainbowNeos","theDuelist:KamionTimelord","theDuelist:Eva","theDuelist:RainbowOverdragon"],"picked":"theDuelist:RainbowKuriboh","floor":33},{"not_picked":["theDuelist:Hinotama","theDuelist:WormApocalypse+1","theDuelist:Tuningware+1","theDuelist:MeteorDestruction","theDuelist:SpiritHarp"],"picked":"SKIP","floor":35}],"player_experience":2224911,"relics_obtained":[{"floor":6,"key":"Tiny Chest"},{"floor":9,"key":"theDuelist:MillenniumArmor"},{"floor":25,"key":"Bottled Flame"},{"floor":26,"key":"Question Card"},{"floor":37,"key":"Pen Nib"}],"event_choices":[{"damage_healed":0,"gold_gain":0,"player_choice":"Succumb - +25HP/Cursed Relic","duelist":true,"damage_taken":0,"max_hp_gain":0,"max_hp_loss":0,"event_name":"Tomb of the Nameless","floor":2,"gold_loss":0},{"damage_healed":0,"gold_gain":0,"player_choice":"Entered Light","damage_taken":21,"max_hp_gain":0,"max_hp_loss":0,"event_name":"Shining Light","floor":3,"gold_loss":0,"cards_upgraded":["theDuelist:BeaverWarrior","theDuelist:GiantSoldier"]},{"damage_healed":0,"gold_gain":0,"player_choice":"Purchased Graverobber for 26 Gold.","duelist":true,"damage_taken":0,"max_hp_gain":0,"max_hp_loss":0,"event_name":"Card Trader","floor":5,"gold_loss":0},{"damage_healed":0,"gold_gain":0,"player_choice":"Took item - Received: Millennium Necklace","duelist":true,"damage_taken":0,"max_hp_gain":0,"max_hp_loss":0,"event_name":"Millennium Items","floor":12,"gold_loss":0},{"damage_healed":0,"gold_gain":0,"player_choice":"Leave","duelist":true,"damage_taken":0,"max_hp_gain":0,"max_hp_loss":0,"event_name":"Egyptian Village","floor":21,"gold_loss":0},{"damage_healed":0,"gold_gain":0,"player_choice":"0 cards matched","damage_taken":0,"max_hp_gain":0,"max_hp_loss":0,"event_name":"Match and Keep!","floor":28,"gold_loss":0,"cards_obtained":[]},{"damage_healed":0,"gold_gain":0,"player_choice":"3 cards matched","damage_taken":0,"max_hp_gain":0,"max_hp_loss":0,"event_name":"Match and Keep!","floor":36,"gold_loss":0,"cards_obtained":["theDuelist:GravityAxe","theDuelist:YamiForm","theDuelist:Hinotama"]},{"damage_healed":0,"gold_gain":0,"player_choice":"Leave","duelist":true,"damage_taken":0,"max_hp_gain":0,"max_hp_loss":0,"event_name":"Relic Duplicator","floor":38,"gold_loss":0}],"is_beta":false,"boss_relics":[{"not_picked":["Pandora\u0027s Box","Ectoplasm"],"picked":"Tiny House"},{"not_picked":["Runic Pyramid","Fusion Hammer","Runesmith:UraniumAnvil"]}],"items_purged_floors":[19,31,39],"is_endless":false,"potions_floor_spawned":[1,8,11,13,14,24,30,35],"killed_by":"Nemesis","ascension_level":18}}