{"host":"t5vp0whyqzs05fb6","time":1613807183,"event":{"mods":["AchievementEnabler","BaseMod","Colored Map","Minty Spire (QoL Compilation)","Rare Cards Sparkle","SuperFastMode","everything is the same but u backflip on backflip"],"gold_per_floor":[117,117,117,137,62,93,93,106,106,150,0,24,99,123,123,242,242,258,271,295,395,436,474,492,492,516,540,563,586,422,337,337,461,461,475,538,871,871,507,507,536,536,536,536,552,552,566,305,305,305,305,305,33,60,60],"floor_reached":56,"language":"KOR","playtime":1449,"items_purged":["Strike_G","Adrenaline","Defend_G","Neutralize+1","Cloak And Dagger+1"],"score":1630,"play_id":"32530145-e7ba-4f47-906c-6b102e30ea41","local_time":"20210220164623","is_ascension_mode":false,"campfire_choices":[{"data":"Neutralize","floor":7,"key":"SMITH"},{"data":"Reflex","floor":15,"key":"SMITH"},{"floor":25,"key":"RECALL"},{"floor":32,"key":"REST"},{"floor":40,"key":"DIG"},{"floor":42,"key":"DIG"},{"floor":44,"key":"DIG"},{"floor":49,"key":"DIG"},{"floor":52,"key":"DIG"}],"circlet_count":0,"master_deck":["Survivor","Accuracy+1","Accuracy+1","Accuracy+1","Cloak And Dagger+1","Cloak And Dagger+1","Blade Dance+1","Blade Dance+1","Blade Dance+1","Acrobatics+1","Acrobatics+1","Tactician+1","Tactician+1","Calculated Gamble+1","Adrenaline+1","Adrenaline+1","Prepared","Reflex+1","Accuracy","Accuracy","Accuracy+1","Storm of Steel","Choke","Well Laid Plans+1","Finesse","Panache","Finisher","Backstab"],"relics":["Ring of the Snake","NeowsBlessing","Incense Burner","White Beast Statue","Juzu Bracelet","Membership Card","Fusion Hammer","Red Mask","Dream Catcher","Lantern","DollysMirror","Potion Belt","Black Star","Shovel","Shuriken","Matryoshka","Smiling Mask","Vajra","Calipers","Mummified Hand","Bag of Preparation","Pen Nib","Boot","Ninja Scroll","Blue Candle","Paper Crane","Ginger","Nunchaku","CaptainsWheel"],"acts_visited":["Exordium","TheCity","TheBeyond","TheEnding"],"potions_floor_usage":[36,36,36,50,50,55,55,55,55],"damage_taken":[{"damage":0,"enemies":"Small Slimes","floor":1,"turns":1},{"damage":0,"enemies":"Jaw Worm","floor":4,"turns":1},{"damage":0,"enemies":"Lagavulin","floor":6,"turns":1},{"damage":0,"enemies":"Cultist","floor":8,"turns":1},{"damage":0,"enemies":"3 Sentries","floor":10,"turns":1},{"damage":0,"enemies":"3 Louse","floor":12,"turns":1},{"damage":0,"enemies":"Exordium Wildlife","floor":14,"turns":1},{"damage":0,"enemies":"Hexaghost","floor":16,"turns":1},{"damage":0,"enemies":"3 Byrds","floor":18,"turns":1},{"damage":0,"enemies":"Chosen","floor":19,"turns":1},{"damage":0,"enemies":"3 Cultists","floor":20,"turns":1},{"damage":0,"enemies":"Masked Bandits","floor":22,"turns":1},{"damage":0,"enemies":"Gremlin Leader","floor":23,"turns":2},{"damage":0,"enemies":"Centurion and Healer","floor":24,"turns":1},{"damage":0,"enemies":"Snake Plant","floor":27,"turns":1},{"damage":0,"enemies":"Snecko","floor":28,"turns":1},{"damage":0,"enemies":"Shelled Parasite and Fungi","floor":29,"turns":1},{"damage":0,"enemies":"Champ","floor":33,"turns":2},{"damage":0,"enemies":"Orb Walker","floor":35,"turns":1},{"damage":0,"enemies":"Mind Bloom Boss Battle","floor":36,"turns":1},{"damage":0,"enemies":"Giant Head","floor":41,"turns":2},{"damage":0,"enemies":"3 Darklings","floor":45,"turns":1},{"damage":0,"enemies":"Spire Growth","floor":47,"turns":1},{"damage":0,"enemies":"Donu and Deca","floor":50,"turns":2},{"damage":0,"enemies":"Shield and Spear","floor":54,"turns":2},{"damage":38,"enemies":"The Heart","floor":55,"turns":3}],"seed_played":"-4908594552401078104","potions_obtained":[{"floor":6,"key":"Dexterity Potion"},{"floor":8,"key":"Swift Potion"},{"floor":10,"key":"EntropicBrew"},{"floor":27,"key":"Ancient Potion"},{"floor":29,"key":"GhostInAJar"},{"floor":35,"key":"Explosive Potion"},{"floor":36,"key":"CunningPotion"}],"is_trial":false,"path_per_floor":["M","?","?","M","$","E","R","M","T","E","$","M","?","M","R","B",null,"M","M","M","?","?","E","M","R","T","M","M","M","$","?","R","B",null,"M","?","?","?","$","R","E","R","T","R","M","?","M","$","R","B",null,"R","$","E","B",null],"character_chosen":"THE_SILENT","items_purchased":["Membership Card","Accuracy","DollysMirror","Shuriken","Matryoshka","Finesse","Ninja Scroll","Panache","Ginger","Finisher","Strength Potion"],"campfire_rested":1,"item_purchase_floors":[11,30,30,39,39,39,48,48,53,53,53],"current_hp_per_floor":[70,65,53,53,53,53,53,53,53,53,53,53,42,42,42,42,65,65,65,65,65,65,65,65,65,65,65,65,65,65,65,65,65,65,65,65,65,65,65,65,65,65,65,65,65,65,65,65,65,65,65,65,65,65,27],"gold":60,"neow_bonus":"THREE_ENEMY_KILL","is_daily":false,"chose_seed":false,"campfire_upgraded":2,"win_rate":0.0,"timestamp":1613807183,"path_taken":["M","?","?","M","?","E","R","?","T","E","$","M","?","M","R","BOSS","M","M","M","?","?","E","M","R","T","M","M","M","$","?","R","BOSS","M","?","?","?","$","R","E","R","T","R","M","?","M","$","R","BOSS","R","$","E","BOSS"],"items_purchased_type":["Relic","Card","Relic","Relic","Relic","Card","Relic","Card","Relic","Card","Potion"],"build_version":"2020-12-22","purchased_purges":5,"victory":true,"max_hp_per_floor":[70,65,65,65,65,65,65,65,65,65,65,65,65,65,65,65,65,65,65,65,65,65,65,65,65,65,65,65,65,65,65,65,65,65,65,65,65,65,65,65,65,65,65,65,65,65,65,65,65,65,65,65,65,65,65],"card_choices":[{"not_picked":["Poisoned Stab","Skewer","Flying Knee"],"picked":"SKIP","floor":1},{"not_picked":["All Out Attack","Bane","Underhanded Strike"],"picked":"SKIP","floor":4},{"not_picked":["Grand Finale","Choke","Deflect"],"picked":"SKIP","floor":6},{"not_picked":["Cloak And Dagger","Expertise"],"picked":"Prepared","floor":8},{"not_picked":["Cloak And Dagger","Tools of the Trade","Dagger Spray"],"picked":"SKIP","floor":10},{"not_picked":["Endless Agony","Cloak And Dagger","Underhanded Strike"],"picked":"SKIP","floor":12},{"not_picked":["Outmaneuver","Poisoned Stab"],"picked":"Reflex","floor":14},{"not_picked":["Phantasmal Killer","Storm of Steel"],"picked":"Adrenaline","floor":16},{"not_picked":["Dagger Spray+1","All Out Attack","Leg Sweep"],"picked":"SKIP","floor":18},{"not_picked":["Footwork","Flechettes+1","Concentrate+1"],"picked":"SKIP","floor":19},{"not_picked":["Endless Agony","Leg Sweep","Caltrops"],"picked":"SKIP","floor":20},{"not_picked":["Flying Knee","Deadly Poison","Cloak And Dagger"],"picked":"SKIP","floor":23},{"not_picked":["Deadly Poison","Dodge and Roll+1"],"picked":"Accuracy","floor":24},{"not_picked":["Noxious Fumes","Flying Knee","Deadly Poison+1"],"picked":"SKIP","floor":27},{"not_picked":["Blur","Backflip","Dodge and Roll+1"],"picked":"SKIP","floor":28},{"not_picked":["Quick Slash","Dagger Spray","Poisoned Stab+1"],"picked":"SKIP","floor":29},{"not_picked":["Corpse Explosion","Adrenaline"],"picked":"Storm of Steel","floor":33},{"not_picked":["Prepared","Bouncing Flask+1"],"picked":"Choke","floor":35},{"not_picked":["Cloak And Dagger+1","Endless Agony"],"picked":"Well Laid Plans+1","floor":36},{"not_picked":["Flying Knee+1","Sucker Punch+1","Underhanded Strike"],"picked":"SKIP","floor":41},{"not_picked":["Poisoned Stab+1","Blade Dance+1","Masterful Stab+1"],"picked":"SKIP","floor":45},{"not_picked":["Poisoned Stab+1","Blade Dance+1","Masterful Stab+1"],"picked":"SKIP","floor":45},{"not_picked":["Poisoned Stab+1","Underhanded Strike+1","Cloak And Dagger+1"],"picked":"SKIP","floor":47},{"not_picked":["Well Laid Plans","Underhanded Strike"],"picked":"Backstab","floor":54}],"player_experience":240174,"relics_obtained":[{"floor":6,"key":"White Beast Statue"},{"floor":10,"key":"Juzu Bracelet"},{"floor":22,"key":"Red Mask"},{"floor":23,"key":"Dream Catcher"},{"floor":26,"key":"Lantern"},{"floor":36,"key":"Shovel"},{"floor":40,"key":"Smiling Mask"},{"floor":41,"key":"Vajra"},{"floor":41,"key":"Calipers"},{"floor":42,"key":"Mummified Hand"},{"floor":43,"key":"Bag of Preparation"},{"floor":43,"key":"Pen Nib"},{"floor":44,"key":"Boot"},{"floor":49,"key":"Blue Candle"},{"floor":52,"key":"Paper Crane"},{"floor":54,"key":"Nunchaku"},{"floor":54,"key":"CaptainsWheel"}],"event_choices":[{"damage_healed":0,"gold_gain":0,"player_choice":"Lose Max HP","damage_taken":0,"relics_obtained":["Golden Idol"],"max_hp_gain":0,"max_hp_loss":5,"event_name":"Golden Idol","floor":2,"gold_loss":0},{"damage_healed":0,"gold_gain":0,"player_choice":"Success","damage_taken":12,"relics_obtained":["Incense Burner"],"max_hp_gain":0,"max_hp_loss":0,"event_name":"Scrap Ooze","floor":3,"gold_loss":0},{"damage_healed":0,"gold_gain":75,"player_choice":"Gather Gold","damage_taken":11,"max_hp_gain":0,"max_hp_loss":0,"event_name":"World of Goop","floor":13,"gold_loss":0},{"damage_healed":0,"gold_gain":100,"player_choice":"Pray","damage_taken":0,"max_hp_gain":0,"max_hp_loss":0,"event_name":"Golden Shrine","floor":21,"gold_loss":0},{"damage_healed":0,"gold_gain":0,"player_choice":"Fought Bandits","damage_taken":0,"max_hp_gain":0,"max_hp_loss":0,"event_name":"Masked Bandits","floor":22,"gold_loss":0},{"damage_healed":0,"gold_gain":0,"player_choice":"Obtained Relic","damage_taken":0,"relics_obtained":["Potion Belt"],"max_hp_gain":0,"max_hp_loss":0,"event_name":"Addict","floor":31,"gold_loss":85},{"damage_healed":0,"gold_gain":0,"player_choice":"Fight","damage_taken":0,"max_hp_gain":0,"max_hp_loss":0,"event_name":"MindBloom","floor":36,"gold_loss":0},{"damage_healed":0,"gold_gain":333,"player_choice":"Gave Idol","damage_taken":0,"max_hp_gain":0,"max_hp_loss":0,"event_name":"The Moai Head","floor":37,"relics_lost":["Golden Idol"],"gold_loss":0},{"damage_healed":0,"gold_gain":0,"player_choice":"Memory 1","damage_taken":0,"max_hp_gain":0,"max_hp_loss":0,"event_name":"SensoryStone","floor":38,"gold_loss":0},{"cards_removed":["Adrenaline"],"damage_healed":0,"gold_gain":0,"player_choice":"Removed Skill","damage_taken":0,"max_hp_gain":0,"max_hp_loss":0,"event_name":"Falling","floor":46,"gold_loss":0}],"is_beta":false,"boss_relics":[{"not_picked":["Tiny House","SlaversCollar"],"picked":"Fusion Hammer"},{"not_picked":["Pandora\u0027s Box","SacredBark"],"picked":"Black Star"}],"items_purged_floors":[5,30,39,48,53],"is_endless":false,"potions_floor_spawned":[6,8,10,12,14,16,18,19,20,22,23,24,27,28,29,33,35,36,41,45,47,54],"ascension_level":0}}