{"host":"qc8p2flj7wsy3zpg","time":1613781964,"event":{"mods":["BaseMod","Highlight Path","Minty Spire (QoL Compilation)","Relic Stats","StSLib"],"gold_per_floor":[114,114,128,145,4,4,29,29,56,56,82,98,148,159,159,233,233,250,262,262,187,187,212,212,247,274,274,305,305,395,48,48,127,127,141,154,15,33,52,52,52],"floor_reached":40,"language":"ENG","playtime":1672,"items_purged":[],"score":904,"play_id":"aa98e575-7e23-4a78-a45f-e574945c1b4a","local_time":"20210219184604","is_ascension_mode":true,"campfire_choices":[{"data":"Bash","floor":6,"key":"SMITH"},{"data":"Sever Soul","floor":8,"key":"SMITH"},{"data":"Inflame","floor":10,"key":"SMITH"},{"floor":15,"key":"REST"},{"floor":24,"key":"REST"},{"floor":27,"key":"REST"},{"data":"Shockwave","floor":29,"key":"SMITH"},{"data":"True Grit","floor":32,"key":"SMITH"}],"circlet_count":0,"master_deck":["AscendersBane","Bash+1","Headbutt","Wild Strike","Twin Strike","Inflame+1","Sever Soul+1","Shockwave+1","Sword Boomerang","Power Through+1","Demon Form","Battle Trance+1","Necronomicurse","Power Through","Clothesline","True Grit+1","Corruption","True Grit","Twin Strike","Bloodletting","Power Through","Berserk","Berserk","Feed","Ghostly Armor","Heavy Blade","Flame Barrier","Thunderclap","Armaments","Sword Boomerang+1"],"relics":["Velvet Choker","Ancient Tea Set","Anchor","Mummified Hand","Philosopher\u0027s Stone","Necronomicon","Blood Vial","Centennial Puzzle","War Paint","Mango","Torii","Pandora\u0027s Box"],"acts_visited":["Exordium","TheCity","TheBeyond"],"potions_floor_usage":[7,22,23,23,35,39,39],"damage_taken":[{"damage":1,"enemies":"Cultist","floor":1,"turns":4},{"damage":2,"enemies":"Jaw Worm","floor":3,"turns":2},{"damage":4,"enemies":"Small Slimes","floor":4,"turns":3},{"damage":15,"enemies":"3 Sentries","floor":7,"turns":7},{"damage":8,"enemies":"Gremlin Nob","floor":11,"turns":3},{"damage":0,"enemies":"Looter","floor":12,"turns":2},{"damage":0,"enemies":"2 Fungi Beasts","floor":14,"turns":2},{"damage":29,"enemies":"Hexaghost","floor":16,"turns":6},{"damage":10,"enemies":"Shell Parasite","floor":18,"turns":3},{"damage":0,"enemies":"Chosen","floor":19,"turns":3},{"damage":12,"enemies":"Slavers","floor":23,"turns":4},{"damage":6,"enemies":"Gremlin Leader","floor":25,"turns":5},{"damage":1,"enemies":"Book of Stabbing","floor":28,"turns":2},{"damage":42,"enemies":"Champ","floor":33,"turns":8},{"damage":3,"enemies":"3 Darklings","floor":35,"turns":5},{"damage":1,"enemies":"3 Shapes","floor":36,"turns":4},{"damage":0,"enemies":"Transient","floor":38,"turns":6},{"damage":29,"enemies":"Spire Growth","floor":39,"turns":4},{"damage":53,"enemies":"Reptomancer","floor":40,"turns":6}],"seed_played":"-7993562928111259446","potions_obtained":[{"floor":7,"key":"Ancient Potion"},{"floor":14,"key":"EntropicBrew"},{"floor":25,"key":"Explosive Potion"},{"floor":36,"key":"Swift Potion"},{"floor":38,"key":"Block Potion"}],"is_trial":false,"path_per_floor":["M","?","M","M","$","R","E","R","T","R","E","M","?","M","R","B",null,"M","M","?","?","?","E","R","E","T","R","E","R","?","$","R","B",null,"M","M","$","M","M","E"],"character_chosen":"IRONCLAD","items_purchased":["Inflame","Fire Potion","Torii","True Grit","Flame Barrier","Thunderclap"],"campfire_rested":3,"item_purchase_floors":[5,5,31,31,37,37],"current_hp_per_floor":[67,44,42,38,38,38,23,23,23,23,15,15,15,15,37,8,58,48,48,48,48,27,15,37,33,33,55,70,70,58,58,58,18,71,70,71,71,73,46,0,0],"gold":52,"neow_bonus":"BOSS_RELIC","is_daily":false,"chose_seed":false,"campfire_upgraded":5,"win_rate":0.0,"timestamp":1613781964,"path_taken":["M","?","M","M","$","R","E","R","T","R","E","M","?","M","R","BOSS","M","?","?","?","?","E","R","E","T","R","E","R","?","$","R","BOSS","M","M","?","M","M","E"],"items_purchased_type":["Card","Potion","Relic","Card","Card","Card"],"build_version":"2020-12-22","purchased_purges":0,"victory":false,"max_hp_per_floor":[75,75,75,75,75,75,75,75,75,75,75,75,75,75,75,75,75,75,75,75,75,75,75,75,75,75,75,89,89,89,89,89,89,89,89,89,89,89,89,89,89],"relic_stats":{"Blood Vial":16,"Centennial Puzzle":[18],"Torii":10,"counters":[19,79],"Mummified Hand":[31],"Pandora\u0027s Box":["True Grit","Twin Strike","Bloodletting","Power Through","Berserk","Berserk","Feed","Ghostly Armor"],"Necronomicon":[23],"War Paint":["Power Through","Battle Trance"],"obtain_stats":[{"Torii":31,"Velvet Choker":0,"Mango":28,"War Paint":26,"Ancient Tea Set":7,"Burning Blood":0,"Blood Vial":23,"Anchor":9,"Centennial Puzzle":25,"Mummified Hand":11,"Philosopher\u0027s Stone":17,"Pandora\u0027s Box":34,"Necronomicon":22},{"Torii":13,"Velvet Choker":0,"Mango":13,"War Paint":12,"Ancient Tea Set":4,"Burning Blood":0,"Blood Vial":11,"Anchor":4,"Centennial Puzzle":12,"Mummified Hand":5,"Philosopher\u0027s Stone":8,"Pandora\u0027s Box":14,"Necronomicon":10},{"Torii":46,"Velvet Choker":0,"Mango":46,"War Paint":44,"Ancient Tea Set":16,"Burning Blood":0,"Blood Vial":39,"Anchor":16,"Centennial Puzzle":44,"Mummified Hand":19,"Philosopher\u0027s Stone":29,"Pandora\u0027s Box":54,"Necronomicon":35}]},"card_choices":[{"not_picked":["Armaments","Dark Embrace"],"picked":"Headbutt","floor":1},{"not_picked":["True Grit","Shrug It Off"],"picked":"Wild Strike","floor":3},{"not_picked":["Shrug It Off","Evolve"],"picked":"Twin Strike","floor":4},{"not_picked":["Body Slam","Flex"],"picked":"Sever Soul","floor":7},{"not_picked":["Wild Strike","Headbutt"],"picked":"Shockwave","floor":11},{"not_picked":["Flex","Anger"],"picked":"Sword Boomerang","floor":12},{"not_picked":["Wild Strike","Rage"],"picked":"Power Through","floor":14},{"not_picked":["Fiend Fire","Bludgeon"],"picked":"Demon Form","floor":16},{"not_picked":["Clash","Sword Boomerang+1"],"picked":"Battle Trance","floor":18},{"not_picked":["Intimidate","Reckless Charge","Entrench"],"picked":"SKIP","floor":19},{"not_picked":["Wild Strike+1","Clash"],"picked":"Power Through","floor":23},{"not_picked":["Havoc","Combust"],"picked":"Clothesline","floor":28},{"not_picked":["Exhume","Bludgeon"],"picked":"Corruption","floor":33},{"not_picked":["Ghostly Armor","Wild Strike"],"picked":"Heavy Blade","floor":35},{"not_picked":["Clash","Bloodletting","Heavy Blade"],"picked":"SKIP","floor":36},{"not_picked":["Hemokinesis","Havoc+1"],"picked":"Armaments","floor":38},{"not_picked":["Combust","Thunderclap"],"picked":"Sword Boomerang+1","floor":39}],"player_experience":2407764,"relics_obtained":[{"floor":7,"key":"Ancient Tea Set"},{"floor":9,"key":"Anchor"},{"floor":11,"key":"Mummified Hand"},{"floor":22,"key":"Necronomicon"},{"floor":23,"key":"Blood Vial"},{"floor":25,"key":"Centennial Puzzle"},{"floor":26,"key":"War Paint"},{"floor":28,"key":"Mango"}],"event_choices":[{"damage_healed":0,"gold_gain":0,"player_choice":"Entered Light","damage_taken":23,"max_hp_gain":0,"max_hp_loss":0,"event_name":"Shining Light","floor":2,"gold_loss":0,"cards_upgraded":["Strike_R","Strike_R"]},{"damage_healed":0,"gold_gain":50,"player_choice":"Pray","damage_taken":0,"max_hp_gain":0,"max_hp_loss":0,"event_name":"Golden Shrine","floor":13,"gold_loss":0},{"damage_healed":0,"gold_gain":0,"player_choice":"Ignored","damage_taken":0,"max_hp_gain":0,"max_hp_loss":0,"event_name":"Ghosts","floor":20,"gold_loss":0},{"cards_removed":["Strike_R"],"damage_healed":0,"gold_gain":0,"player_choice":"Gave Gold","damage_taken":0,"max_hp_gain":0,"max_hp_loss":0,"event_name":"Beggar","floor":21,"gold_loss":75},{"damage_healed":0,"gold_gain":0,"player_choice":"Obtained Book","damage_taken":21,"max_hp_gain":0,"max_hp_loss":0,"event_name":"Cursed Tome","floor":22,"gold_loss":0},{"damage_healed":0,"gold_gain":90,"player_choice":"GOLD ","damage_taken":12,"max_hp_gain":0,"max_hp_loss":0,"event_name":"Knowing Skull","floor":30,"potions_obtained":[],"gold_loss":0,"cards_obtained":[]}],"is_beta":false,"boss_relics":[{"not_picked":["Tiny House","Runic Pyramid"],"picked":"Philosopher\u0027s Stone"},{"not_picked":["Runic Cube","Calling Bell"],"picked":"Pandora\u0027s Box"}],"items_purged_floors":[],"is_endless":false,"potions_floor_spawned":[7,14,16,18,25,36,38],"killed_by":"Reptomancer","ascension_level":20}}