{"host":"ly2k09o7mhu4m2ip","time":1613852141,"event":{"mods":["BaseMod","Colored Map","Colored Powertips","Hermit","Highlight Path","Infinite Spire","Marisa????????","Minty Spire (QoL Compilation)","StSLib","The Cursed","The Disciple","The Gatherer","The Hierophant","The Necromancer","The Runesmith","The Servant 0.9.4"],"gold_per_floor":[114,64,64,79,29,55,55,55,102,146,146,174,192,222,222,334,334,369,407,462,507,507,507,507,507],"floor_reached":24,"language":"ENG","playtime":1589,"items_purged":[],"score":210,"play_id":"3f927e5f-4e4e-462c-bc0b-c0c48761e6b1","local_time":"20210220211541","is_ascension_mode":false,"campfire_choices":[{"data":"MysteriousBeam","floor":7,"key":"SMITH"},{"floor":15,"key":"REST"},{"floor":23,"key":"REST"}],"circlet_count":0,"master_deck":["Strike_MRS","Strike_MRS","Defend_MRS","Defend_MRS","Defend_MRS","Defend_MRS+1","MasterSpark","UpSweep+1","MysteriousBeam+1","SuperPerseids","WitchOfGreed","MysteriousBeam+1","Singularity","Decay","PowerUp","EnergyFlow","Occultation","UltimateShortwave","WitchOfGreed+1","OrrerysSun","EnergyRecoil"],"relics":["MiniHakkero","infinitespire:Lucky Rock","Letter Opener","Black Star"],"acts_visited":["Exordium","TheCity"],"potions_floor_usage":[6,13,16,18,19,19,20,20,21,22,24,24],"damage_taken":[{"damage":0,"enemies":"Jaw Worm","floor":1,"turns":5},{"damage":0,"enemies":"2 Louse","floor":4,"turns":2},{"damage":6,"enemies":"Gremlin Nob","floor":6,"turns":3},{"damage":4,"enemies":"3 Sentries","floor":10,"turns":5},{"damage":10,"enemies":"Small Slimes","floor":12,"turns":2},{"damage":0,"enemies":"Gremlin Gang","floor":13,"turns":3},{"damage":25,"enemies":"Exordium Thugs","floor":14,"turns":5},{"damage":2,"enemies":"Slime Boss","floor":16,"turns":5},{"damage":25,"enemies":"Chosen","floor":18,"turns":5},{"damage":0,"enemies":"Spheric Guardian","floor":19,"turns":3},{"damage":43,"enemies":"Shelled Parasite and Fungi","floor":20,"turns":5},{"damage":0,"enemies":"Snecko","floor":21,"turns":4},{"damage":0,"enemies":"Cultist and Chosen","floor":22,"turns":1},{"damage":30,"enemies":"Slavers","floor":24,"turns":3}],"seed_played":"-1785331551642548294","potions_obtained":[{"floor":1,"key":"ColorlessPotion"},{"floor":6,"key":"EssenceOfSteel"},{"floor":10,"key":"LiquidMemories"},{"floor":12,"key":"ColorlessPotion"},{"floor":14,"key":"Explosive Potion"},{"floor":16,"key":"ColorlessPotion"},{"floor":18,"key":"EssenceOfSteel"},{"floor":19,"key":"Strength Potion"},{"floor":19,"key":"Block Potion"},{"floor":20,"key":"Weak Potion"},{"floor":20,"key":"Fire Potion"},{"floor":20,"key":"EssenceOfSteel"},{"floor":21,"key":"LiquidBronze"},{"floor":21,"key":"SmokeBomb"}],"is_trial":false,"path_per_floor":["M","?","?","M","$","E","R","?","T","E","?","M","M","M","R","B",null,"M","M","M","M","M","R","E"],"character_chosen":"MARISA","items_purchased":["WitchOfGreed"],"campfire_rested":2,"item_purchase_floors":[5],"current_hp_per_floor":[75,75,60,60,60,54,54,54,54,50,50,40,40,15,37,35,75,50,50,7,7,7,29,0,0],"gold":507,"neow_bonus":"REMOVE_CARD","is_daily":false,"chose_seed":false,"campfire_upgraded":1,"win_rate":0.0,"timestamp":1613852141,"path_taken":["M","?","?","M","$","E","R","?","T","E","?","M","M","M","R","BOSS","M","M","M","?","M","R","E"],"items_purchased_type":["Card"],"build_version":"2020-12-22","purchased_purges":0,"victory":false,"max_hp_per_floor":[75,75,75,75,75,75,75,75,75,75,75,75,75,75,75,75,75,75,75,75,75,75,75,75,75],"card_choices":[{"not_picked":["PowerUp","ShootingEcho"],"picked":"MysteriousBeam","floor":1},{"not_picked":["DragonMeteor","Acceleration"],"picked":"SuperPerseids","floor":4},{"not_picked":["BigCrunch","WitchLeyline"],"picked":"MysteriousBeam","floor":6},{"not_picked":["OpenUniverse","WitchLeyline"],"picked":"Singularity","floor":10},{"not_picked":["DoubleSpark","DarkMatter"],"picked":"PowerUp","floor":12},{"not_picked":["DC","GravityBeat"],"picked":"EnergyFlow","floor":13},{"not_picked":["PulseMagic","PropBag"],"picked":"Occultation","floor":14},{"not_picked":["CasketOfStar","SatelliteIllusion"],"picked":"UltimateShortwave","floor":16},{"not_picked":["WitchLeyline","StarlightTyphoon"],"picked":"WitchOfGreed+1","floor":18},{"not_picked":["ManaConvection","WitchOfGreed"],"picked":"OrrerysSun","floor":19},{"not_picked":["ChargeUpSpray","DarkMatter","6A"],"picked":"SKIP","floor":20},{"not_picked":["Acceleration","StarBarrage"],"picked":"EnergyRecoil","floor":21}],"player_experience":224260,"relics_obtained":[{"floor":6,"key":"infinitespire:Lucky Rock"},{"floor":10,"key":"Letter Opener"}],"event_choices":[{"cards_removed":["Strike_MRS"],"damage_healed":0,"gold_gain":0,"player_choice":"Card Removal","damage_taken":0,"max_hp_gain":0,"max_hp_loss":0,"event_name":"The Cleric","floor":2,"gold_loss":50},{"damage_healed":0,"gold_gain":0,"player_choice":"Entered Light","damage_taken":15,"max_hp_gain":0,"max_hp_loss":0,"event_name":"Shining Light","floor":3,"gold_loss":0,"cards_upgraded":["Defend_MRS","MysteriousBeam"]},{"damage_healed":0,"gold_gain":0,"player_choice":"Grow","damage_taken":0,"max_hp_gain":0,"max_hp_loss":0,"event_name":"Living Wall","floor":8,"gold_loss":0,"cards_upgraded":["UpSweep"]},{"damage_healed":0,"gold_gain":0,"player_choice":"Cursed","damage_taken":0,"max_hp_gain":0,"max_hp_loss":0,"event_name":"Wheel of Change","floor":11,"gold_loss":0,"cards_obtained":["Decay"]}],"is_beta":false,"boss_relics":[{"not_picked":["BewitchedHakkero","Astrolabe"],"picked":"Black Star"}],"items_purged_floors":[],"is_endless":false,"potions_floor_spawned":[1,6,12,18,19,20,21],"killed_by":"Slavers","ascension_level":0}}