{"host":"f5gffvlv6a66yqkd","time":1613787091,"event":{"mods":["2.2 Compatiblity","BaseMod","Colored Map","Custom Start","DeckTracker","Keyboard Shortcuts","Minty Spire (QoL Compilation)","Permanent Neow","Quick Restart","Relic Stats","StSLib","SuperFastMode"],"gold_per_floor":[109,127,143,160,160,160,160,160],"floor_reached":7,"language":"KOR","playtime":164,"items_purged":[],"score":86,"play_id":"e428d089-8030-4c2d-b98f-2475bea0d343","local_time":"20210220111131","is_ascension_mode":true,"campfire_choices":[{"data":"Eruption","floor":6,"key":"SMITH"}],"circlet_count":0,"master_deck":["AscendersBane","Strike_P","Strike_P","Strike_P","Defend_P","Defend_P","Defend_P","Defend_P","Eruption+1","Vigilance","PathToVictory","Pray","Study","BattleHymn"],"relics":["PureWater"],"acts_visited":["Exordium"],"potions_floor_usage":[],"damage_taken":[{"damage":12.0,"enemies":"Jaw Worm","floor":1.0,"turns":3.0},{"damage":7.0,"enemies":"Cultist","floor":2.0,"turns":5.0},{"damage":8.0,"enemies":"2 Louse","floor":3.0,"turns":3.0},{"damage":10,"enemies":"Looter","floor":4,"turns":5},{"damage":27,"enemies":"3 Sentries","floor":7,"turns":4}],"seed_played":"1473991034324998414","potions_obtained":[{"floor":3.0,"key":"SmokeBomb"},{"floor":4,"key":"Swift Potion"}],"is_trial":false,"path_per_floor":["M","M","M","M","?","R","E"],"character_chosen":"WATCHER","items_purchased":[],"campfire_rested":0,"item_purchase_floors":[],"current_hp_per_floor":[49,42,34,24,24,24,0,0],"gold":160,"neow_bonus":"THREE_CARDS","is_daily":false,"chose_seed":false,"campfire_upgraded":1,"win_rate":0.0,"timestamp":1613787091,"path_taken":["M","M","M","M","?","R","E"],"items_purchased_type":[],"build_version":"2020-12-22","purchased_purges":0,"victory":false,"max_hp_per_floor":[68,68,68,68,68,68,68,68],"relic_stats":{"counters":[5,20],"obtain_stats":[{"PureWater":0},{"PureWater":0},{"PureWater":0}]},"card_choices":[{"not_picked":["Halt","Conclude"],"picked":"PathToVictory","floor":0.0},{"not_picked":["CutThroughFate","JustLucky"],"picked":"Pray","floor":1.0},{"not_picked":["CrushJoints","ClearTheMind","Collect"],"picked":"SKIP","floor":2.0},{"not_picked":["SignatureMove","WheelKick"],"picked":"Study","floor":3.0},{"not_picked":["Protect","FlurryOfBlows","BowlingBash"],"picked":"SKIP","floor":4}],"player_experience":1519835,"relics_obtained":[],"event_choices":[{"damage_healed":0,"gold_gain":0,"cards_transformed":["Strike_P"],"player_choice":"Transformed","damage_taken":0,"max_hp_gain":0,"max_hp_loss":0,"event_name":"Transmorgrifier","floor":5,"gold_loss":0,"cards_obtained":["BattleHymn"]}],"is_beta":false,"boss_relics":[],"items_purged_floors":[],"is_endless":false,"potions_floor_spawned":[3,4],"killed_by":"3 Sentries","ascension_level":20}}