{"host":"rs1c3lkx7vj3kohb","time":1613828173,"event":{"mods":["Act Like it!","BaseMod","BetterRewards","Chen","Colored Map","Colored Powertips","Downfall","Friendly Minions","Gensokyo","Gremlin Mod","Hermit","Hero for Fun","KinomotoSakuraMod(木之本樱)","Koishi","KomeijiMod","Luminous","Marisa（F雨　魔理沙）","Minty Spire (QoL Compilation)","Onozuka Komachi Mod","Prisma Mod","Quick Restart","Reimu（博丽灵梦）","Remilia（蕾米莉亚）","SOS（斯巴达之子）","Shop Mod","StSLib","The Administrix","The Alterego","The Cursed","The Senshi","The Servant 0.9.4","Waifu the Spire","WarShipGirlsR/战舰少女R mod","Yakumo Yukari mod","Yohane!","Youmu（魂魄妖梦）","Yuri Mod","Yuyuko"],"gold_per_floor":[118,137,137,149,163,163,163,180,255,283,283,314,332,350,350,449,449,462,462,462,462,479,512,512,537,562,53,53,68,68,68,68,173,173,192,192,192,207,223,256,30,30,30,30,40,40,40,70,70,70,70,70,70,99,99],"floor_reached":56,"language":"ZHS","playtime":7094,"items_purged":["PrismaMod:ChloeCommonDefend","Guardian:Defend_Guardian","PrismaMod:ChloeCommonAttack"],"score":1353,"play_id":"610f7a11-18f6-4804-bea6-819f96117dc7","local_time":"20210220213613","is_ascension_mode":false,"campfire_choices":[{"data":"PrismaMod:ChloeGaeBolg","floor":6,"key":"SMITH"},{"data":"PrismaMod:ChloeEyeOfTheEuryale","floor":11,"key":"SMITH"},{"data":"PrismaMod:ChloeEyeOfTheEuryale","floor":15,"key":"SMITH"},{"data":"PrismaMod:ChloeEyeOfTheEuryale","floor":24,"key":"SMITH"},{"data":"PrismaMod:ChloeAnySkillTrace","floor":30,"key":"SMITH"},{"data":"PrismaMod:ChloeMordred","floor":32,"key":"SMITH"},{"floor":42,"key":"DIG"},{"floor":44,"key":"DIG"},{"floor":49,"key":"RECALL"},{"floor":52,"key":"DIG"}],"circlet_count":0,"master_deck":["PrismaMod:ChloeCommonAttack","PrismaMod:ChloeCommonAttack+1","PrismaMod:ChloeCommonAttack+1","PrismaMod:ChloeCommonDefend","PrismaMod:ChloeCommonDefend","PrismaMod:ChloeCommonDefend","PrismaMod:ChloeCheapAttack","PrismaMod:ChloeCheapDefend","PrismaMod:ChloeEyeOfTheEuryale+1","PrismaMod:ChloeExhaustOne","PrismaMod:ChloeCheapDefend","PrismaMod:ChloeRhongomyniad+1","PrismaMod:ChloeExhaustOne","PrismaMod:ChloeGaeBolg+1","PrismaMod:ChloeEyeOfTheEuryale+1","PrismaMod:ChloeMordred+1","PrismaMod:ChloeEyeOfTheEuryale+1","PrismaMod:ChloeAnySkillTrace+1","PrismaMod:ChloeCarnivalAttack","CurseOfTheBell","PrismaMod:ChloeEyeOfTheEuryale+1","PrismaMod:ChloeCarnivalAttack","PrismaMod:ChloeGaeBolg+1","PrismaMod:ChloeMordred+1","PrismaMod:ChloeGaeBolg+1","PrismaMod:ChloeEyeOfTheEuryale+1","PrismaMod:ChloeRhongomyniad","PrismaMod:ChloeUncommonDefend+1","PrismaMod:ChloeAnyCommonTrace+1","PrismaMod:ChloeEyeOfTheEuryale+1","Apotheosis+1","PrismaMod:ChloeDiscardRecovery+1","PrismaMod:ChloeDemonicTutor+1","PrismaMod:ChloeCheapDefend+1","PrismaMod:ChloeDemonicTutor+1","Parasite","Madness+1","Madness+1","Confused","PrismaMod:ChloeDiscardRecovery+1","PrismaMod:ChloeMordred+1"],"relics":["PrismaMod:PrismaTraceOn","Lizard Tail","Sling","Whetstone","Question Card","ShirouKen","Bag of Preparation","Calling Bell","Mastiff:ReiMu","theSenshi:SuperSailorFukuRelic","Shovel","Enchiridion","Toxic Egg 2","Art of War","Shuriken","DollysMirror","Sozu","PreservedInsect","Membership Card","Oddly Smooth Stone","theSenshi:FeatherClipsRelic","Mummified Hand","Prayer Wheel","InkBottle","Ginger"],"acts_visited":["Exordium","TheCity","TheBeyond","TheEnding"],"potions_floor_usage":[23,55,55,55],"damage_taken":[{"damage":0.0,"enemies":"Cultist","floor":1.0,"turns":4.0},{"damage":0,"enemies":"Small Slimes","floor":2,"turns":2},{"damage":5,"enemies":"Jaw Worm","floor":4,"turns":3},{"damage":0,"enemies":"2 Fungi Beasts","floor":5,"turns":2},{"damage":0,"enemies":"Large Slime","floor":8,"turns":3},{"damage":4,"enemies":"Lagavulin","floor":10,"turns":5},{"damage":0,"enemies":"3 Sentries","floor":12,"turns":3},{"damage":0,"enemies":"Blue Slaver","floor":13,"turns":2},{"damage":0,"enemies":"2 Fungi Beasts","floor":14,"turns":2},{"damage":22,"enemies":"Hexaghost","floor":16,"turns":5},{"damage":0,"enemies":"Spheric Guardian","floor":18,"turns":3},{"damage":0,"enemies":"Chosen","floor":22,"turns":3},{"damage":8,"enemies":"Gremlin Leader","floor":23,"turns":4},{"damage":2,"enemies":"Slavers","floor":25,"turns":4},{"damage":0,"enemies":"Shelled Parasite and Fungi","floor":29,"turns":2},{"damage":14,"enemies":"Champ","floor":33,"turns":7},{"damage":0,"enemies":"3 Shapes","floor":35,"turns":3},{"damage":0,"enemies":"Orb Walker","floor":38,"turns":2},{"damage":0,"enemies":"Spire Growth","floor":39,"turns":2},{"damage":0,"enemies":"Reptomancer","floor":40,"turns":4},{"damage":0,"enemies":"Writhing Mass","floor":45,"turns":4},{"damage":0,"enemies":"Nemesis","floor":48,"turns":3},{"damage":36,"enemies":"Donu and Deca","floor":50,"turns":5},{"damage":2,"enemies":"Shield and Spear","floor":54,"turns":5},{"damage":101,"enemies":"The Heart","floor":55,"turns":8}],"seed_played":"7258797648244001902","potions_obtained":[{"floor":1,"key":"Swift Potion"},{"floor":5,"key":"Fire Potion"},{"floor":13,"key":"CalmPotion"},{"floor":14,"key":"EssenceOfSteel"},{"floor":22,"key":"Fruit Juice"},{"floor":23,"key":"Weak Potion"}],"is_trial":false,"path_per_floor":["M","M","?","M","M","R","?","M","T","E","R","E","M","M","R","B",null,"M","?","?","?","M","E","R","E","T","$","?","M","R","?","R","B",null,"M","?","?","M","M","E","$","R","T","R","M","?","?","E","R","B",null,"R","$","E","B",null],"character_chosen":"CHLOE","items_purchased":["PrismaMod:ChloeEyeOfTheEuryale","PrismaMod:ChloeExhaustOne","PrismaMod:ChloeCheapDefend","Sling","Whetstone","Shuriken","DollysMirror","Membership Card","PrismaMod:ChloeDemonicTutor+1"],"campfire_rested":0,"item_purchase_floors":[0,0,0,0,0,27,27,41,41],"current_hp_per_floor":[40,40,40,35,35,35,35,35,35,31,31,31,31,31,31,9,75,75,75,59,59,59,56,56,54,54,54,54,54,54,54,54,40,80,80,80,70,70,70,70,70,70,70,70,76,66,66,72,72,42,80,80,80,80,41],"gold":99,"neow_bonus":"","is_daily":false,"chose_seed":false,"campfire_upgraded":6,"win_rate":0.0,"timestamp":1613828173,"path_taken":["M","M","?","M","?","R","?","M","T","E","R","E","?","M","R","BOSS","M","?","?","?","M","E","R","E","T","$","?","M","R","?","R","BOSS","M","?","?","M","M","E","$","R","T","R","M","?","?","E","R","BOSS","R","$","E","BOSS"],"items_purchased_type":["Card","Card","Card","Relic","Relic","Relic","Relic","Relic","Card"],"build_version":"2020-12-22","purchased_purges":3,"victory":true,"max_hp_per_floor":[75,75,75,75,75,75,75,75,75,75,75,75,75,75,75,75,75,75,75,75,75,75,80,80,80,80,80,80,80,80,80,80,80,80,80,80,80,80,80,80,80,80,80,80,80,80,80,80,80,80,80,80,80,80,80],"card_choices":[{"not_picked":["PrismaMod:ChloeDiscardRecovery","PrismaMod:ChloeCheapDefendTwo"],"picked":"PrismaMod:ChloeRhongomyniad","floor":1},{"not_picked":["PrismaMod:ChloeExhaustOne","PrismaMod:ChloeBetterTracePools"],"picked":"PrismaMod:ChloeCheapAttack","floor":2},{"not_picked":["PrismaMod:ChloeCheapDefend","PrismaMod:ChloeUncommonDefend"],"picked":"PrismaMod:ChloeExhaustOne","floor":4},{"not_picked":["PrismaMod:ChloeRuleBreaker","PrismaMod:ChloeAnySkillTrace"],"picked":"PrismaMod:ChloeGaeBolg","floor":5},{"not_picked":["PrismaMod:ChloeCommonAOEAttack","PrismaMod:ChloeRitsuka","PrismaMod:ChloeExhaustOne"],"picked":"SKIP","floor":8},{"not_picked":["PrismaMod:ChloeUncommonAttack","PrismaMod:ChloeCheapDefend","PrismaMod:ChloeCaladbolg"],"picked":"PrismaMod:ChloeEyeOfTheEuryale","floor":10},{"not_picked":["PrismaMod:ChloeCommonAOEAttack","PrismaMod:ChloeRitsuka","PrismaMod:ChloeExhaustOne"],"picked":"PrismaMod:ChloeMordred","floor":12},{"not_picked":["PrismaMod:ChloeCommonAOEAttack","PrismaMod:ChloeRhongomyniad","PrismaMod:ChloeUncommonAOEAttack"],"picked":"PrismaMod:ChloeEyeOfTheEuryale","floor":13},{"not_picked":["PrismaMod:ChloeCheapAttack","PrismaMod:ChloeDiscardRecovery","PrismaMod:ChloeExhaustOne"],"picked":"PrismaMod:ChloeAnySkillTrace","floor":14},{"not_picked":["PrismaMod:ChloeAnyRareTrace","PrismaMod:ChloeAnyPowerTrace","PrismaMod:ChloeGreatTracePools"],"picked":"PrismaMod:ChloeCarnivalAttack","floor":16},{"not_picked":["PrismaMod:ChloeCheapAttack+1","PrismaMod:ChloeCheapDefendTwo","PrismaMod:ChloeMordred"],"picked":"PrismaMod:ChloeEyeOfTheEuryale+1","floor":18},{"not_picked":["PrismaMod:ChloeDiscardRecovery","PrismaMod:ChloeCheapDefend","PrismaMod:ChloeCheapDefendTwo","PrismaMod:ChloeDevil"],"picked":"SKIP","floor":22},{"not_picked":["PrismaMod:ChloeCommonAOEAttack","PrismaMod:ChloeDiscardRecovery+1","PrismaMod:ChloeCheapDefend+1"],"picked":"PrismaMod:ChloeGaeBolg+1","floor":23},{"not_picked":["PrismaMod:ChloeUncommonDefend+1","PrismaMod:ChloeDiscardRecovery+1","PrismaMod:ChloeGaeBolg"],"picked":"PrismaMod:ChloeMordred+1","floor":25},{"not_picked":["PrismaMod:ChloeUncommonDefend+1","PrismaMod:ChloeCheapAttackTwo","PrismaMod:ChloeCommonAOEAttack"],"picked":"PrismaMod:ChloeEyeOfTheEuryale+1","floor":29},{"not_picked":["PrismaMod:ChloeAnyAttackTrace+1","PrismaMod:ChloeDoubleRelicSpeed","PrismaMod:ChloeCarnivalAOEAttack"],"picked":"PrismaMod:ChloeAnyCommonTrace+1","floor":33},{"not_picked":["PrismaMod:ChloeCheapDefend+1","PrismaMod:ChloeCheapAttack+1","PrismaMod:ChloeRuleBreaker+1"],"picked":"PrismaMod:ChloeEyeOfTheEuryale+1","floor":35},{"not_picked":["Sadistic Nature","Searching+1","PanicButton+1"],"picked":"Apotheosis+1","floor":37},{"not_picked":["PrismaMod:ChloeCheapAttack+1","PrismaMod:ChloeCheapDefend+1","PrismaMod:ChloeRhongomyniad+1"],"picked":"PrismaMod:ChloeDiscardRecovery+1","floor":38},{"not_picked":["PrismaMod:ChloeExhaustOne+1","PrismaMod:ChloeCheapDefend+1","PrismaMod:ChloeCommonAOEAttack"],"picked":"PrismaMod:ChloeDemonicTutor+1","floor":39},{"not_picked":["PrismaMod:ChloeBetterTracePools","PrismaMod:ChloeRuleBreaker","PrismaMod:ChloeCheapDefendTwo+1"],"picked":"PrismaMod:ChloeCheapDefend+1","floor":40},{"not_picked":["PrismaMod:ChloeUncommonDefend+1","PrismaMod:ChloeBetterTracePools","PrismaMod:ChloeMaid+1","PrismaMod:ChloeCommonAOEAttack+1"],"picked":"SKIP","floor":45},{"not_picked":["PrismaMod:ChloeCommonAOEAttack+1","PrismaMod:ChloeCarnivalAOEAttack","PrismaMod:ChloeCheapAttack+1"],"picked":"PrismaMod:ChloeDiscardRecovery+1","floor":48},{"not_picked":["PrismaMod:ChloeExhaustTwo+1","PrismaMod:ChloeDiscardRecovery+1","PrismaMod:ChloeEyeOfTheEuryale"],"picked":"PrismaMod:ChloeMordred+1","floor":54}],"player_experience":496092,"relics_obtained":[{"floor":9,"key":"Question Card"},{"floor":10,"key":"ShirouKen"},{"floor":12,"key":"Bag of Preparation"},{"floor":17,"key":"Mastiff:ReiMu"},{"floor":17,"key":"theSenshi:SuperSailorFukuRelic"},{"floor":17,"key":"Shovel"},{"floor":20,"key":"Enchiridion"},{"floor":23,"key":"Toxic Egg 2"},{"floor":25,"key":"Art of War"},{"floor":40,"key":"PreservedInsect"},{"floor":42,"key":"Oddly Smooth Stone"},{"floor":43,"key":"theSenshi:FeatherClipsRelic"},{"floor":44,"key":"Mummified Hand"},{"floor":48,"key":"Prayer Wheel"},{"floor":52,"key":"InkBottle"},{"floor":54,"key":"Ginger"}],"event_choices":[{"damage_healed":0,"gold_gain":0,"player_choice":"Upgraded","damage_taken":0,"max_hp_gain":0,"max_hp_loss":0,"event_name":"Upgrade Shrine","floor":3,"gold_loss":0,"cards_upgraded":["PrismaMod:ChloeRhongomyniad"]},{"cards_removed":["PrismaMod:ChloeCheapAttack"],"damage_healed":0,"gold_gain":0,"player_choice":"Took Card","damage_taken":0,"max_hp_gain":0,"max_hp_loss":0,"event_name":"NoteForYourself","floor":7,"gold_loss":0,"cards_obtained":["Guardian:Defend_Guardian"]},{"damage_healed":0,"gold_gain":0,"player_choice":"Read","damage_taken":0,"max_hp_gain":0,"max_hp_loss":0,"event_name":"The Library","floor":19,"gold_loss":0,"cards_obtained":["PrismaMod:ChloeCarnivalAttack"]},{"damage_healed":0,"gold_gain":0,"player_choice":"Obtained Book","damage_taken":16,"max_hp_gain":0,"max_hp_loss":0,"event_name":"Cursed Tome","floor":20,"gold_loss":0},{"damage_healed":0,"gold_gain":0,"player_choice":"Ignored","damage_taken":0,"max_hp_gain":0,"max_hp_loss":0,"event_name":"Vampires","floor":21,"gold_loss":0},{"damage_healed":0,"gold_gain":0,"cards_transformed":["PrismaMod:ChloeCommonDefend","PrismaMod:ChloeCommonAttack"],"player_choice":"Became Test Subject","damage_taken":0,"max_hp_gain":0,"max_hp_loss":0,"event_name":"Drug Dealer","floor":31,"gold_loss":0,"cards_obtained":["PrismaMod:ChloeRhongomyniad","PrismaMod:ChloeUncommonDefend"]},{"damage_healed":0,"gold_gain":0,"player_choice":"Memory 3","damage_taken":10,"max_hp_gain":0,"max_hp_loss":0,"event_name":"SensoryStone","floor":37,"gold_loss":0},{"damage_healed":0,"gold_gain":0,"player_choice":"Embrace Madness","damage_taken":10,"max_hp_gain":0,"max_hp_loss":0,"event_name":"Winding Halls","floor":46,"gold_loss":0,"cards_obtained":["Madness","Madness"]}],"is_beta":false,"boss_relics":[{"not_picked":["bronze:MakeshiftBattery","Runic Dome"],"picked":"Calling Bell"},{"not_picked":["theSenshi:MoonKaleidoScopeRelic","Astrolabe"],"picked":"Sozu"}],"items_purged_floors":[0,27,41],"is_endless":false,"potions_floor_spawned":[1,5,13,14,22,23,35,38,48],"ascension_level":0}}