{"host":"vx9g5eyuglzorf3u","time":1613844640,"event":{"mods":["2.2 Compatiblity","BaseMod","DeckTracker","Keyboard Shortcuts","Minty Spire (QoL Compilation)","Relic Stats","StSLib","SuperFastMode","everything is the same but u backflip on backflip"],"gold_per_floor":[115,126,276,37,37,63,63,92,92,106,138,138,158,74,74,147,147,163,176,24,38,48,48,86,114,114,139,64,75,184,234,234,320,320,340,374,386,386,406,406,406],"floor_reached":40,"language":"KOR","playtime":778,"items_purged":["Doubt","Defend_R"],"score":967,"play_id":"49ad4494-ae18-486e-858a-4a9424d81537","local_time":"20210221031040","is_ascension_mode":true,"campfire_choices":[{"data":"Perfected Strike","floor":7,"key":"SMITH"},{"data":"Bash","floor":12,"key":"SMITH"},{"data":"Seeing Red","floor":15,"key":"SMITH"},{"data":"Perfected Strike","floor":23,"key":"SMITH"},{"floor":32,"key":"REST"}],"circlet_count":0,"master_deck":["AscendersBane","Strike_R","Strike_R","Strike_R","Strike_R","Strike_R","Defend_R","Defend_R","Bash+1","Perfected Strike+1","Wild Strike","Perfected Strike+1","Shrug It Off","Intimidate","Battle Trance+1","Twin Strike","Seeing Red+1","Offering+1","Twin Strike","Perfected Strike+1","Evolve","Perfected Strike","Thunderclap+1","Reaper","Armaments+1","Dual Wield+1"],"relics":["Burning Blood","NeowsBlessing","Orrery","StoneCalendar","Magic Flower","CaptainsWheel","Centennial Puzzle","Snecko Eye","CeramicFish","War Paint","Unceasing Top","Du-Vu Doll","Kunai","Velvet Choker","Charon\u0027s Ashes"],"acts_visited":["Exordium","TheCity","TheBeyond"],"potions_floor_usage":[25,29,30,33,33],"damage_taken":[{"damage":0,"enemies":"Cultist","floor":1,"turns":1},{"damage":1,"enemies":"Small Slimes","floor":2,"turns":2},{"damage":0,"enemies":"3 Sentries","floor":6,"turns":2},{"damage":22,"enemies":"Lagavulin","floor":8,"turns":4},{"damage":4,"enemies":"Jaw Worm","floor":10,"turns":2},{"damage":8,"enemies":"Gremlin Nob","floor":11,"turns":3},{"damage":8,"enemies":"Large Slime","floor":13,"turns":4},{"damage":32,"enemies":"The Guardian","floor":16,"turns":7},{"damage":6,"enemies":"Spheric Guardian","floor":18,"turns":1},{"damage":1,"enemies":"2 Thieves","floor":19,"turns":2},{"damage":24,"enemies":"Snake Plant","floor":21,"turns":2},{"damage":17,"enemies":"Sentry and Sphere","floor":22,"turns":3},{"damage":29,"enemies":"Book of Stabbing","floor":24,"turns":3},{"damage":0,"enemies":"Shelled Parasite and Fungi","floor":25,"turns":2},{"damage":32,"enemies":"Slavers","floor":27,"turns":3},{"damage":15,"enemies":"Centurion and Healer","floor":29,"turns":3},{"damage":6,"enemies":"Colosseum Slavers","floor":30,"turns":1},{"damage":2,"enemies":"Colosseum Nobs","floor":30,"turns":2},{"damage":42,"enemies":"Automaton","floor":33,"turns":6},{"damage":5,"enemies":"3 Shapes","floor":35,"turns":4},{"damage":9,"enemies":"Mind Bloom Boss Battle","floor":36,"turns":3},{"damage":0,"enemies":"Orb Walker","floor":37,"turns":2},{"damage":3,"enemies":"Sphere and 2 Shapes","floor":39,"turns":3},{"damage":81,"enemies":"Reptomancer","floor":40,"turns":2}],"seed_played":"322128672055969635","potions_obtained":[{"floor":1,"key":"PowerPotion"},{"floor":6,"key":"GamblersBrew"},{"floor":11,"key":"Swift Potion"},{"floor":21,"key":"Swift Potion"},{"floor":27,"key":"SteroidPotion"},{"floor":29,"key":"Block Potion"},{"floor":30,"key":"Swift Potion"},{"floor":36,"key":"PowerPotion"}],"is_trial":false,"path_per_floor":["M","M","?","$","?","E","R","E","T","M","E","R","M","$","R","B",null,"M","M","$","M","M","R","E","M","T","E","?","M","?","?","R","B",null,"M","?","M","?","M","E"],"character_chosen":"IRONCLAD","items_purchased":["Orrery","Seeing Red","Perfected Strike"],"campfire_rested":1,"item_purchase_floors":[4,14,20],"current_hp_per_floor":[74,75,75,75,75,75,75,59,59,64,65,65,66,66,66,43,67,70,75,75,60,52,52,32,41,41,18,18,12,22,22,44,11,59,63,74,75,75,75,0,0],"gold":406,"neow_bonus":"THREE_ENEMY_KILL","is_daily":false,"chose_seed":false,"campfire_upgraded":4,"win_rate":0.0,"timestamp":1613844640,"path_taken":["M","M","?","$","?","E","R","E","T","?","E","R","M","$","R","BOSS","M","M","$","M","M","R","E","M","T","E","?","M","?","?","R","BOSS","M","?","M","?","M","E"],"items_purchased_type":["Relic","Card","Card"],"build_version":"2020-12-22","purchased_purges":2,"victory":false,"max_hp_per_floor":[75,75,75,75,75,75,75,75,75,75,75,75,75,75,75,75,75,75,75,75,75,75,75,75,75,75,75,75,75,75,75,75,75,75,75,75,75,75,75,75,75],"relic_stats":{"Centennial Puzzle":[45],"counters":[24,67],"CeramicFish":54,"Magic Flower":[52],"Snecko Eye":[101,94,85,98],"StoneCalendar":[0],"Charon\u0027s Ashes":[75],"Kunai":[8],"War Paint":["Battle Trance","Offering"],"obtain_stats":[{"NeowsBlessing":0,"CeramicFish":24,"Magic Flower":8,"Velvet Choker":34,"StoneCalendar":6,"Charon\u0027s Ashes":36,"War Paint":26,"Burning Blood":0,"Du-Vu Doll":30,"CaptainsWheel":9,"Centennial Puzzle":11,"Orrery":4,"Snecko Eye":17,"Kunai":30,"Unceasing Top":27},{"NeowsBlessing":0,"CeramicFish":13,"Magic Flower":4,"Velvet Choker":19,"StoneCalendar":3,"Charon\u0027s Ashes":21,"War Paint":14,"Burning Blood":0,"Du-Vu Doll":18,"CaptainsWheel":4,"Centennial Puzzle":6,"Orrery":2,"Snecko Eye":8,"Kunai":18,"Unceasing Top":15},{"NeowsBlessing":0,"CeramicFish":36,"Magic Flower":9,"Velvet Choker":53,"StoneCalendar":5,"Charon\u0027s Ashes":60,"War Paint":38,"Burning Blood":0,"Du-Vu Doll":47,"CaptainsWheel":9,"Centennial Puzzle":14,"Orrery":3,"Snecko Eye":25,"Kunai":47,"Unceasing Top":41}],"Burning Blood":164,"Unceasing Top":[0]},"card_choices":[{"not_picked":["Rampage","Reckless Charge"],"picked":"Perfected Strike","floor":1},{"not_picked":["Heavy Blade","Flex"],"picked":"Wild Strike","floor":2},{"not_picked":["Hemokinesis","Feel No Pain"],"picked":"Perfected Strike","floor":4},{"not_picked":["Rage","Fiend Fire"],"picked":"Shrug It Off","floor":4},{"not_picked":["Rupture","Exhume"],"picked":"Intimidate","floor":4},{"not_picked":["Whirlwind","Shrug It Off"],"picked":"Battle Trance","floor":6},{"not_picked":["Flex","Metallicize","Anger"],"picked":"SKIP","floor":8},{"not_picked":["Rampage","Sentinel"],"picked":"Twin Strike","floor":10},{"not_picked":["Bludgeon","Headbutt","Warcry"],"picked":"SKIP","floor":11},{"not_picked":["Thunderclap","Clash","Pummel"],"picked":"SKIP","floor":13},{"not_picked":["Juggernaut","Bludgeon"],"picked":"Offering","floor":16},{"not_picked":["Entrench","Ghostly Armor"],"picked":"Twin Strike","floor":18},{"not_picked":["Anger","Cleave","Heavy Blade+1"],"picked":"SKIP","floor":19},{"not_picked":["Clash","Armaments","Rage"],"picked":"SKIP","floor":21},{"not_picked":["Juggernaut","Body Slam","Warcry"],"picked":"SKIP","floor":22},{"not_picked":["Thunderclap","Heavy Blade"],"picked":"Evolve","floor":24},{"not_picked":["Metallicize","Heavy Blade+1"],"picked":"Perfected Strike","floor":25},{"not_picked":["Bloodletting","Immolate","Evolve"],"picked":"SKIP","floor":27},{"not_picked":["Headbutt","Havoc","Infernal Blade"],"picked":"SKIP","floor":29},{"not_picked":["Combust","Evolve"],"picked":"Thunderclap+1","floor":30},{"not_picked":["Berserk","Demon Form"],"picked":"Reaper","floor":33},{"not_picked":["Rupture","Heavy Blade+1","Iron Wave"],"picked":"SKIP","floor":35},{"not_picked":["Blood for Blood","Twin Strike"],"picked":"Armaments+1","floor":36},{"not_picked":["Metallicize","Cleave","Blood for Blood"],"picked":"SKIP","floor":37},{"not_picked":["Feed","Headbutt+1"],"picked":"Dual Wield+1","floor":39}],"player_experience":1537995,"relics_obtained":[{"floor":6,"key":"StoneCalendar"},{"floor":8,"key":"Magic Flower"},{"floor":9,"key":"CaptainsWheel"},{"floor":11,"key":"Centennial Puzzle"},{"floor":24,"key":"CeramicFish"},{"floor":26,"key":"War Paint"},{"floor":27,"key":"Unceasing Top"},{"floor":30,"key":"Du-Vu Doll"},{"floor":30,"key":"Kunai"},{"floor":36,"key":"Charon\u0027s Ashes"}],"event_choices":[{"damage_healed":0,"gold_gain":150,"player_choice":"AGREE","damage_taken":0,"max_hp_gain":0,"max_hp_loss":0,"event_name":"Liars Game","floor":3,"gold_loss":0,"cards_obtained":["Doubt"]},{"damage_healed":0,"gold_gain":0,"player_choice":"Upgraded","damage_taken":0,"max_hp_gain":0,"max_hp_loss":0,"event_name":"Upgrade Shrine","floor":5,"gold_loss":0,"cards_upgraded":["Perfected Strike"]},{"cards_removed":["Defend_R"],"damage_healed":0,"gold_gain":0,"player_choice":"Gave Gold","damage_taken":0,"max_hp_gain":0,"max_hp_loss":0,"event_name":"Beggar","floor":28,"gold_loss":75},{"damage_healed":0,"gold_gain":0,"player_choice":"Fight","damage_taken":0,"max_hp_gain":0,"max_hp_loss":0,"event_name":"Colosseum","floor":30,"gold_loss":0},{"damage_healed":0,"gold_gain":0,"player_choice":"Fought Nobs","damage_taken":0,"max_hp_gain":0,"max_hp_loss":0,"event_name":"Colosseum","floor":30,"gold_loss":0},{"damage_healed":0,"gold_gain":50,"player_choice":"Stole From Cult","damage_taken":0,"max_hp_gain":0,"max_hp_loss":0,"event_name":"Nest","floor":31,"gold_loss":0},{"damage_healed":0,"gold_gain":0,"player_choice":"Fight","damage_taken":0,"max_hp_gain":0,"max_hp_loss":0,"event_name":"MindBloom","floor":36,"gold_loss":0},{"damage_healed":0,"gold_gain":0,"player_choice":"Ignored","damage_taken":0,"max_hp_gain":0,"max_hp_loss":0,"event_name":"Tomb of Lord Red Mask","floor":38,"gold_loss":0}],"is_beta":false,"boss_relics":[{"not_picked":["Fusion Hammer","Ectoplasm"],"picked":"Snecko Eye"},{"not_picked":["Astrolabe","Black Blood"],"picked":"Velvet Choker"}],"items_purged_floors":[4,20],"is_endless":false,"potions_floor_spawned":[1,6,11,16,21,24,27,29,30,36],"killed_by":"Reptomancer","ascension_level":20}}