{"host":"2lo6hma6kymb0g9i","time":1613853488,"event":{"mods":["BaseMod","Colored Map","DeckTracker","Minty Spire (QoL Compilation)"],"gold_per_floor":[119,194,194,194,213,213,245,245,245,245,273,283,317,242,242,314,314,332,332,332,232,250,250,269,301,383,181,213,63,96,96,96,170,170,182,182,182,198,198,198,198,231,231,256,274,290,290,321,321,321,321],"floor_reached":50,"language":"JPN","playtime":3675,"items_purged":["Strike_G","Strike_G","Strike_G","Strike_G"],"score":1450,"play_id":"183aace7-38fc-4a96-8dcb-4dde8ff46168","local_time":"20210221053808","is_ascension_mode":true,"campfire_choices":[{"data":"Footwork","floor":6.0,"key":"SMITH"},{"data":"Quick Slash","floor":8.0,"key":"SMITH"},{"data":"Neutralize","floor":10.0,"key":"SMITH"},{"data":"Terror","floor":15.0,"key":"SMITH"},{"data":"Phantasmal Killer","floor":23.0,"key":"SMITH"},{"floor":32.0,"key":"REST"},{"data":"Footwork","floor":40.0,"key":"SMITH"},{"data":"Burst","floor":41.0,"key":"SMITH"},{"floor":47.0,"key":"REST"},{"floor":49.0,"key":"RECALL"}],"circlet_count":0,"master_deck":["AscendersBane","Defend_G","Defend_G","Defend_G","Defend_G","Survivor","Neutralize+1","Quick Slash+1","Footwork+1","Sucker Punch+1","Heel Hook+1","Terror+1","Phantasmal Killer+1","Underhanded Strike+1","RitualDagger+1","Flechettes+1","Deflect+1","Leg Sweep+1","Footwork+1","Dagger Throw+1","Burst+1","PiercingWail","Malaise","CurseOfTheBell","Caltrops","PiercingWail+1","Reflex"],"relics":["Ring of the Snake","NeowsBlessing","Molten Egg 2","Du-Vu Doll","Bag of Marbles","Blue Candle","Runic Pyramid","Bottled Tornado","Letter Opener","Juzu Bracelet","Sundial","Calling Bell","Bronze Scales","Mummified Hand","WingedGreaves","StrikeDummy","Calipers","Ancient Tea Set"],"acts_visited":["Exordium","TheCity","TheBeyond"],"potions_floor_usage":[50],"damage_taken":[{"damage":0.0,"enemies":"2 Louse","floor":1.0,"turns":1.0},{"damage":0.0,"enemies":"Small Slimes","floor":5.0,"turns":1.0},{"damage":0.0,"enemies":"Gremlin Nob","floor":7.0,"turns":1.0},{"damage":19.0,"enemies":"3 Sentries","floor":11.0,"turns":9.0},{"damage":0.0,"enemies":"Jaw Worm","floor":12.0,"turns":3.0},{"damage":1.0,"enemies":"Gremlin Nob","floor":13.0,"turns":3.0},{"damage":4.0,"enemies":"Hexaghost","floor":16.0,"turns":8.0},{"damage":0.0,"enemies":"Chosen","floor":18.0,"turns":2.0},{"damage":10.0,"enemies":"Spheric Guardian","floor":22.0,"turns":4.0},{"damage":4.0,"enemies":"Centurion and Healer","floor":24.0,"turns":4.0},{"damage":15.0,"enemies":"Slavers","floor":25.0,"turns":5.0},{"damage":0.0,"enemies":"Gremlin Leader","floor":28.0,"turns":3.0},{"damage":18.0,"enemies":"Slavers","floor":30.0,"turns":3.0},{"damage":0.0,"enemies":"Automaton","floor":33.0,"turns":9.0},{"damage":6.0,"enemies":"3 Shapes","floor":35.0,"turns":3.0},{"damage":0.0,"enemies":"Orb Walker","floor":38.0,"turns":3.0},{"damage":28.0,"enemies":"Reptomancer","floor":42.0,"turns":5.0},{"damage":17.0,"enemies":"Nemesis","floor":44.0,"turns":3.0},{"damage":0.0,"enemies":"Spire Growth","floor":45.0,"turns":2.0},{"damage":6.0,"enemies":"3 Darklings","floor":46.0,"turns":4.0},{"damage":12.0,"enemies":"Reptomancer","floor":48.0,"turns":6.0},{"damage":16,"enemies":"Time Eater","floor":50,"turns":3}],"seed_played":"4658918536427076675","potions_obtained":[{"floor":5.0,"key":"DistilledChaos"},{"floor":12.0,"key":"Regen Potion"},{"floor":13.0,"key":"LiquidBronze"},{"floor":18.0,"key":"Regen Potion"},{"floor":28.0,"key":"DuplicationPotion"},{"floor":30.0,"key":"SkillPotion"},{"floor":33.0,"key":"BlessingOfTheForge"},{"floor":37.0,"key":"LiquidBronze"},{"floor":42.0,"key":"Dexterity Potion"},{"floor":46.0,"key":"Strength Potion"}],"is_trial":false,"path_per_floor":["M","?","?","?","M","R","E","R","T","R","E","M","E","$","R","B",null,"M","?","?","$","M","R","M","E","T","$","E","$","E","?","R","B",null,"M","?","?","M","$","R","R","E","T","E","M","M","R","E","R","B"],"character_chosen":"THE_SILENT","items_purchased":["Footwork"],"campfire_rested":2,"item_purchase_floors":[27],"current_hp_per_floor":[59,48,48,48,48,48,48,48,48,48,29,29,28,28,28,39,59,59,53,53,53,55,55,51,36,36,36,36,36,18,18,37,37,59,53,53,53,53,53,53,53,25,25,8,8,2,21,9,9,0,0],"gold":321,"neow_bonus":"THREE_ENEMY_KILL","is_daily":false,"chose_seed":false,"campfire_upgraded":7,"win_rate":0.0,"timestamp":1613853488,"path_taken":["M","?","?","?","M","R","E","R","T","R","E","M","E","?","R","BOSS","M","?","?","?","?","R","M","E","T","$","E","$","E","?","R","BOSS","M","?","?","M","$","R","R","E","T","E","M","M","R","E","R","BOSS"],"items_purchased_type":["Card"],"build_version":"2020-12-22","purchased_purges":4,"victory":false,"max_hp_per_floor":[66,66,66,66,66,66,66,66,66,66,66,66,66,66,66,66,66,66,66,66,66,66,66,66,66,66,66,66,66,66,66,66,66,66,66,66,66,66,66,66,66,66,66,66,66,66,66,66,66,66,66],"card_choices":[{"not_picked":["Prepared","Dagger Spray"],"picked":"Quick Slash","floor":1.0},{"not_picked":["Reflex","Dagger Throw"],"picked":"Footwork","floor":5.0},{"not_picked":["Poisoned Stab+1","Blade Dance"],"picked":"Sucker Punch+1","floor":7.0},{"not_picked":["Deadly Poison","Expertise","Eviscerate+1"],"picked":"SKIP","floor":11.0},{"not_picked":["Deadly Poison","Expertise","Eviscerate+1"],"picked":"SKIP","floor":11.0},{"not_picked":["Prepared","Concentrate"],"picked":"Heel Hook+1","floor":12.0},{"not_picked":["Blade Dance","Deadly Poison"],"picked":"Terror","floor":13.0},{"not_picked":["Venomology","Unload+1"],"picked":"Phantasmal Killer","floor":16.0},{"not_picked":["Dodge and Roll","Quick Slash+1"],"picked":"Underhanded Strike+1","floor":18.0},{"not_picked":["Finisher+1","Sucker Punch+1"],"picked":"Flechettes+1","floor":22.0},{"not_picked":["Dash+1","Accuracy"],"picked":"Deflect+1","floor":24.0},{"not_picked":["Tools of the Trade","Escape Plan+1"],"picked":"Leg Sweep+1","floor":25.0},{"not_picked":["Flechettes+1","Sucker Punch+1"],"picked":"Dagger Throw+1","floor":28.0},{"not_picked":["Cloak And Dagger+1","Eviscerate+1"],"picked":"Burst","floor":30.0},{"not_picked":["Unload+1","Doppelganger"],"picked":"Malaise","floor":33.0},{"not_picked":["Backflip+1","Heel Hook+1"],"picked":"Caltrops","floor":35.0},{"not_picked":["Outmaneuver","Predator+1","Acrobatics"],"picked":"SKIP","floor":38.0},{"not_picked":["Accuracy+1","Expertise","Masterful Stab+1"],"picked":"SKIP","floor":42.0},{"not_picked":["Prepared","Dagger Spray+1","Endless Agony+1"],"picked":"SKIP","floor":44.0},{"not_picked":["Prepared","Dagger Spray+1","Endless Agony+1"],"picked":"SKIP","floor":44.0},{"not_picked":["Blade Dance","Sucker Punch+1"],"picked":"PiercingWail+1","floor":45.0},{"not_picked":["Catalyst","Distraction","All Out Attack+1"],"picked":"SKIP","floor":46.0},{"not_picked":["Outmaneuver","Endless Agony+1"],"picked":"Reflex","floor":48.0}],"player_experience":1232457,"relics_obtained":[{"floor":7.0,"key":"Molten Egg 2"},{"floor":9.0,"key":"Du-Vu Doll"},{"floor":11.0,"key":"Bag of Marbles"},{"floor":13.0,"key":"Blue Candle"},{"floor":25.0,"key":"Bottled Tornado"},{"floor":26.0,"key":"Letter Opener"},{"floor":28.0,"key":"Juzu Bracelet"},{"floor":30.0,"key":"Sundial"},{"floor":34.0,"key":"Bronze Scales"},{"floor":34.0,"key":"Mummified Hand"},{"floor":34.0,"key":"WingedGreaves"},{"floor":42.0,"key":"StrikeDummy"},{"floor":44.0,"key":"Calipers"},{"floor":48.0,"key":"Ancient Tea Set"}],"event_choices":[{"damage_healed":0.0,"max_hp_gain":0.0,"max_hp_loss":0.0,"gold_gain":75.0,"event_name":"World of Goop","player_choice":"Gather Gold","floor":2.0,"gold_loss":0.0,"damage_taken":11.0},{"damage_healed":0.0,"max_hp_gain":0.0,"max_hp_loss":0.0,"gold_gain":0.0,"event_name":"Liars Game","player_choice":"Ignored","floor":3.0,"gold_loss":0.0,"damage_taken":0.0},{"cards_removed":["Strike_G"],"damage_healed":0.0,"max_hp_gain":0.0,"max_hp_loss":0.0,"gold_gain":0.0,"event_name":"Living Wall","player_choice":"Forget","floor":4.0,"gold_loss":0.0,"damage_taken":0.0},{"damage_healed":0.0,"max_hp_gain":0.0,"max_hp_loss":0.0,"gold_gain":0.0,"event_name":"Nest","player_choice":"Joined the Cult","floor":19.0,"gold_loss":0.0,"damage_taken":6.0,"cards_obtained":["RitualDagger"]},{"damage_healed":0.0,"max_hp_gain":0.0,"max_hp_loss":0.0,"gold_gain":0.0,"event_name":"The Mausoleum","player_choice":"Ignored","floor":20.0,"gold_loss":0.0,"damage_taken":0.0},{"damage_healed":0.0,"max_hp_gain":0.0,"max_hp_loss":0.0,"gold_gain":0.0,"event_name":"The Library","player_choice":"Read","floor":31.0,"gold_loss":0.0,"damage_taken":0.0,"cards_obtained":["PiercingWail"]},{"cards_removed":["Defend_G"],"damage_healed":0.0,"max_hp_gain":0.0,"max_hp_loss":0.0,"gold_gain":0.0,"event_name":"Falling","player_choice":"Removed Skill","floor":36.0,"gold_loss":0.0,"damage_taken":0.0},{"damage_healed":0.0,"max_hp_gain":0.0,"max_hp_loss":0.0,"gold_gain":0.0,"event_name":"Lab","player_choice":"Got Potions","floor":37.0,"gold_loss":0.0,"damage_taken":0.0}],"is_beta":false,"boss_relics":[{"not_picked":["Tiny House","Ring of the Serpent"],"picked":"Runic Pyramid"},{"not_picked":["Snecko Eye","Velvet Choker"],"picked":"Calling Bell"}],"items_purged_floors":[14,21,27,29],"is_endless":false,"potions_floor_spawned":[5,12,13,18,28,30,33,42,46],"killed_by":"Time Eater","ascension_level":20}}