{"host":"y13mj1mxwnd5xx1x","time":1613805737,"event":{"mods":["AchievementEnabler","BaseMod","Minty Spire (QoL Compilation)"],"gold_per_floor":[113,113,127,151,174,210,210,254,254,254,288,363,42,42,42,162,162,177,193,268,33,33,33],"floor_reached":22,"language":"ENG","playtime":1300,"items_purged":["Strike_B"],"score":222,"play_id":"dcee7f7b-d028-434c-9e21-171684bf7238","local_time":"20210220012217","is_ascension_mode":true,"campfire_choices":[{"data":"Zap","floor":7,"key":"SMITH"},{"data":"Go for the Eyes","floor":10,"key":"SMITH"},{"floor":15,"key":"REST"}],"circlet_count":0,"master_deck":["Strike_B","Strike_B","Strike_B","Defend_B","Defend_B","Defend_B","Defend_B","Zap+1","Dualcast","Lockon","Conserve Battery","Skim","Sweeping Beam","Defragment+1","Go for the Eyes+1","Loop","Amplify","Buffer","Self Repair","Seek","Self Repair"],"relics":["Cracked Core","Regal Pillow","Golden Idol","PreservedInsect","Pantograph","Sundial","White Beast Statue","Pear","Sozu"],"acts_visited":["Exordium","TheCity"],"potions_floor_usage":[6,8,16],"damage_taken":[{"damage":3,"enemies":"2 Louse","floor":1,"turns":3},{"damage":2,"enemies":"Jaw Worm","floor":3,"turns":3},{"damage":1,"enemies":"Cultist","floor":4,"turns":3},{"damage":3,"enemies":"2 Fungi Beasts","floor":5,"turns":3},{"damage":8,"enemies":"Lagavulin","floor":6,"turns":7},{"damage":10,"enemies":"3 Sentries","floor":8,"turns":4},{"damage":9,"enemies":"Gremlin Nob","floor":11,"turns":3},{"damage":43,"enemies":"Slime Boss","floor":16,"turns":10},{"damage":29,"enemies":"2 Thieves","floor":18,"turns":4},{"damage":0,"enemies":"Chosen","floor":19,"turns":4},{"damage":62,"enemies":"Snecko","floor":22,"turns":8}],"seed_played":"2040443510294945926","potions_obtained":[{"floor":1,"key":"Strength Potion"},{"floor":4,"key":"DuplicationPotion"},{"floor":6,"key":"Block Potion"},{"floor":11,"key":"SkillPotion"},{"floor":16,"key":"SpeedPotion"}],"is_trial":false,"path_per_floor":["M","?","M","M","M","E","R","E","T","R","E","?","$","?","R","B",null,"M","M","?","$","M"],"character_chosen":"DEFECT","items_purchased":["Pear","Amplify","Seek","Self Repair"],"campfire_rested":1,"item_purchase_floors":[13,13,21,21],"current_hp_per_floor":[72,54,52,51,48,40,40,30,30,30,21,10,20,20,60,42,85,56,56,48,48,0,0],"gold":33,"neow_bonus":"RANDOM_COMMON_RELIC","is_daily":false,"chose_seed":false,"campfire_upgraded":2,"win_rate":0.0,"timestamp":1613805737,"path_taken":["M","?","M","M","M","E","R","E","T","R","E","?","$","?","R","BOSS","M","?","?","$","M"],"items_purchased_type":["Relic","Card","Card","Card"],"build_version":"2020-12-22","purchased_purges":1,"victory":false,"max_hp_per_floor":[75,75,75,75,75,75,75,75,75,75,75,75,85,85,85,85,85,85,85,85,85,85,85],"card_choices":[{"not_picked":["Gash","Go for the Eyes"],"picked":"Lockon","floor":1},{"not_picked":["Rebound","Reinforced Body"],"picked":"Conserve Battery","floor":3},{"not_picked":["Lockon","Reprogram"],"picked":"Skim","floor":4},{"not_picked":["Go for the Eyes","Gash"],"picked":"Sweeping Beam","floor":5},{"not_picked":["Heatsinks","Turbo"],"picked":"Defragment","floor":6},{"not_picked":["Lockon","Steam"],"picked":"Go for the Eyes","floor":8},{"not_picked":["Hello World","Conserve Battery"],"picked":"Loop","floor":11},{"not_picked":["Seek","Amplify"],"picked":"Buffer","floor":16},{"not_picked":["Streamline+1","Hologram","Barrage"],"picked":"SKIP","floor":18},{"not_picked":["Blizzard","Cold Snap"],"picked":"Self Repair","floor":19}],"player_experience":183195,"relics_obtained":[{"floor":6,"key":"PreservedInsect"},{"floor":8,"key":"Pantograph"},{"floor":9,"key":"Sundial"},{"floor":11,"key":"White Beast Statue"}],"event_choices":[{"damage_healed":0,"gold_gain":0,"player_choice":"Take Damage","damage_taken":18,"relics_obtained":["Golden Idol"],"max_hp_gain":0,"max_hp_loss":0,"event_name":"Golden Idol","floor":2,"gold_loss":0},{"damage_healed":0,"gold_gain":75,"player_choice":"Gather Gold","damage_taken":11,"max_hp_gain":0,"max_hp_loss":0,"event_name":"World of Goop","floor":12,"gold_loss":0},{"damage_healed":0,"gold_gain":0,"player_choice":"Upgraded","damage_taken":0,"max_hp_gain":0,"max_hp_loss":0,"event_name":"Upgrade Shrine","floor":14,"gold_loss":0,"cards_upgraded":["Defragment"]},{"damage_healed":0,"gold_gain":75,"player_choice":"Touch","damage_taken":8,"max_hp_gain":0,"max_hp_loss":0,"event_name":"FaceTrader","floor":20,"gold_loss":0}],"is_beta":false,"boss_relics":[{"not_picked":["Nuclear Battery","Tiny House"],"picked":"Sozu"}],"items_purged_floors":[21],"is_endless":false,"potions_floor_spawned":[1,4,6,11,16,18,19],"killed_by":"Snecko","ascension_level":2}}