{"host":"0ke4ewd6kv0tgkyi","time":1613784964,"event":{"mods":["2.2 Compatiblity","A Magickal Journey","Act Like it!","Aspiration","BaseMod","Conspire","Elementarium","Fiend Mod","Gensokyo","Hallownest","JesterMod","Menagerie","Minty Spire (QoL Compilation)","Pale of the Ancients","Permanent Neow","Potionbrewer","Quarter Circle Forward PUNCH!","QueenMod","Reliquary","Ruina","Shade Mod","Somnambulant","StSLib","The Alterego","The Bug Knight","The Cursed","The Gatherer","The Judge","The Jungle","thorton"],"gold_per_floor":[128,147,72,96,122,122,132,176,176,53,163,163,163,195,195,318,318,388,427,427,390,433,433,433,433,433,433,433,363,363,420,420,452,452],"floor_reached":33,"language":"ENG","playtime":3748,"items_purged":["Normality","thethorton:Strike"],"score":257,"play_id":"f3773199-29d3-4f88-af2f-5d56a5c68f06","local_time":"20210219173604","is_ascension_mode":true,"campfire_choices":[{"floor":6.0,"key":"REST"},{"floor":13.0,"key":"REST"},{"floor":15.0,"key":"REST"},{"data":"thethorton:Heckle","floor":23.0,"key":"SMITH"},{"data":"thethorton:BattleTrash","floor":25.0,"key":"SMITH"},{"data":"thethorton:DodgeAndRollAndRun","floor":30,"key":"SMITH"},{"floor":32,"key":"REST"}],"circlet_count":0,"master_deck":["thethorton:Strike+1","thethorton:Strike+1","thethorton:Strike+1","thethorton:Defend+1","thethorton:Defend+1","thethorton:Defend+1","thethorton:Defend+1","thethorton:Heckle+1","thethorton:CreditCard","thethorton:PocketChange","thethorton:CashBash","thethorton:YoureFired","thethorton:BattleTrash+1","thethorton:BoardroomBlast","thethorton:GoldBuffer+1","thethorton:CallShop","thethorton:DodgeAndRollAndRun+1","thethorton:ToxicGreed","thethorton:ChartProject","thethorton:CoinShield","thethorton:PocketChange","thethorton:EquivalentExchange"],"relics":["reliquary:RedCape","HollowMod:StagPassRelic","potionbrewer:ToyAutogyro","Hallownest:SalubrasBlessingRelic","potionbrewer:BhaskarasWheel","Frozen Egg 2"],"acts_visited":["Exordium","TheCity"],"potions_floor_usage":[33,33],"damage_taken":[{"damage":8.0,"enemies":"Hallownest:2_Tiktiks_and_1_Crawlid","floor":1.0,"turns":7.0},{"damage":16.0,"enemies":"Hallownest:monsterHuskGuard","floor":2.0,"turns":6.0},{"damage":6.0,"enemies":"Hallownest:2_Baldur","floor":4.0,"turns":4.0},{"damage":14.0,"enemies":"Hallownest:1_Baldur_1_Crawlid_1_Warrior","floor":5.0,"turns":5.0},{"damage":0.0,"enemies":"Hallownest:monsterMossCharger","floor":7.0,"turns":1.0},{"damage":14.0,"enemies":"Hallownest:eliteCrystalGuardian","floor":8.0,"turns":4.0},{"damage":16.0,"enemies":"Hallownest:Guard_and_Warrior","floor":14.0,"turns":4.0},{"damage":27.0,"enemies":"Hallownest:BossBrokenVessel","floor":16.0,"turns":8.0},{"damage":9.0,"enemies":"Spheric Guardian","floor":18.0,"turns":4.0},{"damage":6.0,"enemies":"3 Byrds","floor":19.0,"turns":4.0},{"damage":5.0,"enemies":"3 Cultists","floor":22.0,"turns":6.0},{"damage":4,"enemies":"Centurion and Healer","floor":31,"turns":7},{"damage":81,"enemies":"Collector","floor":33,"turns":6}],"seed_played":"5893368421426315412","potions_obtained":[{"floor":4.0,"key":"potionbrewer:BoundlessPotion"},{"floor":5.0,"key":"DuplicationPotion"},{"floor":18.0,"key":"potionbrewer:AcidPotion"},{"floor":19.0,"key":"potionbrewer:InfectionPotion"},{"floor":31,"key":"SkillPotion"}],"is_trial":false,"path_per_floor":["M","M","$","M","M","R","M","E","T","$","?","?","R","M","R","B",null,"M","M","$","$","M","R","?","R","T","?","?","$","R","M","R","B"],"character_chosen":"THE_THORT","items_purchased":["thethorton:GoldBuffer","thethorton:CoinShield","thethorton:EquivalentExchange"],"campfire_rested":4,"item_purchase_floors":[10,21,29],"current_hp_per_floor":[60,44,44,38,24,44,44,30,30,30,30,30,52,36,59,32,72,63,57,57,57,52,52,52,52,52,52,52,52,52,48,71,0,0,0],"gold":452,"neow_bonus":"BOSS_RELIC","is_daily":false,"chose_seed":false,"campfire_upgraded":3,"win_rate":0.0,"timestamp":1613784964,"path_taken":["M","?","$","M","M","R","M","E","T","$","?","?","R","M","R","BOSS","M","M","$","?","M","R","?","R","T","?","?","?","R","M","R","BOSS"],"items_purchased_type":["Card","Card","Card"],"build_version":"2020-12-22","purchased_purges":2,"victory":false,"max_hp_per_floor":[68,68,68,68,68,68,68,68,68,68,68,68,70,70,72,72,72,72,72,72,72,72,72,72,72,72,72,72,72,72,72,74,74,74,74],"card_choices":[{"not_picked":["thethorton:RunningKick","thethorton:SicklyRun"],"picked":"thethorton:PocketChange","floor":1.0},{"not_picked":["thethorton:HitAhead","thethorton:SicklyRun"],"picked":"thethorton:CashBash","floor":2.0},{"not_picked":["thethorton:BookBash","thethorton:HedgeFund"],"picked":"thethorton:YoureFired","floor":4.0},{"not_picked":["thethorton:DownPayment","thethorton:PocketChange"],"picked":"thethorton:BattleTrash","floor":5.0},{"not_picked":["thethorton:CoinShield","thethorton:ToxicGreed"],"picked":"thethorton:BoardroomBlast","floor":7.0},{"not_picked":["thethorton:BusinessBash","thethorton:CoinShield"],"picked":"thethorton:GoldenPetal","floor":8.0},{"not_picked":["HollowMod:ElderbugsWisdom","QueenMod:HornetSwarm"],"picked":"thethorton:CallShop","floor":14.0},{"not_picked":["thethorton:CardboardBox","thethorton:CompoundInterest"],"picked":"thethorton:DodgeAndRollAndRun","floor":16.0},{"not_picked":["thethorton:Distance+1","thethorton:LongTermPayoff"],"picked":"thethorton:ToxicGreed","floor":18.0},{"not_picked":["thethorton:TakeAccounts","thethorton:CannonShot"],"picked":"thethorton:ChartProject","floor":19.0},{"not_picked":["thethorton:BookBash","thethorton:SicklyRun+1"],"picked":"thethorton:PocketChange","floor":22.0},{"not_picked":["thethorton:ShoutAndRun","thethorton:LongTermPayoff","thethorton:HitAhead"],"picked":"SKIP","floor":31}],"player_experience":1040903,"relics_obtained":[{"floor":8.0,"key":"HollowMod:StagPassRelic"},{"floor":9.0,"key":"potionbrewer:ToyAutogyro"},{"floor":26.0,"key":"Frozen Egg 2"}],"event_choices":[{"damage_healed":0.0,"max_hp_gain":0.0,"max_hp_loss":0.0,"gold_gain":0.0,"event_name":"Back to Basics","player_choice":"Simplicity","floor":24.0,"gold_loss":0.0,"damage_taken":0.0,"cards_upgraded":["thethorton:Strike","thethorton:Strike","thethorton:Strike","thethorton:Defend","thethorton:Defend","thethorton:Defend","thethorton:Defend"]},{"damage_healed":0,"gold_gain":0,"player_choice":"Ignored","damage_taken":0,"max_hp_gain":0,"max_hp_loss":0,"event_name":"Ghosts","floor":27,"gold_loss":0},{"damage_healed":0,"gold_gain":0,"player_choice":"Ignored","damage_taken":0,"max_hp_gain":0,"max_hp_loss":0,"event_name":"Vampires","floor":28,"gold_loss":0}],"is_beta":false,"boss_relics":[{"not_picked":["reliquary:Ember","reliquary:KinkedSpring"],"picked":"potionbrewer:BhaskarasWheel"}],"items_purged_floors":[3,10],"is_endless":false,"potions_floor_spawned":[4,5,18,19,31],"killed_by":"Collector","ascension_level":1}}