{"host":"tchp4ssh6eu1bj0c","time":1613799421,"event":{"mods":["AchievementEnabler","BaseMod","KOR Keyword Fix","Minty Spire (QoL Compilation)","SuperFastMode"],"gold_per_floor":[115,131,131,148,73,73,73,73,73,73,91,166,182,217,217,321,321,334,351,80,80,80],"floor_reached":21,"language":"KOR","playtime":697,"items_purged":["Strike_B","Sunder"],"score":224,"play_id":"3f905dff-93e5-4672-a50d-b328a68cacd2","local_time":"20210220143701","is_ascension_mode":true,"campfire_choices":[{"data":"Redo","floor":6,"key":"SMITH"},{"data":"Dualcast","floor":8,"key":"SMITH"},{"floor":15,"key":"REST"}],"circlet_count":0,"master_deck":["Zap","Dualcast+1","Ball Lightning","Conserve Battery","Redo+1","Sweeping Beam","Coolheaded","Electrodynamics","Loop","Rainbow","Core Surge","Fusion","Coolheaded","Ball Lightning"],"relics":["Cracked Core","Omamori","InkBottle","WarpedTongs","CaptainsWheel","Pandora\u0027s Box","Membership Card","PreservedInsect"],"acts_visited":["Exordium","TheCity"],"potions_floor_usage":[],"damage_taken":[{"damage":2,"enemies":"Small Slimes","floor":1,"turns":3},{"damage":2,"enemies":"Jaw Worm","floor":2,"turns":3},{"damage":9,"enemies":"2 Louse","floor":4,"turns":3},{"damage":27,"enemies":"Gremlin Gang","floor":11,"turns":3},{"damage":0,"enemies":"Large Slime","floor":13,"turns":3},{"damage":42,"enemies":"Gremlin Nob","floor":14,"turns":4},{"damage":21,"enemies":"Hexaghost","floor":16,"turns":11},{"damage":40,"enemies":"2 Thieves","floor":18,"turns":3},{"damage":10,"enemies":"3 Byrds","floor":19,"turns":3},{"damage":12,"enemies":"Cultist and Chosen","floor":21,"turns":1}],"seed_played":"3991722882272471414","potions_obtained":[{"floor":1,"key":"FairyPotion"},{"floor":16,"key":"EssenceOfDarkness"},{"floor":19,"key":"GamblersBrew"}],"is_trial":false,"path_per_floor":["M","M","?","M","$","R","$","R","T","?","M","?","M","E","R","B",null,"M","M","$","M"],"character_chosen":"DEFECT","items_purchased":["Membership Card","PreservedInsect"],"campfire_rested":1,"item_purchase_floors":[20,20],"current_hp_per_floor":[73,71,71,62,62,62,62,62,62,62,35,24,24,22,44,23,62,22,12,12,0,0],"gold":80,"neow_bonus":"RANDOM_COMMON_RELIC","is_daily":false,"chose_seed":false,"campfire_upgraded":2,"win_rate":0.0,"timestamp":1613799421,"path_taken":["M","M","?","M","?","R","$","R","T","?","?","?","M","E","R","BOSS","M","M","$","M"],"items_purchased_type":["Relic","Relic"],"build_version":"2020-12-22","purchased_purges":2,"victory":false,"max_hp_per_floor":[75,75,75,75,75,75,75,75,75,75,75,75,75,75,75,75,75,75,75,75,75,75],"card_choices":[{"not_picked":["Hello World","Barrage"],"picked":"Ball Lightning","floor":1},{"not_picked":["Undo","Stack"],"picked":"Conserve Battery","floor":2},{"not_picked":["Go for the Eyes","Streamline"],"picked":"Redo","floor":4},{"not_picked":["White Noise","Blizzard"],"picked":"Sweeping Beam","floor":11},{"not_picked":["Stack","Echo Form"],"picked":"Coolheaded","floor":13},{"not_picked":["Rainbow","Conserve Battery","Steam Power"],"picked":"SKIP","floor":14},{"not_picked":["Core Surge","Reboot"],"picked":"Electrodynamics","floor":16},{"not_picked":["Cold Snap","Compile Driver"],"picked":"Ball Lightning","floor":18},{"not_picked":["Gash","Cold Snap","Beam Cell"],"picked":"SKIP","floor":19}],"player_experience":440785,"relics_obtained":[{"floor":9,"key":"InkBottle"},{"floor":14,"key":"CaptainsWheel"}],"event_choices":[{"cards_removed":["Strike_B"],"damage_healed":0,"gold_gain":0,"player_choice":"Forget","damage_taken":0,"max_hp_gain":0,"max_hp_loss":0,"event_name":"Living Wall","floor":3,"gold_loss":0},{"damage_healed":0,"gold_gain":0,"player_choice":"Rummage","damage_taken":0,"relics_obtained":["WarpedTongs"],"max_hp_gain":0,"max_hp_loss":0,"event_name":"Accursed Blacksmith","floor":10,"gold_loss":0,"cards_obtained":["Pain"]},{"damage_healed":0,"gold_gain":75,"player_choice":"Gather Gold","damage_taken":11,"max_hp_gain":0,"max_hp_loss":0,"event_name":"World of Goop","floor":12,"gold_loss":0}],"is_beta":false,"boss_relics":[{"not_picked":["Runic Dome","Snecko Eye"],"picked":"Pandora\u0027s Box"}],"items_purged_floors":[5,20],"is_endless":false,"potions_floor_spawned":[1,16,19],"killed_by":"Cultist and Chosen","ascension_level":5}}