{"host":"prxrhpgaxnj4om9r","time":1613780689,"event":{"mods":["AchievementEnabler","BaseMod","Colored Map","DeckTracker","Minty Spire (QoL Compilation)"],"gold_per_floor":[111,123,73,73,96,96,130,130,157,198,198,212,246,259,259,389,389,403,403,416,416,434,462,462,497,497,497,497,572,572,25,25,124,124,134,173,173,215,290,290,331,404,404,404,404],"floor_reached":44,"language":"KOR","playtime":1955,"items_purged":[],"score":589,"play_id":"d495dc42-44ea-495b-92aa-370b762be612","local_time":"20210220092449","is_ascension_mode":false,"campfire_choices":[{"data":"Eruption","floor":6,"key":"SMITH"},{"data":"CutThroughFate","floor":8,"key":"SMITH"},{"floor":15,"key":"REST"},{"data":"Alpha","floor":24,"key":"SMITH"},{"floor":27,"key":"RECALL"},{"floor":30,"key":"REST"},{"data":"RitualDagger","floor":32,"key":"SMITH"},{"floor":40,"key":"REST"}],"circlet_count":0,"master_deck":["Strike_P","Strike_P","Strike_P","Strike_P","Defend_P","Defend_P","Defend_P","Eruption+1","Vigilance","SandsOfTime","CutThroughFate+1","Worship","ReachHeaven","TalkToTheHand","Wallop","Prostrate","BowlingBash","Alpha+1","Evaluate","Wish","Worship","FollowUp+1","RitualDagger+1","SignatureMove","Limit Break","Cleave+1","Turbo+1","Acrobatics","BootSequence+1","Recycle","Blade Dance+1"],"relics":["HolyWater","Bloody Idol","Centennial Puzzle","Pen Nib","Juzu Bracelet","Akabeko","White Beast Statue","Dream Catcher","Oddly Smooth Stone","Pear","PrismaticShard","Omamori","Runic Pyramid","Torii","Pocketwatch","Ancient Tea Set"],"acts_visited":["Exordium","TheCity","TheBeyond"],"potions_floor_usage":[2,10,10,10,13,20,22,23,25,33,33,33,35,35,38,39,42,42,44],"damage_taken":[{"damage":0,"enemies":"2 Louse","floor":1,"turns":2},{"damage":0,"enemies":"Jaw Worm","floor":2,"turns":1},{"damage":5,"enemies":"Small Slimes","floor":5,"turns":3},{"damage":12,"enemies":"Gremlin Nob","floor":7,"turns":3},{"damage":0,"enemies":"Lagavulin","floor":10,"turns":3},{"damage":0,"enemies":"3 Louse","floor":12,"turns":2},{"damage":0,"enemies":"Gremlin Nob","floor":13,"turns":2},{"damage":0,"enemies":"Lots of Slimes","floor":14,"turns":3},{"damage":0,"enemies":"Slime Boss","floor":16,"turns":4},{"damage":2,"enemies":"3 Byrds","floor":18,"turns":4},{"damage":0,"enemies":"Chosen","floor":20,"turns":2},{"damage":0,"enemies":"Sentry and Sphere","floor":22,"turns":2},{"damage":20,"enemies":"Gremlin Leader","floor":23,"turns":4},{"damage":17,"enemies":"Slavers","floor":25,"turns":4},{"damage":43,"enemies":"Automaton","floor":33,"turns":6},{"damage":46,"enemies":"3 Darklings","floor":35,"turns":5},{"damage":7,"enemies":"3 Shapes","floor":36,"turns":2},{"damage":28,"enemies":"Spire Growth","floor":38,"turns":4},{"damage":25,"enemies":"Mind Bloom Boss Battle","floor":39,"turns":5},{"damage":3,"enemies":"4 Shapes","floor":41,"turns":4},{"damage":15,"enemies":"2 Orb Walkers","floor":42,"turns":4},{"damage":54,"enemies":"Reptomancer","floor":44,"turns":4}],"seed_played":"8720186871890316034","potions_obtained":[{"floor":1,"key":"Strength Potion"},{"floor":7,"key":"EntropicBrew"},{"floor":13,"key":"LiquidMemories"},{"floor":14,"key":"SpeedPotion"},{"floor":16,"key":"CultistPotion"},{"floor":18,"key":"StancePotion"},{"floor":20,"key":"SteroidPotion"},{"floor":22,"key":"BottledMiracle"},{"floor":23,"key":"PowerPotion"},{"floor":25,"key":"Strength Potion"},{"floor":33,"key":"EssenceOfSteel"},{"floor":35,"key":"Fruit Juice"},{"floor":36,"key":"DuplicationPotion"},{"floor":38,"key":"Strength Potion"},{"floor":39,"key":"StancePotion"},{"floor":41,"key":"LiquidMemories"},{"floor":42,"key":"Explosive Potion"}],"is_trial":false,"path_per_floor":["M","M","?","?","M","R","E","R","T","E","?","M","E","M","R","B",null,"M","?","M","?","M","E","R","E","T","R","?","?","R","$","R","B",null,"M","M","?","M","?","R","M","?","T","E"],"character_chosen":"WATCHER","items_purchased":["Pear","PrismaticShard","Omamori"],"campfire_rested":3,"item_purchase_floors":[31,31,31],"current_hp_per_floor":[79,79,79,60,55,55,43,43,43,43,25,25,25,25,48,48,79,77,77,79,79,79,64,64,52,52,52,46,44,67,77,77,39,89,53,56,56,38,23,51,58,53,53,0,0],"gold":404,"neow_bonus":"TEN_PERCENT_HP_BONUS","is_daily":false,"chose_seed":false,"campfire_upgraded":4,"win_rate":0.0,"timestamp":1613780689,"path_taken":["M","M","?","?","M","R","E","R","T","E","?","M","E","M","R","BOSS","M","?","M","?","M","E","R","E","T","R","?","?","R","$","R","BOSS","M","M","?","M","?","R","M","?","T","E"],"items_purchased_type":["Relic","Relic","Relic"],"build_version":"2020-12-22","purchased_purges":0,"victory":false,"max_hp_per_floor":[79,79,79,79,79,79,79,79,79,79,79,79,79,79,79,79,79,79,79,79,79,79,79,79,79,79,79,79,79,79,89,89,89,89,94,94,94,94,94,94,94,94,94,94,94],"card_choices":[{"not_picked":["Indignation","JustLucky"],"picked":"SandsOfTime","floor":1},{"not_picked":["PathToVictory","JustLucky"],"picked":"CutThroughFate","floor":2},{"not_picked":["JustLucky","Prostrate"],"picked":"Worship","floor":5},{"not_picked":["EmptyBody","FlurryOfBlows"],"picked":"ReachHeaven","floor":7},{"not_picked":["Prostrate","FearNoEvil"],"picked":"TalkToTheHand","floor":10},{"not_picked":["Meditate","FollowUp"],"picked":"Wallop","floor":12},{"not_picked":["Swivel","Devotion"],"picked":"Prostrate","floor":13},{"not_picked":["FlyingSleeves","FearNoEvil"],"picked":"BowlingBash","floor":14},{"not_picked":["DevaForm","Brilliance"],"picked":"Alpha","floor":16},{"not_picked":["EmptyBody+1","BowlingBash"],"picked":"Consecrate+1","floor":18},{"not_picked":["FlurryOfBlows","JustLucky"],"picked":"Evaluate","floor":20},{"not_picked":["CrushJoints","SashWhip"],"picked":"Wish","floor":22},{"not_picked":["Perseverance","SashWhip"],"picked":"Worship","floor":23},{"not_picked":["TalkToTheHand","CrushJoints+1"],"picked":"FollowUp+1","floor":25},{"not_picked":["ThirdEye+1","FlurryOfBlows"],"picked":"SignatureMove","floor":30},{"not_picked":["Envenom","Secret Weapon"],"picked":"Limit Break","floor":33},{"not_picked":["Panacea+1","Blade Dance+1"],"picked":"Cleave+1","floor":35},{"not_picked":["Steam+1","Bouncing Flask+1"],"picked":"Turbo+1","floor":36},{"not_picked":["Crescendo","Iron Wave"],"picked":"Acrobatics","floor":38},{"not_picked":["Flying Knee","SashWhip+1"],"picked":"BootSequence+1","floor":39},{"not_picked":["Self Repair","All Out Attack"],"picked":"Recycle","floor":40},{"not_picked":["Protect+1","Setup+1"],"picked":"Blade Dance+1","floor":41}],"player_experience":543721,"relics_obtained":[{"floor":7,"key":"Centennial Puzzle"},{"floor":9,"key":"Pen Nib"},{"floor":10,"key":"Juzu Bracelet"},{"floor":13,"key":"White Beast Statue"},{"floor":23,"key":"Dream Catcher"},{"floor":25,"key":"Oddly Smooth Stone"},{"floor":39,"key":"Torii"},{"floor":42,"key":"Pocketwatch"},{"floor":43,"key":"Ancient Tea Set"}],"event_choices":[{"cards_removed":["Defend_P"],"damage_healed":0,"gold_gain":0,"player_choice":"Card Removal","damage_taken":0,"max_hp_gain":0,"max_hp_loss":0,"event_name":"The Cleric","floor":3,"gold_loss":50},{"damage_healed":0,"gold_gain":0,"player_choice":"Take Damage","damage_taken":19,"relics_obtained":["Golden Idol"],"max_hp_gain":0,"max_hp_loss":0,"event_name":"Golden Idol","floor":4,"gold_loss":0},{"damage_healed":0,"gold_gain":0,"player_choice":"Success","damage_taken":18,"relics_obtained":["Akabeko"],"max_hp_gain":0,"max_hp_loss":0,"event_name":"Scrap Ooze","floor":11,"gold_loss":0},{"damage_healed":0,"gold_gain":0,"player_choice":"Gave Idol","damage_taken":0,"relics_obtained":["Bloody Idol"],"max_hp_gain":0,"max_hp_loss":0,"event_name":"Forgotten Altar","floor":19,"relics_lost":["Golden Idol"],"gold_loss":0},{"damage_healed":0,"gold_gain":0,"player_choice":"Ignored","damage_taken":0,"max_hp_gain":0,"max_hp_loss":0,"event_name":"Vampires","floor":21,"gold_loss":0},{"damage_healed":0,"gold_gain":0,"player_choice":"Joined the Cult","damage_taken":6,"max_hp_gain":0,"max_hp_loss":0,"event_name":"Nest","floor":28,"gold_loss":0,"cards_obtained":["RitualDagger"]},{"damage_healed":0,"gold_gain":75,"player_choice":"Touch","damage_taken":7,"max_hp_gain":0,"max_hp_loss":0,"event_name":"FaceTrader","floor":29,"gold_loss":0},{"cards_removed":["Consecrate"],"damage_healed":0,"gold_gain":0,"player_choice":"Removed Attack","damage_taken":0,"max_hp_gain":0,"max_hp_loss":0,"event_name":"Falling","floor":37,"gold_loss":0},{"damage_healed":0,"gold_gain":0,"player_choice":"Fight","damage_taken":0,"max_hp_gain":0,"max_hp_loss":0,"event_name":"MindBloom","floor":39,"gold_loss":0},{"damage_healed":0,"gold_gain":0,"player_choice":"Fight","damage_taken":0,"max_hp_gain":0,"max_hp_loss":0,"event_name":"Mysterious Sphere","floor":42,"gold_loss":0}],"is_beta":false,"boss_relics":[{"not_picked":["Fusion Hammer","Velvet Choker"],"picked":"HolyWater"},{"not_picked":["Coffee Dripper","Astrolabe"],"picked":"Runic Pyramid"}],"items_purged_floors":[],"is_endless":false,"potions_floor_spawned":[1,7,13,14,16,18,20,22,23,25,33,35,36,38,39,41,42],"killed_by":"Reptomancer","ascension_level":0}}