{"host":"kfljnqghcyduj62k","time":1613838113,"event":{"mods":["2.2 Compatiblity","BaseMod","Bestiary","Energized Spire","Hermit","Minty Spire (QoL Compilation)","StSLib","The Servant 0.9.4"],"gold_per_floor":[118,118,141,141,141,141,152,152,152,164,216,228,256,452,464,476,476],"floor_reached":16,"language":"ENG","playtime":678,"items_purged":[],"score":121,"play_id":"2909f6e1-ff04-422b-8f8f-7b6f0d4b2e7b","local_time":"20210220162153","is_ascension_mode":false,"campfire_choices":[{"data":"Defend_S","floor":6,"key":"SMITH"},{"data":"ReturningBlade","floor":8,"key":"SMITH"},{"data":"Defend_S","floor":10,"key":"SMITH"},{"data":"SilverBlades","floor":12,"key":"SMITH"},{"data":"Defend_S","floor":15,"key":"SMITH"}],"circlet_count":0,"master_deck":["Strike_S","Strike_S","Strike_S","Strike_S","Defend_S+1","Defend_S+1","Defend_S+1","Defend_S","KidneyShot","Exchange","Luminosity+1","ReturningBlade+1","SilverBlades+1","Doubt"],"relics":["Uniform","NeowsBlessing","Orichalcum","FaceOfCleric","MawBank","CeramicFish"],"acts_visited":["Exordium"],"potions_floor_usage":[16,16],"damage_taken":[{"damage":0,"enemies":"Jaw Worm","floor":1,"turns":1},{"damage":0,"enemies":"2 Louse","floor":7,"turns":1},{"damage":0,"enemies":"Lagavulin","floor":11,"turns":2},{"damage":0,"enemies":"Cultist","floor":13,"turns":5},{"damage":70,"enemies":"Hexaghost","floor":16,"turns":19}],"seed_played":"-925357846015309666","potions_obtained":[{"floor":1,"key":"Energy Potion"},{"floor":11,"key":"Dexterity Potion"}],"is_trial":false,"path_per_floor":["M","?","T","$","?","R","M","R","T","R","E","R","M","?","R","B"],"character_chosen":"THE_SERVANT","items_purchased":[],"campfire_rested":0,"item_purchase_floors":[],"current_hp_per_floor":[65,65,65,65,65,65,66,66,66,66,67,67,68,68,68,0,0],"gold":476,"neow_bonus":"THREE_ENEMY_KILL","is_daily":false,"chose_seed":false,"campfire_upgraded":5,"win_rate":0.0,"timestamp":1613838113,"path_taken":["M","?","?","$","?","R","M","R","T","R","E","R","?","?","R","BOSS"],"items_purchased_type":[],"build_version":"2020-12-22","purchased_purges":0,"victory":false,"max_hp_per_floor":[65,65,65,65,65,65,66,66,66,66,67,67,68,68,68,68,68],"card_choices":[{"not_picked":["GearUp","Starlight"],"picked":"Luminosity","floor":1},{"not_picked":["Defy","Starlight"],"picked":"ReturningBlade","floor":7},{"not_picked":["Ricochet","TimeWarp"],"picked":"SilverBlades","floor":11},{"not_picked":["RealityMarble","Read","Desolation"],"picked":"SKIP","floor":13}],"player_experience":231438,"relics_obtained":[{"floor":3,"key":"Orichalcum"},{"floor":9,"key":"MawBank"},{"floor":11,"key":"CeramicFish"}],"event_choices":[{"damage_healed":0,"gold_gain":0,"player_choice":"Grow","damage_taken":0,"max_hp_gain":0,"max_hp_loss":0,"event_name":"Living Wall","floor":2,"gold_loss":0,"cards_upgraded":["Luminosity"]},{"damage_healed":0,"gold_gain":0,"player_choice":"Trade","damage_taken":0,"relics_obtained":["FaceOfCleric"],"max_hp_gain":0,"max_hp_loss":0,"event_name":"FaceTrader","floor":5,"gold_loss":0},{"damage_healed":0,"gold_gain":175,"player_choice":"AGREE","damage_taken":0,"max_hp_gain":0,"max_hp_loss":0,"event_name":"Liars Game","floor":14,"gold_loss":0,"cards_obtained":["Doubt"]}],"is_beta":false,"boss_relics":[],"items_purged_floors":[],"is_endless":false,"potions_floor_spawned":[1,11],"killed_by":"Hexaghost","ascension_level":0}}