{"host":"v86vpwf004p2esb7","time":1613810943,"event":{"mods":["AchievementEnabler","BaseMod","BetterRewards","Colored Powertips","Minty Spire (QoL Compilation)","Quick Restart","StSLib","Transform Curses"],"gold_per_floor":[111,111,122,140,140,171,171,185,185,212,232,232,259,276,276,276,276],"floor_reached":16,"language":"ENG","playtime":689,"items_purged":[],"score":206,"play_id":"f44f22e5-12dd-45c7-a40f-c125017a207d","local_time":"20210220004903","is_ascension_mode":true,"campfire_choices":[{"floor":7,"key":"REST"},{"data":"Eruption","floor":12,"key":"SMITH"},{"data":"ForeignInfluence","floor":15,"key":"SMITH"}],"circlet_count":0,"master_deck":["Strike_P","Strike_P","Strike_P","Strike_P","Defend_P","Defend_P","Defend_P","Defend_P","Eruption+1","Vigilance","FlurryOfBlows","FlurryOfBlows","CutThroughFate","ConjureBlade","FollowUp","ClearTheMind","ForeignInfluence+1","MentalFortress","CutThroughFate","FearNoEvil","TalkToTheHand"],"relics":["PureWater","Blood Vial","White Beast Statue","Meat on the Bone","Turnip","Damaru","StrikeDummy","Akabeko","Dream Catcher"],"acts_visited":["Exordium"],"potions_floor_usage":[10,14,16,16],"damage_taken":[{"damage":0,"enemies":"Jaw Worm","floor":1,"turns":3},{"damage":5,"enemies":"Small Slimes","floor":3,"turns":3},{"damage":0,"enemies":"Cultist","floor":4,"turns":2},{"damage":22,"enemies":"Lagavulin","floor":6,"turns":4},{"damage":16,"enemies":"Blue Slaver","floor":8,"turns":3},{"damage":36,"enemies":"Gremlin Nob","floor":10,"turns":4},{"damage":0,"enemies":"2 Fungi Beasts","floor":11,"turns":2},{"damage":15,"enemies":"3 Sentries","floor":13,"turns":5},{"damage":6,"enemies":"Gremlin Gang","floor":14,"turns":4},{"damage":50,"enemies":"The Guardian","floor":16,"turns":7}],"seed_played":"2002198646480150630","potions_obtained":[{"floor":1,"key":"FearPotion"},{"floor":3,"key":"Energy Potion"},{"floor":4,"key":"FearPotion"},{"floor":10,"key":"SteroidPotion"},{"floor":13,"key":"EssenceOfSteel"},{"floor":14,"key":"Fruit Juice"}],"is_trial":false,"path_per_floor":["M","?","M","M","?","E","R","M","T","E","M","R","E","M","R","B"],"character_chosen":"WATCHER","items_purchased":["Blood Vial","White Beast Statue","FlurryOfBlows","Meat on the Bone","Turnip","FlurryOfBlows"],"campfire_rested":1,"item_purchase_floors":[0,0,0,0,0,0],"current_hp_per_floor":[37,37,46,48,45,37,58,44,44,22,36,36,35,48,48,0,0],"gold":276,"neow_bonus":"","is_daily":false,"chose_seed":false,"campfire_upgraded":2,"win_rate":0.0,"timestamp":1613810943,"path_taken":["M","?","M","M","?","E","R","M","T","E","M","R","E","?","R","BOSS"],"items_purchased_type":["Relic","Relic","Card","Relic","Relic","Card"],"build_version":"2020-12-22","purchased_purges":0,"victory":false,"max_hp_per_floor":[72,72,72,72,72,72,72,72,72,72,72,72,72,77,77,77,77],"card_choices":[{"not_picked":["EmptyBody","SashWhip"],"picked":"CutThroughFate","floor":1},{"not_picked":["Wireheading","PathToVictory"],"picked":"ConjureBlade","floor":3},{"not_picked":["EmptyBody","Vengeance"],"picked":"FollowUp","floor":4},{"not_picked":["Protect","Consecrate"],"picked":"ClearTheMind","floor":6},{"not_picked":["Protect","BowlingBash"],"picked":"ForeignInfluence","floor":8},{"not_picked":["Judgement","Perseverance"],"picked":"MentalFortress","floor":10},{"not_picked":["Evaluate","Conclude"],"picked":"CutThroughFate","floor":11},{"not_picked":["Vengeance","Pray"],"picked":"FearNoEvil","floor":13},{"not_picked":["Indignation","JustLucky"],"picked":"TalkToTheHand","floor":14}],"player_experience":309269,"relics_obtained":[{"floor":6,"key":"StrikeDummy"},{"floor":10,"key":"Akabeko"},{"floor":13,"key":"Dream Catcher"}],"event_choices":[{"damage_healed":0,"gold_gain":0,"player_choice":"Ignored","damage_taken":0,"max_hp_gain":0,"max_hp_loss":0,"event_name":"Shining Light","floor":2,"gold_loss":0},{"damage_healed":0,"gold_gain":0,"player_choice":"Success","damage_taken":3,"relics_obtained":["Damaru"],"max_hp_gain":0,"max_hp_loss":0,"event_name":"Scrap Ooze","floor":5,"gold_loss":0}],"is_beta":false,"boss_relics":[],"items_purged_floors":[],"is_endless":false,"potions_floor_spawned":[1,3,4,6,8,10,11,13,14],"killed_by":"The Guardian","ascension_level":4}}