{"host":"prxrhpgaxnj4om9r","time":1613809101,"event":{"mods":["AchievementEnabler","BaseMod","Colored Map","DeckTracker","Minty Spire (QoL Compilation)"],"gold_per_floor":[117,292,292,242,2,2,35,50,122,13,13,45,62,102,102,204,204,214,57,156,175,175,175,205,205,228,296,326,326,376,446,446,446,446],"floor_reached":33,"language":"KOR","playtime":1242,"items_purged":[],"score":316,"play_id":"599ef2c6-91f6-49ab-b6e5-53cc235fbaae","local_time":"20210220171821","is_ascension_mode":false,"campfire_choices":[{"data":"Eruption","floor":6,"key":"SMITH"},{"floor":15,"key":"REST"},{"floor":23,"key":"REST"},{"floor":25,"key":"REST"},{"floor":29,"key":"REST"},{"floor":32,"key":"REST"}],"circlet_count":0,"master_deck":["Strike_P","Strike_P","Strike_P","Strike_P","Defend_P+1","Defend_P","Defend_P","Defend_P","Eruption+1","Vigilance+1","Consecrate+1","Vault","Wallop+1","Adaptation","Sanctity+1","Ragnarok+1","FlyingSleeves","Indignation","SignatureMove","LessonLearned","CurseOfTheBell","Prostrate+1","MentalFortress","Panache","Perseverance","CrushJoints","Consecrate+1","ClearTheMind+1","FlurryOfBlows+1"],"relics":["PureWater","NeowsBlessing","Membership Card","TungstenRod","TeardropLocket","OrangePellets","Oddly Smooth Stone","Dead Branch","Calling Bell","Strawberry","Shuriken","Peace Pipe","SsserpentHead","Centennial Puzzle","Lantern"],"acts_visited":["Exordium","TheCity"],"potions_floor_usage":[12,14,16,24,33],"damage_taken":[{"damage":0,"enemies":"Jaw Worm","floor":1,"turns":1},{"damage":0,"enemies":"Lagavulin","floor":7,"turns":1},{"damage":0,"enemies":"2 Louse","floor":8,"turns":1},{"damage":11,"enemies":"3 Sentries","floor":12,"turns":3},{"damage":0,"enemies":"Small Slimes","floor":13,"turns":3},{"damage":0,"enemies":"Exordium Wildlife","floor":14,"turns":2},{"damage":51,"enemies":"The Guardian","floor":16,"turns":10},{"damage":40,"enemies":"2 Thieves","floor":18,"turns":4},{"damage":5,"enemies":"Shell Parasite","floor":21,"turns":4},{"damage":54,"enemies":"Book of Stabbing","floor":24,"turns":8},{"damage":0,"enemies":"Cultist and Chosen","floor":27,"turns":5},{"damage":42,"enemies":"Slavers","floor":28,"turns":6},{"damage":5,"enemies":"Centurion and Healer","floor":31,"turns":2},{"damage":101,"enemies":"Automaton","floor":33,"turns":6}],"seed_played":"8777526358543277229","potions_obtained":[{"floor":8,"key":"GamblersBrew"},{"floor":12,"key":"Regen Potion"},{"floor":13,"key":"ColorlessPotion"},{"floor":24,"key":"Fruit Juice"},{"floor":28,"key":"DistilledChaos"}],"is_trial":false,"path_per_floor":["M","?","?","?","$","R","E","M","T","$","?","E","M","M","R","B",null,"M","$","?","M","?","R","E","R","T","M","E","R","?","M","R","B"],"character_chosen":"WATCHER","items_purchased":["Membership Card","Vault","Wallop","Ragnarok","OrangePellets","MentalFortress","FairyPotion","Panache"],"campfire_rested":5,"item_purchase_floors":[5,5,5,10,10,19,19,19],"current_hp_per_floor":[72,72,58,58,58,58,58,58,58,58,44,33,33,33,54,17,79,39,39,39,34,34,57,8,33,33,33,25,50,50,45,70,0,0],"gold":446,"neow_bonus":"THREE_ENEMY_KILL","is_daily":false,"chose_seed":false,"campfire_upgraded":1,"win_rate":0.0,"timestamp":1613809101,"path_taken":["M","?","?","?","$","R","E","M","T","?","?","E","M","M","R","BOSS","M","$","?","M","?","R","E","R","T","?","E","R","?","?","R","BOSS"],"items_purchased_type":["Relic","Card","Card","Card","Relic","Card","Potion","Card"],"build_version":"2020-12-22","purchased_purges":0,"victory":false,"max_hp_per_floor":[72,72,72,72,72,72,72,72,72,72,72,72,72,72,72,72,79,79,79,79,79,79,79,84,84,84,84,84,84,84,84,84,84,84],"card_choices":[{"not_picked":["SashWhip","Sanctity"],"picked":"Consecrate","floor":1},{"not_picked":["Sanctity","Prostrate"],"picked":"Adaptation","floor":7},{"not_picked":["Crescendo","Protect"],"picked":"Sanctity","floor":8},{"not_picked":["FearNoEvil","Sanctity"],"picked":"FlyingSleeves","floor":12},{"not_picked":["Study","SashWhip"],"picked":"Indignation","floor":13},{"not_picked":["Consecrate","SashWhip"],"picked":"SignatureMove","floor":14},{"not_picked":["ConjureBlade","Alpha"],"picked":"LessonLearned","floor":16},{"not_picked":["ThirdEye","FollowUp"],"picked":"Prostrate+1","floor":18},{"not_picked":["WreathOfFlame","Conclude+1"],"picked":"Perseverance","floor":21},{"not_picked":["Protect","FlyingSleeves+1"],"picked":"CrushJoints","floor":24},{"not_picked":["WheelKick","FlyingSleeves"],"picked":"Consecrate+1","floor":27},{"not_picked":["CrushJoints","FollowUp"],"picked":"ClearTheMind","floor":28},{"not_picked":["Fasting2+1","WindmillStrike"],"picked":"FlurryOfBlows+1","floor":31}],"player_experience":551295,"relics_obtained":[{"floor":7,"key":"TungstenRod"},{"floor":9,"key":"TeardropLocket"},{"floor":12,"key":"Dead Branch"},{"floor":17,"key":"Strawberry"},{"floor":17,"key":"Shuriken"},{"floor":17,"key":"Peace Pipe"},{"floor":24,"key":"Centennial Puzzle"},{"floor":28,"key":"Lantern"}],"event_choices":[{"damage_healed":0,"gold_gain":175,"player_choice":"AGREE","damage_taken":0,"max_hp_gain":0,"max_hp_loss":0,"event_name":"Liars Game","floor":2,"gold_loss":0,"cards_obtained":["Doubt"]},{"damage_healed":0,"gold_gain":0,"player_choice":"Entered Light","damage_taken":14,"max_hp_gain":0,"max_hp_loss":0,"event_name":"Shining Light","floor":3,"gold_loss":0,"cards_upgraded":["Vigilance","Consecrate"]},{"cards_removed":["Doubt"],"damage_healed":0,"gold_gain":0,"player_choice":"Card Removal","damage_taken":0,"max_hp_gain":0,"max_hp_loss":0,"event_name":"The Cleric","floor":4,"gold_loss":50},{"damage_healed":0,"gold_gain":0,"player_choice":"Success","damage_taken":18,"relics_obtained":["Oddly Smooth Stone"],"max_hp_gain":0,"max_hp_loss":0,"event_name":"Scrap Ooze","floor":11,"gold_loss":0},{"damage_healed":0,"gold_gain":99,"player_choice":"Stole From Cult","damage_taken":0,"max_hp_gain":0,"max_hp_loss":0,"event_name":"Nest","floor":20,"gold_loss":0},{"damage_healed":0,"gold_gain":0,"player_choice":"Trade","damage_taken":0,"relics_obtained":["SsserpentHead"],"max_hp_gain":0,"max_hp_loss":0,"event_name":"FaceTrader","floor":22,"gold_loss":0},{"damage_healed":0,"gold_gain":0,"player_choice":"Upgraded","damage_taken":0,"max_hp_gain":0,"max_hp_loss":0,"event_name":"Upgrade Shrine","floor":30,"gold_loss":0,"cards_upgraded":["ClearTheMind"]}],"is_beta":false,"boss_relics":[{"not_picked":["Sozu","HolyWater"],"picked":"Calling Bell"}],"items_purged_floors":[],"is_endless":false,"potions_floor_spawned":[8,12,13,24,28],"killed_by":"Automaton","ascension_level":0}}