{"host":"as7albp2mcgkylj3","time":1613830250,"event":{"mods":["2.2 Compatiblity","AchievementEnabler","BaseMod","Colored Map","DeckTracker","Downfall","Googly Eyes","Highlight Path","Minty Spire (QoL Compilation)","Replay The Spire","StSLib","SuperFastMode"],"gold_per_floor":[99,99,24,24,54,4,4,4,104,120,139,150,100,27,44,146,146,153,165,0,0,71,84,84,7,26,57,76,176,126,126,139,236,236,186,206,223,234,234,147,198,148,148,167,192,202,271,306,256,256],"floor_reached":51,"language":"ITA","playtime":4125,"items_purged":[],"score":952,"play_id":"67163382-b38f-428d-b80d-63032ecb7cbf","local_time":"20210220151050","is_ascension_mode":true,"campfire_choices":[{"data":"Slimebound:Split","floor":1.0,"key":"SMITH"},{"data":"Slimebound:SplitBruiser","floor":6.0,"key":"SMITH"},{"data":"Slimebound:Equalize","floor":13,"key":"SMITH"},{"data":"Slimebound:FirmFortitude","floor":30,"key":"SMITH"},{"data":"Slimebound:MinionMaster","floor":35,"key":"SMITH"},{"floor":42,"key":"RECALL"},{"data":"Replay:SS_forest_2","floor":49,"key":"SMITH"}],"circlet_count":0,"master_deck":["Slimebound:Strike_Slimebound","Slimebound:Strike_Slimebound+1","Slimebound:Strike_Slimebound","Slimebound:Tackle","Slimebound:Defend_Slimebound","Slimebound:Defend_Slimebound","Slimebound:Defend_Slimebound","Slimebound:Defend_Slimebound","Slimebound:Split+1","Slimebound:CorrosiveSpit","Slimebound:Repurpose","Slimebound:SplitBruiser+1","Slimebound:DisruptingSlam","Slimebound:SplitMire","Slimebound:ServeAndProtect","Slimebound:Equalize+1","Slimebound:SplitAcid","Slimebound:MegaLick","Slimebound:MegaLick","Slimebound:FirmFortitude+1","Slimebound:PressTheAttack+1","Slimebound:SplitLeeching","Slimebound:SplitLeeching+1","Slimebound:SlimeTap+1","Slimebound:SamplingLick+1","Slimebound:Gluttony","Slimebound:PressTheAttack+1","Slimebound:GoopSpray","Slimebound:Gluttony","Slimebound:MinionMaster+1","Slimebound:SlimeTap+1","Slimebound:Teamwork","expansioncontent:AwakenDeath","Replay:SS_forest_2+1","Slimebound:SplitAcid+1"],"relics":["Slimebound:AbsorbEndCombatUpgraded","downfall:HeartsMalice","Slimebound:GreedOozeRelic","Blood Vial","Pocketwatch","downfall:GremlinWheel","Whetstone","Centennial Puzzle","The Courier","Singing Bowl","SlaversCollar","Mercury Hourglass","Durian","Quantum Egg","Garlic","Darkstone Periapt"],"acts_visited":["Exordium","TheCity","TheBeyond"],"potions_floor_usage":[22,33,33],"damage_taken":[{"damage":0.0,"enemies":"Small Slimes","floor":2.0,"turns":1.0},{"damage":0.0,"enemies":"2 Louse","floor":4.0,"turns":1.0},{"damage":0.0,"enemies":"Cultist","floor":8.0,"turns":1.0},{"damage":32,"enemies":"Cultist","floor":9,"turns":4},{"damage":12,"enemies":"Gremlin Gang","floor":10,"turns":3},{"damage":16,"enemies":"3 Louse","floor":11,"turns":3},{"damage":7,"enemies":"Large Slime","floor":12,"turns":5},{"damage":0,"enemies":"downfall:FleeingMerchant","floor":14,"turns":4},{"damage":8,"enemies":"Lots of Slimes","floor":15,"turns":2},{"damage":0,"enemies":"WA_ARCHETYPE_RETAIN","floor":16,"turns":6},{"damage":4,"enemies":"Chosen","floor":19,"turns":5},{"damage":3,"enemies":"downfall:FleeingMerchant","floor":20,"turns":4},{"damage":4,"enemies":"3 Byrds","floor":23,"turns":3},{"damage":9,"enemies":"downfall:FleeingMerchant","floor":25,"turns":4},{"damage":12,"enemies":"Sentry and Sphere","floor":26,"turns":5},{"damage":25,"enemies":"Gremlin Leader","floor":27,"turns":5},{"damage":1,"enemies":"Shelled Parasite and Fungi","floor":28,"turns":4},{"damage":2,"enemies":"Snecko","floor":32,"turns":4},{"damage":41,"enemies":"SI_MIRROR_ARCHETYPE","floor":33,"turns":11},{"damage":16,"enemies":"Orb Walker","floor":36,"turns":3},{"damage":26,"enemies":"3 Shapes","floor":37,"turns":3},{"damage":0,"enemies":"Maw","floor":38,"turns":6},{"damage":0,"enemies":"downfall:FleeingMerchant","floor":40,"turns":2},{"damage":25,"enemies":"4 Shapes","floor":44,"turns":3},{"damage":0,"enemies":"Nemesis","floor":45,"turns":5},{"damage":33,"enemies":"Transient","floor":46,"turns":5},{"damage":0,"enemies":"Giant Head","floor":48,"turns":6},{"damage":71,"enemies":"IC_BLOCK_ARCHETYPE","floor":50,"turns":8}],"seed_played":"1247495921364537830","potions_obtained":[{"floor":9,"key":"BlessingOfTheForge"},{"floor":11,"key":"Toxic Potion"},{"floor":12,"key":"Energy Potion"},{"floor":15,"key":"Death Potion"},{"floor":22,"key":"Fruit Juice"},{"floor":22,"key":"Toxic Potion"},{"floor":23,"key":"champ:CounterPotion"},{"floor":33,"key":"SpeedPotion"},{"floor":44,"key":"Adrenaline Potion"},{"floor":45,"key":"Fire Potion"}],"is_trial":false,"path_per_floor":["R_BF","M","?","M","?","R","T","M","?","M","M","M","R","$","M","B",null,"R_BF","M","$","?","?","M","T","$","M","E","M","?","R","?","M","B",null,"R","M","M","M","?","$","T","R","?","M","E","M","?","E","R","B",null],"character_chosen":"SLIMEBOUND","items_purchased":["Slimebound:MegaLick","Whetstone","Slimebound:Gluttony","Mercury Hourglass","Durian"],"campfire_rested":0,"item_purchase_floors":[14,20,25,40,40],"current_hp_per_floor":[65,65,65,65,65,65,65,65,35,29,19,18,65,65,57,65,65,65,61,65,65,54,61,61,63,61,50,72,72,72,72,72,46,74,74,60,56,78,78,83,83,83,75,73,87,71,71,87,87,38],"gold":256,"neow_bonus":"THREE_ENEMY_KILL","is_daily":false,"chose_seed":false,"campfire_upgraded":6,"win_rate":0.0,"timestamp":1613830250,"path_taken":["R_BF","M","?","M","?","R","T","M","?","M","?","?","R","$","M","BOSS","R_BF","M","$","?","?","?","T","$","?","E","M","?","R","?","M","BOSS","R","M","M","M","?","$","T","R","?","M","E","M","?","E","R","BOSS"],"items_purchased_type":["Card","Relic","Card","Relic","Relic"],"build_version":"2020-12-22","purchased_purges":0,"victory":true,"max_hp_per_floor":[65,65,65,65,65,65,65,65,65,65,65,65,65,65,65,65,65,65,65,65,65,70,70,70,70,70,72,72,72,72,72,74,74,74,74,76,78,78,78,83,83,83,85,85,87,89,89,91,91,91],"card_choices":[{"not_picked":["Slimebound:LeechEnergy","Slimebound:SplitLeeching"],"picked":"Slimebound:Repurpose","floor":2.0},{"not_picked":["Slimebound:ForwardTackle","Slimebound:HauntingLick"],"picked":"Slimebound:SplitBruiser","floor":4.0},{"not_picked":["Slimebound:ViciousTackle","Slimebound:ForwardTackle"],"picked":"Slimebound:DisruptingSlam","floor":8},{"not_picked":["Slimebound:FinishingTackle","Slimebound:LeechEnergy"],"picked":"Slimebound:SplitMire","floor":10},{"not_picked":["Slimebound:LivingWall","Slimebound:TongueLash"],"picked":"Slimebound:ServeAndProtect","floor":11},{"not_picked":["Slimebound:DisruptingSlam","Slimebound:ServeAndProtect"],"picked":"Slimebound:Equalize","floor":12},{"not_picked":["Slimebound:Replication","Slimebound:ItLooksTasty"],"picked":"Slimebound:SplitAcid","floor":14},{"not_picked":["Slimebound:ComboTackle","Slimebound:DisruptingSlam","Slimebound:RollThrough"],"picked":"SKIP","floor":15},{"not_picked":["Slimebound:OozeBath","Slimebound:DuplicatedForm"],"picked":"Slimebound:FirmFortitude","floor":16},{"not_picked":["Slimebound:LivingWall","Slimebound:SlimeSpikes"],"picked":"Slimebound:PressTheAttack","floor":19},{"not_picked":["Slimebound:Dissolve","Slimebound:LeechingTouch+1"],"picked":"Slimebound:SplitLeeching","floor":20},{"not_picked":["Slimebound:GoopSpray","Slimebound:Prepare+1"],"picked":"Slimebound:SplitLeeching+1","floor":22},{"not_picked":["Slimebound:SamplingLick","Slimebound:SlimeSpikes"],"picked":"Slimebound:SlimeTap+1","floor":23},{"not_picked":["Slimebound:ComboTackle+1","Slimebound:SplitAcid"],"picked":"Slimebound:SamplingLick+1","floor":25},{"not_picked":["Slimebound:DisruptingSlam","Slimebound:CheckThePlaybook"],"picked":"Slimebound:PressTheAttack+1","floor":26},{"not_picked":["Slimebound:OneTwoCombo","Slimebound:HauntingLick","Slimebound:Chomp"],"picked":"Singing Bowl","floor":27},{"not_picked":["Slimebound:Prepare","Slimebound:SplitBruiser"],"picked":"Slimebound:GoopSpray","floor":28},{"not_picked":["Slimebound:SlimeBrawl","Slimebound:RainOfGoop","Slimebound:SplitBruiser"],"picked":"Singing Bowl","floor":32},{"not_picked":["Slimebound:RallyTheTroops","Slimebound:SlimeSlap"],"picked":"Slimebound:MinionMaster","floor":33},{"not_picked":["Slimebound:LivingWall","Slimebound:TongueLash","Slimebound:LeadByExample"],"picked":"Singing Bowl","floor":36},{"not_picked":["Slimebound:LeechingTouch+1","Slimebound:SplitMire","Slimebound:ItLooksTasty"],"picked":"Singing Bowl","floor":37},{"not_picked":["Slimebound:ViciousTackle","Slimebound:Equalize"],"picked":"Slimebound:SlimeTap+1","floor":38},{"not_picked":["Slimebound:SplitMire+1","Slimebound:ServeAndProtect"],"picked":"Slimebound:Teamwork","floor":40},{"not_picked":["expansioncontent:PolyBeam","expansioncontent:InvincibleStrength"],"picked":"expansioncontent:AwakenDeath","floor":43},{"not_picked":["expansioncontent:Chronoboost","expansioncontent:AwakenDeath","Replay:SS_hec_1"],"picked":"Singing Bowl","floor":43},{"not_picked":["expansioncontent:Chronoboost","expansioncontent:YouAreMine"],"picked":"Replay:SS_forest_2","floor":43},{"not_picked":["Slimebound:SplitLeeching","Slimebound:HauntingLick"],"picked":"Slimebound:SplitAcid+1","floor":44},{"not_picked":["Slimebound:SlimeSlap","Slimebound:SlimeBarrage","Slimebound:SamplingLick"],"picked":"Singing Bowl","floor":45},{"not_picked":["Slimebound:SplitSpecialist","Slimebound:SplitBruiser+1","Slimebound:LeechingTouch"],"picked":"Singing Bowl","floor":46},{"not_picked":["Slimebound:LeechEnergy","Slimebound:LivingWall","Slimebound:ItLooksTasty"],"picked":"Singing Bowl","floor":48}],"player_experience":500599,"relics_obtained":[{"floor":7.0,"key":"Pocketwatch"},{"floor":9,"key":"downfall:GremlinWheel"},{"floor":22,"key":"Centennial Puzzle"},{"floor":24,"key":"The Courier"},{"floor":27,"key":"Singing Bowl"},{"floor":45,"key":"Quantum Egg"},{"floor":47,"key":"Garlic"},{"floor":48,"key":"Darkstone Periapt"}],"event_choices":[{"damage_healed":47,"gold_gain":0,"player_choice":"Full Heal","damage_taken":0,"max_hp_gain":0,"max_hp_loss":0,"event_name":"Wheel of Change","floor":13,"gold_loss":0},{"damage_healed":0,"gold_gain":0,"player_choice":"Read","damage_taken":0,"max_hp_gain":0,"max_hp_loss":0,"event_name":"The Library","floor":31,"gold_loss":0,"cards_obtained":["Slimebound:Gluttony"]}],"is_beta":false,"boss_relics":[{"not_picked":["Replay:Ancient Bell","Cursed Key"],"picked":"Slimebound:AbsorbEndCombatUpgraded"},{"not_picked":["Honey Jar","Replay:Wanted Poster"],"picked":"SlaversCollar"}],"items_purged_floors":[],"is_endless":false,"potions_floor_spawned":[9,11,12,15,23,27,28,33,44,45,46,48],"ascension_level":3}}