{"host":"suw5tyb7z6zbnnfs","time":1613805294,"event":{"mods":["AchievementEnabler","BaseMod","Colored Map","Minty Spire (QoL Compilation)"],"gold_per_floor":[114,134,134,146,160,160,190,190,213,223,245,245,133,198,198,300,300,240,49,49,49,49,49,49,49,49,49,49,49,49,49,49,49,49,49,49,49,49,49,49,49,49,49,49,10,10,10,10,10,10],"floor_reached":51,"language":"ENG","playtime":4153,"items_purged":["Strike_G"],"score":1169,"play_id":"66adc356-8b8c-4ae7-a349-be3c6460c4dc","local_time":"20210220021454","is_ascension_mode":true,"campfire_choices":[{"data":"Neutralize","floor":6,"key":"SMITH"},{"floor":8,"key":"REST"},{"data":"Catalyst","floor":15,"key":"SMITH"},{"data":"Noxious Fumes","floor":25,"key":"SMITH"},{"floor":27,"key":"REST"},{"floor":32,"key":"REST"},{"floor":40,"key":"REST"},{"data":"Acrobatics","floor":44,"key":"SMITH"},{"floor":49,"key":"REST"}],"circlet_count":0,"master_deck":["AscendersBane","Strike_G","Strike_G","Strike_G","Defend_G","Defend_G","Defend_G","Defend_G","Defend_G","Survivor","Neutralize+1","Deadly Poison+1","After Image+1","Swift Strike","Dagger Throw","Catalyst+1","Die Die Die","Noxious Fumes","Catalyst+1","Acrobatics+1","Noxious Fumes+1","Backflip","Backflip+1","Sucker Punch+1","Footwork+1","Cloak And Dagger+1","PiercingWail+1","After Image","Deadly Poison","Sadistic Nature","Deadly Poison+1","Well Laid Plans","Parasite","A Thousand Cuts"],"relics":["Ring of the Snake","Strawberry","Toy Ornithopter","Odd Mushroom","Oddly Smooth Stone","Ectoplasm","Lee\u0027s Waffle","Art of War","CeramicFish","Matryoshka","SlaversCollar","Girya","Bottled Lightning","Incense Burner","Blood Vial","Meat on the Bone","StrikeDummy"],"acts_visited":["TheCity","TheBeyond"],"potions_floor_usage":[11,11,14,33,36,36,36,48,48,48,50],"damage_taken":[{"damage":3,"enemies":"Cultist","floor":1,"turns":6},{"damage":8,"enemies":"Small Slimes","floor":2,"turns":6},{"damage":2,"enemies":"2 Louse","floor":4,"turns":4},{"damage":6,"enemies":"Looter","floor":5,"turns":3},{"damage":32,"enemies":"3 Sentries","floor":7,"turns":13},{"damage":5,"enemies":"2 Fungi Beasts","floor":10,"turns":3},{"damage":5,"enemies":"The Mushroom Lair","floor":11,"turns":3},{"damage":3,"enemies":"Lagavulin Event","floor":14,"turns":4},{"damage":32,"enemies":"The Guardian","floor":16,"turns":8},{"damage":15,"enemies":"2 Thieves","floor":18,"turns":4},{"damage":8,"enemies":"Chosen","floor":20,"turns":5},{"damage":0,"enemies":"Snake Plant","floor":22,"turns":2},{"damage":37,"enemies":"Slavers","floor":23,"turns":7},{"damage":4,"enemies":"Shelled Parasite and Fungi","floor":24,"turns":4},{"damage":13,"enemies":"Cultist and Chosen","floor":28,"turns":7},{"damage":5,"enemies":"Centurion and Healer","floor":29,"turns":6},{"damage":0,"enemies":"Snecko","floor":30,"turns":6},{"damage":24,"enemies":"Gremlin Leader","floor":31,"turns":5},{"damage":7,"enemies":"Automaton","floor":33,"turns":11},{"damage":0,"enemies":"Orb Walker","floor":35,"turns":5},{"damage":6,"enemies":"2 Orb Walkers","floor":36,"turns":8},{"damage":24,"enemies":"3 Darklings","floor":37,"turns":7},{"damage":40,"enemies":"Sphere and 2 Shapes","floor":38,"turns":5},{"damage":7,"enemies":"Giant Head","floor":41,"turns":7},{"damage":11,"enemies":"Mind Bloom Boss Battle","floor":42,"turns":5},{"damage":0,"enemies":"Writhing Mass","floor":46,"turns":6},{"damage":8,"enemies":"Nemesis","floor":48,"turns":5},{"damage":24,"enemies":"Donu and Deca","floor":50,"turns":9}],"seed_played":"7885412854414512611","potions_obtained":[{"floor":7,"key":"Energy Potion"},{"floor":10,"key":"DistilledChaos"},{"floor":11,"key":"Poison Potion"},{"floor":22,"key":"Energy Potion"},{"floor":24,"key":"EntropicBrew"},{"floor":31,"key":"DuplicationPotion"},{"floor":35,"key":"AttackPotion"},{"floor":41,"key":"EntropicBrew"},{"floor":42,"key":"AttackPotion"}],"is_trial":false,"path_per_floor":["M","M","?","M","M","R","E","R","T","M","?","?","$","?","R","B",null,"M","$","M","?","M","E","M","R","T","R","M","M","M","E","R","B",null,"M","?","M","M","?","R","E","?","T","R","$","M","?","E","R","B",null],"character_chosen":"THE_SILENT","items_purchased":["Noxious Fumes","Noxious Fumes","Lee\u0027s Waffle","Well Laid Plans"],"campfire_rested":5,"item_purchase_floors":[13,19,19,45],"current_hp_per_floor":[67,59,59,57,51,51,26,51,51,46,51,34,34,36,36,4,64,49,91,83,83,83,46,42,42,42,69,56,51,51,27,54,52,81,81,90,66,26,26,53,46,35,35,35,35,49,49,58,85,67],"gold":10,"neow_bonus":"TEN_PERCENT_HP_BONUS","is_daily":false,"chose_seed":false,"campfire_upgraded":4,"win_rate":0.0,"timestamp":1613805294,"path_taken":["M","?","?","M","M","R","E","R","T","?","?","?","$","?","R","BOSS","M","$","M","?","?","E","?","R","T","R","M","M","M","E","R","BOSS","M","?","M","M","?","R","E","?","T","R","?","?","?","E","R","BOSS"],"items_purchased_type":["Card","Card","Relic","Card"],"build_version":"2020-12-22","purchased_purges":1,"victory":true,"max_hp_per_floor":[77,77,77,77,77,77,84,84,84,84,84,84,84,84,84,84,84,84,91,91,91,91,91,91,91,91,91,91,91,91,91,91,91,91,91,91,91,91,91,91,91,91,91,91,91,91,91,91,91,91],"card_choices":[{"not_picked":["Poisoned Stab","Deflect","Outmaneuver"],"picked":"SKIP","floor":1},{"not_picked":["Bane","Acrobatics"],"picked":"Deadly Poison","floor":2},{"not_picked":["Slice","Underhanded Strike"],"picked":"Dagger Throw","floor":4},{"not_picked":["Prepared","Quick Slash"],"picked":"Catalyst","floor":5},{"not_picked":["Sucker Punch","Dagger Spray"],"picked":"Die Die Die","floor":7},{"not_picked":["Prepared","Flechettes","Setup"],"picked":"SKIP","floor":10},{"not_picked":["Predator","Calculated Gamble"],"picked":"Catalyst","floor":14},{"not_picked":["Dagger Spray+1","Outmaneuver"],"picked":"Acrobatics","floor":18},{"not_picked":["Prepared+1","Poisoned Stab"],"picked":"Backflip","floor":20},{"not_picked":["Prepared","Blade Dance","Predator"],"picked":"SKIP","floor":22},{"not_picked":["Heel Hook+1","Bane"],"picked":"Backflip+1","floor":23},{"not_picked":["Catalyst","Blade Dance+1"],"picked":"Sucker Punch+1","floor":24},{"not_picked":["Riddle With Holes","Eviscerate","Flying Knee"],"picked":"SKIP","floor":28},{"not_picked":["Infinite Blades","Underhanded Strike"],"picked":"Footwork+1","floor":29},{"not_picked":["Outmaneuver","Blade Dance"],"picked":"Cloak And Dagger+1","floor":30},{"not_picked":["Doppelganger","Acrobatics"],"picked":"PiercingWail+1","floor":31},{"not_picked":["Night Terror","Grand Finale"],"picked":"After Image","floor":33},{"not_picked":["Bane+1","Dagger Throw+1","Flying Knee+1"],"picked":"SKIP","floor":35},{"not_picked":["Slice+1","Terror"],"picked":"Deadly Poison","floor":36},{"not_picked":["Dash+1","Eviscerate","Acrobatics+1"],"picked":"SKIP","floor":37},{"not_picked":["Deadly Poison","Tactician","Blade Dance"],"picked":"SKIP","floor":38},{"not_picked":["Mayhem","Panacea"],"picked":"Sadistic Nature","floor":39},{"not_picked":["Backflip+1","Terror"],"picked":"Deadly Poison+1","floor":41},{"not_picked":["Dagger Throw","Sucker Punch","Catalyst"],"picked":"SKIP","floor":46},{"not_picked":["Outmaneuver","Phantasmal Killer","PiercingWail"],"picked":"SKIP","floor":48}],"player_experience":966155,"relics_obtained":[{"floor":7,"key":"Strawberry"},{"floor":9,"key":"Toy Ornithopter"},{"floor":11,"key":"Odd Mushroom"},{"floor":14,"key":"Oddly Smooth Stone"},{"floor":23,"key":"Art of War"},{"floor":26,"key":"CeramicFish"},{"floor":31,"key":"Matryoshka"},{"floor":36,"key":"Girya"},{"floor":41,"key":"Bottled Lightning"},{"floor":42,"key":"Incense Burner"},{"floor":43,"key":"Blood Vial"},{"floor":43,"key":"Meat on the Bone"},{"floor":48,"key":"StrikeDummy"}],"event_choices":[{"damage_healed":0,"gold_gain":0,"player_choice":"2 cards matched","damage_taken":0,"max_hp_gain":0,"max_hp_loss":0,"event_name":"Match and Keep!","floor":3,"gold_loss":0,"cards_obtained":["After Image","Swift Strike"]},{"damage_healed":0,"gold_gain":0,"player_choice":"Fought Mushrooms","damage_taken":0,"max_hp_gain":0,"max_hp_loss":0,"event_name":"Mushrooms","floor":11,"gold_loss":0},{"damage_healed":0,"gold_gain":0,"player_choice":"Entered Light","damage_taken":17,"max_hp_gain":0,"max_hp_loss":0,"event_name":"Shining Light","floor":12,"gold_loss":0,"cards_upgraded":["Deadly Poison","After Image"]},{"damage_healed":0,"gold_gain":0,"player_choice":"Searched \u00272\u0027 times","damage_taken":0,"max_hp_gain":0,"max_hp_loss":0,"event_name":"Dead Adventurer","floor":14,"gold_loss":0},{"damage_healed":0,"gold_gain":0,"player_choice":"Upgraded","damage_taken":0,"max_hp_gain":0,"max_hp_loss":0,"event_name":"Upgrade Shrine","floor":21,"gold_loss":0,"cards_upgraded":["Catalyst"]},{"damage_healed":0,"gold_gain":0,"player_choice":"Fight","damage_taken":0,"max_hp_gain":0,"max_hp_loss":0,"event_name":"Mysterious Sphere","floor":36,"gold_loss":0},{"damage_healed":0,"gold_gain":0,"player_choice":"Memory 1","damage_taken":0,"max_hp_gain":0,"max_hp_loss":0,"event_name":"SensoryStone","floor":39,"gold_loss":0},{"damage_healed":0,"gold_gain":0,"player_choice":"Fight","damage_taken":0,"max_hp_gain":0,"max_hp_loss":0,"event_name":"MindBloom","floor":42,"gold_loss":0},{"damage_healed":0,"gold_gain":0,"cards_transformed":["Strike_G"],"player_choice":"Transformed","damage_taken":0,"max_hp_gain":0,"max_hp_loss":0,"event_name":"Transmorgrifier","floor":47,"gold_loss":0,"cards_obtained":["A Thousand Cuts"]}],"is_beta":false,"boss_relics":[{"not_picked":["WristBlade","Ring of the Serpent"],"picked":"Ectoplasm"},{"not_picked":["Fusion Hammer","Cursed Key"],"picked":"SlaversCollar"}],"items_purged_floors":[13],"is_endless":false,"potions_floor_spawned":[7,10,11,22,24,29,31,35,41,42,46],"ascension_level":11}}