{"host":"72n3jwtrlpjobydj","time":1613800500,"event":{"mods":["AchievementEnabler","BaseMod","CapriCore","DeckTracker","Hermit","Koishi","KomeijiMod","Lobotomy","Marisa£¨Ùöéë¡¡Øª×âÞÞ£©","Minty Spire (QoL Compilation)","Permanent Neow","StSLib","SuperFastMode","The Cursed","The Hierophant","The Immortal"],"gold_per_floor":[110,124,124,143,68,93,93,111,111,111,123,151,151,51,51,51,51],"floor_reached":16,"language":"KOR","playtime":414,"items_purged":["Strike_P","Defend_P"],"score":105,"play_id":"eeeab563-dadc-492c-ba6d-bcb951a695b6","local_time":"20210220145500","is_ascension_mode":true,"campfire_choices":[{"floor":7,"key":"REST"},{"floor":10,"key":"RECALL"},{"floor":15,"key":"REST"}],"circlet_count":0,"master_deck":["Strike_P","Strike_P","Strike_P","Defend_P","Defend_P","Defend_P","Eruption","Vigilance","TalkToTheHand","MentalFortress"],"relics":["PureWater","NeowsBlessing","CultistMask","Eternal Feather","Molten Egg 2","Odd Mushroom","Ornamental Fan"],"acts_visited":["Exordium"],"potions_floor_usage":[6,12,16,16],"damage_taken":[{"damage":0,"enemies":"Jaw Worm","floor":1,"turns":1},{"damage":0,"enemies":"Cultist","floor":2,"turns":1},{"damage":0,"enemies":"Small Slimes","floor":4,"turns":1},{"damage":30,"enemies":"3 Sentries","floor":6,"turns":14},{"damage":0,"enemies":"2 Fungi Beasts","floor":8,"turns":3},{"damage":13,"enemies":"Looter","floor":11,"turns":3},{"damage":20,"enemies":"The Mushroom Lair","floor":12,"turns":5},{"damage":41,"enemies":"Hexaghost","floor":16,"turns":2}],"seed_played":"-4317488910377533747","potions_obtained":[{"floor":2,"key":"AttackPotion"},{"floor":4,"key":"StancePotion"},{"floor":6,"key":"Dexterity Potion"},{"floor":11,"key":"PowerPotion"}],"is_trial":false,"path_per_floor":["M","M","?","M","$","E","R","M","T","R","M","?","?","$","R","B"],"character_chosen":"WATCHER","items_purchased":[],"campfire_rested":2,"item_purchase_floors":[],"current_hp_per_floor":[72,72,72,72,72,42,69,69,69,72,59,39,14,14,41,0,0],"gold":51,"neow_bonus":"THREE_ENEMY_KILL","is_daily":false,"chose_seed":false,"campfire_upgraded":0,"win_rate":0.0,"timestamp":1613800500,"path_taken":["M","M","?","M","$","E","R","M","T","R","?","?","?","$","R","BOSS"],"items_purchased_type":[],"build_version":"2020-12-22","purchased_purges":2,"victory":false,"max_hp_per_floor":[72,72,72,72,72,72,72,72,72,72,72,72,72,72,72,72,72],"card_choices":[{"not_picked":["CrushJoints","Evaluate","BattleHymn"],"picked":"SKIP","floor":1},{"not_picked":["DeceiveReality","Meditate","FlurryOfBlows"],"picked":"SKIP","floor":2},{"not_picked":["ClearTheMind","Meditate","FlurryOfBlows"],"picked":"SKIP","floor":4},{"not_picked":["Establishment","Halt"],"picked":"TalkToTheHand","floor":6},{"not_picked":["Halt","BattleHymn"],"picked":"MentalFortress","floor":8},{"not_picked":["WaveOfTheHand","CutThroughFate+1","Evaluate"],"picked":"SKIP","floor":11}],"player_experience":100472,"relics_obtained":[{"floor":6,"key":"Eternal Feather"},{"floor":9,"key":"Molten Egg 2"},{"floor":12,"key":"Odd Mushroom"}],"event_choices":[{"damage_healed":0,"gold_gain":0,"player_choice":"Trade","damage_taken":0,"relics_obtained":["CultistMask"],"max_hp_gain":0,"max_hp_loss":0,"event_name":"FaceTrader","floor":3,"gold_loss":0},{"damage_healed":0,"gold_gain":0,"player_choice":"Fought Mushrooms","damage_taken":0,"max_hp_gain":0,"max_hp_loss":0,"event_name":"Mushrooms","floor":12,"gold_loss":0},{"damage_healed":0,"gold_gain":0,"player_choice":"Success","damage_taken":25,"relics_obtained":["Ornamental Fan"],"max_hp_gain":0,"max_hp_loss":0,"event_name":"Scrap Ooze","floor":13,"gold_loss":0}],"is_beta":false,"boss_relics":[],"items_purged_floors":[5,14],"is_endless":false,"potions_floor_spawned":[2,4,6,11],"killed_by":"Hexaghost","ascension_level":1}}