{"host":"z37g2hkgkh2zjyzk","time":1613784017,"event":{"mods":["2.2 Compatiblity","AchievementEnabler","BaseMod","Bestiary","Colored Map","Colored Powertips","Curses Come First","Keyboard Shortcuts","Minty Spire (QoL Compilation)","Relic Stats","StSLib","SuperFastMode"],"gold_per_floor":[112,212,223,2,16,16,51,70,70,70,70,70,102,113,113,215,215,230,249,249,32,32,32,67,67,367,394,394,394,427,445,445,545,545,556,606,624,25,25,25,51,51,51,85,95,107,124,124,124,124,124,124,19,51,51],"floor_reached":56,"language":"ENG","playtime":4947,"items_purged":["Strike_B","Strike_B"],"score":1448,"play_id":"4fbbcc81-00a7-4ddd-865e-ea6ccbbe07fa","local_time":"20210220022017","is_ascension_mode":true,"campfire_choices":[{"data":"Sunder","floor":6.0,"key":"SMITH"},{"data":"Cold Snap","floor":10.0,"key":"SMITH"},{"data":"Dualcast","floor":12.0,"key":"SMITH"},{"data":"Coolheaded","floor":15.0,"key":"SMITH"},{"data":"Fusion","floor":23.0,"key":"SMITH"},{"data":"Self Repair","floor":25.0,"key":"SMITH"},{"data":"Static Discharge","floor":29.0,"key":"SMITH"},{"data":"Electrodynamics","floor":32.0,"key":"SMITH"},{"floor":40,"key":"RECALL"},{"data":"Machine Learning","floor":42,"key":"SMITH"},{"data":"Hello World","floor":49,"key":"SMITH"},{"data":"Biased Cognition","floor":52,"key":"SMITH"}],"circlet_count":0,"master_deck":["Strike_B","Strike_B","Defend_B","Defend_B","Defend_B","Defend_B+1","Zap","Dualcast+1","Glacier+1","Cold Snap+1","Ball Lightning+1","Barrage+1","Coolheaded+1","Sweeping Beam+1","Electrodynamics+1","Rebound+1","Static Discharge+1","Self Repair+1","Fusion+1","Barrage+1","Thunder Strike+1","Compile Driver+1","Machine Learning+1","Coolheaded+1","Hologram","Hello World+1","Lockon+1","Parasite","Biased Cognition+1","Conserve Battery+1","Heatsinks","Tempest+1"],"relics":["Coffee Dripper","Vajra","Molten Egg 2","Lizard Tail","TungstenRod","Meat on the Bone","Inserter","Lee\u0027s Waffle","Ancient Tea Set","Mummified Hand","Old Coin","War Paint","Shuriken","Busted Crown","Mango","OrangePellets","Toxic Egg 2","Pear","Dead Branch","Ornamental Fan"],"acts_visited":["Exordium","TheCity","TheBeyond","TheEnding"],"potions_floor_usage":[41,44,44,55,55],"damage_taken":[{"damage":4.0,"enemies":"2 Louse","floor":1.0,"turns":2.0},{"damage":0.0,"enemies":"Cultist","floor":3.0,"turns":4.0},{"damage":0.0,"enemies":"Small Slimes","floor":5.0,"turns":4.0},{"damage":20.0,"enemies":"Gremlin Nob","floor":7.0,"turns":5.0},{"damage":1.0,"enemies":"Looter","floor":8.0,"turns":3.0},{"damage":2.0,"enemies":"3 Sentries","floor":13.0,"turns":4.0},{"damage":0.0,"enemies":"Blue Slaver","floor":14.0,"turns":1.0},{"damage":0.0,"enemies":"Slime Boss","floor":16.0,"turns":5.0},{"damage":0.0,"enemies":"Spheric Guardian","floor":18.0,"turns":3.0},{"damage":8.0,"enemies":"Chosen","floor":19.0,"turns":2.0},{"damage":0.0,"enemies":"Gremlin Leader","floor":24.0,"turns":5.0},{"damage":6.0,"enemies":"Book of Stabbing","floor":27.0,"turns":4.0},{"damage":21.0,"enemies":"Gremlin Leader","floor":30.0,"turns":6.0},{"damage":9.0,"enemies":"Sentry and Sphere","floor":31.0,"turns":4.0},{"damage":13.0,"enemies":"Automaton","floor":33.0,"turns":6.0},{"damage":3,"enemies":"Orb Walker","floor":35,"turns":2},{"damage":0,"enemies":"Mind Bloom Boss Battle","floor":36,"turns":4},{"damage":11,"enemies":"3 Shapes","floor":37,"turns":3},{"damage":11,"enemies":"Reptomancer","floor":41,"turns":4},{"damage":25,"enemies":"Nemesis","floor":44,"turns":5},{"damage":22,"enemies":"Writhing Mass","floor":45,"turns":5},{"damage":38,"enemies":"Sphere and 2 Shapes","floor":46,"turns":3},{"damage":3,"enemies":"4 Shapes","floor":47,"turns":4},{"damage":33,"enemies":"Donu and Deca","floor":50,"turns":8},{"damage":54,"enemies":"Shield and Spear","floor":54,"turns":4},{"damage":2,"enemies":"The Heart","floor":55,"turns":8}],"seed_played":"7157729260148296418","potions_obtained":[{"floor":1.0,"key":"LiquidBronze"},{"floor":8.0,"key":"Fire Potion"},{"floor":14.0,"key":"SpeedPotion"},{"floor":18.0,"key":"PowerPotion"},{"floor":19.0,"key":"Swift Potion"},{"floor":27.0,"key":"DuplicationPotion"},{"floor":41,"key":"LiquidBronze"},{"floor":44,"key":"Fruit Juice"},{"floor":54,"key":"Dexterity Potion"}],"is_trial":false,"path_per_floor":["M","?","M","$","M","R","E","M","T","R","?","R","E","M","R","B",null,"M","M","?","$","?","R","E","R","T","E","?","R","E","M","R","B",null,"M","?","M","$","?","R","E","R","T","E","M","M","M","?","R","B",null,"R","$","E","B",null],"character_chosen":"DEFECT","items_purchased":["Vajra","Fusion","Lee\u0027s Waffle","OrangePellets","Swift Potion","Toxic Egg 2","Hello World","Heatsinks","Tempest+1"],"campfire_rested":0,"item_purchase_floors":[4,21,21,38,38,38,38,53,53],"current_hp_per_floor":[71,71,71,71,71,71,51,50,50,50,47,47,45,45,45,45,75,75,67,67,82,82,82,82,82,82,82,82,82,71,72,72,69,82,82,96,85,85,85,85,94,94,94,84,72,56,75,75,75,64,111,111,111,67,65],"gold":51,"neow_bonus":"BOSS_RELIC","is_daily":false,"chose_seed":false,"campfire_upgraded":11,"win_rate":0.0,"timestamp":1613784017,"path_taken":["M","?","?","$","M","R","E","M","T","R","?","R","E","M","R","BOSS","M","M","?","$","?","R","E","R","T","E","?","R","E","?","R","BOSS","M","?","M","$","?","R","E","R","T","E","M","?","M","?","R","BOSS","R","$","E","BOSS"],"items_purchased_type":["Relic","Card","Relic","Relic","Potion","Relic","Card","Card","Card"],"build_version":"2020-12-22","purchased_purges":2,"victory":true,"max_hp_per_floor":[75,75,75,75,75,75,75,75,75,75,75,75,75,75,75,75,75,75,75,75,82,82,82,82,82,82,82,82,82,82,82,82,82,82,82,96,96,96,96,96,106,106,106,111,111,111,111,111,111,111,111,111,111,111,111],"relic_stats":{"Lee\u0027s Waffle":15,"Inserter":[40],"counters":[26,108],"Dead Branch":[17],"War Paint":["Glacier","Defend_B"],"OrangePellets":[8],"Lizard Tail":0,"Busted Crown":18,"Mummified Hand":[68],"Shuriken":[31],"Ornamental Fan":[24],"obtain_stats":[{"Lee\u0027s Waffle":21,"Inserter":17,"Pear":41,"Dead Branch":44,"Vajra":4,"Mango":36,"War Paint":27,"Ancient Tea Set":22,"Old Coin":26,"OrangePellets":38,"Lizard Tail":9,"Busted Crown":34,"Mummified Hand":24,"Shuriken":30,"Ornamental Fan":54,"Molten Egg 2":7,"Coffee Dripper":0,"Toxic Egg 2":38,"Cracked Core":0,"TungstenRod":11,"Meat on the Bone":13},{"Lee\u0027s Waffle":10,"Inserter":8,"Pear":19,"Dead Branch":20,"Vajra":2,"Mango":17,"War Paint":12,"Ancient Tea Set":10,"Old Coin":11,"OrangePellets":18,"Lizard Tail":5,"Busted Crown":15,"Mummified Hand":11,"Shuriken":13,"Ornamental Fan":25,"Molten Egg 2":4,"Coffee Dripper":0,"Toxic Egg 2":18,"Cracked Core":0,"TungstenRod":5,"Meat on the Bone":6},{"Lee\u0027s Waffle":33,"Inserter":28,"Pear":71,"Dead Branch":76,"Vajra":6,"Mango":64,"War Paint":42,"Ancient Tea Set":33,"Old Coin":38,"OrangePellets":67,"Lizard Tail":18,"Busted Crown":58,"Mummified Hand":38,"Shuriken":48,"Ornamental Fan":100,"Molten Egg 2":15,"Coffee Dripper":0,"Toxic Egg 2":67,"Cracked Core":0,"TungstenRod":18,"Meat on the Bone":22}],"TungstenRod":51,"Meat on the Bone":36},"card_choices":[{"not_picked":["Lockon","FTL"],"picked":"Glacier","floor":1.0},{"not_picked":["Gash","Leap"],"picked":"Cold Snap","floor":3.0},{"not_picked":["White Noise","Melter"],"picked":"Sunder","floor":5.0},{"not_picked":["Heatsinks","Hologram"],"picked":"Ball Lightning+1","floor":7.0},{"not_picked":["Turbo","Coolheaded"],"picked":"Barrage+1","floor":8.0},{"not_picked":["Reinforced Body","Go for the Eyes+1"],"picked":"Coolheaded","floor":13.0},{"not_picked":["Redo","Storm"],"picked":"Sweeping Beam+1","floor":14.0},{"not_picked":["Multi-Cast","Reboot"],"picked":"Electrodynamics","floor":16.0},{"not_picked":["Tempest","Cold Snap+1"],"picked":"Rebound+1","floor":18.0},{"not_picked":["Capacitor","Go for the Eyes+1"],"picked":"Static Discharge","floor":19.0},{"not_picked":["Aggregate+1","Stack","Redo+1"],"picked":"SKIP","floor":24.0},{"not_picked":["Recycle","Steam"],"picked":"Barrage+1","floor":27.0},{"not_picked":["Beam Cell+1","Turbo"],"picked":"Thunder Strike+1","floor":30.0},{"not_picked":["Go for the Eyes+1","Leap"],"picked":"Compile Driver+1","floor":31.0},{"not_picked":["Rainbow","All For One+1"],"picked":"Machine Learning","floor":33.0},{"not_picked":["Sweeping Beam+1"],"picked":"SKIP","floor":35},{"not_picked":[],"picked":"Coolheaded+1","floor":36},{"not_picked":[],"picked":"Hologram","floor":37},{"not_picked":[],"picked":"Lockon+1","floor":41},{"not_picked":["Turbo+1"],"picked":"SKIP","floor":44},{"not_picked":["Cold Snap+1"],"picked":"SKIP","floor":45},{"not_picked":[],"picked":"Biased Cognition","floor":46},{"not_picked":[],"picked":"Conserve Battery+1","floor":47},{"not_picked":["Turbo+1"],"picked":"SKIP","floor":54}],"player_experience":135195,"relics_obtained":[{"floor":7.0,"key":"Molten Egg 2"},{"floor":9.0,"key":"Lizard Tail"},{"floor":13.0,"key":"Meat on the Bone"},{"floor":24.0,"key":"Mummified Hand"},{"floor":26.0,"key":"Old Coin"},{"floor":27.0,"key":"War Paint"},{"floor":30.0,"key":"Shuriken"},{"floor":36,"key":"Mango"},{"floor":41,"key":"Pear"},{"floor":44,"key":"Dead Branch"},{"floor":54,"key":"Ornamental Fan"}],"event_choices":[{"damage_healed":0.0,"max_hp_gain":0.0,"max_hp_loss":0.0,"gold_gain":100.0,"event_name":"Golden Shrine","player_choice":"Pray","floor":2.0,"gold_loss":0.0,"damage_taken":0.0},{"damage_healed":0.0,"max_hp_gain":0.0,"max_hp_loss":0.0,"gold_gain":0.0,"event_name":"Scrap Ooze","player_choice":"Success","floor":11.0,"gold_loss":0.0,"damage_taken":3.0,"relics_obtained":["TungstenRod"]},{"damage_healed":0.0,"max_hp_gain":0.0,"max_hp_loss":0.0,"gold_gain":0.0,"event_name":"The Library","player_choice":"Read","floor":20.0,"gold_loss":0.0,"damage_taken":0.0,"cards_obtained":["Self Repair"]},{"damage_healed":0.0,"max_hp_gain":0.0,"max_hp_loss":0.0,"gold_gain":0.0,"event_name":"The Mausoleum","player_choice":"Opened","floor":22.0,"gold_loss":0.0,"damage_taken":0.0,"relics_obtained":["Ancient Tea Set"]},{"damage_healed":0.0,"max_hp_gain":0.0,"max_hp_loss":0.0,"gold_gain":0.0,"event_name":"Ghosts","player_choice":"Ignored","floor":28.0,"gold_loss":0.0,"damage_taken":0.0},{"damage_healed":0,"gold_gain":0,"player_choice":"Fight","damage_taken":0,"max_hp_gain":0,"max_hp_loss":0,"event_name":"MindBloom","floor":36,"gold_loss":0},{"damage_healed":0,"gold_gain":0,"player_choice":"Ignored","damage_taken":0,"max_hp_gain":0,"max_hp_loss":0,"event_name":"SecretPortal","floor":39,"gold_loss":0},{"cards_removed":["Sunder"],"damage_healed":0,"gold_gain":0,"player_choice":"Removed Attack","damage_taken":0,"max_hp_gain":0,"max_hp_loss":0,"event_name":"Falling","floor":48,"gold_loss":0}],"is_beta":false,"boss_relics":[{"not_picked":["Sozu","Ectoplasm"],"picked":"Inserter"},{"not_picked":["Empty Cage","Velvet Choker"],"picked":"Busted Crown"}],"items_purged_floors":[4,38],"is_endless":false,"potions_floor_spawned":[1,8,14,18,19,27,41,44,54],"ascension_level":2}}