{"host":"syfsfjmzue8y1a6l","time":1613843457,"event":{"mods":["AchievementEnabler","BaseMod","Colored Map","DeckTracker","Minty Spire (QoL Compilation)","Permanent Neow","SuperFastMode"],"gold_per_floor":[110,60,72,45,64,64,92,119,119,152,152,152,152,152,152,247,247,262,276,171,171,171,197,197,207,207,261,360,376,376,48,66,66,66,66,76,86,86,86,135,135,135,135],"floor_reached":42,"language":"KOR","playtime":2020,"items_purged":["Strike_R"],"score":495,"play_id":"61b569e2-2e69-4b28-80bb-0696c19c0d78","local_time":"20210221025057","is_ascension_mode":false,"campfire_choices":[{"data":"True Grit","floor":6,"key":"SMITH"},{"data":"Offering","floor":11,"key":"SMITH"},{"floor":13,"key":"RECALL"},{"data":"Bash","floor":15,"key":"SMITH"},{"data":"Flame Barrier","floor":30,"key":"SMITH"},{"floor":33,"key":"REST"},{"data":"Warcry","floor":41,"key":"SMITH"}],"circlet_count":0,"master_deck":["Strike_R","Defend_R","Defend_R","Bash+1","Sentinel+1","Heavy Blade","Anger","True Grit+1","Offering+1","Shrug It Off","Metallicize+1","Brutality+1","Body Slam+1","Flame Barrier+1","Feel No Pain+1","Barricade+1","Warcry+1"],"relics":["Burning Blood","Frozen Egg 2","Odd Mushroom","Paper Frog","Bronze Scales","Empty Cage","Unceasing Top","Blood Vial","Self Forming Clay","Mark of Pain","Magic Flower"],"acts_visited":["Exordium","TheCity","TheBeyond"],"potions_floor_usage":[10,29,32,34,42],"damage_taken":[{"damage":2,"enemies":"Jaw Worm","floor":1,"turns":5},{"damage":0,"enemies":"Small Slimes","floor":3,"turns":3},{"damage":1,"enemies":"2 Louse","floor":5,"turns":2},{"damage":40,"enemies":"Lagavulin","floor":7,"turns":7},{"damage":23,"enemies":"The Mushroom Lair","floor":8,"turns":4},{"damage":20,"enemies":"Gremlin Nob","floor":10,"turns":4},{"damage":6,"enemies":"Hexaghost","floor":16,"turns":9},{"damage":9,"enemies":"3 Byrds","floor":18,"turns":4},{"damage":8,"enemies":"Shell Parasite","floor":19,"turns":3},{"damage":50,"enemies":"Gremlin Leader","floor":23,"turns":6},{"damage":11,"enemies":"3 Cultists","floor":25,"turns":6},{"damage":12,"enemies":"Snake Plant","floor":29,"turns":4},{"damage":12,"enemies":"Chosen and Byrds","floor":32,"turns":7},{"damage":15,"enemies":"Collector","floor":34,"turns":9},{"damage":18,"enemies":"Orb Walker","floor":36,"turns":4},{"damage":16,"enemies":"3 Shapes","floor":37,"turns":4},{"damage":66,"enemies":"2 Orb Walkers","floor":40,"turns":7},{"damage":12,"enemies":"Jaw Worm Horde","floor":42,"turns":2}],"seed_played":"5634284409074909640","potions_obtained":[{"floor":3,"key":"Regen Potion"},{"floor":7,"key":"Fire Potion"},{"floor":16,"key":"BlessingOfTheForge"},{"floor":23,"key":"Strength Potion"},{"floor":32,"key":"ColorlessPotion"},{"floor":36,"key":"Strength Potion"},{"floor":40,"key":"SkillPotion"}],"is_trial":false,"path_per_floor":["M","?","M","$","M","R","E","?","T","E","R","?","R","?","R","B",null,"M","M","$","?","?","E","E","M","?","T","?","M","R","$","M","R","B",null,"M","M","?","?","?","R","M"],"character_chosen":"IRONCLAD","items_purchased":["True Grit","Flame Barrier","Feel No Pain+1","Self Forming Clay"],"campfire_rested":1,"item_purchase_floors":[4,20,20,31],"current_hp_per_floor":[80,80,80,80,80,80,46,29,29,15,15,15,15,15,15,15,80,77,75,75,75,60,16,16,13,13,13,13,21,21,21,17,42,35,85,73,65,65,65,7,7,0,0],"gold":135,"neow_bonus":"TRANSFORM_CARD","is_daily":false,"chose_seed":false,"campfire_upgraded":5,"win_rate":0.0,"timestamp":1613843457,"path_taken":["M","?","M","$","M","R","E","?","T","E","R","?","R","?","R","BOSS","M","M","$","?","?","E","E","M","?","T","?","M","R","$","M","R","BOSS","M","M","?","?","?","R","M"],"items_purchased_type":["Card","Card","Card","Relic"],"build_version":"2020-12-22","purchased_purges":1,"victory":false,"max_hp_per_floor":[80,80,80,80,80,80,80,80,80,80,80,80,80,80,80,80,80,80,80,80,80,85,85,85,85,85,85,85,85,85,85,85,85,85,85,85,85,85,81,81,81,81,81],"card_choices":[{"not_picked":["Iron Wave","Twin Strike"],"picked":"Heavy Blade","floor":1},{"not_picked":["Thunderclap","Fire Breathing"],"picked":"Anger","floor":3},{"not_picked":["Warcry","Havoc","Infernal Blade"],"picked":"SKIP","floor":5},{"not_picked":["Intimidate","Armaments"],"picked":"Offering","floor":7},{"not_picked":["Clothesline","Sword Boomerang"],"picked":"Shrug It Off","floor":8},{"not_picked":["Clothesline","Uppercut"],"picked":"Metallicize+1","floor":10},{"not_picked":["Limit Break","Exhume"],"picked":"Brutality+1","floor":16},{"not_picked":["Blood for Blood","Thunderclap+1","Wild Strike"],"picked":"SKIP","floor":18},{"not_picked":["Wild Strike","Clothesline"],"picked":"Body Slam+1","floor":19},{"not_picked":["Blood for Blood","Twin Strike","Dual Wield+1"],"picked":"SKIP","floor":23},{"not_picked":["Clothesline","Warcry","Twin Strike"],"picked":"SKIP","floor":25},{"not_picked":["Cleave","Clash","Iron Wave+1"],"picked":"SKIP","floor":29},{"not_picked":["Sentinel+1","True Grit"],"picked":"Barricade+1","floor":32},{"not_picked":["Headbutt+1","Sword Boomerang"],"picked":"Warcry","floor":36},{"not_picked":["Wild Strike+1","Heavy Blade+1","Second Wind"],"picked":"SKIP","floor":37}],"player_experience":172676,"relics_obtained":[{"floor":7,"key":"Frozen Egg 2"},{"floor":8,"key":"Odd Mushroom"},{"floor":9,"key":"Paper Frog"},{"floor":10,"key":"Bronze Scales"},{"floor":23,"key":"Blood Vial"},{"floor":40,"key":"Magic Flower"}],"event_choices":[{"cards_removed":["Strike_R"],"damage_healed":0,"gold_gain":0,"player_choice":"Card Removal","damage_taken":0,"max_hp_gain":0,"max_hp_loss":0,"event_name":"The Cleric","floor":2,"gold_loss":50},{"damage_healed":0,"gold_gain":0,"player_choice":"Fought Mushrooms","damage_taken":0,"max_hp_gain":0,"max_hp_loss":0,"event_name":"Mushrooms","floor":8,"gold_loss":0},{"damage_healed":0,"gold_gain":0,"player_choice":"Grow","damage_taken":0,"max_hp_gain":0,"max_hp_loss":0,"event_name":"Living Wall","floor":12,"gold_loss":0,"cards_upgraded":["Sentinel"]},{"damage_healed":0,"gold_gain":0,"player_choice":"0 cards matched","damage_taken":0,"max_hp_gain":0,"max_hp_loss":0,"event_name":"Match and Keep!","floor":14,"gold_loss":0,"cards_obtained":[]},{"damage_healed":0,"gold_gain":0,"player_choice":"Opened","damage_taken":0,"relics_obtained":["Unceasing Top"],"max_hp_gain":0,"max_hp_loss":0,"event_name":"The Mausoleum","floor":21,"gold_loss":0},{"damage_healed":0,"gold_gain":0,"player_choice":"Shed Blood","damage_taken":20,"max_hp_gain":5,"max_hp_loss":0,"event_name":"Forgotten Altar","floor":22,"gold_loss":0},{"damage_healed":0,"gold_gain":0,"player_choice":"Ignored","damage_taken":0,"max_hp_gain":0,"max_hp_loss":0,"event_name":"Cursed Tome","floor":26,"gold_loss":0},{"damage_healed":0,"gold_gain":99,"player_choice":"Stole From Cult","damage_taken":0,"max_hp_gain":0,"max_hp_loss":0,"event_name":"Nest","floor":28,"gold_loss":0},{"cards_removed":["Strike_R"],"damage_healed":0,"gold_gain":0,"player_choice":"Removed Attack","damage_taken":0,"max_hp_gain":0,"max_hp_loss":0,"event_name":"Falling","floor":38,"gold_loss":0},{"damage_healed":0,"gold_gain":0,"player_choice":"Max HP","damage_taken":0,"max_hp_gain":0,"max_hp_loss":4,"event_name":"Winding Halls","floor":39,"gold_loss":0},{"damage_healed":0,"gold_gain":0,"player_choice":"Fight","damage_taken":0,"max_hp_gain":0,"max_hp_loss":0,"event_name":"Mysterious Sphere","floor":40,"gold_loss":0}],"is_beta":false,"boss_relics":[{"not_picked":["Astrolabe","Snecko Eye"],"picked":"Empty Cage"},{"not_picked":["Sozu","Coffee Dripper"],"picked":"Mark of Pain"}],"items_purged_floors":[31],"is_endless":false,"potions_floor_spawned":[3,7,16,23,32,36,40],"killed_by":"Jaw Worm Horde","ascension_level":0}}