{"host":"4i5my69dv6e41930","time":1613814074,"event":{"mods":["AchievementEnabler","BaseMod","Minty Spire (QoL Compilation)","Relic Stats"],"gold_per_floor":[113,133,133,146,111,111,166,166,166,166,71,85,85,103,103,181,181,201,217,142,154,154,154,186,186,186,205,225,225,244,22,22,98,98,111,128,142,167,167,167,197,197,223,267,62,92,105,105,105,105,105,105],"floor_reached":51,"language":"ENG","playtime":4433,"items_purged":["Strike_G","Strike_G"],"score":1460,"play_id":"2b1387eb-2b4f-4b04-8a05-ad5f05390cd3","local_time":"20210220044114","is_ascension_mode":true,"campfire_choices":[{"data":"Neutralize","floor":6.0,"key":"SMITH"},{"data":"Blade Dance","floor":8.0,"key":"SMITH"},{"data":"Crippling Poison","floor":13.0,"key":"SMITH"},{"data":"Corpse Explosion","floor":15.0,"key":"SMITH"},{"data":"Wraith Form v2","floor":23.0,"key":"SMITH"},{"data":"Burst","floor":25.0,"key":"SMITH"},{"floor":29.0,"key":"RECALL"},{"data":"Footwork","floor":32.0,"key":"SMITH"},{"floor":40.0,"key":"REST"},{"floor":42.0,"key":"REST"},{"floor":49.0,"key":"REST"}],"circlet_count":0,"master_deck":["AscendersBane","Strike_G+1","Defend_G","Defend_G","Defend_G","Defend_G","Defend_G","Survivor+1","Neutralize+1","Corpse Explosion+1","Blade Dance+1","Cloak And Dagger","Crippling Poison+1","Well Laid Plans","Burst+1","Cloak And Dagger","Wraith Form v2+1","Footwork+1","Wraith Form v2+1","Corpse Explosion","Backflip","Catalyst"],"relics":["Ring of the Snake","Ornamental Fan","Pear","Snecko Eye","Eternal Feather","DollysMirror","Fusion Hammer","Thread and Needle","Ninja Scroll","Boot","CeramicFish","Whetstone"],"acts_visited":["Exordium","TheCity","TheBeyond"],"potions_floor_usage":[50,51],"damage_taken":[{"damage":0.0,"enemies":"Small Slimes","floor":1.0,"turns":4.0},{"damage":6.0,"enemies":"Jaw Worm","floor":2.0,"turns":5.0},{"damage":0.0,"enemies":"2 Louse","floor":4.0,"turns":2.0},{"damage":10.0,"enemies":"3 Sentries","floor":7.0,"turns":3.0},{"damage":3.0,"enemies":"Exordium Wildlife","floor":12.0,"turns":3.0},{"damage":6.0,"enemies":"3 Louse","floor":14.0,"turns":2.0},{"damage":1.0,"enemies":"The Guardian","floor":16.0,"turns":11.0},{"damage":20.0,"enemies":"Spheric Guardian","floor":18.0,"turns":8.0},{"damage":0.0,"enemies":"3 Byrds","floor":19.0,"turns":3.0},{"damage":6.0,"enemies":"Centurion and Healer","floor":21.0,"turns":3.0},{"damage":18.0,"enemies":"Book of Stabbing","floor":24.0,"turns":5.0},{"damage":0.0,"enemies":"Snecko","floor":27.0,"turns":5.0},{"damage":11.0,"enemies":"Snake Plant","floor":28.0,"turns":4.0},{"damage":0.0,"enemies":"Sentry and Sphere","floor":30.0,"turns":5.0},{"damage":18.0,"enemies":"Collector","floor":33.0,"turns":9.0},{"damage":0.0,"enemies":"3 Darklings","floor":35.0,"turns":3.0},{"damage":0.0,"enemies":"3 Shapes","floor":36.0,"turns":2.0},{"damage":0.0,"enemies":"3 Darklings","floor":37.0,"turns":2.0},{"damage":0.0,"enemies":"Mind Bloom Boss Battle","floor":38.0,"turns":6.0},{"damage":22.0,"enemies":"Nemesis","floor":41.0,"turns":9.0},{"damage":5.0,"enemies":"Giant Head","floor":44.0,"turns":10.0},{"damage":6.0,"enemies":"Reptomancer","floor":46.0,"turns":7.0},{"damage":0.0,"enemies":"Transient","floor":47.0,"turns":6.0},{"damage":40,"enemies":"Awakened One","floor":50,"turns":23},{"damage":40,"enemies":"Time Eater","floor":51,"turns":8}],"seed_played":"2001324722654653934","potions_obtained":[{"floor":2.0,"key":"ColorlessPotion"},{"floor":14.0,"key":"SkillPotion"},{"floor":16.0,"key":"Strength Potion"},{"floor":18.0,"key":"BlessingOfTheForge"},{"floor":24.0,"key":"DistilledChaos"},{"floor":28.0,"key":"GamblersBrew"},{"floor":33.0,"key":"Energy Potion"},{"floor":35.0,"key":"Dexterity Potion"},{"floor":44.0,"key":"Swift Potion"}],"is_trial":false,"path_per_floor":["M","M","?","M","?","R","E","R","T","?","$","M","R","M","R","B",null,"M","M","$","M","?","R","E","R","T","M","M","R","M","$","R","B",null,"M","M","M","?","?","R","E","R","T","E","$","E","M","?","R","B","B"],"character_chosen":"THE_SILENT","items_purchased":["Well Laid Plans","Poison Potion","DollysMirror","Dexterity Potion","GhostInAJar"],"campfire_rested":3,"item_purchase_floors":[11,11,31,31,45],"current_hp_per_floor":[44,38,18,18,34,34,24,24,34,27,27,24,24,18,18,17,61,41,41,41,35,35,35,17,26,26,26,15,24,24,24,36,18,62,62,62,62,62,62,72,50,72,72,67,67,61,61,61,72,32,0,0],"gold":105,"neow_bonus":"THREE_RARE_CARDS","is_daily":false,"chose_seed":false,"campfire_upgraded":7,"win_rate":0.0,"timestamp":1613814074,"path_taken":["M","M","?","M","?","R","E","R","T","?","$","M","R","M","R","BOSS","M","M","$","M","?","R","E","R","T","M","M","R","M","$","R","BOSS","M","M","M","?","?","R","E","R","T","E","$","E","M","?","R","BOSS","BOSS"],"items_purchased_type":["Card","Potion","Relic","Potion","Potion"],"build_version":"2020-12-22","purchased_purges":2,"victory":false,"max_hp_per_floor":[66,66,66,66,66,66,66,66,76,76,76,76,76,76,76,76,76,76,76,76,76,76,76,76,76,76,76,76,76,76,76,76,76,76,76,76,76,76,72,72,72,72,72,72,72,72,72,72,72,72,72,72],"relic_stats":{"counters":[25,148],"Ornamental Fan":[248],"CeramicFish":9,"Snecko Eye":[210,194,198,212],"Eternal Feather":63,"Whetstone":["Strike_G"],"Boot":[100],"obtain_stats":[{"Pear":9,"Ornamental Fan":7,"DollysMirror":31,"Ninja Scroll":41,"CeramicFish":44,"Snecko Eye":17,"Eternal Feather":24,"Thread and Needle":38,"Fusion Hammer":34,"Whetstone":46,"Boot":43,"Ring of the Snake":0},{"Pear":4,"Ornamental Fan":4,"DollysMirror":14,"Ninja Scroll":20,"CeramicFish":21,"Snecko Eye":7,"Eternal Feather":11,"Thread and Needle":19,"Fusion Hammer":15,"Whetstone":22,"Boot":20,"Ring of the Snake":0},{"Pear":14,"Ornamental Fan":14,"DollysMirror":63,"Ninja Scroll":94,"CeramicFish":104,"Snecko Eye":30,"Eternal Feather":49,"Thread and Needle":85,"Fusion Hammer":72,"Whetstone":111,"Boot":94,"Ring of the Snake":0}],"Ring of the Snake":[40]},"card_choices":[{"not_picked":["Bullet Time","After Image"],"picked":"Corpse Explosion","floor":0.0},{"not_picked":["Cloak And Dagger","Acrobatics"],"picked":"Blade Dance","floor":1.0},{"not_picked":["Escape Plan","Dodge and Roll"],"picked":"Cloak And Dagger","floor":2.0},{"not_picked":["PiercingWail","Underhanded Strike","Infinite Blades"],"picked":"SKIP","floor":4.0},{"not_picked":["Poisoned Stab","Die Die Die"],"picked":"Crippling Poison","floor":7.0},{"not_picked":["Slice","Endless Agony","Flying Knee"],"picked":"SKIP","floor":12.0},{"not_picked":["Prepared","Infinite Blades"],"picked":"Burst","floor":14.0},{"not_picked":["Flying Knee","Outmaneuver","Dodge and Roll"],"picked":"SKIP","floor":18.0},{"not_picked":["Distraction","Outmaneuver+1","Tactician"],"picked":"SKIP","floor":19.0},{"not_picked":["Quick Slash","Sucker Punch"],"picked":"Cloak And Dagger","floor":21.0},{"not_picked":["Reflex","Quick Slash","Prepared"],"picked":"SKIP","floor":24.0},{"not_picked":["Heel Hook","Expertise","Dagger Spray"],"picked":"SKIP","floor":27.0},{"not_picked":["Endless Agony","Outmaneuver","Deflect"],"picked":"SKIP","floor":28.0},{"not_picked":["Deadly Poison","Bouncing Flask"],"picked":"Footwork","floor":30.0},{"not_picked":["Storm of Steel","Adrenaline"],"picked":"Corpse Explosion","floor":33.0},{"not_picked":["Choke","Deflect+1","Sucker Punch"],"picked":"SKIP","floor":35.0},{"not_picked":["Dagger Throw","Bane","Riddle With Holes"],"picked":"SKIP","floor":36.0},{"not_picked":["Riddle With Holes","Caltrops+1","Bane"],"picked":"SKIP","floor":37.0},{"not_picked":["Dodge and Roll","Reflex"],"picked":"Backflip","floor":41.0},{"not_picked":["Deflect+1","Skewer"],"picked":"Catalyst","floor":44.0},{"not_picked":["Dagger Spray","Endless Agony","Terror"],"picked":"SKIP","floor":46.0},{"not_picked":["Prepared","Outmaneuver","Deflect"],"picked":"SKIP","floor":47.0}],"player_experience":78177,"relics_obtained":[{"floor":7.0,"key":"Ornamental Fan"},{"floor":9.0,"key":"Pear"},{"floor":24.0,"key":"Eternal Feather"},{"floor":38.0,"key":"Thread and Needle"},{"floor":41.0,"key":"Ninja Scroll"},{"floor":43.0,"key":"Boot"},{"floor":44.0,"key":"CeramicFish"},{"floor":46.0,"key":"Whetstone"}],"event_choices":[{"damage_healed":0.0,"max_hp_gain":0.0,"max_hp_loss":0.0,"gold_gain":0.0,"event_name":"Shining Light","player_choice":"Entered Light","floor":3.0,"gold_loss":0.0,"damage_taken":20.0,"cards_upgraded":["Strike_G","Survivor"]},{"damage_healed":16.0,"max_hp_gain":0.0,"max_hp_loss":0.0,"gold_gain":0.0,"event_name":"The Cleric","player_choice":"Healed","floor":5.0,"gold_loss":35.0,"damage_taken":0.0},{"cards_removed":["Strike_G"],"damage_healed":0.0,"max_hp_gain":0.0,"max_hp_loss":0.0,"gold_gain":0.0,"event_name":"Golden Wing","player_choice":"Card Removal","floor":10.0,"gold_loss":0.0,"damage_taken":7.0},{"damage_healed":0.0,"max_hp_gain":0.0,"max_hp_loss":0.0,"gold_gain":0.0,"event_name":"The Library","player_choice":"Read","floor":22.0,"gold_loss":0.0,"damage_taken":0.0,"cards_obtained":["Wraith Form v2"]},{"damage_healed":0.0,"max_hp_gain":0.0,"max_hp_loss":0.0,"gold_gain":0.0,"event_name":"MindBloom","player_choice":"Fight","floor":38.0,"gold_loss":0.0,"damage_taken":0.0},{"damage_healed":0.0,"max_hp_gain":0.0,"max_hp_loss":4.0,"gold_gain":0.0,"event_name":"Winding Halls","player_choice":"Max HP","floor":39.0,"gold_loss":0.0,"damage_taken":0.0},{"cards_removed":["Strike_G"],"damage_healed":0.0,"max_hp_gain":0.0,"max_hp_loss":0.0,"gold_gain":0.0,"event_name":"Falling","player_choice":"Removed Attack","floor":48.0,"gold_loss":0.0,"damage_taken":0.0}],"is_beta":false,"boss_relics":[{"not_picked":["Sozu","Black Star"],"picked":"Snecko Eye"},{"not_picked":["Empty Cage","Runic Dome"],"picked":"Fusion Hammer"}],"items_purged_floors":[20,45],"is_endless":false,"potions_floor_spawned":[2,14,16,18,19,24,28,33,35,36,44,47],"killed_by":"Time Eater","ascension_level":20}}