{"host":"ssbj2e5691x5ub3h","time":1613844948,"event":{"mods":["BaseMod","Minty Spire (QoL Compilation)","Quick Restart","StSLib","SuperFastMode","The Witch"],"gold_per_floor":[113,188,188,200,210,210,240,257,281,293,293,303,316,316,316,316,316],"floor_reached":16,"language":"ENG","playtime":887,"items_purged":[],"score":104,"play_id":"44d772a1-bd86-433b-81e6-3297f57c14d8","local_time":"20210220161548","is_ascension_mode":false,"campfire_choices":[{"data":"SummonRatFamiliar","floor":6,"key":"SMITH"},{"floor":11,"key":"REST"},{"floor":15,"key":"REST"}],"circlet_count":0,"master_deck":["Strike_Witch","Strike_Witch","Strike_Witch","Strike_Witch","Defend_Witch","Defend_Witch","Defend_Witch","Defend_Witch","Hexguard","ZombieSpit","BlackBolt","SummonRatFamiliar+1","ChosenOfTheMoon"],"relics":["BlackCat","Nunchaku"],"acts_visited":["Exordium"],"potions_floor_usage":[7,8,16,16],"damage_taken":[{"damage":0,"enemies":"Small Slimes","floor":1,"turns":5},{"damage":0,"enemies":"2 Louse","floor":4,"turns":3},{"damage":0,"enemies":"Cultist","floor":5,"turns":3},{"damage":16,"enemies":"3 Sentries","floor":7,"turns":8},{"damage":33,"enemies":"Gremlin Gang","floor":8,"turns":6},{"damage":4,"enemies":"3 Louse","floor":10,"turns":3},{"damage":20,"enemies":"Lots of Slimes","floor":12,"turns":7},{"damage":0,"enemies":"Looter","floor":13,"turns":4},{"damage":73,"enemies":"Slime Boss","floor":16,"turns":10}],"seed_played":"-4319709613796623735","potions_obtained":[{"floor":5,"key":"DistilledChaos"},{"floor":7,"key":"Block Potion"},{"floor":10,"key":"FairyPotion"},{"floor":12,"key":"GamblersBrew"},{"floor":14,"key":"Dexterity Potion"},{"floor":14,"key":"Block Potion"}],"is_trial":false,"path_per_floor":["M","?","?","M","M","R","E","M","T","M","R","M","M","?","R","B"],"character_chosen":"WITCH","items_purchased":[],"campfire_rested":2,"item_purchase_floors":[],"current_hp_per_floor":[73,62,62,62,62,62,46,13,13,9,30,10,10,10,31,0,0],"gold":316,"neow_bonus":"TEN_PERCENT_HP_BONUS","is_daily":false,"chose_seed":false,"campfire_upgraded":1,"win_rate":0.0,"timestamp":1613844948,"path_taken":["M","?","?","?","M","R","E","M","T","?","R","M","M","?","R","BOSS"],"items_purchased_type":[],"build_version":"2020-12-22","purchased_purges":0,"victory":false,"max_hp_per_floor":[73,73,73,73,73,73,73,73,73,73,73,73,73,73,73,73,73],"card_choices":[{"not_picked":["BlackBolt","NighInvulnerability","SoulBarrier"],"picked":"SKIP","floor":1},{"not_picked":["BlackBolt","MercuryWand","SoulBarrier"],"picked":"SKIP","floor":4},{"not_picked":["RiteOfAutumn","MortusClaw","BoneCarving"],"picked":"SKIP","floor":5},{"not_picked":["GrimVengeance","SummonBatFamiliar"],"picked":"ChosenOfTheMoon","floor":7},{"not_picked":["Bewitch","KarmaDrain","SummonCatFamiliar"],"picked":"SKIP","floor":8},{"not_picked":["BlackBolt","BleedOut","MagicFang"],"picked":"SKIP","floor":10},{"not_picked":["CursedBlade","WretchedNails","TwistedMind"],"picked":"SKIP","floor":12},{"not_picked":["GrimVengeance","Shrooms","GnarledBody"],"picked":"SKIP","floor":13}],"player_experience":140973,"relics_obtained":[{"floor":7,"key":"Nunchaku"}],"event_choices":[{"damage_healed":0,"gold_gain":75,"player_choice":"Gather Gold","damage_taken":11,"max_hp_gain":0,"max_hp_loss":0,"event_name":"World of Goop","floor":2,"gold_loss":0},{"damage_healed":0,"gold_gain":0,"player_choice":"2 cards matched","damage_taken":0,"max_hp_gain":0,"max_hp_loss":0,"event_name":"Match and Keep!","floor":3,"gold_loss":0,"cards_obtained":["BlackBolt","SummonRatFamiliar"]},{"damage_healed":0,"gold_gain":0,"player_choice":"Got Potions","damage_taken":0,"max_hp_gain":0,"max_hp_loss":0,"event_name":"Lab","floor":14,"gold_loss":0}],"is_beta":false,"boss_relics":[],"items_purged_floors":[],"is_endless":false,"potions_floor_spawned":[5,7,10,12],"killed_by":"Slime Boss","ascension_level":0}}