{"host":"37dk0reb6x0du8wx","time":1613791321,"event":{"mods":["BaseMod","Colored Map","DeckTracker","Minty Spire (QoL Compilation)","Quick Restart","StSLib"],"gold_per_floor":[109,109,109,109,109,109,132,146,170,170,170,170,44,77,77,203,203,219,159,159],"floor_reached":19,"language":"KOR","playtime":391,"items_purged":["Strike_G"],"score":163,"play_id":"9f07c9d1-81a2-4e8d-b2ca-5b7043ed01df","local_time":"20210220122201","is_ascension_mode":false,"campfire_choices":[{"floor":6,"key":"DIG"},{"floor":10,"key":"DIG"},{"floor":12,"key":"DIG"},{"floor":15,"key":"REST"}],"circlet_count":0,"master_deck":["Strike_G","Strike_G","Strike_G+1","Defend_G","Defend_G","Defend_G","Defend_G","Defend_G","Survivor","Neutralize+1","Blade Dance","PiercingWail"],"relics":["Ring of the Snake","NeowsBlessing","Golden Idol","Shovel","Bag of Preparation","Dream Catcher","Whetstone","Shuriken","FossilizedHelix","HornCleat","Sozu"],"acts_visited":["Exordium","TheCity"],"potions_floor_usage":[],"damage_taken":[{"damage":0,"enemies":"Small Slimes","floor":1,"turns":1},{"damage":0,"enemies":"2 Louse","floor":7,"turns":1},{"damage":0,"enemies":"Cultist","floor":8,"turns":1},{"damage":33,"enemies":"Gremlin Nob","floor":14,"turns":5},{"damage":32,"enemies":"Hexaghost","floor":16,"turns":13},{"damage":10,"enemies":"Spheric Guardian","floor":18,"turns":4},{"damage":0,"enemies":"2 Thieves","floor":19,"turns":3}],"seed_played":"-7264015520815602240","potions_obtained":[{"floor":14,"key":"Energy Potion"}],"is_trial":false,"path_per_floor":["M","?","?","?","T","R","M","M","T","R","?","R","$","E","R","B",null,"M","M"],"character_chosen":"THE_SILENT","items_purchased":["Blade Dance"],"campfire_rested":1,"item_purchase_floors":[13],"current_hp_per_floor":[70,75,57,50,50,50,50,50,50,50,50,50,50,17,39,7,75,65,65,65],"gold":159,"neow_bonus":"THREE_ENEMY_KILL","is_daily":false,"chose_seed":false,"campfire_upgraded":0,"win_rate":0.0,"timestamp":1613791321,"path_taken":["M","?","?","?","?","R","M","?","T","R","?","R","$","E","R","BOSS","M","M"],"items_purchased_type":["Card"],"build_version":"2020-12-22","purchased_purges":1,"victory":false,"max_hp_per_floor":[70,75,75,75,75,75,75,75,75,75,75,75,75,75,75,75,75,75,75,75],"card_choices":[{"not_picked":["Slice","Outmaneuver"],"picked":"Backflip","floor":1},{"not_picked":["Blade Dance","Dodge and Roll","Flechettes"],"picked":"SKIP","floor":7},{"not_picked":["Endless Agony","Sucker Punch","Choke"],"picked":"SKIP","floor":8},{"not_picked":["Wraith Form v2","Dodge and Roll","Dash"],"picked":"SKIP","floor":14},{"not_picked":["Poisoned Stab","Prepared"],"picked":"PiercingWail","floor":18}],"player_experience":221744,"relics_obtained":[{"floor":5,"key":"Shovel"},{"floor":6,"key":"Bag of Preparation"},{"floor":9,"key":"Dream Catcher"},{"floor":10,"key":"Whetstone"},{"floor":12,"key":"FossilizedHelix"},{"floor":14,"key":"HornCleat"}],"event_choices":[{"damage_healed":0,"gold_gain":0,"player_choice":"Donut","damage_taken":0,"max_hp_gain":5,"max_hp_loss":0,"event_name":"Big Fish","floor":2,"gold_loss":0},{"damage_healed":0,"gold_gain":0,"player_choice":"Take Damage","damage_taken":18,"relics_obtained":["Golden Idol"],"max_hp_gain":0,"max_hp_loss":0,"event_name":"Golden Idol","floor":3,"gold_loss":0},{"cards_removed":["Strike_G"],"damage_healed":0,"gold_gain":0,"player_choice":"Card Removal","damage_taken":7,"max_hp_gain":0,"max_hp_loss":0,"event_name":"Golden Wing","floor":4,"gold_loss":0},{"cards_removed":["Backflip"],"damage_healed":0,"gold_gain":0,"player_choice":"Gave Card","damage_taken":0,"relics_obtained":["Shuriken"],"max_hp_gain":0,"max_hp_loss":0,"event_name":"WeMeetAgain","floor":11,"gold_loss":0}],"is_beta":false,"boss_relics":[{"not_picked":["Cursed Key","Fusion Hammer"],"picked":"Sozu"}],"items_purged_floors":[13],"is_endless":false,"potions_floor_spawned":[14],"killed_by":"2 Thieves","ascension_level":0}}