{"host":"lxu17chzujqn8whl","time":1613838373,"event":{"mods":["BaseMod","Minty Spire (QoL Compilation)","Relic Stats","StSLib"],"gold_per_floor":[119,119,139,104,179,213,213,5,5,5,15,15,26,51,51,155,155,168,93,109,109,120,120,150,179,179,179,195,195,195,209,209,304,304,321,339,25,40,0,27,27,42,123,138,171,171,183,203,203,203],"floor_reached":51,"language":"ENG","playtime":1294,"items_purged":[],"score":807,"play_id":"91be83f6-b1b6-4ecf-9544-5b3598baa1ad","local_time":"20210220082613","is_ascension_mode":false,"campfire_choices":[{"data":"Sweeping Beam","floor":7,"key":"SMITH"},{"floor":12,"key":"REST"},{"data":"Electrodynamics","floor":15,"key":"SMITH"},{"data":"Streamline","floor":23,"key":"SMITH"},{"data":"Defragment","floor":27,"key":"SMITH"},{"data":"Core Surge","floor":29,"key":"SMITH"},{"floor":32,"key":"REST"},{"data":"Echo Form","floor":46,"key":"SMITH"},{"floor":49,"key":"REST"}],"circlet_count":0,"master_deck":["Strike_B+1","Strike_B","Strike_B","Defend_B","Defend_B","Defend_B","Defend_B","Zap","Dualcast","Sweeping Beam+1","Rip and Tear+1","Conserve Battery","Conserve Battery","Streamline+1","Electrodynamics+1","Genetic Algorithm","Core Surge+1","Conserve Battery","Defragment+1","RitualDagger","Echo Form+1","Glacier","Turbo","Cold Snap+1","Barrage","Self Repair","Buffer","Streamline+1","Aggregate","Aggregate+1","Tempest+1"],"relics":["Cracked Core","Vajra","Meat on the Bone","Bronze Scales","PreservedInsect","Anchor","WingedGreaves","Bag of Marbles","Nuclear Battery","Pen Nib","Happy Flower","Whetstone","SlaversCollar","Thread and Needle","Red Mask","Prayer Wheel","InkBottle","Ancient Tea Set"],"acts_visited":["Exordium","TheCity","TheBeyond"],"potions_floor_usage":[22,33,38,40,45,48,50,50],"damage_taken":[{"damage":0,"enemies":"Small Slimes","floor":1,"turns":2},{"damage":0,"enemies":"2 Louse","floor":3,"turns":3},{"damage":18,"enemies":"3 Sentries","floor":6,"turns":5},{"damage":0,"enemies":"Jaw Worm","floor":11,"turns":2},{"damage":0,"enemies":"2 Fungi Beasts","floor":13,"turns":2},{"damage":0,"enemies":"Gremlin Nob","floor":14,"turns":2},{"damage":9,"enemies":"Slime Boss","floor":16,"turns":5},{"damage":0,"enemies":"Shell Parasite","floor":18,"turns":4},{"damage":3,"enemies":"2 Thieves","floor":20,"turns":2},{"damage":0,"enemies":"Centurion and Healer","floor":22,"turns":2},{"damage":12,"enemies":"Slavers","floor":24,"turns":3},{"damage":0,"enemies":"Gremlin Leader","floor":25,"turns":4},{"damage":2,"enemies":"Snake Plant","floor":28,"turns":2},{"damage":0,"enemies":"3 Cultists","floor":31,"turns":4},{"damage":45,"enemies":"Automaton","floor":33,"turns":8},{"damage":0,"enemies":"3 Shapes","floor":35,"turns":2},{"damage":0,"enemies":"Orb Walker","floor":36,"turns":3},{"damage":8,"enemies":"Jaw Worm Horde","floor":38,"turns":2},{"damage":31,"enemies":"Giant Head","floor":40,"turns":8},{"damage":0,"enemies":"3 Darklings","floor":42,"turns":2},{"damage":0,"enemies":"Transient","floor":44,"turns":5},{"damage":17,"enemies":"Reptomancer","floor":45,"turns":3},{"damage":0,"enemies":"Jaw Worm Horde","floor":47,"turns":3},{"damage":7,"enemies":"Maw","floor":48,"turns":8},{"damage":73,"enemies":"Time Eater","floor":50,"turns":11}],"seed_played":"-7922897519469486010","potions_obtained":[{"floor":3,"key":"Swift Potion"},{"floor":11,"key":"Energy Potion"},{"floor":14,"key":"Regen Potion"},{"floor":16,"key":"LiquidMemories"},{"floor":18,"key":"EssenceOfDarkness"},{"floor":31,"key":"AttackPotion"},{"floor":36,"key":"DuplicationPotion"},{"floor":42,"key":"SneckoOil"},{"floor":44,"key":"EssenceOfDarkness"},{"floor":45,"key":"Block Potion"}],"is_trial":false,"path_per_floor":["M","?","M","?","?","E","R","$","T","?","M","R","M","E","R","B",null,"M","?","M","?","M","R","E","E","T","R","M","R","?","M","R","B",null,"M","M","$","M","?","E","?","M","T","M","E","R","M","M","R","B",null],"character_chosen":"DEFECT","items_purchased":["PreservedInsect","Conserve Battery","Thread and Needle"],"campfire_rested":3,"item_purchase_floors":[8,8,37],"current_hp_per_floor":[75,63,63,75,64,46,46,46,46,46,46,68,68,68,68,59,75,75,75,72,72,72,72,60,60,60,60,58,58,52,52,74,41,75,75,75,75,67,67,41,41,41,41,41,43,43,43,55,75,21],"gold":203,"neow_bonus":"RANDOM_COMMON_RELIC","is_daily":false,"chose_seed":false,"campfire_upgraded":6,"win_rate":0.0,"timestamp":1613838373,"path_taken":["M","?","M","?","?","E","R","?","T","?","?","R","M","E","R","BOSS","M","?","M","?","?","R","E","E","T","R","M","R","?","M","R","BOSS","M","M","$","M","?","E","?","M","T","M","E","R","M","M","R","BOSS"],"items_purchased_type":["Relic","Card","Relic"],"build_version":"2020-12-22","purchased_purges":0,"victory":true,"max_hp_per_floor":[75,75,75,75,75,75,75,75,75,75,75,75,75,75,75,75,75,75,75,75,75,75,75,75,75,75,75,75,75,75,75,75,75,75,75,75,75,75,75,75,75,75,75,75,75,75,75,75,75,75],"relic_stats":{"Happy Flower":[20],"counters":[25,97],"Bronze Scales":[201],"Prayer Wheel":4,"PreservedInsect":294,"Pen Nib":[11],"Whetstone":["Rip and Tear","Strike_B"],"obtain_stats":[{"Happy Flower":25,"Vajra":0,"Thread and Needle":37,"PreservedInsect":8,"Pen Nib":24,"Whetstone":26,"Ancient Tea Set":45,"Nuclear Battery":17,"SlaversCollar":34,"Anchor":9,"Bronze Scales":6,"Prayer Wheel":40,"WingedGreaves":10,"Bag of Marbles":14,"Red Mask":39,"Cracked Core":0,"InkBottle":43,"Meat on the Bone":2},{"Happy Flower":12,"Vajra":0,"Thread and Needle":17,"PreservedInsect":3,"Pen Nib":11,"Whetstone":12,"Ancient Tea Set":22,"Nuclear Battery":7,"SlaversCollar":15,"Anchor":3,"Bronze Scales":3,"Prayer Wheel":19,"WingedGreaves":3,"Bag of Marbles":6,"Red Mask":18,"Cracked Core":0,"InkBottle":20,"Meat on the Bone":1},{"Happy Flower":36,"Vajra":0,"Thread and Needle":55,"PreservedInsect":10,"Pen Nib":32,"Whetstone":36,"Ancient Tea Set":75,"Nuclear Battery":21,"SlaversCollar":50,"Anchor":10,"Bronze Scales":10,"Prayer Wheel":65,"WingedGreaves":10,"Bag of Marbles":16,"Red Mask":57,"Cracked Core":0,"InkBottle":67,"Meat on the Bone":2}],"InkBottle":[12],"Meat on the Bone":48},"card_choices":[{"not_picked":["Steam","Capacitor"],"picked":"Sweeping Beam","floor":1},{"not_picked":["Cold Snap","Go for the Eyes"],"picked":"Rip and Tear","floor":3},{"not_picked":["Lockon","Beam Cell"],"picked":"Conserve Battery","floor":6},{"not_picked":["Force Field","Lockon"],"picked":"Streamline","floor":11},{"not_picked":["Compile Driver","Redo"],"picked":"Electrodynamics","floor":13},{"not_picked":["Barrage","Compile Driver"],"picked":"Genetic Algorithm","floor":14},{"not_picked":["Multi-Cast","Reboot"],"picked":"Core Surge","floor":16},{"not_picked":["BootSequence","Stack","Rebound"],"picked":"SKIP","floor":18},{"not_picked":["Tempest","Rebound","BootSequence+1"],"picked":"SKIP","floor":20},{"not_picked":["Force Field+1","Leap+1"],"picked":"Conserve Battery","floor":22},{"not_picked":["White Noise","Go for the Eyes","Gash"],"picked":"SKIP","floor":24},{"not_picked":["Genetic Algorithm+1","BootSequence"],"picked":"Defragment","floor":25},{"not_picked":["Tempest","Redo","Capacitor"],"picked":"SKIP","floor":28},{"not_picked":["Melter","Undo+1","Go for the Eyes"],"picked":"SKIP","floor":31},{"not_picked":["Electrodynamics","Rainbow"],"picked":"Echo Form","floor":33},{"not_picked":["Gash","Turbo"],"picked":"Glacier","floor":35},{"not_picked":["Steam+1","Recycle"],"picked":"Turbo","floor":36},{"not_picked":["BootSequence+1","Undo+1"],"picked":"Cold Snap+1","floor":38},{"not_picked":["Core Surge","Turbo+1","Rip and Tear"],"picked":"SKIP","floor":40},{"not_picked":["Skim","Conserve Battery+1"],"picked":"Barrage","floor":42},{"not_picked":["Fusion+1","Darkness+1","Hologram"],"picked":"SKIP","floor":42},{"not_picked":["Beam Cell","Ball Lightning+1"],"picked":"Self Repair","floor":44},{"not_picked":["Stack","Amplify","Sweeping Beam"],"picked":"SKIP","floor":44},{"not_picked":["Amplify","Rebound"],"picked":"Buffer","floor":45},{"not_picked":["Coolheaded+1","Go for the Eyes+1"],"picked":"Streamline+1","floor":47},{"not_picked":["Stack","Cold Snap"],"picked":"Aggregate","floor":47},{"not_picked":["Sunder","Rebound+1"],"picked":"Aggregate+1","floor":48},{"not_picked":["Coolheaded","Ball Lightning"],"picked":"Tempest+1","floor":48}],"player_experience":721457,"relics_obtained":[{"floor":6,"key":"Bronze Scales"},{"floor":9,"key":"Anchor"},{"floor":14,"key":"Bag of Marbles"},{"floor":24,"key":"Pen Nib"},{"floor":25,"key":"Happy Flower"},{"floor":26,"key":"Whetstone"},{"floor":40,"key":"Prayer Wheel"},{"floor":43,"key":"InkBottle"},{"floor":45,"key":"Ancient Tea Set"}],"event_choices":[{"damage_healed":0,"gold_gain":0,"player_choice":"Success","damage_taken":12,"relics_obtained":["Meat on the Bone"],"max_hp_gain":0,"max_hp_loss":0,"event_name":"Scrap Ooze","floor":2,"gold_loss":0},{"damage_healed":18,"gold_gain":0,"player_choice":"Healed","damage_taken":0,"max_hp_gain":0,"max_hp_loss":0,"event_name":"The Cleric","floor":4,"gold_loss":35},{"damage_healed":0,"gold_gain":75,"player_choice":"Gather Gold","damage_taken":11,"max_hp_gain":0,"max_hp_loss":0,"event_name":"World of Goop","floor":5,"gold_loss":0},{"damage_healed":0,"gold_gain":0,"player_choice":"Gave Potion","damage_taken":0,"relics_obtained":["WingedGreaves"],"max_hp_gain":0,"max_hp_loss":0,"event_name":"WeMeetAgain","floor":10,"gold_loss":0},{"cards_removed":["Strike_B"],"damage_healed":0,"gold_gain":0,"player_choice":"Gave Gold","damage_taken":0,"max_hp_gain":0,"max_hp_loss":0,"event_name":"Beggar","floor":19,"gold_loss":75},{"damage_healed":0,"gold_gain":0,"player_choice":"Ignored","damage_taken":0,"max_hp_gain":0,"max_hp_loss":0,"event_name":"NoteForYourself","floor":21,"gold_loss":0},{"damage_healed":0,"gold_gain":0,"player_choice":"Joined the Cult","damage_taken":6,"max_hp_gain":0,"max_hp_loss":0,"event_name":"Nest","floor":30,"gold_loss":0,"cards_obtained":["RitualDagger"]},{"damage_healed":0,"gold_gain":0,"player_choice":"Paid","damage_taken":0,"relics_obtained":["Red Mask"],"max_hp_gain":0,"max_hp_loss":0,"event_name":"Tomb of Lord Red Mask","floor":39,"gold_loss":40},{"damage_healed":0,"gold_gain":0,"player_choice":"Memory 1","damage_taken":0,"max_hp_gain":0,"max_hp_loss":0,"event_name":"SensoryStone","floor":41,"gold_loss":0}],"is_beta":false,"boss_relics":[{"not_picked":["Runic Dome","Sozu"],"picked":"Nuclear Battery"},{"not_picked":["Empty Cage","Pandora\u0027s Box"],"picked":"SlaversCollar"}],"items_purged_floors":[],"is_endless":false,"potions_floor_spawned":[3,11,14,16,18,31,36,42,44,45],"ascension_level":0}}