{"host":"ox77rn1xcurm2t5a","time":1613852227,"event":{"mods":["2.2 Compatiblity","AchievementEnabler","Act Like it!","Aspiration","BaseMod","Best Route Mod","Better Match","Better Note","Better Sensory Stone","Block Reminder","Colored Map","Colored Powertips","Conjunction","Conspire","Custom Start","Energized Spire","GifTheSpireLib","Gold Saver","Gremlin Skip","Halation","Highlight Path","Hubris","Infinite Spire","Minty Spire (QoL Compilation)","Pale of the Ancients","Quick Restart","Reliquary","Replay The Spire","Reworked Bosses","ShortenTheSpire","Spire Exporter","StSLib","Stuff the Spire","Wandering Minibosses"],"gold_per_floor":[429,429,439,449,74,100,113,140,140,169,184,221,236,267,267,391,391,405,365,392,8,29,63,63,63,145,145,145,145,165,196,196,293,293,314,314,337,341,341],"floor_reached":38,"language":"ENG","playtime":1074,"items_purged":["Injury","Strike_R","Strike_R","Strike_R"],"score":695,"play_id":"c8da59e2-14ad-4972-b7d2-7807448eaac8","local_time":"20210220221707","is_ascension_mode":true,"campfire_choices":[{"floor":15.0,"key":"RECALL"},{"data":"Demon Form","floor":24.0,"key":"SMITH"},{"data":"Bash","floor":32.0,"key":"SMITH"}],"circlet_count":0,"master_deck":["Strike_R","Strike_R","Defend_R","Defend_R+1","Defend_R","Defend_R","Bash+1","Rage+1","Twin Strike+1","Clash+1","Thunderclap+1","Limit Break+1","Anger+1","Battle Trance","Twin Strike+1","Thunderclap+1","Demon Form+1","Cleave+1","Inflame","ReplayTheSpireMod:Private Reserves","Cleave+1","Uppercut+1","Sword Boomerang+1","Clash+1"],"relics":["Burning Blood","Happy Flower","Molten Egg 2","StuffTheSpire:DarkSteelAnvil","reliquary:Buckler","halation:IllGainedPizza","Torii","Replay:Mystery Machine","Sozu","Replay:Baseball","reliquary:Sideboard","Bottled Flame","ReplayTheSpireMod:TigerMarble","Black Star","reliquary:MedicineBall"],"acts_visited":["Exordium","TheCity","TheBeyond"],"potions_floor_usage":[],"damage_taken":[{"damage":1.0,"enemies":"2 Louse","floor":1.0,"turns":3.0},{"damage":6.0,"enemies":"Jaw Worm","floor":3.0,"turns":3.0},{"damage":5.0,"enemies":"Small Slimes","floor":4.0,"turns":3.0},{"damage":21.0,"enemies":"3 Sentries","floor":6.0,"turns":9.0},{"damage":8.0,"enemies":"Blue Slaver","floor":7.0,"turns":4.0},{"damage":21.0,"enemies":"Lagavulin","floor":8.0,"turns":6.0},{"damage":15.0,"enemies":"3 Sentries","floor":10.0,"turns":5.0},{"damage":0.0,"enemies":"2 Fungi Beasts","floor":11.0,"turns":2.0},{"damage":26.0,"enemies":"Lagavulin","floor":12.0,"turns":5.0},{"damage":0.0,"enemies":"Large Slime","floor":13.0,"turns":3.0},{"damage":1.0,"enemies":"Gremlin Nob","floor":14.0,"turns":3.0},{"damage":21.0,"enemies":"The Guardian","floor":16.0,"turns":10.0},{"damage":0.0,"enemies":"Spheric Guardian","floor":18.0,"turns":3.0},{"damage":1.0,"enemies":"3 Byrds","floor":20.0,"turns":3.0},{"damage":9.0,"enemies":"Snecko","floor":22.0,"turns":4.0},{"damage":39.0,"enemies":"Book of Stabbing","floor":23.0,"turns":4.0},{"damage":0.0,"enemies":"Cultist and Chosen","floor":30.0,"turns":3.0},{"damage":6.0,"enemies":"Slavers","floor":31.0,"turns":2.0},{"damage":18.0,"enemies":"bossMod:newChamp","floor":33.0,"turns":6.0},{"damage":18.0,"enemies":"3 Darklings","floor":35.0,"turns":3.0},{"damage":43.0,"enemies":"3 Shapes","floor":37.0,"turns":6.0},{"damage":35,"enemies":"Writhing Mass","floor":38,"turns":2}],"seed_played":"7281865785081435635","potions_obtained":[{"floor":6.0,"key":"Reflective Coating"},{"floor":7.0,"key":"Explosive Potion"},{"floor":8.0,"key":"BloodPotion"},{"floor":12.0,"key":"ElixirPotion"},{"floor":14.0,"key":"Conjunction:LightningMarble"},{"floor":16.0,"key":"GamblersBrew"}],"is_trial":false,"path_per_floor":["M","?","M","M","$","E","M","E","T","E","M","E","M","E","R","B",null,"M","?","M","$","M","E","R","?","T","?","?","AVR","M","E","R","B",null,"M","AVR","M","M"],"character_chosen":"IRONCLAD","items_purchased":["StuffTheSpire:DarkSteelAnvil","Replay:Baseball","Inflame","ReplayTheSpireMod:Private Reserves"],"campfire_rested":0,"item_purchase_floors":[5,21,21,21],"current_hp_per_floor":[77,77,77,78,78,63,61,46,46,53,59,39,45,50,50,35,69,75,75,80,80,77,44,44,38,38,38,38,38,44,44,44,32,68,60,60,24,0,0],"gold":341,"neow_bonus":"RANDOM_COMMON_RELIC","is_daily":false,"chose_seed":false,"campfire_upgraded":2,"win_rate":0.0,"timestamp":1613852227,"path_taken":["M","?","M","M","$","E","M","E","T","E","M","E","M","E","R","BOSS","M","?","M","$","M","E","R","?","T","?","?","AVR","M","E","R","BOSS","M","AVR","M","M"],"items_purchased_type":["Relic","Relic","Card","Card"],"build_version":"2020-12-22","purchased_purges":4,"victory":false,"max_hp_per_floor":[80,80,80,80,80,80,80,80,80,80,80,80,80,80,80,80,80,80,80,80,80,80,80,80,80,80,80,80,80,80,80,80,80,80,80,80,81,81,81],"card_choices":[{"not_picked":["Iron Wave","Havoc"],"picked":"Rage","floor":1.0},{"not_picked":["Dropkick+1","Rupture"],"picked":"Twin Strike+1","floor":3.0},{"not_picked":["Dual Wield","Massacre+1","infinitespire:OneForAll+1"],"picked":"SKIP","floor":4.0},{"not_picked":["Life Link","Shrug It Off","Impervious"],"picked":"SKIP","floor":6.0},{"not_picked":["Pommel Strike+1","StuffTheSpire:RockThrow+1"],"picked":"Clash+1","floor":7.0},{"not_picked":["Flex","Heavy Blade+1"],"picked":"Thunderclap+1","floor":8.0},{"not_picked":["Wild Strike+1","StuffTheSpire:RagingBull+1"],"picked":"Limit Break","floor":10.0},{"not_picked":["Carnage+1","Shrug It Off"],"picked":"Anger+1","floor":11.0},{"not_picked":["conspire:Charge+1","ReplayTheSpireMod:LeadingStrike+1"],"picked":"Battle Trance","floor":12.0},{"not_picked":["Burning Pact","Clothesline+1"],"picked":"Twin Strike+1","floor":13.0},{"not_picked":["Body Slam+1","Entrench"],"picked":"Thunderclap+1","floor":14.0},{"not_picked":["Limit Break","Eclipse"],"picked":"Demon Form","floor":16.0},{"not_picked":["StuffTheSpire:RagingBull+1","StuffTheSpire:Slingshot+1","StuffTheSpire:Incineration+1"],"picked":"SKIP","floor":18.0},{"not_picked":["Wild Strike+1","Havoc"],"picked":"Cleave+1","floor":20.0},{"not_picked":["StuffTheSpire:RockThrow+1","Wild Strike+1"],"picked":"Cleave+1","floor":22.0},{"not_picked":["ReplayReversal+1","Twin Strike+1"],"picked":"Uppercut+1","floor":23.0},{"not_picked":["Dual Wield","Hemokinesis+1"],"picked":"Sword Boomerang+1","floor":30.0},{"not_picked":["ReplayTheSpireMod:Corrosion Curse","StuffTheSpire:BloodClot","hubris:ReadiedAction"],"picked":"SKIP","floor":31.0},{"not_picked":["StuffTheSpire:Incineration+1","Twin Strike+1"],"picked":"Clash+1","floor":35.0},{"not_picked":["Corruption","Run Through+1"],"picked":"Cleave+1","floor":37.0}],"player_experience":3209474,"relics_obtained":[{"floor":6.0,"key":"reliquary:Buckler"},{"floor":8.0,"key":"halation:IllGainedPizza"},{"floor":12.0,"key":"Torii"},{"floor":14.0,"key":"Replay:Mystery Machine"},{"floor":23.0,"key":"reliquary:Sideboard"},{"floor":26.0,"key":"Bottled Flame"}],"event_choices":[{"damage_healed":0.0,"max_hp_gain":0.0,"max_hp_loss":0.0,"gold_gain":0.0,"event_name":"Designer","player_choice":"Upgrade","floor":19.0,"gold_loss":40.0,"damage_taken":0.0,"cards_upgraded":["Limit Break"]},{"damage_healed":0.0,"max_hp_gain":0.0,"max_hp_loss":0.0,"gold_gain":0.0,"event_name":"Knowing Skull","player_choice":"","floor":25.0,"potions_obtained":[],"gold_loss":0.0,"damage_taken":6.0,"cards_obtained":[]},{"damage_healed":0.0,"max_hp_gain":0.0,"max_hp_loss":0.0,"gold_gain":0.0,"event_name":"N\u0027loth","player_choice":"Ignored","floor":27.0,"gold_loss":0.0,"damage_taken":0.0},{"damage_healed":0.0,"max_hp_gain":0.0,"max_hp_loss":0.0,"gold_gain":0.0,"event_name":"Cursed Tome","player_choice":"Ignored","floor":28.0,"gold_loss":0.0,"damage_taken":0.0}],"is_beta":false,"boss_relics":[{"not_picked":["aspiration:SecretTechniqueScroll","Electric Blood"],"picked":"Sozu"},{"not_picked":["hubris:HollowSoul","aspiration:DefectSkillbook"],"picked":"Black Star"}],"items_purged_floors":[5,21,29,36],"is_endless":false,"potions_floor_spawned":[6,7,8,12,14,16,22,31,37],"killed_by":"Writhing Mass","ascension_level":9}}