{"host":"nwjx7hbomubpmo86","time":1613788073,"event":{"mods":["AchievementEnabler","BaseMod","Better Note","Better Third Choice","Downfall","Hubris","Minty Spire (QoL Compilation)","Replay The Spire","StSLib","The Death Knight","slay the spire mod where everything is the same but ironclad has a cowboy hat"],"gold_per_floor":[111,123,123,123,123,153,153,165,165,181,198,198,198,198,198,215,215,215,215],"floor_reached":18,"language":"ENG","playtime":340,"items_purged":[],"score":274,"play_id":"694e80c4-f0c4-42b6-bb3f-10165abde25e","local_time":"20210220032753","is_ascension_mode":true,"campfire_choices":[{"data":"Dualcast","floor":7,"key":"SMITH"},{"data":"Hologram","floor":12,"key":"SMITH"},{"data":"ReplayTheSpireMod:Calculation Training","floor":17,"key":"SMITH"}],"circlet_count":0,"master_deck":["AscendersBane","Strike_B+1","Strike_B","Strike_B","Strike_B","Defend_B","Defend_B","Defend_B","Zap+1","Dualcast+1","Rip and Tear","Hologram","Leap","Hologram+1","Conserve Battery","Fusion+1","ReplayTheSpireMod:Calculation Training+1"],"relics":["Cracked Core","NeowsBlessing","Symbiotic Virus","Geode","Blue Doll"],"acts_visited":["Exordium"],"potions_floor_usage":[10,11,18],"damage_taken":[{"damage":0,"enemies":"Small Slimes","floor":1,"turns":1},{"damage":0,"enemies":"Jaw Worm","floor":2,"turns":1},{"damage":0,"enemies":"3 Sentries","floor":6,"turns":1},{"damage":0,"enemies":"2 Louse","floor":8,"turns":1},{"damage":9,"enemies":"Exordium Wildlife","floor":10,"turns":3},{"damage":0,"enemies":"Lots of Slimes","floor":11,"turns":2},{"damage":4,"enemies":"3 Louse","floor":16,"turns":2},{"damage":59,"enemies":"Slime Boss","floor":18,"turns":10}],"seed_played":"-4520833943212388916","potions_obtained":[{"floor":1,"key":"Explosive Potion"},{"floor":2,"key":"GamblersBrew"},{"floor":10,"key":"DuplicationPotion"}],"is_trial":false,"path_per_floor":["M","M","?","?","T","E","R","M","T","M","M","R","?","PTL","PTL","M","R","B"],"character_chosen":"DEFECT","items_purchased":[],"campfire_rested":0,"item_purchase_floors":[],"current_hp_per_floor":[64,64,64,64,64,64,64,64,64,55,55,55,55,55,55,51,51,0,0],"gold":215,"neow_bonus":"THREE_ENEMY_KILL","is_daily":false,"chose_seed":false,"campfire_upgraded":3,"win_rate":0.0,"timestamp":1613788073,"path_taken":["M","M","?","?","?","E","R","M","T","M","M","R","?","PTL","PTL","?","R","BOSS"],"items_purchased_type":[],"build_version":"2020-12-22","purchased_purges":0,"victory":false,"max_hp_per_floor":[71,71,71,71,71,71,71,71,71,71,71,71,71,71,71,71,71,71,71],"card_choices":[{"not_picked":["ReplayGash","Stack"],"picked":"Rip and Tear","floor":1},{"not_picked":["Double Energy","ReplaySort","hubris:Ukulele"],"picked":"SKIP","floor":2},{"not_picked":["Skim","Beam Cell"],"picked":"Hologram","floor":6},{"not_picked":["Sweeping Beam","FIFO Queue"],"picked":"Leap","floor":8},{"not_picked":["Streamline","Compile Driver"],"picked":"Hologram","floor":10},{"not_picked":["Redo","Streamline"],"picked":"Conserve Battery","floor":11},{"not_picked":["Coolheaded","Force Field"],"picked":"ReplayTheSpireMod:Calculation Training","floor":16}],"player_experience":560074,"relics_obtained":[{"floor":5,"key":"Symbiotic Virus"},{"floor":6,"key":"Geode"},{"floor":9,"key":"Blue Doll"}],"event_choices":[],"is_beta":false,"boss_relics":[],"items_purged_floors":[],"is_endless":false,"potions_floor_spawned":[1,2,8,10],"killed_by":"Slime Boss","ascension_level":20}}