{"host":"to2s10i0cynxbiqz","time":1613832611,"event":{"mods":["BaseMod","Colored Powertips","Highlight Path","Minty Spire (QoL Compilation)","Quick Restart","StSLib","slay the spire mod where everything is the same but ironclad has a cowboy hat"],"gold_per_floor":[114,127,137,156,169,169,183,198,198,47,58,86,101,101,101,204,204,204,154,171,183,282,313,313,313,313,313,313,21,21,21],"floor_reached":30,"language":"ZHS","playtime":1201,"items_purged":["Strike_R","Strike_R","Defend_R"],"score":330,"play_id":"3a204c50-0469-4153-b498-c2874861288a","local_time":"20210220225011","is_ascension_mode":true,"campfire_choices":[{"data":"Fire Breathing","floor":6.0,"key":"SMITH"},{"data":"True Grit","floor":15.0,"key":"SMITH"},{"floor":24.0,"key":"REST"},{"floor":28.0,"key":"REST"}],"circlet_count":0,"master_deck":["Strike_R","Strike_R","Strike_R","Defend_R","Defend_R","Defend_R","Bash","Fire Breathing+1","Seeing Red","Armaments","Shrug It Off","Pommel Strike","Pommel Strike","True Grit+1","Bloodletting","Power Through","Regret","Berserk","Impervious","Body Slam","Flame Barrier","Apotheosis"],"relics":["Black Blood","Incense Burner","Kunai","Smiling Mask","Bottled Flame","Nilry\u0027s Codex","FossilizedHelix","Membership Card"],"acts_visited":["Exordium","TheCity"],"potions_floor_usage":[],"damage_taken":[{"damage":3.0,"enemies":"Jaw Worm","floor":1.0,"turns":4.0},{"damage":5.0,"enemies":"2 Louse","floor":2.0,"turns":4.0},{"damage":5.0,"enemies":"Small Slimes","floor":3.0,"turns":5.0},{"damage":0.0,"enemies":"3 Louse","floor":4.0,"turns":3.0},{"damage":29.0,"enemies":"Gremlin Gang","floor":5.0,"turns":12.0},{"damage":13.0,"enemies":"Exordium Wildlife","floor":7.0,"turns":7.0},{"damage":4.0,"enemies":"Red Slaver","floor":8.0,"turns":3.0},{"damage":8.0,"enemies":"Looter","floor":11.0,"turns":4.0},{"damage":3.0,"enemies":"Gremlin Nob","floor":12.0,"turns":4.0},{"damage":2.0,"enemies":"Blue Slaver","floor":13.0,"turns":5.0},{"damage":30.0,"enemies":"Hexaghost","floor":16.0,"turns":13.0},{"damage":0.0,"enemies":"3 Byrds","floor":18.0,"turns":2.0},{"damage":9.0,"enemies":"Chosen","floor":20.0,"turns":5.0},{"damage":7.0,"enemies":"Snecko","floor":21.0,"turns":6.0},{"damage":86.0,"enemies":"Book of Stabbing","floor":23.0,"turns":10.0},{"damage":12,"enemies":"Snake Plant","floor":30,"turns":3}],"seed_played":"-6678758449373805506","potions_obtained":[{"floor":2.0,"key":"Dexterity Potion"},{"floor":3.0,"key":"Explosive Potion"},{"floor":7.0,"key":"BlessingOfTheForge"},{"floor":11.0,"key":"FearPotion"},{"floor":16.0,"key":"SmokeBomb"}],"is_trial":false,"path_per_floor":["M","M","M","M","M","R","M","M","T","$","M","E","M","?","R","B",null,"M","$","M","M","?","E","R","?","T","?","R","$","M"],"character_chosen":"IRONCLAD","items_purchased":["Bloodletting","Membership Card","Apotheosis"],"campfire_rested":2,"item_purchase_floors":[10,29,29],"current_hp_per_floor":[83,84,85,88,65,65,58,60,60,60,58,61,65,65,65,41,76,88,88,88,88,88,14,40,24,24,24,50,50,38,38],"gold":21,"neow_bonus":"TEN_PERCENT_HP_BONUS","is_daily":false,"chose_seed":false,"campfire_upgraded":2,"win_rate":0.0,"timestamp":1613832611,"path_taken":["M","M","M","M","M","R","M","M","T","$","M","E","M","?","R","BOSS","M","$","M","M","?","E","R","?","T","?","R","$","M"],"items_purchased_type":["Card","Relic","Card"],"build_version":"2020-12-22","purchased_purges":3,"victory":false,"max_hp_per_floor":[88,88,88,88,88,88,88,88,88,88,88,88,88,88,88,88,88,88,88,88,88,88,88,88,88,88,88,88,88,88,88],"card_choices":[{"not_picked":["Clothesline","Flex"],"picked":"Fire Breathing","floor":1.0},{"not_picked":["Warcry","Cleave"],"picked":"Seeing Red","floor":2.0},{"not_picked":["Pommel Strike","True Grit"],"picked":"Armaments","floor":3.0},{"not_picked":["Ghostly Armor","Uppercut"],"picked":"Shrug It Off","floor":4.0},{"not_picked":["Body Slam","Clothesline"],"picked":"Pommel Strike","floor":5.0},{"not_picked":["Warcry","Combust"],"picked":"Pommel Strike","floor":7.0},{"not_picked":["Metallicize","Clash"],"picked":"True Grit","floor":8.0},{"not_picked":["Body Slam","Warcry"],"picked":"Power Through","floor":11.0},{"not_picked":["Double Tap","Metallicize"],"picked":"Intimidate","floor":12.0},{"not_picked":["Warcry","Clash","Headbutt"],"picked":"SKIP","floor":13.0},{"not_picked":["Juggernaut","Immolate"],"picked":"Berserk","floor":16.0},{"not_picked":["Clothesline","Cleave"],"picked":"Wild Strike","floor":20.0},{"not_picked":["Armaments","True Grit","Thunderclap"],"picked":"SKIP","floor":21.0},{"not_picked":["True Grit","Rampage"],"picked":"Impervious","floor":23.0}],"player_experience":266053,"relics_obtained":[{"floor":9.0,"key":"Incense Burner"},{"floor":12.0,"key":"Kunai"},{"floor":23.0,"key":"Bottled Flame"},{"floor":25.0,"key":"Nilry\u0027s Codex"},{"floor":26.0,"key":"FossilizedHelix"}],"event_choices":[{"damage_healed":0.0,"max_hp_gain":0.0,"max_hp_loss":0.0,"gold_gain":0.0,"event_name":"Big Fish","player_choice":"Box","floor":14.0,"gold_loss":0.0,"damage_taken":0.0,"relics_obtained":["Smiling Mask"],"cards_obtained":["Regret"]},{"damage_healed":0.0,"max_hp_gain":0.0,"max_hp_loss":0.0,"gold_gain":99.0,"event_name":"Nest","player_choice":"Stole From Cult","floor":22.0,"gold_loss":0.0,"damage_taken":0.0},{"damage_healed":0.0,"max_hp_gain":0.0,"max_hp_loss":0.0,"gold_gain":0.0,"event_name":"Cursed Tome","player_choice":"Obtained Book","floor":25.0,"gold_loss":0.0,"damage_taken":16.0},{"damage_healed":0.0,"max_hp_gain":0.0,"max_hp_loss":0.0,"gold_gain":0.0,"cards_transformed":["Intimidate","Wild Strike"],"event_name":"Drug Dealer","player_choice":"Became Test Subject","floor":27.0,"gold_loss":0.0,"damage_taken":0.0,"cards_obtained":["Body Slam","Flame Barrier"]}],"is_beta":false,"boss_relics":[{"not_picked":["Runic Cube","Runic Pyramid"],"picked":"Black Blood"}],"items_purged_floors":[10,19,29],"is_endless":false,"potions_floor_spawned":[2,3,7,11,16,18],"killed_by":"Snake Plant","ascension_level":6}}