{"host":"ssceekdvsvld625r","time":1613802007,"event":{"mods":["AchievementEnabler","BaseMod","Better Third Choice","Block Reminder","Colored Map","Colored Powertips","Downfall","Minty Spire (QoL Compilation)","Permanent Neow","Quick Restart","Rare Cards Sparkle","Relic Stats","Reliquary","Replay The Spire","Shop Mod","StSLib"],"gold_per_floor":[212,212,64,82,8,35,35,35,35],"floor_reached":8,"language":"ENG","playtime":518,"items_purged":[],"score":62,"play_id":"fa27142d-0e7f-4b18-91f1-e8dd4c25f4d9","local_time":"20210219232007","is_ascension_mode":true,"campfire_choices":[{"floor":7,"key":"REST"}],"circlet_count":0,"master_deck":["Strike_B","Strike_B","Strike_B","Strike_B","Defend_B","Defend_B","Defend_B","Defend_B","Zap","Dualcast","Sunder","Capacitor","Capacitor"],"relics":["Cracked Core","FaceOfCleric","Replay:Rubber Ducky","Bottled Tornado"],"acts_visited":["Exordium"],"potions_floor_usage":[6,6],"damage_taken":[{"damage":2,"enemies":"Jaw Worm","floor":1,"turns":3},{"damage":6,"enemies":"Cultist","floor":4,"turns":3},{"damage":33,"enemies":"Gremlin Nob","floor":6,"turns":4},{"damage":61,"enemies":"Lagavulin","floor":8,"turns":6}],"seed_played":"5605736104017024594","potions_obtained":[{"floor":1,"key":"EntropicBrew"}],"is_trial":false,"path_per_floor":["M","?","$","M","$","E","R","E"],"character_chosen":"DEFECT","items_purchased":["Replay:Rubber Ducky","Capacitor"],"campfire_rested":1,"item_purchase_floors":[3,5],"current_hp_per_floor":[73,73,73,68,68,36,59,0,0],"gold":35,"neow_bonus":"HUNDRED_GOLD","is_daily":false,"chose_seed":false,"campfire_upgraded":0,"win_rate":0.0,"timestamp":1613802007,"path_taken":["M","?","?","M","$","E","R","E"],"items_purchased_type":["Relic","Card"],"build_version":"2020-12-22","purchased_purges":0,"victory":false,"max_hp_per_floor":[75,75,75,76,76,77,77,77,77],"relic_stats":{"FaceOfCleric":2,"counters":[4,16],"obtain_stats":[{"FaceOfCleric":2,"Bottled Tornado":6,"Cracked Core":0,"Replay:Rubber Ducky":3},{"FaceOfCleric":1,"Bottled Tornado":3,"Cracked Core":0,"Replay:Rubber Ducky":1},{"FaceOfCleric":3,"Bottled Tornado":10,"Cracked Core":0,"Replay:Rubber Ducky":3}]},"card_choices":[{"not_picked":["Gash","Streamline"],"picked":"Sunder","floor":1},{"not_picked":["Go for the Eyes","Chaos","ReplaySolidLightProjector"],"picked":"SKIP","floor":4},{"not_picked":["Crystallizer","Recycle"],"picked":"Capacitor","floor":6}],"player_experience":65627,"relics_obtained":[{"floor":6,"key":"Bottled Tornado"}],"event_choices":[{"damage_healed":0,"gold_gain":0,"player_choice":"Trade","damage_taken":0,"relics_obtained":["FaceOfCleric"],"max_hp_gain":0,"max_hp_loss":0,"event_name":"FaceTrader","floor":2,"gold_loss":0}],"is_beta":false,"boss_relics":[],"items_purged_floors":[],"is_endless":false,"potions_floor_spawned":[1],"killed_by":"Lagavulin","ascension_level":3}}