{"host":"lv7etzzgwahaenh9","time":1613799162,"event":{"mods":["AchievementEnabler","BaseMod","Colored Map","Colored Powertips","Highlight Path","Minty Spire (QoL Compilation)","Permanent Neow","Quick Restart","Random Character Button","StSLib"],"gold_per_floor":[125,148,175,200,312,324,368,380,417,445,467,479,491,27,27,98,98,116,133,133,33,45,77,77,102,128,161,161,161],"floor_reached":28,"language":"ENG","playtime":1091,"items_purged":["Defend_R","Defend_R"],"score":500,"play_id":"b97735fb-b6d1-418a-9a32-8c9632e2c37f","local_time":"20210219213242","is_ascension_mode":true,"campfire_choices":[{"data":"Armaments","floor":6.0,"key":"SMITH"},{"data":"Reckless Charge","floor":8.0,"key":"SMITH"},{"data":"Whirlwind","floor":13,"key":"SMITH"},{"data":"Barricade","floor":15,"key":"SMITH"},{"floor":24,"key":"REST"}],"circlet_count":0,"master_deck":["AscendersBane","Strike_R","Strike_R","Strike_R","Strike_R","Strike_R","Defend_R","Defend_R","Bash","Armaments+1","Pommel Strike","Feel No Pain","Carnage","Reckless Charge+1","Whirlwind+1","Perfected Strike+1","Barricade+1","Shrug It Off","Feed","Pummel","Shrug It Off","Body Slam","Shrug It Off"],"relics":["Burning Blood","MawBank","Red Skull","Centennial Puzzle","Tiny Chest","Busted Crown","Bag of Marbles","Vajra","Smiling Mask","Art of War"],"acts_visited":["Exordium","TheCity"],"potions_floor_usage":[16,22,27],"damage_taken":[{"damage":2.0,"enemies":"Jaw Worm","floor":1.0,"turns":3.0},{"damage":1.0,"enemies":"Cultist","floor":2.0,"turns":3.0},{"damage":0.0,"enemies":"Small Slimes","floor":3.0,"turns":3.0},{"damage":9.0,"enemies":"3 Louse","floor":4.0,"turns":6.0},{"damage":21.0,"enemies":"3 Sentries","floor":7.0,"turns":11.0},{"damage":6.0,"enemies":"Exordium Thugs","floor":10.0,"turns":5.0},{"damage":6.0,"enemies":"Looter","floor":11.0,"turns":2.0},{"damage":6,"enemies":"Slime Boss","floor":16,"turns":9},{"damage":27,"enemies":"Shell Parasite","floor":18,"turns":7},{"damage":11,"enemies":"2 Thieves","floor":19,"turns":4},{"damage":15,"enemies":"Centurion and Healer","floor":22,"turns":7},{"damage":49,"enemies":"Book of Stabbing","floor":23,"turns":5},{"damage":0,"enemies":"Slavers","floor":25,"turns":1},{"damage":30,"enemies":"Book of Stabbing","floor":27,"turns":3},{"damage":19,"enemies":"Shelled Parasite and Fungi","floor":28,"turns":2}],"seed_played":"-7903826199273069402","potions_obtained":[{"floor":2.0,"key":"BloodPotion"},{"floor":3.0,"key":"SpeedPotion"},{"floor":7.0,"key":"DuplicationPotion"},{"floor":23,"key":"FearPotion"}],"is_trial":false,"path_per_floor":["M","M","M","M","?","R","E","R","T","M","M","?","R","$","R","B",null,"M","M","?","$","M","E","R","E","T","E","M"],"character_chosen":"IRONCLAD","items_purchased":["Barricade","Shrug It Off","Tiny Chest","Strength Potion"],"campfire_rested":1,"item_purchase_floors":[14,14,14,14],"current_hp_per_floor":[76,80,80,77,77,77,78,78,78,78,78,70,70,70,70,70,78,60,59,59,59,50,7,33,39,39,15,0,0],"gold":161,"neow_bonus":"RANDOM_COMMON_RELIC","is_daily":false,"chose_seed":false,"campfire_upgraded":4,"win_rate":0.0,"timestamp":1613799162,"path_taken":["M","M","M","M","?","R","E","R","T","M","?","?","R","$","R","BOSS","M","?","?","?","M","E","R","E","T","E","M"],"items_purchased_type":["Card","Card","Relic","Potion"],"build_version":"2020-12-22","purchased_purges":2,"victory":false,"max_hp_per_floor":[80,80,80,80,80,80,80,80,80,80,80,80,80,80,80,80,80,83,87,87,87,87,87,87,87,87,87,87,87],"card_choices":[{"not_picked":["True Grit","Seeing Red"],"picked":"Armaments","floor":1.0},{"not_picked":["Armaments","True Grit"],"picked":"Pommel Strike","floor":2.0},{"not_picked":["Pommel Strike","Shrug It Off"],"picked":"Feel No Pain","floor":3.0},{"not_picked":["True Grit","Intimidate"],"picked":"Carnage","floor":4.0},{"not_picked":["Body Slam","Sever Soul"],"picked":"Reckless Charge","floor":7.0},{"not_picked":["Twin Strike","Bloodletting"],"picked":"Whirlwind","floor":10.0},{"not_picked":["True Grit","Rage"],"picked":"Perfected Strike","floor":11.0},{"not_picked":["Impervious","Limit Break"],"picked":"Feed","floor":16},{"not_picked":[],"picked":"Pummel","floor":18},{"not_picked":[],"picked":"Shrug It Off","floor":19},{"not_picked":[],"picked":"Body Slam","floor":22},{"not_picked":[],"picked":"Shrug It Off","floor":23},{"not_picked":["Rupture"],"picked":"SKIP","floor":25},{"not_picked":["Thunderclap"],"picked":"SKIP","floor":27}],"player_experience":471281,"relics_obtained":[{"floor":7.0,"key":"Red Skull"},{"floor":9.0,"key":"Centennial Puzzle"},{"floor":23,"key":"Bag of Marbles"},{"floor":25,"key":"Vajra"},{"floor":26,"key":"Smiling Mask"},{"floor":27,"key":"Art of War"}],"event_choices":[{"damage_healed":0.0,"max_hp_gain":0.0,"max_hp_loss":0.0,"gold_gain":100.0,"event_name":"Wheel of Change","player_choice":"Gold","floor":5.0,"gold_loss":0.0,"damage_taken":0.0},{"damage_healed":0,"gold_gain":0,"player_choice":"Damaged","damage_taken":8,"max_hp_gain":0,"max_hp_loss":0,"event_name":"Wheel of Change","floor":12,"gold_loss":0},{"damage_healed":0,"gold_gain":0,"player_choice":"Forge","damage_taken":0,"max_hp_gain":0,"max_hp_loss":0,"event_name":"Accursed Blacksmith","floor":20,"gold_loss":0,"cards_upgraded":["Perfected Strike"]}],"is_beta":false,"boss_relics":[{"not_picked":["Philosopher\u0027s Stone","Velvet Choker"],"picked":"Busted Crown"}],"items_purged_floors":[14,21],"is_endless":false,"potions_floor_spawned":[2,3,7,23],"killed_by":"Shelled Parasite and Fungi","ascension_level":13}}