{"host":"rw1trt79hfpl7pom","time":1613828979,"event":{"mods":["BaseMod","Bestiary","Colored Map","Jorbs\u0027s Wanderer Trilogy","Minty Spire (QoL Compilation)","Relic Stats","StSLib","SuperFastMode"],"gold_per_floor":[160,160,172,185,128,169,197,197,243,280,289,328,328,308,308,389,389,418,243,243,259,24,24,24,24],"floor_reached":24,"language":"ENG","playtime":980,"items_purged":["Strike_R"],"score":424,"play_id":"7374d350-91ef-4b7f-bdb4-136909452baa","local_time":"20210220054939","is_ascension_mode":true,"campfire_choices":[{"data":"Wild Strike","floor":8.0,"key":"SMITH"},{"data":"Disarm","floor":13.0,"key":"SMITH"},{"data":"Clothesline","floor":15.0,"key":"SMITH"},{"floor":23.0,"key":"REST"}],"circlet_count":0,"master_deck":["AscendersBane","Strike_R","Strike_R","Strike_R","Defend_R","Defend_R","Defend_R+1","Defend_R","Bash","Wild Strike+1","Headbutt","Reaper","Clothesline+1","Evolve","Flame Barrier","Havoc","Disarm+1","Demon Form","Shrug It Off","Reaper","Shrug It Off+1","Whirlwind+1","Headbutt","Reaper","Battle Trance"],"relics":["Pantograph","CeramicFish","Smiling Mask","Sundial","Black Star","Orrery","Nloth\u0027s Gift"],"acts_visited":["Exordium","TheCity"],"potions_floor_usage":[24],"damage_taken":[{"damage":0.0,"enemies":"Cultist","floor":1.0,"turns":3.0},{"damage":8.0,"enemies":"Small Slimes","floor":3.0,"turns":3.0},{"damage":5.0,"enemies":"2 Louse","floor":4.0,"turns":2.0},{"damage":8.0,"enemies":"Gremlin Nob","floor":6.0,"turns":4.0},{"damage":27.0,"enemies":"Exordium Thugs","floor":7.0,"turns":5.0},{"damage":17.0,"enemies":"Lagavulin","floor":10.0,"turns":7.0},{"damage":25.0,"enemies":"3 Sentries","floor":12.0,"turns":10.0},{"damage":33.0,"enemies":"The Guardian","floor":16.0,"turns":15.0},{"damage":38.0,"enemies":"3 Byrds","floor":18.0,"turns":7.0},{"damage":37.0,"enemies":"Spheric Guardian","floor":21.0,"turns":8.0},{"damage":57,"enemies":"Book of Stabbing","floor":24,"turns":7}],"seed_played":"-6189196714806537137","potions_obtained":[{"floor":0.0,"key":"Block Potion"},{"floor":1.0,"key":"Block Potion"},{"floor":6.0,"key":"HeartOfIron"},{"floor":14.0,"key":"FairyPotion"}],"is_trial":false,"path_per_floor":["M","?","M","M","?","E","M","R","T","E","?","E","R","?","R","B",null,"M","$","?","M","$","R","E"],"character_chosen":"IRONCLAD","items_purchased":["Orrery","Reaper","Strength Potion","Battle Trance"],"campfire_rested":1,"item_purchase_floors":[19,22,22,22],"current_hp_per_floor":[73,73,65,67,67,59,40,40,40,23,23,6,6,6,6,2,61,29,29,29,20,20,44,0,0],"gold":24,"neow_bonus":"BOSS_RELIC","is_daily":false,"chose_seed":false,"campfire_upgraded":3,"win_rate":0.0,"timestamp":1613828979,"path_taken":["M","?","M","?","?","E","?","R","T","E","?","E","R","?","R","BOSS","M","$","?","?","$","R","E"],"items_purchased_type":["Relic","Card","Potion","Card"],"build_version":"2020-12-22","purchased_purges":1,"victory":false,"max_hp_per_floor":[80,80,80,80,80,80,80,80,80,80,80,80,80,80,80,80,80,80,80,80,80,80,80,80,80],"relic_stats":{"counters":[11,71],"Sundial":[6],"Pantograph":25,"CeramicFish":117,"Black Star":0,"Nloth\u0027s Gift":0,"Smiling Mask":25,"obtain_stats":[{"Tiny House":0,"Sundial":12,"Pantograph":5,"CeramicFish":6,"Orrery":19,"Black Star":17,"Nloth\u0027s Gift":20,"Smiling Mask":10,"Burning Blood":0},{"Tiny House":0,"Sundial":7,"Pantograph":3,"CeramicFish":4,"Orrery":9,"Black Star":8,"Nloth\u0027s Gift":9,"Smiling Mask":6,"Burning Blood":0},{"Tiny House":0,"Sundial":34,"Pantograph":8,"CeramicFish":12,"Orrery":56,"Black Star":49,"Nloth\u0027s Gift":56,"Smiling Mask":24,"Burning Blood":0}]},"card_choices":[{"not_picked":["Seeing Red","Headbutt"],"picked":"Wild Strike","floor":0.0},{"not_picked":["Clash","Pommel Strike"],"picked":"Headbutt","floor":1.0},{"not_picked":["Headbutt","Twin Strike"],"picked":"Reaper","floor":3.0},{"not_picked":["Anger","Armaments","Sword Boomerang"],"picked":"SKIP","floor":4.0},{"not_picked":["Rampage","Twin Strike"],"picked":"Clothesline","floor":6.0},{"not_picked":["Iron Wave","Reckless Charge"],"picked":"Evolve","floor":7.0},{"not_picked":["Wild Strike","Clothesline"],"picked":"Flame Barrier","floor":10.0},{"not_picked":["Immolate","Heavy Blade"],"picked":"Disarm","floor":12.0},{"not_picked":["Fiend Fire","Offering"],"picked":"Demon Form","floor":16.0},{"not_picked":["Warcry","Flex"],"picked":"Shrug It Off","floor":18.0},{"not_picked":["Infernal Blade","Whirlwind+1"],"picked":"Reaper","floor":19.0},{"not_picked":["Headbutt","Burning Pact"],"picked":"Shrug It Off+1","floor":19.0},{"not_picked":["Sword Boomerang","Flex"],"picked":"Whirlwind+1","floor":19.0},{"not_picked":["Thunderclap","Armaments+1"],"picked":"Headbutt","floor":19.0},{"not_picked":["Searing Blow+1","Armaments","Body Slam"],"picked":"SKIP","floor":21.0}],"player_experience":2836501,"relics_obtained":[{"floor":6.0,"key":"CeramicFish"},{"floor":10.0,"key":"Smiling Mask"},{"floor":12.0,"key":"Sundial"}],"event_choices":[{"damage_healed":0.0,"max_hp_gain":0.0,"max_hp_loss":0.0,"gold_gain":0.0,"event_name":"Lab","player_choice":"Got Potions","floor":2.0,"gold_loss":0.0,"damage_taken":0.0},{"damage_healed":0.0,"max_hp_gain":0.0,"max_hp_loss":0.0,"gold_gain":0.0,"event_name":"WeMeetAgain","player_choice":"Paid Gold","floor":5.0,"gold_loss":57.0,"damage_taken":0.0,"relics_obtained":["Pantograph"]},{"damage_healed":0.0,"max_hp_gain":0.0,"max_hp_loss":0.0,"gold_gain":0.0,"cards_transformed":["Strike_R"],"event_name":"Living Wall","player_choice":"Change","floor":11.0,"gold_loss":0.0,"damage_taken":0.0,"cards_obtained":["Havoc"]},{"damage_healed":0.0,"max_hp_gain":0.0,"max_hp_loss":0.0,"gold_gain":0.0,"event_name":"The Woman in Blue","player_choice":"Bought 1 Potion","floor":14.0,"gold_loss":0.0,"damage_taken":0.0},{"damage_healed":0.0,"max_hp_gain":0.0,"max_hp_loss":0.0,"gold_gain":0.0,"event_name":"N\u0027loth","player_choice":"Traded Relic","floor":20.0,"relics_lost":["Tiny House"],"gold_loss":0.0,"damage_taken":0.0,"relics_obtained":["Nloth\u0027s Gift"]}],"is_beta":false,"boss_relics":[{"not_picked":["Runic Pyramid","Sozu"],"picked":"Black Star"}],"items_purged_floors":[19],"is_endless":false,"potions_floor_spawned":[1,4,6],"killed_by":"Book of Stabbing","ascension_level":20}}