{"host":"5mo0809oo9tcrmpl","time":1613780480,"event":{"mods":["BaseMod","Highlight Path","Minty Spire (QoL Compilation)","Relic Stats","Slay the Relics Exporter"],"gold_per_floor":[13,24,43,62,72,100,100,115,115,115,147,72,72,104,104,104,104],"floor_reached":16,"language":"ENG","playtime":613,"items_purged":[],"score":244,"play_id":"07867953-bf5a-481e-8dac-a77a9ef4ca99","local_time":"20210219182120","is_ascension_mode":true,"campfire_choices":[{"data":"Fiend Fire","floor":7.0,"key":"SMITH"},{"data":"Bash","floor":13.0,"key":"SMITH"},{"data":"Pommel Strike","floor":15.0,"key":"SMITH"}],"circlet_count":0,"master_deck":["AscendersBane","Strike_R","Strike_R","Strike_R","Strike_R","Defend_R","Defend_R","Defend_R","Defend_R","Bash+1","Fiend Fire+1","Twin Strike","Pommel Strike+1","Cleave","Iron Wave","Battle Trance","Clothesline","Wild Strike","Reaper","Sever Soul"],"relics":["Burning Blood","Omamori","Happy Flower","Dead Branch","Vajra","Matryoshka"],"acts_visited":["Exordium"],"potions_floor_usage":[],"damage_taken":[{"damage":1.0,"enemies":"Cultist","floor":1.0,"turns":3.0},{"damage":2.0,"enemies":"2 Louse","floor":2.0,"turns":3.0},{"damage":4.0,"enemies":"Small Slimes","floor":3.0,"turns":3.0},{"damage":7.0,"enemies":"2 Fungi Beasts","floor":4.0,"turns":3.0},{"damage":1.0,"enemies":"Exordium Wildlife","floor":5.0,"turns":3.0},{"damage":35.0,"enemies":"Lagavulin","floor":6.0,"turns":6.0},{"damage":15.0,"enemies":"Lots of Slimes","floor":8.0,"turns":5.0},{"damage":5.0,"enemies":"3 Sentries","floor":11.0,"turns":4.0},{"damage":11.0,"enemies":"Gremlin Nob","floor":14.0,"turns":3.0},{"damage":40,"enemies":"Hexaghost","floor":16,"turns":7}],"seed_played":"-3759524540311237380","potions_obtained":[{"floor":2.0,"key":"Swift Potion"},{"floor":4.0,"key":"Ancient Potion"},{"floor":6.0,"key":"Dexterity Potion"},{"floor":8.0,"key":"AttackPotion"}],"is_trial":false,"path_per_floor":["M","M","M","M","M","E","R","M","T","?","E","?","R","E","R","B"],"character_chosen":"IRONCLAD","items_purchased":[],"campfire_rested":0,"item_purchase_floors":[],"current_hp_per_floor":[73,75,75,74,75,46,46,37,37,37,38,38,38,33,33,0,0],"gold":104,"neow_bonus":"THREE_RARE_CARDS","is_daily":false,"chose_seed":false,"campfire_upgraded":3,"win_rate":0.0,"timestamp":1613780480,"path_taken":["M","M","?","?","M","E","R","M","T","?","E","?","R","E","R","BOSS"],"items_purchased_type":[],"build_version":"2020-12-22","purchased_purges":0,"victory":false,"max_hp_per_floor":[75,75,75,75,75,75,75,75,75,75,75,75,75,75,75,75,75],"relic_stats":{"Happy Flower":[4],"counters":[10,40],"Dead Branch":[19],"obtain_stats":[{"Matryoshka":14,"Happy Flower":9,"Dead Branch":10,"Vajra":11,"Omamori":6,"Burning Blood":0},{"Matryoshka":9,"Happy Flower":7,"Dead Branch":7,"Vajra":8,"Omamori":6,"Burning Blood":0},{"Matryoshka":33,"Happy Flower":26,"Dead Branch":26,"Vajra":30,"Omamori":21,"Burning Blood":0}],"Burning Blood":46},"card_choices":[{"not_picked":["Juggernaut","Impervious"],"picked":"Fiend Fire","floor":0.0},{"not_picked":["Armaments","Reckless Charge"],"picked":"Twin Strike","floor":1.0},{"not_picked":["Heavy Blade","Clash"],"picked":"Pommel Strike","floor":2.0},{"not_picked":["Brutality","Pommel Strike"],"picked":"Cleave","floor":3.0},{"not_picked":["Thunderclap","Intimidate"],"picked":"Iron Wave","floor":4.0},{"not_picked":["Heavy Blade","Body Slam"],"picked":"Battle Trance","floor":5.0},{"not_picked":["Heavy Blade","Infernal Blade"],"picked":"Clothesline","floor":6.0},{"not_picked":["Warcry","Havoc"],"picked":"Wild Strike","floor":8.0},{"not_picked":["Thunderclap","True Grit"],"picked":"Reaper","floor":11.0},{"not_picked":["Rage","Cleave"],"picked":"Sever Soul","floor":14.0}],"player_experience":1298819,"relics_obtained":[{"floor":6.0,"key":"Omamori"},{"floor":9.0,"key":"Happy Flower"},{"floor":11.0,"key":"Vajra"},{"floor":14.0,"key":"Matryoshka"}],"event_choices":[{"damage_healed":0.0,"max_hp_gain":0.0,"max_hp_loss":0.0,"gold_gain":0.0,"event_name":"Big Fish","player_choice":"Box","floor":10.0,"gold_loss":0.0,"damage_taken":0.0,"relics_obtained":["Dead Branch"],"cards_obtained":["Regret"]},{"cards_removed":["Strike_R"],"damage_healed":0.0,"max_hp_gain":0.0,"max_hp_loss":0.0,"gold_gain":0.0,"event_name":"The Cleric","player_choice":"Card Removal","floor":12.0,"gold_loss":75.0,"damage_taken":0.0}],"is_beta":false,"boss_relics":[],"items_purged_floors":[],"is_endless":false,"potions_floor_spawned":[2,4,6,8],"killed_by":"Hexaghost","ascension_level":20}}