{"host":"spd19cimorv47raq","time":1613795298,"event":{"mods":["AchievementEnabler","BaseMod","Colored Map","DeckTracker","Keyboard Shortcuts","Minty Spire (QoL Compilation)","Quick Restart","StSLib","SuperFastMode"],"gold_per_floor":[112,130,144,157,57,57,82,82,82,82,111,129,44,60,60,139,139,151,62,55,69,12,12,29,29,29,29,29,29,29,39,39,39,39],"floor_reached":33,"language":"KOR","playtime":1136,"items_purged":["Strike_R"],"score":518,"play_id":"5e097bbc-82a9-406a-bc5a-f8c1ee7996ee","local_time":"20210220132818","is_ascension_mode":true,"campfire_choices":[{"data":"Body Slam","floor":6.0,"key":"SMITH"},{"floor":8.0,"key":"REST"},{"data":"Barricade","floor":15.0,"key":"SMITH"},{"data":"Disarm","floor":23.0,"key":"SMITH"},{"data":"Blind","floor":25.0,"key":"SMITH"},{"data":"Armaments","floor":28.0,"key":"SMITH"},{"data":"Burning Pact","floor":32,"key":"SMITH"}],"circlet_count":0,"master_deck":["AscendersBane","Strike_R","Strike_R","Defend_R","Defend_R","Defend_R","Defend_R","Bash","Body Slam+1","Shrug It Off","Perfected Strike","Disarm+1","Body Slam+1","Shrug It Off","Hemokinesis","Barricade+1","Bloodletting","Armaments+1","Blind+1","Burning Pact+1"],"relics":["Burning Blood","HornCleat","Bottled Lightning","MealTicket","Empty Cage","Art of War"],"acts_visited":["Exordium","TheCity"],"potions_floor_usage":[30,33],"damage_taken":[{"damage":12.0,"enemies":"2 Louse","floor":1.0,"turns":3.0},{"damage":17.0,"enemies":"Cultist","floor":2.0,"turns":4.0},{"damage":6.0,"enemies":"Jaw Worm","floor":3.0,"turns":4.0},{"damage":22.0,"enemies":"3 Louse","floor":4.0,"turns":6.0},{"damage":28.0,"enemies":"3 Sentries","floor":7.0,"turns":9.0},{"damage":23.0,"enemies":"Lagavulin","floor":11.0,"turns":9.0},{"damage":17.0,"enemies":"Large Slime","floor":12.0,"turns":7.0},{"damage":3.0,"enemies":"Blue Slaver","floor":14.0,"turns":3.0},{"damage":12.0,"enemies":"The Guardian","floor":16.0,"turns":14.0},{"damage":53.0,"enemies":"Shell Parasite","floor":18.0,"turns":9.0},{"damage":18.0,"enemies":"2 Thieves","floor":20.0,"turns":5.0},{"damage":14.0,"enemies":"Centurion and Healer","floor":21.0,"turns":8.0},{"damage":9.0,"enemies":"Snake Plant","floor":24.0,"turns":4.0},{"damage":0,"enemies":"3 Cultists","floor":30,"turns":1},{"damage":7,"enemies":"Centurion and Healer","floor":31,"turns":8},{"damage":89,"enemies":"Collector","floor":33,"turns":6}],"seed_played":"7755695028743279350","potions_obtained":[{"floor":1.0,"key":"Dexterity Potion"},{"floor":2.0,"key":"AttackPotion"},{"floor":12.0,"key":"Explosive Potion"},{"floor":16.0,"key":"EntropicBrew"},{"floor":18.0,"key":"Dexterity Potion"},{"floor":24.0,"key":"SmokeBomb"}],"is_trial":false,"path_per_floor":["M","M","M","M","$","R","E","R","T","?","E","M","$","M","R","B",null,"M","$","M","M","$","R","M","R","T","?","R","$","M","M","R","B"],"character_chosen":"IRONCLAD","items_purchased":["Body Slam","Barricade","Blind","Block Potion"],"campfire_rested":1,"item_purchase_floors":[5,13,19,22],"current_hp_per_floor":[62,51,51,35,35,35,13,35,35,85,68,57,72,75,75,69,81,34,49,37,44,59,59,73,73,73,73,73,85,85,84,84,0,0],"gold":39,"neow_bonus":"ONE_RANDOM_RARE_CARD","is_daily":false,"chose_seed":false,"campfire_upgraded":6,"win_rate":0.0,"timestamp":1613795298,"path_taken":["M","M","M","M","$","R","E","R","T","?","E","M","$","M","R","BOSS","M","?","M","M","$","R","M","R","T","?","R","$","M","M","R","BOSS"],"items_purchased_type":["Card","Card","Card","Potion"],"build_version":"2020-12-22","purchased_purges":1,"victory":false,"max_hp_per_floor":[75,75,75,75,75,75,75,75,75,85,85,85,85,85,85,85,85,85,85,85,85,85,85,85,85,85,85,85,85,85,85,85,85,85],"card_choices":[{"not_picked":["Evolve","Intimidate"],"picked":"Body Slam","floor":1.0},{"not_picked":["Feel No Pain","Infernal Blade"],"picked":"Shrug It Off","floor":2.0},{"not_picked":["Intimidate","Iron Wave"],"picked":"Perfected Strike","floor":3.0},{"not_picked":["Sentinel","Flex"],"picked":"Disarm","floor":4.0},{"not_picked":["Anger","Pummel"],"picked":"Shrug It Off","floor":7.0},{"not_picked":["Iron Wave","Searing Blow","Havoc"],"picked":"SKIP","floor":11.0},{"not_picked":["Iron Wave","Searing Blow","Havoc"],"picked":"SKIP","floor":11.0},{"not_picked":["Clash","Headbutt"],"picked":"Hemokinesis","floor":12.0},{"not_picked":["Dark Embrace","Spot Weakness"],"picked":"Bloodletting","floor":14.0},{"not_picked":["Hemokinesis","Anger+1"],"picked":"Armaments","floor":18.0},{"not_picked":["Cleave","Headbutt","Reckless Charge"],"picked":"SKIP","floor":20.0},{"not_picked":["Flex","Blood for Blood+1"],"picked":"Burning Pact","floor":21.0},{"not_picked":["Burning Pact","Body Slam","Sentinel"],"picked":"SKIP","floor":24.0},{"not_picked":["Cleave+1","Body Slam","Anger"],"picked":"SKIP","floor":31}],"player_experience":879909,"relics_obtained":[{"floor":7.0,"key":"HornCleat"},{"floor":9.0,"key":"Bottled Lightning"},{"floor":11.0,"key":"MealTicket"},{"floor":26.0,"key":"Art of War"}],"event_choices":[{"cards_removed":["Double Tap"],"damage_healed":40.0,"max_hp_gain":10.0,"max_hp_loss":0.0,"gold_gain":0.0,"event_name":"Bonfire Elementals","player_choice":"Offered Rare","floor":10.0,"gold_loss":0.0,"damage_taken":0.0},{"damage_healed":0.0,"max_hp_gain":0.0,"max_hp_loss":0.0,"gold_gain":0.0,"event_name":"Accursed Blacksmith","player_choice":"Forge","floor":27.0,"gold_loss":0.0,"damage_taken":0.0,"cards_upgraded":["Body Slam"]}],"is_beta":false,"boss_relics":[{"not_picked":["Black Blood","SacredBark"],"picked":"Empty Cage"}],"items_purged_floors":[5],"is_endless":false,"potions_floor_spawned":[1,2,4,12,16,18,20,24],"killed_by":"Collector","ascension_level":20}}