{"host":"y080dcqw8fj32q7d","time":1613835549,"event":{"mods":["AchievementEnabler","BaseMod","Colored Map","Colored Powertips","DeckTracker","Minty Spire (QoL Compilation)","Relic Sorter"],"gold_per_floor":[112,187,197,214,225,250,250,5,55,55,85,10,40,55,55,159,159,175,175,204,224,224,224,224],"floor_reached":23,"language":"ENG","playtime":1793,"items_purged":["Strike_R"],"score":219,"play_id":"e8130223-dcff-4266-8b4e-071d6a0022ed","local_time":"20210220183909","is_ascension_mode":true,"campfire_choices":[{"floor":7,"key":"REST"},{"floor":15,"key":"REST"}],"circlet_count":0,"master_deck":["Strike_R","Strike_R","Strike_R","Strike_R","Defend_R","Defend_R","Defend_R","Defend_R","Bash","Demon Form","Pommel Strike","Anger","Wild Strike","Havoc","Twin Strike","The Bomb","Shrug It Off","Carnage","Infernal Blade","Pummel","Double Tap","Power Through+1","Shame","Havoc","Anger+1"],"relics":["Burning Blood","Mummified Hand","Bag of Preparation","Blood Vial","Matryoshka","Runic Pyramid","Mercury Hourglass","Red Mask","Kunai","The Courier"],"acts_visited":["Exordium","TheCity"],"potions_floor_usage":[6,12,13,20,20,23],"damage_taken":[{"damage":6,"enemies":"Jaw Worm","floor":1,"turns":5},{"damage":0,"enemies":"Small Slimes","floor":3,"turns":4},{"damage":1,"enemies":"Cultist","floor":4,"turns":3},{"damage":2,"enemies":"3 Louse","floor":5,"turns":4},{"damage":50,"enemies":"Lagavulin","floor":6,"turns":7},{"damage":26,"enemies":"Gremlin Nob","floor":11,"turns":4},{"damage":18,"enemies":"Lagavulin","floor":13,"turns":5},{"damage":9,"enemies":"Blue Slaver","floor":14,"turns":4},{"damage":32,"enemies":"Slime Boss","floor":16,"turns":6},{"damage":17,"enemies":"3 Byrds","floor":18,"turns":6},{"damage":15,"enemies":"Masked Bandits","floor":20,"turns":6},{"damage":17,"enemies":"Spheric Guardian","floor":21,"turns":4},{"damage":61,"enemies":"Book of Stabbing","floor":23,"turns":6}],"seed_played":"6360672368031887351","potions_obtained":[{"floor":3,"key":"BloodPotion"},{"floor":5,"key":"SteroidPotion"},{"floor":6,"key":"SpeedPotion"},{"floor":16,"key":"Block Potion"},{"floor":18,"key":"FearPotion"},{"floor":21,"key":"Weak Potion"}],"is_trial":false,"path_per_floor":["M","?","M","M","M","E","R","$","T","?","E","$","E","M","R","B",null,"M","?","?","M","T","E"],"character_chosen":"IRONCLAD","items_purchased":["The Bomb","Shrug It Off"],"campfire_rested":2,"item_purchase_floors":[8,8],"current_hp_per_floor":[56,45,51,56,60,16,40,40,40,45,25,42,32,31,56,32,85,74,74,67,58,58,0,0],"gold":224,"neow_bonus":"THREE_RARE_CARDS","is_daily":false,"chose_seed":false,"campfire_upgraded":0,"win_rate":0.0,"timestamp":1613835549,"path_taken":["M","?","M","M","M","E","R","$","T","?","E","$","E","M","R","BOSS","M","?","?","?","?","E"],"items_purchased_type":["Card","Card"],"build_version":"2020-12-22","purchased_purges":1,"victory":false,"max_hp_per_floor":[80,80,80,80,80,80,80,80,80,85,85,85,85,85,85,85,85,85,85,85,85,85,85,85],"card_choices":[{"not_picked":["Brutality","Exhume"],"picked":"Demon Form","floor":0},{"not_picked":["Flex","Perfected Strike"],"picked":"Pommel Strike","floor":1},{"not_picked":["Searing Blow","Combust"],"picked":"Anger","floor":3},{"not_picked":["Perfected Strike","True Grit"],"picked":"Wild Strike","floor":4},{"not_picked":["Warcry","Second Wind"],"picked":"Havoc","floor":5},{"not_picked":["Barricade","Pummel"],"picked":"Twin Strike","floor":6},{"not_picked":["Bloodletting","Offering"],"picked":"Carnage","floor":11},{"not_picked":["Seeing Red","Second Wind"],"picked":"Infernal Blade","floor":13},{"not_picked":["Seeing Red","Intimidate"],"picked":"Pummel","floor":14},{"not_picked":["Fiend Fire","Feed"],"picked":"Double Tap","floor":16},{"not_picked":["Flex","Shrug It Off"],"picked":"Power Through+1","floor":18},{"not_picked":["Fiend Fire","Warcry"],"picked":"Havoc","floor":20},{"not_picked":["Warcry","Blood for Blood"],"picked":"Anger+1","floor":21}],"player_experience":352384,"relics_obtained":[{"floor":6,"key":"Mummified Hand"},{"floor":9,"key":"Bag of Preparation"},{"floor":11,"key":"Blood Vial"},{"floor":13,"key":"Matryoshka"},{"floor":20,"key":"Red Mask"},{"floor":22,"key":"Kunai"},{"floor":22,"key":"The Courier"}],"event_choices":[{"damage_healed":0,"gold_gain":75,"player_choice":"Gather Gold","damage_taken":11,"max_hp_gain":0,"max_hp_loss":0,"event_name":"World of Goop","floor":2,"gold_loss":0},{"damage_healed":0,"gold_gain":0,"player_choice":"Donut","damage_taken":0,"max_hp_gain":5,"max_hp_loss":0,"event_name":"Big Fish","floor":10,"gold_loss":0},{"damage_healed":0,"gold_gain":0,"player_choice":"Stole Relic","damage_taken":0,"relics_obtained":["Mercury Hourglass"],"max_hp_gain":0,"max_hp_loss":0,"event_name":"Addict","floor":19,"gold_loss":0,"cards_obtained":["Shame"]},{"damage_healed":0,"gold_gain":0,"player_choice":"Fought Bandits","damage_taken":0,"max_hp_gain":0,"max_hp_loss":0,"event_name":"Masked Bandits","floor":20,"gold_loss":0}],"is_beta":false,"boss_relics":[{"not_picked":["SacredBark","Philosopher\u0027s Stone"],"picked":"Runic Pyramid"}],"items_purged_floors":[12],"is_endless":false,"potions_floor_spawned":[3,5,6,16,18,21],"killed_by":"Book of Stabbing","ascension_level":1}}