{"host":"oehe2dxjvdgux73m","time":1613827240,"event":{"mods":["AchievementEnabler","BaseMod","Colored Map","Colored Powertips","DeckTracker","Keyboard Shortcuts","Minty Spire (QoL Compilation)","Permanent Neow","Quick Restart","StSLib","SuperFastMode"],"gold_per_floor":[115,128,128,146,162,162,196,196,219,232,232,246,171,188,188,188,188],"floor_reached":16,"language":"KOR","playtime":475,"items_purged":[],"score":208,"play_id":"46793bf2-8810-4290-8a91-afd25956e040","local_time":"20210220222040","is_ascension_mode":true,"campfire_choices":[{"data":"Blade Dance","floor":6,"key":"SMITH"},{"data":"Concentrate","floor":11,"key":"SMITH"},{"data":"Neutralize","floor":15,"key":"SMITH"}],"circlet_count":0,"master_deck":["AscendersBane","Strike_G","Strike_G","Strike_G","Strike_G","Defend_G","Defend_G","Defend_G","Defend_G","Defend_G","Survivor","Neutralize+1","Thinking Ahead","Reflex","Blade Dance+1","Underhanded Strike","All Out Attack","Backflip","Footwork","Concentrate+1","Acrobatics"],"relics":["Ring of the Snake","Pen Nib","Regal Pillow"],"acts_visited":["Exordium"],"potions_floor_usage":[7,10,12,14,16],"damage_taken":[{"damage":3,"enemies":"Cultist","floor":1,"turns":4},{"damage":1,"enemies":"Small Slimes","floor":2,"turns":3},{"damage":0,"enemies":"2 Louse","floor":4,"turns":3},{"damage":7,"enemies":"Blue Slaver","floor":5,"turns":4},{"damage":19,"enemies":"3 Sentries","floor":7,"turns":7},{"damage":8,"enemies":"Large Slime","floor":10,"turns":4},{"damage":0,"enemies":"Gremlin Gang","floor":12,"turns":1},{"damage":5,"enemies":"Exordium Wildlife","floor":14,"turns":2},{"damage":24,"enemies":"Hexaghost","floor":16,"turns":9}],"seed_played":"6508072817657843062","potions_obtained":[{"floor":2,"key":"Explosive Potion"},{"floor":4,"key":"SkillPotion"},{"floor":7,"key":"GamblersBrew"},{"floor":10,"key":"Explosive Potion"},{"floor":14,"key":"ColorlessPotion"}],"is_trial":false,"path_per_floor":["M","M","?","M","M","R","E","?","T","M","R","M","?","M","R","B"],"character_chosen":"THE_SILENT","items_purchased":[],"campfire_rested":0,"item_purchase_floors":[],"current_hp_per_floor":[56,55,60,60,53,53,34,34,34,26,26,26,26,21,21,0,0],"gold":188,"neow_bonus":"RANDOM_COLORLESS_2","is_daily":false,"chose_seed":false,"campfire_upgraded":3,"win_rate":0.0,"timestamp":1613827240,"path_taken":["M","M","?","M","M","R","E","?","T","?","R","M","?","M","R","BOSS"],"items_purchased_type":[],"build_version":"2020-12-22","purchased_purges":0,"victory":false,"max_hp_per_floor":[60,60,65,65,65,65,65,65,65,65,65,65,65,65,65,65,65],"card_choices":[{"not_picked":["Secret Technique","Magnetism"],"picked":"Thinking Ahead","floor":0},{"not_picked":["Infinite Blades","PiercingWail"],"picked":"Reflex","floor":1},{"not_picked":["Prepared","Caltrops"],"picked":"Blade Dance","floor":2},{"not_picked":["Quick Slash","Acrobatics"],"picked":"Underhanded Strike","floor":4},{"not_picked":["PiercingWail","Infinite Blades"],"picked":"All Out Attack","floor":5},{"not_picked":["Distraction","Dagger Throw"],"picked":"Backflip","floor":7},{"not_picked":["Bane","Prepared"],"picked":"Concentrate","floor":10},{"not_picked":["Dodge and Roll","Storm of Steel"],"picked":"Acrobatics","floor":12},{"not_picked":["Blade Dance","Setup","Dagger Spray"],"picked":"SKIP","floor":14}],"player_experience":482526,"relics_obtained":[{"floor":7,"key":"Pen Nib"},{"floor":9,"key":"Regal Pillow"}],"event_choices":[{"damage_healed":0,"gold_gain":0,"player_choice":"Donut","damage_taken":0,"max_hp_gain":5,"max_hp_loss":0,"event_name":"Big Fish","floor":3,"gold_loss":0},{"damage_healed":0,"gold_gain":0,"player_choice":"1 cards matched","damage_taken":0,"max_hp_gain":0,"max_hp_loss":0,"event_name":"Match and Keep!","floor":8,"gold_loss":0,"cards_obtained":["Footwork"]},{"cards_removed":["Strike_G"],"damage_healed":0,"gold_gain":0,"player_choice":"Card Removal","damage_taken":0,"max_hp_gain":0,"max_hp_loss":0,"event_name":"The Cleric","floor":13,"gold_loss":75}],"is_beta":false,"boss_relics":[],"items_purged_floors":[],"is_endless":false,"potions_floor_spawned":[2,4,7,10,14],"killed_by":"Hexaghost","ascension_level":20}}