{"host":"uv5ws9rdk87e8i5k","time":1613798825,"event":{"mods":["AchievementEnabler","BaseMod","Colored Map","Minty Spire (QoL Compilation)","Permanent Neow","Quick Restart","StSLib","SuperFastMode","The Necromancer"],"gold_per_floor":[117,130,141,159,177,177,147,179,226,245,245,274,274,287,287,364,364,384,394,86,86,102,102,201,233,258,284,284,284],"floor_reached":28,"language":"ENG","playtime":698,"items_purged":["Strike_R"],"score":487,"play_id":"d3726230-b143-4f7b-9550-5622e448d462","local_time":"20210219232705","is_ascension_mode":true,"campfire_choices":[{"data":"Demon Form","floor":6.0,"key":"SMITH"},{"data":"Power Through","floor":11.0,"key":"SMITH"},{"floor":13.0,"key":"REST"},{"data":"Heavy Blade","floor":15.0,"key":"SMITH"},{"floor":23.0,"key":"REST"}],"circlet_count":0,"master_deck":["AscendersBane","Strike_R","Strike_R","Strike_R","Strike_R","Defend_R","Defend_R","Defend_R","Defend_R","Bash","Demon Form+1","Spot Weakness","Power Through+1","Clothesline","Twin Strike","Combust","Clothesline","Heavy Blade+1","Limit Break","Whirlwind","Writhe"],"relics":["Burning Blood","Bottled Flame","Centennial Puzzle","Singing Bowl","Velvet Choker","Brimstone","Toy Ornithopter","Bottled Lightning","Lantern","Nunchaku"],"acts_visited":["Exordium","TheCity"],"potions_floor_usage":[25,25,27,28],"damage_taken":[{"damage":1.0,"enemies":"Cultist","floor":1.0,"turns":4.0},{"damage":8.0,"enemies":"Small Slimes","floor":2.0,"turns":5.0},{"damage":0.0,"enemies":"2 Louse","floor":3.0,"turns":3.0},{"damage":3.0,"enemies":"Exordium Wildlife","floor":4.0,"turns":3.0},{"damage":30.0,"enemies":"Lots of Slimes","floor":5.0,"turns":5.0},{"damage":6.0,"enemies":"Looter","floor":7.0,"turns":4.0},{"damage":20.0,"enemies":"Gremlin Nob","floor":8.0,"turns":5.0},{"damage":18.0,"enemies":"Exordium Thugs","floor":10.0,"turns":5.0},{"damage":18.0,"enemies":"3 Sentries","floor":12.0,"turns":6.0},{"damage":1.0,"enemies":"3 Louse","floor":14.0,"turns":4.0},{"damage":34.0,"enemies":"Slime Boss","floor":16.0,"turns":7.0},{"damage":9.0,"enemies":"3 Byrds","floor":18.0,"turns":2.0},{"damage":17.0,"enemies":"2 Thieves","floor":19.0,"turns":3.0},{"damage":42.0,"enemies":"Shelled Parasite and Fungi","floor":22.0,"turns":4.0},{"damage":56,"enemies":"Slavers","floor":25,"turns":5},{"damage":32,"enemies":"Gremlin Leader","floor":27,"turns":6},{"damage":15,"enemies":"Centurion and Healer","floor":28,"turns":3}],"seed_played":"7068240435829201851","potions_obtained":[{"floor":1.0,"key":"Strength Potion"},{"floor":4.0,"key":"ElixirPotion"},{"floor":10.0,"key":"LiquidBronze"},{"floor":14.0,"key":"SteroidPotion"},{"floor":22.0,"key":"EntropicBrew"},{"floor":27,"key":"PowerPotion"}],"is_trial":false,"path_per_floor":["M","M","M","M","M","R","M","E","T","M","R","E","R","M","R","B",null,"M","M","$","?","M","R","?","E","T","E","M"],"character_chosen":"IRONCLAD","items_purchased":["Brimstone","Whirlwind","Strength Potion"],"campfire_rested":2,"item_purchase_floors":[20,20,20],"current_hp_per_floor":[77,75,80,80,56,56,56,42,42,30,30,18,42,49,49,21,67,66,57,57,57,28,54,54,16,16,15,5,5],"gold":284,"neow_bonus":"ONE_RANDOM_RARE_CARD","is_daily":false,"chose_seed":false,"campfire_upgraded":3,"win_rate":0.0,"timestamp":1613798825,"path_taken":["M","M","M","M","M","R","?","E","T","M","R","E","R","M","R","BOSS","M","M","$","?","M","R","?","E","T","E","M"],"items_purchased_type":["Relic","Card","Potion"],"build_version":"2020-12-22","purchased_purges":1,"victory":false,"max_hp_per_floor":[80,80,80,80,80,80,80,80,80,80,80,80,80,82,82,82,82,84,86,86,86,88,88,88,90,90,92,92,92],"card_choices":[{"not_picked":["Clash","Fire Breathing"],"picked":"Spot Weakness","floor":1.0},{"not_picked":["Second Wind","True Grit"],"picked":"Power Through","floor":2.0},{"not_picked":["Second Wind","Ghostly Armor"],"picked":"Clothesline","floor":3.0},{"not_picked":["Havoc","Armaments"],"picked":"Twin Strike","floor":4.0},{"not_picked":["True Grit","Brutality","Anger"],"picked":"SKIP","floor":5.0},{"not_picked":["Wild Strike","Searing Blow"],"picked":"Combust","floor":7.0},{"not_picked":["Hemokinesis","Clash"],"picked":"Clothesline","floor":8.0},{"not_picked":["Disarm","Clash","Rupture"],"picked":"SKIP","floor":10.0},{"not_picked":["Twin Strike","Blood for Blood"],"picked":"Heavy Blade","floor":12.0},{"not_picked":["Rage","Iron Wave","Dual Wield"],"picked":"Singing Bowl","floor":14.0},{"not_picked":["Demon Form","Brutality"],"picked":"Limit Break","floor":16.0},{"not_picked":["Clash","Sentinel","Headbutt"],"picked":"Singing Bowl","floor":18.0},{"not_picked":["Thunderclap","Wild Strike","Dropkick"],"picked":"Singing Bowl","floor":19.0},{"not_picked":["Iron Wave","Metallicize","Searing Blow+1"],"picked":"Singing Bowl","floor":22.0},{"not_picked":["Flex","Carnage","Wild Strike"],"picked":"Singing Bowl","floor":25},{"not_picked":["Havoc","Cleave","Body Slam"],"picked":"Singing Bowl","floor":27}],"player_experience":228360,"relics_obtained":[{"floor":8.0,"key":"Bottled Flame"},{"floor":9.0,"key":"Centennial Puzzle"},{"floor":12.0,"key":"Singing Bowl"},{"floor":25,"key":"Bottled Lightning"},{"floor":26,"key":"Lantern"},{"floor":27,"key":"Nunchaku"}],"event_choices":[{"damage_healed":0.0,"max_hp_gain":0.0,"max_hp_loss":0.0,"gold_gain":0.0,"event_name":"The Mausoleum","player_choice":"Opened","floor":21.0,"gold_loss":0.0,"damage_taken":0.0,"relics_obtained":["Toy Ornithopter"],"cards_obtained":["Writhe"]},{"damage_healed":0.0,"max_hp_gain":0.0,"max_hp_loss":0.0,"gold_gain":99.0,"event_name":"Nest","player_choice":"Stole From Cult","floor":24.0,"gold_loss":0.0,"damage_taken":0.0}],"is_beta":false,"boss_relics":[{"not_picked":["Pandora\u0027s Box","Runic Pyramid"],"picked":"Velvet Choker"}],"items_purged_floors":[20],"is_endless":false,"potions_floor_spawned":[1,4,5,10,14,22,27],"killed_by":"Centurion and Healer","ascension_level":13}}