{"host":"3c8ytfy490czj03c","time":1613815097,"event":{"mods":["BaseMod","Downfall","Minty Spire (QoL Compilation)","StSLib"],"gold_per_floor":[115,115,115,134,154,154,166,166,241,241,341,359,371,389,389,486,486,500,516,516,49,49,49,65,65,138,108,120,137,154,168,168,168,168],"floor_reached":33,"language":"ENG","playtime":1102,"items_purged":["Defend_P"],"score":268,"play_id":"ae408080-51c2-4de3-b9e7-73c929f4fdbf","local_time":"20210220015817","is_ascension_mode":false,"campfire_choices":[{"data":"FollowUp","floor":6,"key":"SMITH"},{"floor":8,"key":"RECALL"},{"data":"FlyingSleeves","floor":10,"key":"SMITH"},{"data":"Wallop","floor":15,"key":"SMITH"},{"data":"FollowUp","floor":23,"key":"SMITH"},{"floor":32,"key":"REST"}],"circlet_count":0,"master_deck":["Strike_P","Strike_P","Strike_P","Strike_P","Eruption+1","Vigilance","FlyingSleeves+1","Strike_P","FollowUp+1","FollowUp+1","Wallop+1","Blasphemy+1","FearNoEvil+1","FollowUp+1","Conclude"],"relics":["PureWater","Nunchaku","Singing Bowl","Empty Cage","Lantern","Pear","Bottled Flame"],"acts_visited":["Exordium","TheCity"],"potions_floor_usage":[16,16,16,24,28,28,31,33],"damage_taken":[{"damage":0,"enemies":"Cultist","floor":1,"turns":2},{"damage":0,"enemies":"2 Louse","floor":4,"turns":2},{"damage":0,"enemies":"Small Slimes","floor":5,"turns":2},{"damage":3,"enemies":"Gremlin Gang","floor":7,"turns":3},{"damage":3,"enemies":"Large Slime","floor":12,"turns":4},{"damage":0,"enemies":"3 Louse","floor":13,"turns":2},{"damage":0,"enemies":"Exordium Thugs","floor":14,"turns":3},{"damage":38,"enemies":"Slime Boss","floor":16,"turns":7},{"damage":9,"enemies":"3 Byrds","floor":18,"turns":4},{"damage":0,"enemies":"Shell Parasite","floor":19,"turns":2},{"damage":0,"enemies":"Centurion and Healer","floor":24,"turns":2},{"damage":2,"enemies":"Cultist and Chosen","floor":28,"turns":2},{"damage":10,"enemies":"Sentry and Sphere","floor":29,"turns":3},{"damage":21,"enemies":"Snake Plant","floor":30,"turns":2},{"damage":30,"enemies":"Shelled Parasite and Fungi","floor":31,"turns":2},{"damage":59,"enemies":"Collector","floor":33,"turns":4}],"seed_played":"4407466572354692695","potions_obtained":[{"floor":4,"key":"hexamod:SoulburnPotion"},{"floor":7,"key":"hexamod:SoulburnPotion"},{"floor":12,"key":"PowerPotion"},{"floor":16,"key":"Dexterity Potion"},{"floor":19,"key":"PowerPotion"},{"floor":27,"key":"Fruit Juice"},{"floor":27,"key":"AttackPotion"},{"floor":30,"key":"Fire Potion"},{"floor":31,"key":"BlessingOfTheForge"}],"is_trial":false,"path_per_floor":["M","?","?","M","M","R","M","R","T","R","?","M","M","M","R","B",null,"M","M","?","$","?","R","M","$","T","?","M","M","M","M","R","B"],"character_chosen":"WATCHER","items_purchased":["Lantern","Pear"],"campfire_rested":1,"item_purchase_floors":[21,21],"current_hp_per_floor":[72,60,60,60,60,60,57,57,57,57,57,56,56,56,56,18,74,65,67,67,77,77,77,77,77,77,77,82,74,55,25,54,0,0],"gold":168,"neow_bonus":"UPGRADE_CARD","is_daily":false,"chose_seed":false,"campfire_upgraded":4,"win_rate":0.0,"timestamp":1613815097,"path_taken":["M","?","?","?","M","R","M","R","T","R","?","M","M","M","R","BOSS","M","M","?","?","?","R","M","$","T","?","M","?","?","M","R","BOSS"],"items_purchased_type":["Relic","Relic"],"build_version":"2020-12-22","purchased_purges":1,"victory":false,"max_hp_per_floor":[72,72,72,72,72,72,72,72,72,72,72,74,74,74,74,74,74,74,76,76,86,86,86,86,86,86,86,93,95,97,97,97,97,97],"card_choices":[{"not_picked":["Evaluate","ReachHeaven"],"picked":"FlyingSleeves","floor":1},{"not_picked":["ThirdEye","Fasting2","Evaluate"],"picked":"SKIP","floor":4},{"not_picked":["Crescendo","SashWhip"],"picked":"FollowUp","floor":5},{"not_picked":["Weave","InnerPeace","DeceiveReality"],"picked":"SKIP","floor":7},{"not_picked":["CutThroughFate","Prostrate","Tantrum"],"picked":"Singing Bowl","floor":12},{"not_picked":["Adaptation","CrushJoints"],"picked":"FollowUp","floor":13},{"not_picked":["Protect","Fasting2"],"picked":"Wallop","floor":14},{"not_picked":["Omniscience","MasterReality"],"picked":"Blasphemy","floor":16},{"not_picked":["PathToVictory+1","Tantrum+1"],"picked":"FearNoEvil+1","floor":18},{"not_picked":["Indignation","LikeWater","BattleHymn"],"picked":"Singing Bowl","floor":19},{"not_picked":["Halt+1","CrushJoints+1"],"picked":"FollowUp+1","floor":24},{"not_picked":["Nirvana","ClearTheMind","EmptyBody"],"picked":"Singing Bowl","floor":28},{"not_picked":["Meditate","EmptyFist","EmptyMind"],"picked":"Singing Bowl","floor":29},{"not_picked":["FlyingSleeves","JustLucky","Crescendo"],"picked":"Singing Bowl","floor":30},{"not_picked":["WaveOfTheHand","CutThroughFate"],"picked":"Conclude","floor":31}],"player_experience":193621,"relics_obtained":[{"floor":9,"key":"Singing Bowl"},{"floor":26,"key":"Bottled Flame"}],"event_choices":[{"damage_healed":0,"gold_gain":0,"player_choice":"Success","damage_taken":12,"relics_obtained":["Nunchaku"],"max_hp_gain":0,"max_hp_loss":0,"event_name":"Scrap Ooze","floor":2,"gold_loss":0},{"cards_removed":["Defend_P"],"damage_healed":0,"gold_gain":0,"player_choice":"Took Card","damage_taken":0,"max_hp_gain":0,"max_hp_loss":0,"event_name":"NoteForYourself","floor":3,"gold_loss":0,"cards_obtained":["Strike_P"]},{"damage_healed":0,"gold_gain":100,"player_choice":"Pray","damage_taken":0,"max_hp_gain":0,"max_hp_loss":0,"event_name":"Golden Shrine","floor":11,"gold_loss":0},{"damage_healed":0,"gold_gain":0,"player_choice":"Upgraded","damage_taken":0,"max_hp_gain":0,"max_hp_loss":0,"event_name":"Upgrade Shrine","floor":20,"gold_loss":0,"cards_upgraded":["Blasphemy"]},{"damage_healed":0,"gold_gain":0,"player_choice":"Ignored","damage_taken":0,"max_hp_gain":0,"max_hp_loss":0,"event_name":"Vampires","floor":22,"gold_loss":0},{"damage_healed":0,"gold_gain":0,"player_choice":"Bought 2 Potions","damage_taken":0,"max_hp_gain":0,"max_hp_loss":0,"event_name":"The Woman in Blue","floor":27,"gold_loss":0}],"is_beta":false,"boss_relics":[{"not_picked":["Ectoplasm","SlaversCollar"],"picked":"Empty Cage"}],"items_purged_floors":[21],"is_endless":false,"potions_floor_spawned":[4,7,12,14,16,19,30,31],"killed_by":"Collector","ascension_level":0}}