{"host":"1ycuxm9gov0tl9zf","time":1613817027,"event":{"mods":["AchievementEnabler","Act Like it!","BaseMod","Colored Powertips","Downfall","Gensokyo","GifTheSpireLib","Hallownest","Marisa£®ÏF”Í°°ƒß¿Ì…≥£©","Minty Spire (QoL Compilation)","Quick Restart","Remilia£®¿Ÿ√◊¿Ú—«£©","Replay The Spire","Shop Mod","StSLib","The Administrix","The Animator","The Bug Knight"],"gold_per_floor":[117,131,131,131,131,131,160,179,228,253,265,12,12,22,22,125,175,190,203,203,58,69,69,69,69],"floor_reached":24,"language":"ZHS","playtime":1865,"items_purged":[],"score":281,"play_id":"6a8212e8-3b08-486b-87fe-e68582470808","local_time":"20210220183027","is_ascension_mode":false,"campfire_choices":[{"floor":6,"key":"RECALL"},{"data":"Fluid Movement","floor":13,"key":"SMITH"},{"data":"Underhanded Strike","floor":23,"key":"SMITH"}],"circlet_count":0,"master_deck":["Strike_G","Strike_G","Strike_G","Strike_G","Strike_G","Defend_G","Defend_G+1","Defend_G","Defend_G","Defend_G","Survivor+1","Neutralize","Flying Knee+1","Flying Knee+1","Acrobatics","Flying Knee","Fluid Movement+1","Underhanded Strike+1","Dagger Throw","Corpse Explosion+1","Quick Slash","Dagger Throw","Prepared+1","Footwork+1"],"relics":["Ring of the Snake","Bag of Marbles","Anchor","Toxic Egg 2","Tiny House","Snake Skull"],"acts_visited":["Exordium","TheCity"],"potions_floor_usage":[10,10,14,16],"damage_taken":[{"damage":1,"enemies":"Jaw Worm","floor":1,"turns":7},{"damage":0,"enemies":"Small Slimes","floor":2,"turns":4},{"damage":24,"enemies":"Lagavulin","floor":7,"turns":7},{"damage":0,"enemies":"Cultist","floor":8,"turns":2},{"damage":4,"enemies":"3 Sentries","floor":10,"turns":8},{"damage":3,"enemies":"3 Louse","floor":11,"turns":3},{"damage":2,"enemies":"Exordium Thugs","floor":14,"turns":3},{"damage":12,"enemies":"Slime Boss","floor":16,"turns":4},{"damage":13,"enemies":"Shell Parasite","floor":18,"turns":8},{"damage":22,"enemies":"Chosen","floor":19,"turns":5},{"damage":0,"enemies":"3 Cultists","floor":22,"turns":2},{"damage":32,"enemies":"Book of Stabbing","floor":24,"turns":6}],"seed_played":"-6439820402313189444","potions_obtained":[{"floor":2,"key":"SneckoOil"},{"floor":4,"key":"ColorlessPotion"},{"floor":4,"key":"Fire Potion"},{"floor":4,"key":"Toxic Potion"},{"floor":11,"key":"Death Potion"},{"floor":16,"key":"Energy Potion"},{"floor":17,"key":"Venom Potion"},{"floor":19,"key":"Guardian:BlockOnCardUsePotion"}],"is_trial":false,"path_per_floor":["M","M","?","?","$","R","E","M","T","E","M","$","R","M","R","B",null,"M","M","?","$","M","R","E"],"character_chosen":"THE_SILENT","items_purchased":["Toxic Egg 2","Snake Skull"],"campfire_rested":0,"item_purchase_floors":[12,21],"current_hp_per_floor":[76,76,61,61,61,61,37,37,37,33,30,30,30,28,51,39,82,69,47,31,31,31,31,0,0],"gold":69,"neow_bonus":"TEN_PERCENT_HP_BONUS","is_daily":false,"chose_seed":false,"campfire_upgraded":2,"win_rate":0.0,"timestamp":1613817027,"path_taken":["M","M","?","?","$","R","E","M","T","E","M","$","R","M","R","BOSS","M","M","?","$","M","R","E"],"items_purchased_type":["Relic","Relic"],"build_version":"2020-12-22","purchased_purges":0,"victory":false,"max_hp_per_floor":[77,77,77,77,77,77,77,77,77,77,77,77,77,77,77,77,82,82,82,87,87,87,87,87,87],"card_choices":[{"not_picked":["Sucker Punch","Deflect"],"picked":"Flying Knee","floor":1},{"not_picked":["Dodge and Roll","Slice"],"picked":"Flying Knee","floor":2},{"not_picked":["Calculated Gamble","Outmaneuver"],"picked":"Acrobatics","floor":7},{"not_picked":["Backstab","Masterful Stab"],"picked":"Flying Knee","floor":8},{"not_picked":["Bane","Heel Hook"],"picked":"Fluid Movement","floor":10},{"not_picked":["Skewer","Bane"],"picked":"Underhanded Strike","floor":11},{"not_picked":["Expertise+1","Heel Hook"],"picked":"Dagger Throw","floor":14},{"not_picked":["Atom Bomb","Unload"],"picked":"Corpse Explosion+1","floor":16},{"not_picked":["Reflex+1","ReplayTheSpireMod:The Works+1"],"picked":"Quick Slash","floor":17},{"not_picked":["Blade Dance+1","Masterful Stab+1"],"picked":"Dagger Throw","floor":18},{"not_picked":["Slice","ReplayTheSpireMod:The Works+1"],"picked":"Prepared+1","floor":19},{"not_picked":["Sneak Up+1","PiercingWail+1"],"picked":"Footwork+1","floor":22}],"player_experience":117476,"relics_obtained":[{"floor":7,"key":"Bag of Marbles"},{"floor":10,"key":"Anchor"}],"event_choices":[{"damage_healed":0,"gold_gain":0,"player_choice":"Entered Light","damage_taken":15,"max_hp_gain":0,"max_hp_loss":0,"event_name":"Shining Light","floor":3,"gold_loss":0,"cards_upgraded":["Defend_G","Flying Knee"]},{"damage_healed":0,"gold_gain":0,"player_choice":"Got Potions","damage_taken":0,"max_hp_gain":0,"max_hp_loss":0,"event_name":"Lab","floor":4,"gold_loss":0},{"damage_healed":0,"gold_gain":0,"player_choice":"Shed Blood","damage_taken":21,"max_hp_gain":5,"max_hp_loss":0,"event_name":"Forgotten Altar","floor":20,"gold_loss":0}],"is_beta":false,"boss_relics":[{"not_picked":["bronze:MakeshiftBattery","Snecko Eye"],"picked":"Tiny House"}],"items_purged_floors":[],"is_endless":false,"potions_floor_spawned":[2,11,16,19],"killed_by":"Book of Stabbing","ascension_level":0}}