{"host":"f5gffvlv6a66yqkd","time":1613794332,"event":{"mods":["2.2 Compatiblity","BaseMod","Colored Map","Custom Start","DeckTracker","Keyboard Shortcuts","Minty Spire (QoL Compilation)","Permanent Neow","Quick Restart","Relic Stats","StSLib","SuperFastMode"],"gold_per_floor":[109,127,127,43,0,0,32,32,55,55,55,73,73,87,87,159,159,175,18,33,46,59,59,78,78,105,132,132,132,132,132],"floor_reached":30,"language":"KOR","playtime":726,"items_purged":[],"score":496,"play_id":"d6d91300-0ec3-40fc-9187-6d6fb4db6d20","local_time":"20210220131212","is_ascension_mode":true,"campfire_choices":[{"data":"Eruption","floor":6.0,"key":"SMITH"},{"data":"Adaptation","floor":8.0,"key":"SMITH"},{"data":"ForeignInfluence","floor":11.0,"key":"SMITH"},{"floor":15.0,"key":"REST"},{"floor":23.0,"key":"RECALL"},{"floor":25.0,"key":"REST"},{"data":"Prostrate","floor":28.0,"key":"SMITH"}],"circlet_count":0,"master_deck":["AscendersBane","Defend_P+1","Defend_P+1","Defend_P","Defend_P+1","Eruption+1","Vigilance","Adaptation+1","EmptyFist+1","CarveReality+1","ForeignInfluence+1","TalkToTheHand+1","LessonLearned+1","Meditate+1","Adaptation+1","Prostrate+1"],"relics":["PureWater","MealTicket","Dream Catcher","Whetstone","Empty Cage","DollysMirror","Lantern","Damaru"],"acts_visited":["Exordium","TheCity"],"potions_floor_usage":[],"damage_taken":[{"damage":11.0,"enemies":"Small Slimes","floor":1.0,"turns":3.0},{"damage":11.0,"enemies":"2 Louse","floor":2.0,"turns":4.0},{"damage":22.0,"enemies":"3 Sentries","floor":7.0,"turns":4.0},{"damage":7.0,"enemies":"Jaw Worm","floor":12.0,"turns":2.0},{"damage":0.0,"enemies":"Gremlin Gang","floor":14.0,"turns":2.0},{"damage":22.0,"enemies":"The Guardian","floor":16.0,"turns":8.0},{"damage":0.0,"enemies":"Spheric Guardian","floor":18.0,"turns":1.0},{"damage":1.0,"enemies":"2 Thieves","floor":20.0,"turns":2.0},{"damage":15.0,"enemies":"Snake Plant","floor":21.0,"turns":4.0},{"damage":0.0,"enemies":"Snecko","floor":22.0,"turns":2.0},{"damage":27.0,"enemies":"Shelled Parasite and Fungi","floor":24.0,"turns":4.0},{"damage":32.0,"enemies":"Gremlin Leader","floor":27.0,"turns":6.0},{"damage":20,"enemies":"Colosseum Slavers","floor":30,"turns":5},{"damage":18,"enemies":"Colosseum Nobs","floor":30,"turns":2}],"seed_played":"-513230534312702166","potions_obtained":[{"floor":13.0,"key":"PowerPotion"},{"floor":13.0,"key":"DistilledChaos"},{"floor":16.0,"key":"DuplicationPotion"},{"floor":18.0,"key":"Regen Potion"},{"floor":20.0,"key":"DistilledChaos"}],"is_trial":false,"path_per_floor":["M","M","?","$","?","R","E","R","T","?","R","M","?","M","R","B",null,"M","$","M","M","M","R","M","R","T","E","R","?","?"],"character_chosen":"WATCHER","items_purchased":["CarveReality","DollysMirror"],"campfire_rested":2,"item_purchase_floors":[4,19],"current_hp_per_floor":[50,39,44,59,59,59,37,37,37,37,37,30,30,30,51,29,62,62,73,72,57,57,57,42,63,63,31,31,31,0,0],"gold":132,"neow_bonus":"RANDOM_COMMON_RELIC","is_daily":false,"chose_seed":false,"campfire_upgraded":4,"win_rate":0.0,"timestamp":1613794332,"path_taken":["M","M","?","$","?","R","E","R","T","?","R","?","?","M","R","BOSS","M","$","?","M","M","R","M","R","T","E","R","?","?"],"items_purchased_type":["Card","Relic"],"build_version":"2020-12-22","purchased_purges":0,"victory":false,"max_hp_per_floor":[68,68,73,73,73,73,73,73,73,73,73,73,73,73,73,73,73,73,73,73,73,73,73,73,73,73,73,73,73,73,73],"relic_stats":{"Dream Catcher":2,"counters":[14,49],"MealTicket":26,"Whetstone":["Strike_P","CarveReality"],"obtain_stats":[{"Dream Catcher":7,"Lantern":26,"DollysMirror":19,"Damaru":27,"MealTicket":0,"Whetstone":9,"PureWater":0,"Empty Cage":17},{"Dream Catcher":3,"Lantern":11,"DollysMirror":7,"Damaru":12,"MealTicket":0,"Whetstone":3,"PureWater":0,"Empty Cage":6},{"Dream Catcher":11,"Lantern":36,"DollysMirror":24,"Damaru":42,"MealTicket":0,"Whetstone":11,"PureWater":0,"Empty Cage":23}]},"card_choices":[{"not_picked":["CrushJoints","DeceiveReality"],"picked":"Adaptation","floor":1.0},{"not_picked":["FollowUp","FlurryOfBlows"],"picked":"EmptyFist","floor":2.0},{"not_picked":["Collect","Devotion","CrushJoints"],"picked":"SKIP","floor":7.0},{"not_picked":["ForeignInfluence","Weave","Worship"],"picked":"SKIP","floor":12.0},{"not_picked":["Consecrate","Crescendo","ReachHeaven"],"picked":"SKIP","floor":14.0},{"not_picked":["Consecrate","FollowUp"],"picked":"TalkToTheHand","floor":15.0},{"not_picked":["Wish","MasterReality"],"picked":"LessonLearned","floor":16.0},{"not_picked":["FollowUp","FlyingSleeves"],"picked":"Meditate+1","floor":18.0},{"not_picked":["SashWhip","Halt","Protect"],"picked":"SKIP","floor":20.0},{"not_picked":["FlyingSleeves","SashWhip","ClearTheMind+1"],"picked":"SKIP","floor":21.0},{"not_picked":["Crescendo","Collect","CrushJoints"],"picked":"SKIP","floor":22.0},{"not_picked":["Meditate","Perseverance","Consecrate+1"],"picked":"SKIP","floor":24.0},{"not_picked":["DeceiveReality+1","FollowUp"],"picked":"Prostrate","floor":27.0}],"player_experience":1525667,"relics_obtained":[{"floor":7.0,"key":"Dream Catcher"},{"floor":9.0,"key":"Whetstone"},{"floor":26.0,"key":"Lantern"},{"floor":27.0,"key":"Damaru"}],"event_choices":[{"damage_healed":0.0,"max_hp_gain":5.0,"max_hp_loss":0.0,"gold_gain":0.0,"event_name":"Big Fish","player_choice":"Donut","floor":3.0,"gold_loss":0.0,"damage_taken":0.0},{"damage_healed":0.0,"max_hp_gain":0.0,"max_hp_loss":0.0,"gold_gain":0.0,"event_name":"World of Goop","player_choice":"Left Gold","floor":5.0,"gold_loss":43.0,"damage_taken":0.0},{"damage_healed":0.0,"max_hp_gain":0.0,"max_hp_loss":0.0,"gold_gain":0.0,"cards_transformed":["Strike_P"],"event_name":"Transmorgrifier","player_choice":"Transformed","floor":10.0,"gold_loss":0.0,"damage_taken":0.0,"cards_obtained":["ForeignInfluence"]},{"damage_healed":0.0,"max_hp_gain":0.0,"max_hp_loss":0.0,"gold_gain":0.0,"event_name":"Lab","player_choice":"Got Potions","floor":13.0,"gold_loss":0.0,"damage_taken":0.0},{"cards_removed":["Strike_P"],"damage_healed":0.0,"max_hp_gain":0.0,"max_hp_loss":0.0,"gold_gain":0.0,"event_name":"Back to Basics","player_choice":"Elegance","floor":29.0,"gold_loss":0.0,"damage_taken":0.0},{"damage_healed":0,"gold_gain":0,"player_choice":"Fight","damage_taken":0,"max_hp_gain":0,"max_hp_loss":0,"event_name":"Colosseum","floor":30,"gold_loss":0},{"damage_healed":0,"gold_gain":0,"player_choice":"Fought Nobs","damage_taken":0,"max_hp_gain":0,"max_hp_loss":0,"event_name":"Colosseum","floor":30,"gold_loss":0}],"is_beta":false,"boss_relics":[{"not_picked":["Snecko Eye","Coffee Dripper"],"picked":"Empty Cage"}],"items_purged_floors":[],"is_endless":false,"potions_floor_spawned":[14,16,18,20,21,30],"killed_by":"Colosseum Nobs","ascension_level":20}}