{"host":"dy2mvl2vp3whj21p","time":1613829087,"event":{"mods":["ATMod(°¢èªMod)","Act Like it!","BaseMod","Better Vampires","Colored Powertips","Gensokyo","Highlight Path","KinomotoSakuraMod(Ä¾Ö®±¾Ó£)","Minty Spire (QoL Compilation)","MostiFishMod","Quick Restart","Shop Mod","StSLib","noobMod"],"gold_per_floor":[109,109,109,126,20,51,51,378,378,378,404,416,445,474,486,596,658,684,713,725,737,674,699,699,726,753,753,753,766,791,791,791,891,891,904,779,790,1106,1026,1026,1094,1094,1171,1171,1171,1386,1386,1413,1413,1413,1413,1413,18,52,52],"floor_reached":56,"language":"ZHS","playtime":3498,"items_purged":["ClowCardTheShield","ClowCardTheSword+1","Gensokyo:TekeTeke+1"],"score":1722,"play_id":"6008c96d-922d-43ef-98d9-1c1e2c88dcd8","local_time":"20210220215127","is_ascension_mode":true,"campfire_choices":[{"floor":10.0,"key":"DIG"},{"floor":12.0,"key":"DIG"},{"floor":15.0,"key":"DIG"},{"floor":24.0,"key":"DIG"},{"floor":27.0,"key":"DIG"},{"floor":32.0,"key":"DIG"},{"floor":44.0,"key":"RECALL"},{"floor":49.0,"key":"DIG"},{"floor":52.0,"key":"DIG"}],"circlet_count":0,"master_deck":["SakuraCardTheShield+","SakuraCardTheSword+","ClowCardTheShield+1","ClowCardTheShield+1","SpellCardSeal+1","SpellCardRelease","AT_LightSaberMaster+1","ClowCardTheChange+1","ClowCardTheJump+1","ClowCardTheDark+1","ClowCardTheFlower+1","ClowCardTheFly+1","ClowCardTheFloat+1","ClowCardTheDash+1","ClowCardTheLight+1","ClowCardTheFight+1"],"relics":["KSMOD_SealedBook","KSMOD_SealedWand","ice","AT_ATBox","DaveBox","NeowsBlessing","DSteel32","SynthV:TestCard","Gensokyo:PortableGap","AT_GreenNoBalance","Turnip","AT_BellDemon","Bird Faced Urn","AT_SeraphEmbrace","Vajra","KSMOD_MoonBell","Pen Nib","The Courier","Bag of Preparation","AT_GoldPhoenixTree","AT_RedTearstoneRing","Mercury Hourglass","AT_ForceNature","ChiXiaoBlade","HornCleat","KSMOD_TeddyBear","InkBottle","Gensokyo:EmptyGrave","TungstenRod","Smiling Mask","MerchantsRug","Strawberry","FossilizedHelix","KSMOD_TouyasBicycle","Bag of Marbles","TimeFreeze","AT_BellowingDragoncrestRing","Boot","Lantern","Mummified Hand","Oddly Smooth Stone","ImprovedEquipment","Torii","Anchor","ThornShield","AT_BladeRuinedKing","Happy Flower","Ginger","Lizard Tail"],"acts_visited":["Gensokyo:Gensokyo","Gensokyo:Gensokyoer","Gensokyo:Gensokyoest","TheEnding"],"potions_floor_usage":[],"damage_taken":[{"damage":0.0,"enemies":"Gensokyo:3_Fairies","floor":1.0,"turns":3.0},{"damage":0.0,"enemies":"Gensokyo:Python","floor":4.0,"turns":2.0},{"damage":3.0,"enemies":"Gensokyo:Mamizou","floor":6.0,"turns":5.0},{"damage":23.0,"enemies":"Gensokyo:Aya","floor":8.0,"turns":6.0},{"damage":1.0,"enemies":"Gensokyo:Cirno","floor":11.0,"turns":9.0},{"damage":22.0,"enemies":"Gensokyo:Gryphon","floor":13.0,"turns":4.0},{"damage":5.0,"enemies":"Gensokyo:Kitsune","floor":14.0,"turns":3.0},{"damage":13.0,"enemies":"Gensokyo:Yukari","floor":16.0,"turns":5.0},{"damage":23.0,"enemies":"Gensokyo:CosmicMonolith","floor":18.0,"turns":4.0},{"damage":29.0,"enemies":"Gensokyo:3_Dogs","floor":19.0,"turns":2.0},{"damage":93.0,"enemies":"Gensokyo:Reisen","floor":23.0,"turns":8.0},{"damage":37.0,"enemies":"Gensokyo:Koishi","floor":25.0,"turns":4.0},{"damage":0.0,"enemies":"Gensokyo:Wraith","floor":29.0,"turns":3.0},{"damage":0.0,"enemies":"Gensokyo:Reisen","floor":30.0,"turns":2.0},{"damage":0.0,"enemies":"Gensokyo:Kaguya","floor":33.0,"turns":2.0},{"damage":0.0,"enemies":"Gensokyo:AncientGuardian","floor":35.0,"turns":1.0},{"damage":0.0,"enemies":"Gensokyo:3_Boulders","floor":37.0,"turns":3.0},{"damage":107.0,"enemies":"Gensokyo:Sharpion","floor":38.0,"turns":5.0},{"damage":0.0,"enemies":"Gensokyo:Dusk_and_Dawn","floor":46.0,"turns":3.0},{"damage":85.0,"enemies":"Gensokyo:Marisa","floor":48.0,"turns":2.0},{"damage":13.0,"enemies":"Gensokyo:Scarlet_Devils","floor":50.0,"turns":7.0},{"damage":0,"enemies":"Shield and Spear","floor":54,"turns":1},{"damage":0,"enemies":"The Heart","floor":55,"turns":4}],"seed_played":"-1704150793564098179","potions_obtained":[{"floor":4.0,"key":"Swift Potion"},{"floor":11.0,"key":"GamblersBrew"},{"floor":13.0,"key":"Dexterity Potion"},{"floor":19.0,"key":"BlessingOfTheForge"},{"floor":29.0,"key":"EssenceOfSteel"},{"floor":35.0,"key":"Weak Potion"},{"floor":46.0,"key":"GamblersBrew"}],"is_trial":false,"path_per_floor":["M","?","?","M","COS","E","?","E","T","R","E","R","M","M","R","B",null,"M","M","?","?","$","E","R","E","T","R","?","M","E","?","R","B",null,"M","COS","M","M","$","?","T","?","T","R","?","M","T","E","R","B",null,"R","$","E","B",null],"character_chosen":"KINOMOTOSAKURA","items_purchased":["MerchantsRug","Strawberry","FossilizedHelix","KSMOD_TouyasBicycle","Bag of Marbles","TimeFreeze","AT_BellowingDragoncrestRing","Boot","Lantern","Mummified Hand","Oddly Smooth Stone","ImprovedEquipment","Torii","Anchor","ThornShield","AT_BladeRuinedKing","Happy Flower"],"campfire_rested":0,"item_purchase_floors":[53,53,53,53,53,53,53,53,53,53,53,53,53,53,53,53,53],"current_hp_per_floor":[70,70,70,70,70,67,63,40,40,40,33,33,12,29,29,29,65,19,13,13,13,13,11,11,6,6,6,6,43,53,53,53,65,68,68,68,68,26,41,41,41,41,41,41,41,55,55,35,45,47,80,80,87,87,87],"gold":52,"neow_bonus":"THREE_ENEMY_KILL","is_daily":false,"chose_seed":false,"campfire_upgraded":0,"win_rate":0.0,"timestamp":1613829087,"path_taken":["M","?","?","M","COS","E","?","E","T","R","E","R","M","?","R","BOSS","M","M","?","?","$","E","R","E","T","R","?","?","E","?","R","BOSS","M","COS","?","M","$","?","?","?","T","R","?","?","?","E","R","BOSS","R","$","E","BOSS"],"items_purchased_type":["Relic","Relic","Relic","Relic","Relic","Relic","Relic","Relic","Relic","Relic","Relic","Relic","Relic","Relic","Relic","Relic","Relic"],"build_version":"2020-12-22","purchased_purges":3,"victory":true,"max_hp_per_floor":[70,70,70,70,70,70,63,63,60,60,60,60,60,60,60,60,65,65,65,65,65,65,67,67,70,70,70,67,71,73,66,66,68,68,68,68,68,69,69,66,66,66,66,66,61,63,63,68,78,80,80,80,87,87,87],"card_choices":[{"not_picked":["ClowCardTheShot","ClowCardTheLoop"],"picked":"ClowCardTheChange","floor":1.0},{"not_picked":["ClowCardTheLittle","ClowCardTheChange","ClowCardTheStorm","ClowCardTheArrow"],"picked":"ClowCardTheJump","floor":3.0},{"not_picked":["ClowCardTheIllusion","ClowCardTheChange","ClowCardTheSnow","ClowCardTheLock"],"picked":"ClowCardTheCreate","floor":3.0},{"not_picked":["ClowCardTheErase","ClowCardTheRain","ClowCardTheMaze","ClowCardTheChange","ClowCardTheVoice"],"picked":"SKIP","floor":4.0},{"not_picked":["ClowCardTheDream","ClowCardTheLoop","ClowCardTheGlow","ClowCardTheSweet"],"picked":"ClowCardTheDark","floor":6.0},{"not_picked":["ClowCardTheMist","ClowCardTheReturn","ClowCardTheMove","ClowCardTheFirey"],"picked":"ClowCardTheFlower","floor":8.0},{"not_picked":["ClowCardThePower","ClowCardTheFreeze","ClowCardTheChange","ClowCardTheRain","ClowCardTheFirey"],"picked":"SKIP","floor":11.0},{"not_picked":["ClowCardTheFlower","ClowCardTheWood","ClowCardTheChange","ClowCardTheStorm"],"picked":"ClowCardTheFly","floor":13.0},{"not_picked":["ClowCardTheShot","ClowCardTheMove","ClowCardTheSong","ClowCardTheBig","ClowCardTheFlower"],"picked":"SKIP","floor":13.0},{"not_picked":["ClowCardTheDream","ClowCardTheBig","ClowCardTheShadow","ClowCardTheBubbles"],"picked":"ClowCardTheFloat","floor":14.0},{"not_picked":["ClowCardTheErase","ClowCardTheSleep","ClowCardTheMirror","ClowCardTheMaze","ClowCardTheIllusion"],"picked":"SKIP","floor":14.0},{"not_picked":["ClowCardTheDark","ClowCardTheReturn","ClowCardTheThunder","ClowCardTheTwin"],"picked":"ClowCardTheDash","floor":16.0},{"not_picked":["ClowCardTheRain+1","ClowCardTheSilent","ClowCardTheErase","ClowCardTheSnow+1","ClowCardTheDream"],"picked":"SKIP","floor":18.0},{"not_picked":["ClowCardThePower","ClowCardTheMirror","ClowCardTheTwin","ClowCardTheErase","ClowCardTheChange"],"picked":"SKIP","floor":18.0},{"not_picked":["ClowCardTheCloud","ClowCardTheWood","ClowCardTheFly","ClowCardTheMist","ClowCardTheSleep+1"],"picked":"SKIP","floor":19.0},{"not_picked":["ClowCardTheLoop+1","ClowCardTheFlower","ClowCardTheBubbles","ClowCardTheMove","ClowCardTheVoice+1"],"picked":"SKIP","floor":19.0},{"not_picked":["ClowCardTheFly","ClowCardTheShadow","ClowCardTheFlower","ClowCardThePower+1","ClowCardTheMirror+1"],"picked":"SKIP","floor":23.0},{"not_picked":["ClowCardTheFirey","ClowCardTheArrow+1","ClowCardTheDark","ClowCardTheFly","ClowCardTheLibra"],"picked":"SKIP","floor":25.0},{"not_picked":["ClowCardTheArrow+1","ClowCardTheDream","ClowCardTheRain+1","ClowCardTheChange+1","ClowCardTheFloat"],"picked":"SKIP","floor":29.0},{"not_picked":["ClowCardTheSnow","ClowCardTheStorm","ClowCardTheFly","ClowCardTheSong","ClowCardTheSleep"],"picked":"SKIP","floor":29.0},{"not_picked":["ClowCardTheMirror","ClowCardTheWave","ClowCardTheJump","ClowCardThePower","ClowCardTheTwin"],"picked":"SKIP","floor":30.0},{"not_picked":["Gensokyo:TurboGranny","Gensokyo:RedCapeBlueCape","Gensokyo:Kunekune","Gensokyo:SpontaneousHumanCombustion"],"picked":"Gensokyo:TekeTeke","floor":31.0},{"not_picked":["ClowCardTheThunder","ClowCardTheThrough","ClowCardTheTwin","ClowCardTheReturn"],"picked":"ClowCardTheLight","floor":33.0},{"not_picked":["ClowCardTheIllusion+1","ClowCardTheMirror","ClowCardTheSleep+1","ClowCardTheMaze+1","ClowCardTheLoop+1"],"picked":"SKIP","floor":35.0},{"not_picked":["ClowCardTheWood+1","ClowCardTheVoice","ClowCardTheErase","ClowCardTheIllusion","ClowCardTheReturn"],"picked":"SKIP","floor":35.0},{"not_picked":["ClowCardTheErase","ClowCardTheFirey+1","ClowCardTheVoice+1","ClowCardTheSilent+1","ClowCardTheIllusion"],"picked":"SKIP","floor":37.0},{"not_picked":["ClowCardTheFly","ClowCardTheLittle","ClowCardTheSong+1","ClowCardTheLibra","ClowCardTheBubbles+1"],"picked":"SKIP","floor":37.0},{"not_picked":["ClowCardTheMove","ClowCardTheSand+1","ClowCardTheArrow+1","ClowCardTheSweet"],"picked":"ClowCardTheCreate","floor":38.0},{"not_picked":["ClowCardTheFlower","ClowCardTheSleep+1","ClowCardTheEarthy","ClowCardTheWatery+1","ClowCardTheBubbles+1"],"picked":"SKIP","floor":38.0},{"not_picked":["ClowCardTheErase+1","ClowCardTheSweet","ClowCardTheLoop","ClowCardTheChange","ClowCardTheShadow"],"picked":"SKIP","floor":46.0},{"not_picked":["ClowCardTheMirror+1","ClowCardTheSweet","ClowCardTheSilent","ClowCardTheStorm+1","ClowCardTheRain+1"],"picked":"SKIP","floor":46.0},{"not_picked":["ClowCardTheFloat","ClowCardTheBig","ClowCardTheMist+1","ClowCardTheShadow+1","ClowCardTheWood+1","ClowCardTheDream+1"],"picked":"SKIP","floor":48.0},{"not_picked":["ClowCardTheArrow+1","ClowCardTheVoice+1","ClowCardTheStorm","ClowCardTheEarthy","ClowCardTheRain"],"picked":"SKIP","floor":54}],"player_experience":1136275,"relics_obtained":[{"floor":1.0,"key":"SynthV:TestCard"},{"floor":6.0,"key":"Shovel"},{"floor":8.0,"key":"Prayer Wheel"},{"floor":9.0,"key":"HollowDreamFlower"},{"floor":10.0,"key":"AT_SilverBalance"},{"floor":11.0,"key":"MawBank"},{"floor":12.0,"key":"AT_BellDemon"},{"floor":13.0,"key":"DaCapo"},{"floor":14.0,"key":"Bird Faced Urn"},{"floor":15.0,"key":"AT_SunfireAegis"},{"floor":16.0,"key":"AT_ArchangelStaff"},{"floor":16.0,"key":"Vajra"},{"floor":16.0,"key":"KSMOD_MoonBell"},{"floor":18.0,"key":"Pen Nib"},{"floor":19.0,"key":"Potion Belt"},{"floor":23.0,"key":"The Courier"},{"floor":23.0,"key":"War Paint"},{"floor":24.0,"key":"Bag of Preparation"},{"floor":25.0,"key":"StrikeDummy"},{"floor":25.0,"key":"AT_GoldPhoenixTree"},{"floor":27.0,"key":"AT_RedTearstoneRing"},{"floor":29.0,"key":"Mercury Hourglass"},{"floor":30.0,"key":"AT_Manta"},{"floor":30.0,"key":"Tiny Chest"},{"floor":32.0,"key":"SynthV:C4"},{"floor":33.0,"key":"AT_ForceNature"},{"floor":35.0,"key":"Matryoshka"},{"floor":37.0,"key":"HornCleat"},{"floor":38.0,"key":"MealTicket"},{"floor":41.0,"key":"KSMOD_TeddyBear"},{"floor":41.0,"key":"Bottled Tornado"},{"floor":43.0,"key":"Blood Vial"},{"floor":43.0,"key":"InkBottle"},{"floor":46.0,"key":"Question Card"},{"floor":47.0,"key":"White Beast Statue"},{"floor":48.0,"key":"Darkstone Periapt"},{"floor":48.0,"key":"Smiling Mask"},{"floor":48.0,"key":"CaptainsWheel"},{"floor":49.0,"key":"Pear"},{"floor":52.0,"key":"AT_GuinsooRageblade"},{"floor":54,"key":"Ginger"},{"floor":54,"key":"Lizard Tail"}],"event_choices":[],"is_beta":false,"boss_relics":[{"not_picked":["Snecko Eye","Pandora\u0027s Box"],"picked":"Tiny House"},{"not_picked":["NightmareShop","TimeKeys"],"picked":"ChiXiaoBlade"}],"items_purged_floors":[22,39,53],"is_endless":false,"potions_floor_spawned":[4,11,13,14,19,29,35,46,48],"ascension_level":1}}