{"host":"bvp2uifzy1c463d9","time":1613857765,"event":{"mods":["AchievementEnabler","BaseMod","Better Note","Block Reminder","Bossed Relics","Colored Map","Colored Powertips","Highlight Path","Minty Spire (QoL Compilation)","Relic Sorter","Relic Stats","Replay The Spire","StSLib"],"gold_per_floor":[110,121,141,74,74,104,104,104,104,136,155,175,202,217,217,321,321,341,341,289,299,72,72,103,103,103,137,137,137,162,173,173,173,173],"floor_reached":33,"language":"ENG","playtime":1575,"items_purged":["Strike_G"],"score":388,"play_id":"049d810d-eff9-4fee-952b-3f6fdf579dc5","local_time":"20210220154925","is_ascension_mode":true,"campfire_choices":[{"data":"Distraction","floor":7,"key":"SMITH"},{"floor":15,"key":"REST"},{"data":"1","floor":23,"key":"LIFT"},{"floor":25,"key":"REST"},{"data":"Malaise","floor":32,"key":"SMITH"}],"circlet_count":0,"master_deck":["Strike_G","Strike_G","Strike_G","Defend_G","Defend_G","Defend_G","Defend_G","Defend_G","Survivor","Neutralize+1","Distraction+1","Well Laid Plans","Slice","Tactician","Poisoned Stab","Prepared","Dodge and Roll","Corpse Explosion","Backstab","Deadly Poison","Malaise+1","Catalyst","Deadly Poison","Bane","Underhanded Strike","Calculated Gamble","All Out Attack+1"],"relics":["Ring of the Snake","Replay:Wax Seal","Girya","TungstenRod","Lizard Tail","Astrolabe","Sling","Blue Candle","Replay:Accelerometer","Akabeko","Vajra","Blue Doll"],"acts_visited":["Exordium","TheCity"],"potions_floor_usage":[24,30,31,31],"damage_taken":[{"damage":0,"enemies":"Cultist","floor":1,"turns":4},{"damage":0,"enemies":"Small Slimes","floor":2,"turns":3},{"damage":1,"enemies":"Jaw Worm","floor":3,"turns":3},{"damage":35,"enemies":"Lagavulin","floor":6,"turns":12},{"damage":29,"enemies":"Gremlin Nob","floor":10,"turns":5},{"damage":7,"enemies":"Blue Slaver","floor":11,"turns":4},{"damage":8,"enemies":"Exordium Wildlife","floor":12,"turns":5},{"damage":8,"enemies":"Lagavulin","floor":13,"turns":7},{"damage":0,"enemies":"3 Louse","floor":14,"turns":2},{"damage":27,"enemies":"Fading Forest","floor":16,"turns":11},{"damage":15,"enemies":"Spheric Guardian","floor":18,"turns":7},{"damage":3,"enemies":"Chosen","floor":21,"turns":5},{"damage":45,"enemies":"Gremlin Leader","floor":24,"turns":7},{"damage":11,"enemies":"Book of Stabbing","floor":27,"turns":7},{"damage":16,"enemies":"Gremlin Leader","floor":30,"turns":6},{"damage":6,"enemies":"Snake Plant","floor":31,"turns":3},{"damage":33,"enemies":"Champ","floor":33,"turns":5}],"seed_played":"-4269342611568203366","potions_obtained":[{"floor":1,"key":"Strength Potion"},{"floor":2,"key":"Reflective Coating"},{"floor":6,"key":"Explosive Potion"},{"floor":14,"key":"SteroidPotion"},{"floor":27,"key":"EssenceOfSteel"}],"is_trial":false,"path_per_floor":["M","M","M","$","?","E","R","?","T","E","M","M","E","M","R_BF","B",null,"M","?","$","M","$","R","E","R","T","E","T","?","E","M","R","B"],"character_chosen":"THE_SILENT","items_purchased":["Tactician","Bane","Sling"],"campfire_rested":2,"item_purchase_floors":[4,20,22],"current_hp_per_floor":[70,70,69,69,62,27,27,70,70,41,34,26,18,18,39,26,70,55,55,55,52,52,52,7,28,28,17,17,17,1,31,31,0,0],"gold":173,"neow_bonus":"UPGRADE_CARD","is_daily":false,"chose_seed":false,"campfire_upgraded":2,"win_rate":0.0,"timestamp":1613857765,"path_taken":["M","M","M","?","?","E","R","?","T","E","M","?","E","M","R_BF","BOSS","M","?","$","M","$","R","E","R","T","E","?","?","E","?","R","BOSS"],"items_purchased_type":["Card","Card","Relic"],"build_version":"2020-12-22","purchased_purges":1,"victory":false,"max_hp_per_floor":[70,70,70,70,70,70,70,70,70,70,70,70,70,70,70,70,70,70,70,70,70,70,70,70,70,70,70,70,70,70,70,70,70,70],"relic_stats":{"Lizard Tail":35,"counters":[17,96],"Astrolabe":[],"Blue Candle":[0],"obtain_stats":[{"Girya":9,"Replay:Accelerometer":26,"Lizard Tail":13,"Astrolabe":17,"Blue Candle":24,"Vajra":28,"Blue Doll":30,"Replay:Wax Seal":6,"Sling":22,"TungstenRod":10,"Akabeko":27,"Ring of the Snake":0},{"Girya":4,"Replay:Accelerometer":13,"Lizard Tail":8,"Astrolabe":10,"Blue Candle":13,"Vajra":14,"Blue Doll":15,"Replay:Wax Seal":4,"Sling":12,"TungstenRod":5,"Akabeko":14,"Ring of the Snake":0},{"Girya":22,"Replay:Accelerometer":75,"Lizard Tail":43,"Astrolabe":56,"Blue Candle":75,"Vajra":82,"Blue Doll":88,"Replay:Wax Seal":22,"Sling":68,"TungstenRod":27,"Akabeko":82,"Ring of the Snake":0}],"TungstenRod":30,"Ring of the Snake":[34]},"card_choices":[{"not_picked":["Poisoned Stab","Bane"],"picked":"Distraction","floor":1},{"not_picked":["Sucker Punch","Flying Knee"],"picked":"Well Laid Plans","floor":2},{"not_picked":["Bane","Finisher"],"picked":"Slice","floor":3},{"not_picked":["Caltrops","Quick Slash"],"picked":"Poisoned Stab","floor":6},{"not_picked":["Draining Mist","Sneak Up"],"picked":"Prepared","floor":10},{"not_picked":["Slice","Sucker Punch"],"picked":"Dodge and Roll","floor":11},{"not_picked":["Choke","Cloak And Dagger"],"picked":"Corpse Explosion","floor":12},{"not_picked":["Dodge and Roll","Hidden Blade"],"picked":"Backstab","floor":13},{"not_picked":["Acrobatics","Prepared"],"picked":"Deadly Poison","floor":14},{"not_picked":["ReplayTheSpireMod:From All Sides","Venomology"],"picked":"Malaise","floor":16},{"not_picked":["Underhanded Strike","Fluid Movement"],"picked":"Catalyst","floor":18},{"not_picked":["Dodge and Roll+1","Fluid Movement"],"picked":"Underhanded Strike","floor":21},{"not_picked":["Deadly Poison","Masterful Stab","Flying Knee"],"picked":"SKIP","floor":24},{"not_picked":["Caltrops","Accuracy","Prepared"],"picked":"SKIP","floor":27},{"not_picked":["Storm of Steel","Backstab"],"picked":"Calculated Gamble","floor":30},{"not_picked":["Dagger Spray","ReplayTheSpireMod:The Works"],"picked":"All Out Attack+1","floor":31}],"player_experience":252975,"relics_obtained":[{"floor":6,"key":"Replay:Wax Seal"},{"floor":9,"key":"Girya"},{"floor":10,"key":"TungstenRod"},{"floor":13,"key":"Lizard Tail"},{"floor":24,"key":"Blue Candle"},{"floor":26,"key":"Replay:Accelerometer"},{"floor":27,"key":"Akabeko"},{"floor":28,"key":"Vajra"},{"floor":30,"key":"Blue Doll"}],"event_choices":[{"cards_removed":["Strike_G"],"damage_healed":0,"gold_gain":0,"player_choice":"Card Removal","damage_taken":7,"max_hp_gain":0,"max_hp_loss":0,"event_name":"Golden Wing","floor":5,"gold_loss":0},{"damage_healed":43,"gold_gain":0,"player_choice":"Full Heal","damage_taken":0,"max_hp_gain":0,"max_hp_loss":0,"event_name":"Wheel of Change","floor":8,"gold_loss":0},{"damage_healed":0,"gold_gain":0,"player_choice":"Read","damage_taken":0,"max_hp_gain":0,"max_hp_loss":0,"event_name":"The Library","floor":19,"gold_loss":0,"cards_obtained":["Deadly Poison"]}],"is_beta":false,"boss_relics":[{"not_picked":["Ring of the Serpent","Runic Pyramid"],"picked":"Astrolabe"}],"items_purged_floors":[22],"is_endless":false,"potions_floor_spawned":[1,2,6,14,18,27],"killed_by":"Champ","ascension_level":4}}