{"host":"gk9qdtkqd8dwfeg2","time":1613824511,"event":{"mods":["ATMod(°¢èªMod)","Act Like it!","Aspiration","BaseMod","Colored Powertips","Gensokyo","Minty Spire (QoL Compilation)","Quick Restart","Reimu£¨²©ÀöÁéÃÎ£©","Remilia£¨ÀÙÃ×ÀòÑÇ£©","Shop Mod","StSLib","TestMod","The Servant 0.9.4","Waifu the Spire","Youmu£¨»êÆÇÑýÃÎ£©"],"gold_per_floor":[117,136,156,86,104,155,155,185,185,185,237,167,202,222,222,317,317,330,330,330,340,111,146,165,200,224,257,257,257,257,657,657,757,757,767,767,767,767,46,78,78,166,166,49,90,194,153,243,243,268,268,268,3,79,104],"floor_reached":56,"language":"ZHS","playtime":2880,"items_purged":["Defend_RM","Strike_RM"],"score":1837,"play_id":"4cd5c302-57e7-4ecd-b827-4b05a3b7de7d","local_time":"20210220203511","is_ascension_mode":true,"campfire_choices":[{"data":"AT_FamilyPortrait","floor":7.0,"key":"SMITH"},{"data":"DemonKingCradle","floor":10.0,"key":"SMITH"},{"data":"Septette","floor":15.0,"key":"SMITH"},{"floor":28,"key":"REST"},{"data":"ScarletMeister","floor":32,"key":"SMITH"},{"data":"ScarletImprint","floor":41,"key":"SMITH"},{"floor":49,"key":"RECALL"},{"data":"1","floor":52,"key":"LIFT"}],"circlet_count":0,"master_deck":["Strike_RM+1","Defend_RM+1","Defend_RM+1","RedMoon","ScarletShoot+1","AT_FamilyPortrait+1","LeisurelyOfLord+1","MastersStateliness","BloodRain+1","NightDance","DemonKingCradle+1","ChainGang+1","FitfulNightmare","Septette+1","ScarletCoffin+1","CharismaGuard+1","Escape Plan+1","AT_WindFlip+1","BloodAndWine+1","DiffusionOfMisfortune+1","ScarletMeister+1","ScarletImprint+1","Gensokyo:MedicineKit","MastersStateliness+1"],"relics":["ScarletHat","AT_ATBox","testmod-ChristmasGift","NeowsBlessing","testmod-CasingShield","Blue Candle","aspiration:HummingbirdHeart","AT_ChloranthyRing","testmod-RandomTest","testmod-IncinerationGenerator","Gensokyo:MosesMiracle","MerchantsRug","TypeBBloodRedTea","Juzu Bracelet","Girya","testmod-IndustrialRevolution","Bag of Preparation","Gensokyo:SongOfSouls","testmod-TimeTraveler","Ancient Tea Set","PureWhite:ReiMu","Chemical X","Kunai","AT_MibuBalloonWealth","testmod-Muramasa","Blood Vial","The Courier","Eternal Feather","Turnip","OrangePellets","Pantograph","AT_RabadonDeathcap","Dream Catcher","Anchor","AT_RedTearstoneRing"],"acts_visited":["Exordium","Gensokyo:Gensokyo","Gensokyo:Gensokyoer","TheEnding"],"potions_floor_usage":[21,21,21,23,23,23,24,24,24,27,27,27,33,33,33,33,33,40,40,40,40,40,42,42,42,42,46,46,46,46,46,50,50,50,50,50,50,50,53,55,55,55,55,55,55,55,55,55,55,55],"damage_taken":[{"damage":0.0,"enemies":"Gensokyo:Gryphon","floor":1.0,"turns":1.0},{"damage":0.0,"enemies":"Gensokyo:2_Kodama","floor":2.0,"turns":1.0},{"damage":0.0,"enemies":"Gensokyo:3_Fairies","floor":3.0,"turns":1.0},{"damage":0.0,"enemies":"Gensokyo:2_Rabbits","floor":5.0,"turns":5.0},{"damage":30.0,"enemies":"Gensokyo:Aya","floor":6.0,"turns":6.0},{"damage":25.0,"enemies":"Gensokyo:Mamizou","floor":8.0,"turns":9.0},{"damage":13.0,"enemies":"Gensokyo:Aya","floor":11.0,"turns":8.0},{"damage":5.0,"enemies":"Gensokyo:Cirno","floor":13.0,"turns":5.0},{"damage":0.0,"enemies":"Gensokyo:Gryphon_and_Rabbit","floor":14.0,"turns":3.0},{"damage":0.0,"enemies":"Gensokyo:Kokoro","floor":16.0,"turns":8.0},{"damage":0.0,"enemies":"Gensokyo:2_Gloops","floor":18.0,"turns":2.0},{"damage":3,"enemies":"Gensokyo:3_Dogs","floor":21,"turns":6},{"damage":7,"enemies":"Gensokyo:Reisen","floor":23,"turns":5},{"damage":3,"enemies":"Gensokyo:Slime_Group","floor":24,"turns":4},{"damage":3,"enemies":"Gensokyo:Tenshi","floor":25,"turns":5},{"damage":83,"enemies":"Gensokyo:Koishi","floor":27,"turns":4},{"damage":0,"enemies":"Gensokyo:Eternal_Rivals","floor":33,"turns":5},{"damage":3,"enemies":"Gensokyo:AncientGuardian","floor":35,"turns":5},{"damage":0,"enemies":"Gensokyo:Doremy","floor":40,"turns":3},{"damage":0,"enemies":"Gensokyo:3_Bats","floor":42,"turns":4},{"damage":11,"enemies":"Gensokyo:SeedOfUnknown","floor":45,"turns":3},{"damage":3,"enemies":"Gensokyo:Kasen","floor":46,"turns":3},{"damage":0,"enemies":"Gensokyo:3_Boulders","floor":48,"turns":4},{"damage":69,"enemies":"Gensokyo:Scarlet_Devils","floor":50,"turns":4},{"damage":0,"enemies":"Shield and Spear","floor":54,"turns":1},{"damage":150,"enemies":"The Heart","floor":55,"turns":4}],"seed_played":"-1379164023743911592","potions_obtained":[{"floor":1.0,"key":"Weak Potion"},{"floor":6.0,"key":"SpeedPotion"},{"floor":13.0,"key":"Explosive Potion"},{"floor":14.0,"key":"BlessingOfTheForge"},{"floor":16.0,"key":"ZuzhouPotion:ReiMu"},{"floor":21,"key":"testmod-TestPotion"},{"floor":33,"key":"Dexterity Potion"},{"floor":35,"key":"SpeedPotion"},{"floor":40,"key":"Ancient Potion"},{"floor":42,"key":"Strength Potion"},{"floor":42,"key":"PowerPotion"},{"floor":48,"key":"MagicPotion:ReiMu"}],"is_trial":false,"path_per_floor":["M","M","M","?","M","E","R","E","T","R","E","?","E","M","R","B",null,"M","?","?","M","$","E","M","E","T","E","R","?","?","?","R","B",null,"M","?","?","?","$","E","R","M","T","$","M","E","COS","M","R","B",null,"R","$","E","B",null],"character_chosen":"REMILIA","items_purchased":["MerchantsRug","PureWhite:ReiMu","Chemical X","Kunai","OrangePellets","testmod-SpacePotion","AttackPotion","Fire Potion","FearPotion"],"campfire_rested":1,"item_purchase_floors":[22,39,39,39,44,53,53,53,53],"current_hp_per_floor":[75,75,75,75,75,53,53,51,51,51,47,47,46,54,54,75,75,75,75,75,75,75,75,75,74,74,2,24,24,24,24,24,66,75,75,75,75,75,75,75,75,75,75,75,75,75,75,75,75,75,75,75,75,75,78],"gold":104,"neow_bonus":"THREE_ENEMY_KILL","is_daily":false,"chose_seed":false,"campfire_upgraded":5,"win_rate":0.0,"timestamp":1613824511,"path_taken":["M","M","M","?","M","E","R","E","T","R","E","?","E","M","R","BOSS","M","?","?","?","?","E","M","E","T","E","R","?","?","?","R","BOSS","M","?","?","?","$","E","R","M","T","?","M","E","COS","M","R","BOSS","R","$","E","BOSS"],"items_purchased_type":["Relic","Relic","Relic","Relic","Relic","Potion","Potion","Potion","Potion"],"build_version":"2020-12-22","purchased_purges":2,"victory":true,"max_hp_per_floor":[75,75,75,75,75,75,75,75,75,75,75,75,75,75,75,75,75,75,75,75,75,75,75,75,75,75,75,75,75,75,75,75,75,75,75,75,75,75,75,75,75,75,75,75,75,75,75,75,75,75,75,75,75,75,78],"card_choices":[{"not_picked":["RedRainbow","DiffusionOfMisfortune"],"picked":"LeisurelyOfLord","floor":1.0},{"not_picked":["NightDance","CharismaGuard"],"picked":"MastersStateliness","floor":2.0},{"not_picked":["ScarletSymphony","BombardNight"],"picked":"BloodRain","floor":3.0},{"not_picked":["BloodHunter","Septette"],"picked":"NightDance","floor":5.0},{"not_picked":["VampireClaw","BloodyMagicSquare"],"picked":"DemonKingCradle","floor":6.0},{"not_picked":["UnderTheZenith","ScarletDevilSign"],"picked":"ChainGang","floor":8.0},{"not_picked":["BloodyMagicSquare","EndlessAdversity"],"picked":"FitfulNightmare","floor":11.0},{"not_picked":["UnderTheZenith","ScarletDevil"],"picked":"Septette","floor":13.0},{"not_picked":["EndlessAdversity","UnderTheZenith","Maim"],"picked":"SKIP","floor":14.0},{"not_picked":["TricksterDevil","EquivalentExchange"],"picked":"ScarletCoffin","floor":16.0},{"not_picked":["UnstableMagic","ReincarnationDial"],"picked":"CharismaGuard","floor":18.0},{"not_picked":["LeisurelyOfLord","DevilSight"],"picked":"BloodAndWine","floor":21},{"not_picked":["VampireFantasy+1","UnderTheZenith+1"],"picked":"DiffusionOfMisfortune+1","floor":23},{"not_picked":["ScarletDevil","BombardNight","ScarletImprint"],"picked":"SKIP","floor":24},{"not_picked":["UnderTheZenith","DiffusionOfMisfortune","MastersStateliness"],"picked":"SKIP","floor":25},{"not_picked":["VampireKiss+1","BloodyMagicSquare"],"picked":"ScarletMeister","floor":27},{"not_picked":["BombardNight+1","VampireSweep+1"],"picked":"ScarletImprint","floor":35},{"not_picked":["ScarletImprint","RedRainbow","ScarletDevilSign+1"],"picked":"SKIP","floor":40},{"not_picked":["BloodAndWine+1","NightDance","Stigmanizer"],"picked":"SKIP","floor":42},{"not_picked":["ForbiddenFruit","LeisurelyOfLord+1","VampireKiss+1"],"picked":"SKIP","floor":45},{"not_picked":["BloodySeventeenLaser","LeisurelyOfLord+1","BlasphemousPunishment+1"],"picked":"SKIP","floor":45},{"not_picked":["DevilSight","BloodyTrap","UnderTheZenith+1"],"picked":"SKIP","floor":46},{"not_picked":["Stigmanizer","RedMagic"],"picked":"MastersStateliness+1","floor":48},{"not_picked":["ScarletImprint+1","BombardNight","ScarletDevil+1"],"picked":"SKIP","floor":54}],"player_experience":797605,"relics_obtained":[{"floor":6.0,"key":"testmod-CasingShield"},{"floor":8.0,"key":"Blue Candle"},{"floor":11.0,"key":"aspiration:HummingbirdHeart"},{"floor":13.0,"key":"testmod-RandomTest"},{"floor":23,"key":"TypeBBloodRedTea"},{"floor":24,"key":"Juzu Bracelet"},{"floor":24,"key":"Gensokyo:MosesMiracle"},{"floor":25,"key":"Girya"},{"floor":26,"key":"testmod-IndustrialRevolution"},{"floor":27,"key":"Bag of Preparation"},{"floor":35,"key":"Ancient Tea Set"},{"floor":40,"key":"AT_MibuBalloonWealth"},{"floor":40,"key":"testmod-Muramasa"},{"floor":42,"key":"Blood Vial"},{"floor":42,"key":"The Courier"},{"floor":42,"key":"Eternal Feather"},{"floor":43,"key":"Turnip"},{"floor":46,"key":"Pantograph"},{"floor":48,"key":"AT_RabadonDeathcap"},{"floor":48,"key":"Dream Catcher"},{"floor":54,"key":"AT_RedTearstoneRing"}],"event_choices":[{"damage_healed":0,"gold_gain":400,"player_choice":"Sell","damage_taken":0,"max_hp_gain":0,"max_hp_loss":0,"event_name":"¶÷ÂåË¹µÄÅÌ×Ó","floor":31,"relics_lost":["testmod-TestBox"],"gold_loss":0}],"is_beta":false,"boss_relics":[{"not_picked":["Runic Pyramid","Sozu"],"picked":"testmod-IncinerationGenerator"},{"not_picked":["APieceOfRedMist","aspiration:DefectSkillbook"],"picked":"testmod-TimeTraveler"}],"items_purged_floors":[22,53],"is_endless":false,"potions_floor_spawned":[1,6,13,14,16,21,23,25,33,35,42,46,48],"ascension_level":3}}