{"host":"nug5xkek4sujf8as","time":1613835791,"event":{"mods":["Act Like it!","Aspiration","BaseMod","Booster Modes","CapriCore","Colored Powertips","Conspire","Energized Spire","Gensokyo","Minty Spire (QoL Compilation)","Permanent Neow","Quick Restart","Replay The Spire","Shop Mod","Spicy Shops","StSLib","【功能Mod】混沌之环修复补丁","【遗物卡牌】REMEMod","篝火指南"],"gold_per_floor":[112,112,112,131,131,156,156,156,156,156,156],"floor_reached":10,"language":"ZHS","playtime":132,"items_purged":[],"score":168,"play_id":"09b8617c-2ffc-47b6-bf9d-3487915b0604","local_time":"20210220234311","is_ascension_mode":true,"campfire_choices":[{"data":"Wish","floor":7,"key":"SMITH"}],"circlet_count":0,"master_deck":["AscendersBane","Strike_R","Strike_R","Strike_R","Strike_R","Defend_R","Defend_R","Defend_R","Bash","Wish+1","Sword Boomerang","Shrug It Off","Sever Soul"],"relics":["Burning Blood","REME_ComplimentaryCards","NeowsBlessing","Gensokyo:LunaticRedEyes","Gensokyo:PortableGap","conspire:TopHat","Frozen Egg 2"],"acts_visited":["Gensokyo:Gensokyo"],"potions_floor_usage":[10],"damage_taken":[{"damage":0,"enemies":"Gensokyo:Gryphon","floor":1,"turns":1},{"damage":0,"enemies":"Gensokyo:Python","floor":4,"turns":1},{"damage":0,"enemies":"Gensokyo:Aya","floor":6,"turns":1},{"damage":3,"enemies":"Gensokyo:Cirno","floor":10,"turns":2}],"seed_played":"6019080465356274049","potions_obtained":[{"floor":1,"key":"Weak Potion"}],"is_trial":false,"path_per_floor":["M","?","?","M","?","E","R","$","T","E"],"character_chosen":"IRONCLAD","items_purchased":[],"campfire_rested":0,"item_purchase_floors":[],"current_hp_per_floor":[74,74,38,44,44,50,50,50,50,47,47],"gold":156,"neow_bonus":"THREE_ENEMY_KILL","is_daily":false,"chose_seed":false,"campfire_upgraded":1,"win_rate":0.0,"timestamp":1613835791,"path_taken":["M","?","?","M","?","E","R","?","T","E"],"items_purchased_type":[],"build_version":"2020-12-22","purchased_purges":0,"victory":false,"max_hp_per_floor":[75,75,75,75,64,64,64,64,64,64,64],"card_choices":[{"not_picked":["Havoc","Warcry"],"picked":"Sword Boomerang","floor":1},{"not_picked":["Rupture","ReplayTheSpireMod:Strike From Hell"],"picked":"Shrug It Off","floor":4},{"not_picked":["REME_SingleHolding","Warcry"],"picked":"Sever Soul","floor":6}],"player_experience":829522,"relics_obtained":[{"floor":6,"key":"conspire:TopHat"},{"floor":9,"key":"Frozen Egg 2"}],"event_choices":[],"is_beta":false,"boss_relics":[],"items_purged_floors":[],"is_endless":false,"potions_floor_spawned":[1],"killed_by":"Gensokyo:Cirno","ascension_level":20}}