{"host":"l2dnabsh5e0fsksb","time":1613830132,"event":{"mods":["2.2 Compatiblity","BaseMod","Downfall","Minty Spire (QoL Compilation)","Quick Restart","StSLib"],"gold_per_floor":[99,110,110,120,135,35,59,59,92,102,128,113,13,46,62,157,157,57,71,56,67,86,186,263,274,274,308,320,346,363,379,396,494,494,494,505,172,222,51,51,78,100,115,115,33,54,54,80,109,109,109,146,11,11,11,11,11,11],"floor_reached":56,"language":"ENG","playtime":4450,"items_purged":["Parasite"],"score":1224,"play_id":"cf7511c1-672d-450e-8659-091e4cf73b9c","local_time":"20210221003852","is_ascension_mode":true,"campfire_choices":[{"floor":1.0,"key":"RECALL"},{"data":"hexamod:ThermalTransfer","floor":6.0,"key":"SMITH"},{"data":"hexamod:EmpoweredFlame","floor":13.0,"key":"SMITH"},{"data":"hexamod:GiftsFromTheDead","floor":18.0,"key":"SMITH"},{"data":"hexamod:TimeOfNeed","floor":35.0,"key":"SMITH"},{"data":"hexamod:GhostOfSpirePresent","floor":44.0,"key":"SMITH"},{"data":"hexamod:Incineration","floor":47.0,"key":"SMITH"},{"floor":54.0,"key":"REST"}],"circlet_count":0,"master_deck":["AscendersBane","hexamod:Strike","hexamod:Strike+1","hexamod:Defend","hexamod:Defend","hexamod:Defend","hexamod:Sear+1","hexamod:Float","hexamod:ThermalTransfer+1","hexamod:ShieldOfDarkness","hexamod:StepThrough","hexamod:NecessarySacrifice","hexamod:SwordOfDarkness","hexamod:EmpoweredFlame+1","hexamod:ThermalTransfer","hexamod:FlamesFromBeyond","hexamod:GiftsFromTheDead+1","hexamod:WildfireWeapon+1","hexamod:GhostflameBarrier+1","hexamod:ForkedFlame","hexamod:Rewind+1","hexamod:RainOfEmbers+1","hexamod:Incineration+1","hexamod:TimeOfNeed+1","hexamod:GhostOfSpirePresent+1","hexamod:HeatMetal+1","hexamod:PhantomCloak+1","hexamod:RadiantFlame","hexamod:Hexaguard+1","hexamod:ThermalTransfer+1","hexamod:Firestarter+1","hexamod:PhantomCloak+1"],"relics":["hexamod:SpiritBrand","Meat on the Bone","downfall:HeartBlessingRed","Regal Pillow","Toy Ornithopter","downfall:HeartBlessingBlue","Singing Bowl","bronze:MakeshiftBattery","downfall:HeartBlessingGreen","Mummified Hand","hexamod:MatchstickCase","Bottled Flame","SacredBark","Incense Burner","bronze:DonusWashers","CeramicFish","Vajra","Lee\u0027s Waffle","Pear","Turnip","DollysMirror"],"acts_visited":["Exordium","TheCity","TheBeyond","TheEnding"],"potions_floor_usage":[],"damage_taken":[{"damage":2.0,"enemies":"Jaw Worm","floor":2.0,"turns":3.0},{"damage":8.0,"enemies":"Small Slimes","floor":4.0,"turns":3.0},{"damage":0.0,"enemies":"Cultist","floor":5.0,"turns":3.0},{"damage":3.0,"enemies":"Gremlin Nob","floor":9.0,"turns":3.0},{"damage":1.0,"enemies":"Exordium Wildlife","floor":10.0,"turns":4.0},{"damage":7.0,"enemies":"3 Sentries","floor":11.0,"turns":9.0},{"damage":0.0,"enemies":"downfall:FleeingMerchant","floor":12.0,"turns":4.0},{"damage":8.0,"enemies":"Gremlin Nob","floor":14.0,"turns":3.0},{"damage":1.0,"enemies":"downfall:LooterAlt","floor":15.0,"turns":3.0},{"damage":53.0,"enemies":"WA_ARCHETYPE_RETAIN","floor":16.0,"turns":9.0},{"damage":1.0,"enemies":"Shell Parasite","floor":19.0,"turns":3.0},{"damage":0.0,"enemies":"downfall:FleeingMerchant","floor":20.0,"turns":4.0},{"damage":1.0,"enemies":"3 Byrds","floor":21.0,"turns":6.0},{"damage":15.0,"enemies":"Snake Plant","floor":22.0,"turns":4.0},{"damage":13.0,"enemies":"Centurion and Healer","floor":25.0,"turns":7.0},{"damage":15.0,"enemies":"Gremlin Leader","floor":27.0,"turns":10.0},{"damage":1.0,"enemies":"Shelled Parasite and Fungi","floor":28.0,"turns":4.0},{"damage":42.0,"enemies":"Slavers","floor":29.0,"turns":4.0},{"damage":0.0,"enemies":"3 Cultists","floor":30.0,"turns":4.0},{"damage":9.0,"enemies":"Centurion and Healer","floor":31.0,"turns":5.0},{"damage":7.0,"enemies":"Snake Plant","floor":32.0,"turns":3.0},{"damage":38.0,"enemies":"IC_MUSHROOM_ARCHETYPE","floor":33.0,"turns":6.0},{"damage":8.0,"enemies":"Orb Walker","floor":36.0,"turns":3.0},{"damage":0.0,"enemies":"Orb Walker","floor":38.0,"turns":6.0},{"damage":4.0,"enemies":"downfall:FleeingMerchant","floor":39.0,"turns":4.0},{"damage":0.0,"enemies":"3 Shapes","floor":42.0,"turns":4.0},{"damage":9.0,"enemies":"Jaw Worm Horde","floor":43.0,"turns":4.0},{"damage":0.0,"enemies":"downfall:FleeingMerchant","floor":45.0,"turns":1.0},{"damage":17.0,"enemies":"Writhing Mass","floor":46.0,"turns":3.0},{"damage":0.0,"enemies":"Reptomancer","floor":48.0,"turns":6.0},{"damage":12.0,"enemies":"Maw","floor":49.0,"turns":6.0},{"damage":40.0,"enemies":"SI_POISON_ARCHETYPE","floor":50.0,"turns":15.0},{"damage":48.0,"enemies":"downfall:CharBossMerchant","floor":52.0,"turns":8.0},{"damage":109.0,"enemies":"downfall:NeowBoss","floor":55.0,"turns":27.0},{"damage":47,"enemies":"downfall:NeowBossFinal","floor":56,"turns":8}],"seed_played":"4579149201342806021","potions_obtained":[{"floor":5.0,"key":"AttackPotion"},{"floor":9.0,"key":"ColorlessPotion"},{"floor":16.0,"key":"Weak Potion"},{"floor":22.0,"key":"sneckomod:MuddlingPotion"},{"floor":25.0,"key":"Dexterity Potion"},{"floor":27.0,"key":"FearPotion"},{"floor":30.0,"key":"Dexterity Potion"},{"floor":31.0,"key":"Explosive Potion"},{"floor":36.0,"key":"DuplicationPotion"},{"floor":43.0,"key":"hexamod:DoubleChargePotion"},{"floor":46.0,"key":"Explosive Potion"},{"floor":48.0,"key":"Guardian:BlockOnCardUsePotion"}],"is_trial":false,"path_per_floor":["R","M","?","M","M","R","T","?","E","M","E","$","R","E","M","B",null,"R","M","$","M","M","?","T","M","?","E","M","E","M","M","M","B",null,"R","M","?","?","$","?","T","M","M","R","$","M","R","E","M","B",null,"E","$","R","B","B"],"character_chosen":"THE_SPIRIT","items_purchased":["bronze:DonusWashers","Vajra","Lee\u0027s Waffle","hexamod:RadiantFlame","DollysMirror"],"campfire_rested":1,"item_purchase_floors":[39,45,45,45,53],"current_hp_per_floor":[63,61,36,40,40,40,40,63,60,59,52,52,62,54,55,19,66,66,72,72,73,58,58,58,47,39,41,52,22,36,46,51,30,77,77,71,106,108,104,104,104,104,97,97,114,97,97,124,112,72,113,70,70,122,25,0,0,0],"gold":11,"neow_bonus":"UPGRADE_CARD","is_daily":false,"chose_seed":false,"campfire_upgraded":6,"win_rate":0.0,"timestamp":1613830132,"path_taken":["R","M","?","M","M","R","T","?","E","M","E","$","R","E","M","BOSS","R","M","$","M","M","?","T","M","?","E","?","E","M","M","M","BOSS","R","M","?","?","$","?","T","M","M","R","$","M","R","E","M","BOSS","E","$","R","BOSS","BOSS"],"items_purchased_type":["Relic","Relic","Relic","Card","Relic"],"build_version":"2020-12-22","purchased_purges":1,"victory":false,"max_hp_per_floor":[70,70,70,70,70,70,70,70,70,70,70,70,80,80,82,82,82,82,84,84,86,86,86,86,88,88,88,88,88,90,92,92,92,92,92,94,106,108,108,108,108,108,110,110,114,114,114,126,126,126,126,126,126,126,126,126,126,126],"card_choices":[{"not_picked":["hexamod:FastForward","hexamod:CatchUp"],"picked":"hexamod:ThermalTransfer","floor":2.0},{"not_picked":["hexamod:NightmareStrike","hexamod:Firestarter"],"picked":"hexamod:ShieldOfDarkness","floor":4.0},{"not_picked":["hexamod:ShieldOfDarkness","hexamod:RetreatToShadows"],"picked":"hexamod:StepThrough","floor":5.0},{"not_picked":["hexamod:HeatCrush","hexamod:RecurringNightmare"],"picked":"hexamod:NecessarySacrifice","floor":9.0},{"not_picked":["hexamod:InspiringFlames","hexamod:SpectersWail"],"picked":"hexamod:SwordOfDarkness","floor":10.0},{"not_picked":["hexamod:GhostShield","hexamod:Toasty"],"picked":"hexamod:EmpoweredFlame","floor":11.0},{"not_picked":["hexamod:Rewind","hexamod:NightmareStrike"],"picked":"hexamod:ThermalTransfer","floor":12.0},{"not_picked":["hexamod:SuperheatedStrike","hexamod:InspiringFlames"],"picked":"hexamod:FlamesFromBeyond","floor":14.0},{"not_picked":["hexamod:InspiringFlames","hexamod:SpectersWail","hexamod:NightmareGuise"],"picked":"Singing Bowl","floor":15.0},{"not_picked":["hexamod:UnlimitedPower","hexamod:ParanormalForm"],"picked":"hexamod:GiftsFromTheDead","floor":16.0},{"not_picked":["hexamod:NightmareStrike","hexamod:BacktrackSmack","hexamod:NightmareGuise"],"picked":"Singing Bowl","floor":19.0},{"not_picked":["hexamod:Hexaguard","hexamod:GhostShield"],"picked":"hexamod:WildfireWeapon","floor":20.0},{"not_picked":["hexamod:SoulSteal","hexamod:BurningTouch","hexamod:InspiringFlames+1"],"picked":"Singing Bowl","floor":21.0},{"not_picked":["hexamod:RetreatToShadows","hexamod:NightmareGuise+1"],"picked":"hexamod:GhostflameBarrier+1","floor":22.0},{"not_picked":["hexamod:ShieldOfDarkness+1","hexamod:SpectralSpark+1","hexamod:Incineration"],"picked":"Singing Bowl","floor":25.0},{"not_picked":["hexamod:DynamicBlow+1","hexamod:AdvancingGuard"],"picked":"hexamod:ForkedFlame","floor":27.0},{"not_picked":["hexamod:ThermalTransfer","hexamod:GhostShield+1"],"picked":"hexamod:Rewind+1","floor":28.0},{"not_picked":["hexamod:Again","hexamod:StepThrough"],"picked":"hexamod:RainOfEmbers+1","floor":29.0},{"not_picked":["hexamod:BacktrackSmack","hexamod:SpectersWail","hexamod:SuperheatedStrike+1"],"picked":"Singing Bowl","floor":30.0},{"not_picked":["hexamod:SuperheatedStrike+1","hexamod:SpectralSpark+1","hexamod:GhostShield"],"picked":"Singing Bowl","floor":31.0},{"not_picked":["hexamod:BacktrackSmack+1","hexamod:ThermalTransfer"],"picked":"hexamod:Incineration","floor":32.0},{"not_picked":["hexamod:SixthSeal","hexamod:TurnItUp"],"picked":"hexamod:TimeOfNeed","floor":33.0},{"not_picked":["hexamod:GhostLash+1","hexamod:GhostShield","hexamod:SpectralSpark"],"picked":"Singing Bowl","floor":36.0},{"not_picked":["hexamod:ShieldOfDarkness+1","hexamod:InspiringFlames+1","hexamod:AdvancingGuard"],"picked":"Singing Bowl","floor":38.0},{"not_picked":["hexamod:AdvancingGuard","hexamod:BacktrackSmack+1"],"picked":"hexamod:GhostOfSpirePresent","floor":39.0},{"not_picked":["hexamod:SpectersWail+1","hexamod:SuperheatedStrike"],"picked":"hexamod:HeatMetal+1","floor":42.0},{"not_picked":["hexamod:AdvancingGuard+1","hexamod:DynamicBlow+1","hexamod:PowerFromBeyond"],"picked":"Singing Bowl","floor":43.0},{"not_picked":["hexamod:SwordOfDarkness+1","hexamod:SoulSteal"],"picked":"hexamod:PhantomCloak+1","floor":45.0},{"not_picked":["hexamod:NightmareGuise","hexamod:NightmareStrike"],"picked":"hexamod:Hexaguard+1","floor":46.0},{"not_picked":["hexamod:SpectralAdrenaline","hexamod:SuperheatedStrike","hexamod:SkipABeat"],"picked":"Singing Bowl","floor":48.0},{"not_picked":["hexamod:NightmareGuise","hexamod:ShieldOfDarkness"],"picked":"hexamod:ThermalTransfer+1","floor":49.0},{"not_picked":["hexamod:GhostLash","hexamod:ThermalTransfer"],"picked":"hexamod:Firestarter+1","floor":52.0}],"player_experience":1953144,"relics_obtained":[{"floor":9.0,"key":"Regal Pillow"},{"floor":11.0,"key":"Toy Ornithopter"},{"floor":14.0,"key":"Singing Bowl"},{"floor":24.0,"key":"Mummified Hand"},{"floor":27.0,"key":"hexamod:MatchstickCase"},{"floor":29.0,"key":"Bottled Flame"},{"floor":38.0,"key":"Incense Burner"},{"floor":41.0,"key":"CeramicFish"},{"floor":48.0,"key":"Pear"},{"floor":52.0,"key":"Turnip"}],"event_choices":[{"damage_healed":0.0,"max_hp_gain":0.0,"max_hp_loss":0.0,"gold_gain":0.0,"event_name":"Scrap Ooze","player_choice":"Success","floor":3.0,"gold_loss":0.0,"damage_taken":25.0,"relics_obtained":["Meat on the Bone"]},{"damage_healed":23.0,"max_hp_gain":0.0,"max_hp_loss":0.0,"gold_gain":0.0,"event_name":"Big Fish","player_choice":"Banana","floor":8.0,"gold_loss":0.0,"damage_taken":0.0}],"is_beta":false,"boss_relics":[{"not_picked":["Philosopher\u0027s Stone","Pandora\u0027s Box"],"picked":"bronze:MakeshiftBattery"},{"not_picked":["Velvet Choker","Sozu"],"picked":"SacredBark"}],"items_purged_floors":[45],"is_endless":false,"potions_floor_spawned":[5,9,16,22,25,27,30,31,36,38,43,46,48],"killed_by":"downfall:NeowBossFinal","ascension_level":10}}