{"host":"i45hfqkcke4zequp","time":1613820488,"event":{"mods":["AchievementEnabler","BaseMod","BetterRewards","Minty Spire (QoL Compilation)","Permanent Neow","Shop Mod","SuperFastMode"],"gold_per_floor":[110,129,146,166,180,180,180],"floor_reached":6,"language":"KOR","playtime":711,"items_purged":[],"score":66,"play_id":"c8440fc0-3ca1-4dff-bb53-2c6f09ac92bb","local_time":"20210220202808","is_ascension_mode":true,"campfire_choices":[],"circlet_count":0,"master_deck":["AscendersBane","Strike_G","Strike_G","Strike_G","Strike_G","Strike_G","Defend_G","Defend_G","Defend_G","Defend_G","Defend_G","Survivor","Neutralize","Noxious Fumes","Terror","Poisoned Stab","Poisoned Stab","Deflect","Sucker Punch","Underhanded Strike"],"relics":["Ring of the Snake","Tough Bandages","Eternal Feather","ClockworkSouvenir","Mummified Hand","Blue Candle"],"acts_visited":["Exordium"],"potions_floor_usage":[5],"damage_taken":[{"damage":0,"enemies":"2 Louse","floor":1,"turns":3},{"damage":0,"enemies":"Small Slimes","floor":2,"turns":3},{"damage":6,"enemies":"Cultist","floor":3,"turns":3},{"damage":7,"enemies":"3 Louse","floor":4,"turns":3},{"damage":4,"enemies":"Exordium Thugs","floor":5,"turns":5},{"damage":22,"enemies":"3 Sentries","floor":6,"turns":4}],"seed_played":"7339704993558911445","potions_obtained":[{"floor":1,"key":"SpeedPotion"},{"floor":4,"key":"GhostInAJar"}],"is_trial":false,"path_per_floor":["M","M","M","M","M","E"],"character_chosen":"THE_SILENT","items_purchased":["Eternal Feather","ClockworkSouvenir","Noxious Fumes","Terror","Poison Potion"],"campfire_rested":0,"item_purchase_floors":[0,0,0,0,0],"current_hp_per_floor":[31,31,25,18,14,0,0],"gold":180,"neow_bonus":"","is_daily":false,"chose_seed":false,"campfire_upgraded":0,"win_rate":0.0,"timestamp":1613820488,"path_taken":["M","M","M","M","M","E"],"items_purchased_type":["Relic","Relic","Card","Card","Potion"],"build_version":"2020-12-22","purchased_purges":0,"victory":false,"max_hp_per_floor":[70,70,70,70,70,70,70],"card_choices":[{"not_picked":["Dagger Spray","Cloak And Dagger"],"picked":"Poisoned Stab","floor":1},{"not_picked":["PiercingWail","Choke"],"picked":"Poisoned Stab","floor":2},{"not_picked":["Cloak And Dagger","Skewer"],"picked":"Deflect","floor":3},{"not_picked":["Blade Dance","Finisher"],"picked":"Sucker Punch","floor":4},{"not_picked":["Dagger Throw","Infinite Blades"],"picked":"Underhanded Strike","floor":5}],"player_experience":572586,"relics_obtained":[],"event_choices":[],"is_beta":false,"boss_relics":[],"items_purged_floors":[],"is_endless":false,"potions_floor_spawned":[1,4],"killed_by":"3 Sentries","ascension_level":13}}