{"host":"dth8fvkfiulu86fi","time":1613816425,"event":{"mods":["2.2 Compatiblity","AchievementEnabler","BaseMod","Better Third Choice","Colored Map","Colored Powertips","Minty Spire (QoL Compilation)","Rare Cards Sparkle","StSLib","SuperFastMode","Synergy Search"],"gold_per_floor":[114,129,304,154,154,184,199,229,229,259,274,274,289,304,304,404,454,469,469,481,81,96,126,141,156,181,181,181,196,211,226,226,326,326,341,154,169,169,184,184,15,30,105,120,42,42,57,72,72,72],"floor_reached":51,"language":"ENG","playtime":2233,"items_purged":[],"score":845,"play_id":"22bd0fa2-f4e2-47ba-ba4f-46edf3c28463","local_time":"20210220112025","daily_mods":["Shiny","Red Cards","DeadlyEvents"],"is_ascension_mode":false,"campfire_choices":[{"floor":15,"key":"REST"},{"data":"Mind Blast","floor":28,"key":"SMITH"},{"floor":32,"key":"REST"},{"data":"Mind Blast","floor":40,"key":"SMITH"},{"data":"Mind Blast","floor":46,"key":"SMITH"},{"floor":49,"key":"REST"}],"circlet_count":0,"master_deck":["Double Tap","Demon Form","Bludgeon","Feed","Limit Break","Corruption","Barricade+1","Fiend Fire","Berserk","Impervious","Juggernaut","Brutality","Exhume","Offering","Immolate+1","Multi-Cast","Hyperbeam","Thunder Strike","Biased Cognition","Machine Learning","Electrodynamics","Buffer","Rainbow","Seek","Meteor Strike","Echo Form","All For One+1","Reboot","Amplify","Creative AI","Fission","Core Surge","Cold Snap","Doubt","Aggregate","Impervious","Cleave","Reaper","Bandage Up","Glacier","Stack","Impatience","Shrug It Off","EmptyBody","Consecrate","Flex+1","Mind Blast+1","Master of Strategy","Backstab+1","Limit Break","Shrug It Off","Static Discharge","Havoc","Compile Driver","Clothesline","Mind Blast+1","Mind Blast+1","Searing Blow","Coolheaded","Undo+1","Sucker Punch","Go for the Eyes","Warcry+1","Ball Lightning","Outmaneuver+1"],"relics":["Cracked Core","PrismaticShard","Anchor","Gambling Chip","Oddly Smooth Stone","Whetstone","Mercury Hourglass","Tiny House","Red Mask","Shuriken","Orrery","Strawberry","Centennial Puzzle","betterThird:NestCultRelic","Busted Crown","Toxic Egg 2"],"acts_visited":["Exordium","TheCity","TheBeyond"],"potions_floor_usage":[8,8,10,16,16,16,33,33,33,50,50],"damage_taken":[{"damage":2,"enemies":"Cultist","floor":1,"turns":3},{"damage":9,"enemies":"Jaw Worm","floor":2,"turns":2},{"damage":19,"enemies":"3 Sentries","floor":6,"turns":4},{"damage":6,"enemies":"Small Slimes","floor":7,"turns":3},{"damage":24,"enemies":"Gremlin Nob","floor":8,"turns":3},{"damage":0,"enemies":"3 Sentries","floor":10,"turns":3},{"damage":0,"enemies":"Looter","floor":11,"turns":1},{"damage":0,"enemies":"2 Fungi Beasts","floor":13,"turns":1},{"damage":0,"enemies":"Large Slime","floor":14,"turns":4},{"damage":33,"enemies":"Hexaghost","floor":16,"turns":6},{"damage":28,"enemies":"Spheric Guardian","floor":18,"turns":5},{"damage":0,"enemies":"Masked Bandits","floor":20,"turns":1},{"damage":14,"enemies":"Chosen","floor":22,"turns":4},{"damage":22,"enemies":"Slavers","floor":23,"turns":4},{"damage":0,"enemies":"Snecko","floor":24,"turns":2},{"damage":6,"enemies":"Snake Plant","floor":25,"turns":1},{"damage":17,"enemies":"Cultist and Chosen","floor":29,"turns":4},{"damage":10,"enemies":"Centurion and Healer","floor":30,"turns":3},{"damage":0,"enemies":"Shelled Parasite and Fungi","floor":31,"turns":3},{"damage":37,"enemies":"Collector","floor":33,"turns":5},{"damage":0,"enemies":"3 Shapes","floor":35,"turns":2},{"damage":0,"enemies":"Orb Walker","floor":37,"turns":1},{"damage":11,"enemies":"Writhing Mass","floor":39,"turns":2},{"damage":10,"enemies":"Maw","floor":42,"turns":4},{"damage":0,"enemies":"Jaw Worm Horde","floor":44,"turns":1},{"damage":0,"enemies":"3 Darklings","floor":47,"turns":1},{"damage":6,"enemies":"Sphere and 2 Shapes","floor":48,"turns":1},{"damage":66,"enemies":"Time Eater","floor":50,"turns":8}],"seed_played":"3618718455484561711","potions_obtained":[{"floor":5,"key":"LiquidBronze"},{"floor":5,"key":"Swift Potion"},{"floor":5,"key":"Ancient Potion"},{"floor":8,"key":"BlessingOfTheForge"},{"floor":13,"key":"Regen Potion"},{"floor":14,"key":"SkillPotion"},{"floor":17,"key":"CultistPotion"},{"floor":22,"key":"EssenceOfSteel"},{"floor":23,"key":"Energy Potion"},{"floor":33,"key":"DuplicationPotion"},{"floor":37,"key":"CultistPotion"},{"floor":44,"key":"SpeedPotion"}],"is_trial":false,"path_per_floor":["M","M","?","$","?","E","M","E","T","E","M","T","M","M","R","B",null,"M","?","?","$","M","E","M","M","T","?","R","M","M","M","R","B",null,"M","$","M","?","M","R","$","M","T","M","$","R","M","M","R","B",null],"character_chosen":"DEFECT","items_purchased":["PrismaticShard","Shuriken","Orrery","Static Discharge","Havoc","Compile Driver","Clothesline","Mind Blast","Searing Blow","Coolheaded","Go for the Eyes","Warcry+1"],"campfire_rested":3,"item_purchase_floors":[4,21,21,36,36,36,36,41,41,41,45,45],"current_hp_per_floor":[73,64,64,64,64,52,49,29,29,32,32,32,32,32,56,41,86,65,65,65,65,58,74,74,68,68,68,68,66,68,69,99,87,102,102,102,102,102,97,97,97,94,94,94,94,94,94,88,105,39],"gold":72,"neow_bonus":"","is_daily":true,"chose_seed":false,"campfire_upgraded":3,"win_rate":0.0,"timestamp":1613816425,"path_taken":["M","M","?","$","?","E","M","?","T","?","M","?","?","M","R","BOSS","M","?","?","$","M","E","?","M","T","?","R","M","?","M","R","BOSS","M","$","M","?","?","R","$","?","T","M","?","R","M","M","R","BOSS"],"items_purchased_type":["Relic","Relic","Relic","Card","Card","Card","Card","Card","Card","Card","Card","Card"],"build_version":"2020-12-22","purchased_purges":0,"victory":true,"max_hp_per_floor":[75,75,75,75,75,75,78,78,78,81,81,81,81,81,81,81,86,89,89,89,89,89,99,99,99,99,99,99,102,102,102,102,102,102,102,102,102,102,102,102,102,105,105,105,105,105,105,105,105,105],"card_choices":[{"not_picked":["Gash","Intimidate"],"picked":"Cold Snap","floor":1},{"not_picked":["Clothesline","Dual Wield","Entrench"],"picked":"SKIP","floor":2},{"not_picked":["Leap","FearNoEvil"],"picked":"Aggregate","floor":6},{"not_picked":["All Out Attack","Dodge and Roll","Rupture"],"picked":"SKIP","floor":7},{"not_picked":["Swivel","Steam","EmptyFist"],"picked":"SKIP","floor":8},{"not_picked":["True Grit","Reinforced Body","FollowUp"],"picked":"SKIP","floor":10},{"not_picked":["Underhanded Strike","Uppercut"],"picked":"Impervious","floor":11},{"not_picked":["Swivel","Reckless Charge"],"picked":"Cleave","floor":13},{"not_picked":["Halt","Heatsinks","Pray"],"picked":"SKIP","floor":14},{"not_picked":["Demon Form","Vault"],"picked":"Reaper","floor":16},{"not_picked":["BowlingBash","Bane"],"picked":"Bandage Up","floor":17},{"not_picked":["Gash","Blur","Clash"],"picked":"SKIP","floor":18},{"not_picked":["Impatience","Armaments"],"picked":"Glacier","floor":21},{"not_picked":["SandsOfTime","Barricade"],"picked":"Stack","floor":21},{"not_picked":["Skim","Finisher+1"],"picked":"Impatience","floor":21},{"not_picked":["Quick Slash","True Grit"],"picked":"Shrug It Off","floor":21},{"not_picked":["Cloak And Dagger","Quick Slash"],"picked":"EmptyBody","floor":21},{"not_picked":["Carnage","Thunderclap+1"],"picked":"Consecrate","floor":22},{"not_picked":["Pommel Strike","FollowUp"],"picked":"Flex+1","floor":23},{"not_picked":["PathToVictory","Reinforced Body"],"picked":"Mind Blast","floor":24},{"not_picked":["Flying Knee+1","Gash"],"picked":"Master of Strategy","floor":25},{"not_picked":["Wallop+1","Compile Driver"],"picked":"Backstab+1","floor":29},{"not_picked":["Halt","ClearTheMind","All Out Attack"],"picked":"SKIP","floor":30},{"not_picked":["Barrage","Metamorphosis","Clash"],"picked":"SKIP","floor":31},{"not_picked":["Burst","Venomology"],"picked":"Limit Break","floor":33},{"not_picked":[],"picked":"Shrug It Off","floor":35},{"not_picked":[],"picked":"Mind Blast","floor":37},{"not_picked":["JustLucky+1"],"picked":"SKIP","floor":39},{"not_picked":[],"picked":"Undo+1","floor":42},{"not_picked":[],"picked":"Sucker Punch","floor":44},{"not_picked":[],"picked":"Ball Lightning","floor":47},{"not_picked":[],"picked":"Outmaneuver+1","floor":48}],"player_experience":1185611,"relics_obtained":[{"floor":6,"key":"Anchor"},{"floor":8,"key":"Gambling Chip"},{"floor":9,"key":"Oddly Smooth Stone"},{"floor":10,"key":"Whetstone"},{"floor":12,"key":"Mercury Hourglass"},{"floor":20,"key":"Red Mask"},{"floor":23,"key":"Strawberry"},{"floor":26,"key":"Centennial Puzzle"},{"floor":43,"key":"Toxic Egg 2"}],"event_choices":[{"damage_healed":0,"gold_gain":175,"player_choice":"AGREE","damage_taken":129,"max_hp_gain":0,"max_hp_loss":0,"event_name":"betterThird:BetterSerpent","floor":3,"gold_loss":0},{"damage_healed":0,"gold_gain":0,"player_choice":"Got Potions","damage_taken":0,"max_hp_gain":0,"max_hp_loss":0,"event_name":"Lab","floor":5,"gold_loss":0},{"damage_healed":0,"gold_gain":0,"player_choice":"Ignored","damage_taken":0,"max_hp_gain":0,"max_hp_loss":0,"event_name":"Ghosts","floor":19,"gold_loss":0},{"damage_healed":0,"gold_gain":0,"player_choice":"Fought Bandits","damage_taken":0,"max_hp_gain":0,"max_hp_loss":0,"event_name":"Masked Bandits","floor":20,"gold_loss":0},{"damage_healed":0,"gold_gain":0,"player_choice":"Madness","damage_taken":0,"relics_obtained":["betterThird:NestCultRelic"],"max_hp_gain":0,"max_hp_loss":0,"event_name":"betterThird:BetterNest","floor":27,"gold_loss":0},{"cards_removed":["Reaper"],"damage_healed":0,"gold_gain":0,"player_choice":"Removed Attack","damage_taken":0,"max_hp_gain":0,"max_hp_loss":0,"event_name":"Falling","floor":38,"gold_loss":0}],"is_beta":false,"boss_relics":[{"not_picked":["Runic Dome","Empty Cage"],"picked":"Tiny House"},{"not_picked":["Astrolabe","Cursed Key"],"picked":"Busted Crown"}],"items_purged_floors":[],"is_endless":false,"potions_floor_spawned":[6,7,8,13,14,22,23,33,37,44,47,48],"ascension_level":0}}