{"host":"g7uq9uzahx9e0kti","time":1613836196,"event":{"mods":["100% Spire Juice","AchievementEnabler","Act Like it!","Arknights","BaseMod","CapriCore","Hermit","Koishi","Minty Spire (QoL Compilation)","Permanent Neow","Quick Restart","StSLib","SuperFastMode","The Bug Knight","The Cursed","The Hierophant","The Poker Player","Together in Spire","WarShipGirlsR/??á´Ò³R mod"],"gold_per_floor":[122,122,134,89,99,124,22,22,22,22,32,32,32,66,66,66,66],"floor_reached":16,"language":"KOR","playtime":492,"items_purged":[],"score":110,"play_id":"84d3bcc4-4f44-45b3-9528-23714d996bf3","local_time":"20210221004956","is_ascension_mode":false,"campfire_choices":[{"data":"Moonworks:x16BigRocket","floor":8,"key":"SMITH"},{"data":"Moonworks:x16BigRocket+1","floor":13,"key":"SMITH"},{"data":"Moonworks:x16BigRocket+2","floor":15,"key":"SMITH"}],"circlet_count":0,"master_deck":["Moonworks:Strike","Moonworks:Strike","Moonworks:Strike","Moonworks:Strike","Moonworks:Defend","Moonworks:Defend","Moonworks:Defend","Moonworks:Defend","Moonworks:Ambush","Moonworks:LongDistanceShot","Parasite","Moonworks:FullSpeedAlicianrone","Regret","Moonworks:EvilSpyWorkPreparation","Moonworks:FinalSurgery","Moonworks:EvilSpyWorkPreparation","Moonworks:x16BigRocket+3","Moonworks:EvilSpyWorkPreparation","Moonworks:DeployBits"],"relics":["Moonworks:BrokenBomb","Moonworks:Homemark","PreservedInsect","Thread and Needle","HollowMod:StagPassRelic","HornCleat","InkBottle"],"acts_visited":["Exordium"],"potions_floor_usage":[6,11,11],"damage_taken":[{"damage":0,"enemies":"Jaw Worm","floor":1,"turns":3},{"damage":2,"enemies":"Small Slimes","floor":3,"turns":3},{"damage":0,"enemies":"2 Louse","floor":5,"turns":2},{"damage":18,"enemies":"Lagavulin","floor":6,"turns":3},{"damage":2,"enemies":"2 Fungi Beasts","floor":7,"turns":2},{"damage":6,"enemies":"Exordium Thugs","floor":11,"turns":5},{"damage":8,"enemies":"3 Sentries","floor":14,"turns":3},{"damage":54,"enemies":"The Guardian","floor":16,"turns":8}],"seed_played":"2790793547920419626","potions_obtained":[{"floor":1,"key":"SteroidPotion"},{"floor":6,"key":"EssenceOfSteel"},{"floor":7,"key":"Weak Potion"}],"is_trial":false,"path_per_floor":["M","?","M","?","M","E","M","R","T","?","M","?","R","E","R","B"],"character_chosen":"THE_STARBREAKER","items_purchased":[],"campfire_rested":0,"item_purchase_floors":[],"current_hp_per_floor":[60,60,58,47,47,29,27,27,27,15,9,60,60,52,52,0,0],"gold":66,"neow_bonus":"TWO_FIFTY_GOLD","is_daily":false,"chose_seed":false,"campfire_upgraded":3,"win_rate":0.0,"timestamp":1613836196,"path_taken":["M","?","M","?","M","E","M","R","T","?","M","?","R","E","R","BOSS"],"items_purchased_type":[],"build_version":"2020-12-22","purchased_purges":0,"victory":false,"max_hp_per_floor":[60,60,60,60,60,60,60,60,60,60,60,60,60,60,60,60,60],"card_choices":[{"not_picked":["Moonworks:UnpaidWork","Moonworks:Flamethrower"],"picked":"Moonworks:FullSpeedAlicianrone","floor":1},{"not_picked":["Moonworks:TreasureThief","Moonworks:Bloodlust"],"picked":"Moonworks:EvilSpyWorkPreparation","floor":3},{"not_picked":["Moonworks:MiracleWalker","Moonworks:Heat300Percent"],"picked":"Moonworks:FinalSurgery","floor":5},{"not_picked":["Moonworks:LulusLuckyEgg","Moonworks:Assault"],"picked":"Moonworks:EvilSpyWorkPreparation","floor":6},{"not_picked":["Moonworks:UnluckyCharm","Moonworks:IndiscriminateFireSupport"],"picked":"Moonworks:x16BigRocket","floor":7},{"not_picked":["Moonworks:BigMagnum","Moonworks:NicePresent"],"picked":"Moonworks:EvilSpyWorkPreparation","floor":11},{"not_picked":["Moonworks:SakisCookie","Moonworks:ForcedRevival"],"picked":"Moonworks:DeployBits","floor":14}],"player_experience":152601,"relics_obtained":[{"floor":6,"key":"Thread and Needle"},{"floor":9,"key":"HollowMod:StagPassRelic"},{"floor":14,"key":"InkBottle"}],"event_choices":[{"damage_healed":0,"gold_gain":0,"player_choice":"Box","damage_taken":0,"relics_obtained":["PreservedInsect"],"max_hp_gain":0,"max_hp_loss":0,"event_name":"Big Fish","floor":2,"gold_loss":0,"cards_obtained":["Regret"]},{"damage_healed":0,"gold_gain":75,"player_choice":"Gather Gold","damage_taken":11,"max_hp_gain":0,"max_hp_loss":0,"event_name":"World of Goop","floor":4,"gold_loss":0},{"damage_healed":0,"gold_gain":0,"player_choice":"Success","damage_taken":12,"relics_obtained":["HornCleat"],"max_hp_gain":0,"max_hp_loss":0,"event_name":"Scrap Ooze","floor":10,"gold_loss":0},{"damage_healed":51,"gold_gain":0,"player_choice":"Full Heal","damage_taken":0,"max_hp_gain":0,"max_hp_loss":0,"event_name":"Wheel of Change","floor":12,"gold_loss":0}],"is_beta":false,"boss_relics":[],"items_purged_floors":[],"is_endless":false,"potions_floor_spawned":[1,6,7],"killed_by":"The Guardian","ascension_level":0}}