{"host":"1445u9fdo06cpl2a","time":1613840320,"event":{"mods":["AchievementEnabler","Aspiration","Astrologer","Bard","BaseMod","Better Skull","BetterRewards","Colored Map","Colored Powertips","Conspire","Curses Come First","DeckTracker","Duelist Mod","GifTheSpireLib","GungeonMod","Halation","Hermit","Highlight Path","Hubris","Infinite Spire","Minty Spire (QoL Compilation)","Permanent Neow","Random Character Button","Rare Cards Sparkle","Replay The Spire","Shop Mod","Spire Arcade","StSLib","Stuff the Spire","Td1madao Mod","The Blackbeard","The Bladedancer","The Construct","The Cursed","The Forsaken","The Gatherer","The Hierophant","The Marked","The Mystic","The Necromancer","The Poker Player","The Runesmith","The Saiyan"],"gold_per_floor":[112,37,57,57,77,107,124,124,150,150,160,195,145,187,187,312,312,323,323,154,186,211,267,299,209,264,282,297,326,326,375,375,476,476,488,56,75,75,93,119,119,168,192,192,203,203,203,213,213,330,330,331,331,332,282,287,287,300,300,324,303,10,17,16,45,45,108,108,107,107,93,69,69,69,64,64,90,91,91,91,70,69,69,119,169,175,173,197,197,199,181,181,181,181,181,210,193,193,193,193,195,195,189,188,188,189,186,197,197,148,173,176,172,158,158,157,157,206,206,196,196,46,46,40,40,55,55,124,124,118,126,124,137,137,222,222,218,218,221,56,62,72,68,59,86,81,81,81,83,83,83,0,0],"floor_reached":152,"language":"ENG","playtime":15016,"items_purged":["Regret","PokerPlayerMod:Diamond2","PokerPlayerMod:JackOfSpades","PokerPlayerMod:Spade2"],"score":3662,"play_id":"a3053ffd-8d2b-4054-ad98-dd43f5ea58c6","local_time":"20210220165840","is_ascension_mode":false,"metric_token":2770,"campfire_choices":[{"data":"PokerPlayerMod:GamblerForm","floor":8.0,"key":"SMITH"},{"data":"PokerPlayerMod:Raise","floor":15.0,"key":"SMITH"},{"floor":30.0,"key":"REST"},{"data":"PokerPlayerMod:Mulligan","floor":32.0,"key":"SMITH"},{"data":"infinitespire:NeuralNetwork","floor":44.0,"key":"SMITH"},{"data":"infinitespire:Collect","floor":46.0,"key":"SMITH"},{"data":"PokerPlayerMod:Promotion","floor":57.0,"key":"SMITH"},{"data":"Pot Of Greed","floor":59.0,"key":"SMITH"},{"floor":66.0,"key":"DIG"},{"data":"infinitespire:Gouge","floor":74,"key":"SMITH"},{"data":"PokerPlayerMod:Promotion","floor":76,"key":"SMITH"},{"data":"Pot Of Greed","floor":83,"key":"SMITH"},{"data":"PokerPlayerMod:Promotion","floor":92,"key":"SMITH"},{"data":"infinitespire:FutureSight","floor":95,"key":"SMITH"},{"data":"infinitespire:NeuralNetwork","floor":100,"key":"SMITH"},{"data":"PokerPlayerMod:StackedDeck","floor":109,"key":"SMITH"},{"data":"StuffTheSpire:BrainWave","floor":117,"key":"SMITH"},{"data":"PokerPlayerMod:Promotion","floor":125,"key":"SMITH"},{"data":"PokerPlayerMod:Sharpen","floor":127,"key":"SMITH"},{"data":"Pot Of Greed","floor":129,"key":"SMITH"},{"data":"infinitespire:Punishment","floor":134,"key":"SMITH"},{"data":"Apotheosis","floor":147,"key":"SMITH"}],"circlet_count":0,"master_deck":["PokerPlayerMod:Diamond4","PokerPlayerMod:Diamond4","PokerPlayerMod:Diamond5","PokerPlayerMod:Spade1","PokerPlayerMod:Spade3","PokerPlayerMod:Spade4","PokerPlayerMod:Club1","PokerPlayerMod:Club2","PokerPlayerMod:Heart2","PokerPlayerMod:TrumpStrike+1","PokerPlayerMod:BadJoker","PokerPlayerMod:Mulligan+1","PokerPlayerMod:Diamond5","PokerPlayerMod:SecretDealer","PokerPlayerMod:Diamond4","PokerPlayerMod:Trickery+1","PokerPlayerMod:GamblerForm+1","PokerPlayerMod:Spade3","PokerPlayerMod:Raise+1","PokerPlayerMod:Club7","PokerPlayerMod:JackOfSpades+1","PokerPlayerMod:Spade7","PokerPlayerMod:Club9","PokerPlayerMod:HiddenCard+1","PokerPlayerMod:Configure","PokerPlayerMod:Spade5","PokerPlayerMod:DiamondStrike+1","PokerPlayerMod:ClubShade+1","PokerPlayerMod:SecondChance","PokerPlayerMod:RiskyBet+1","PokerPlayerMod:Promotion+1","PokerPlayerMod:HeartStrike+1","PokerPlayerMod:Heart4","PokerPlayerMod:Club5","infinitespire:Collect+1","PokerPlayerMod:SpadeStrike+1","infinitespire:NeuralNetwork+1","Pot Of Greed","Pot Of Greed","Pot Of Greed+1","Pot Of Greed+1","PokerPlayerMod:Diamond10+","PokerPlayerMod:Promotion+1","PokerPlayerMod:Raise","infinitespire:Gouge+1","PokerPlayerMod:Spade10+","PokerPlayerMod:Club5","PokerPlayerMod:CloakAndDiamond+1","PokerPlayerMod:Heart10+","PokerPlayerMod:Promotion+1","Pot Of Greed","PokerPlayerMod:CloakAndDiamond+1","infinitespire:FutureSight+1","PokerPlayerMod:DartThrow+1","PokerPlayerMod:Spade8","PokerPlayerMod:ClubsClub+1","infinitespire:NeuralNetwork+1","PokerPlayerMod:Diamond10+","PokerPlayerMod:Diamond10+","PokerPlayerMod:Sharpen+1","PokerPlayerMod:StackedDeck+1","StuffTheSpire:BrainWave+1","Pot Of Greed+1","PokerPlayerMod:Promotion+1","PokerPlayerMod:DartThrow+1","infinitespire:Punishment+1","Apotheosis+1","PokerPlayerMod:Raise+1","PokerPlayerMod:FillThePot+1","PokerPlayerMod:ItsShowtime"],"relics":["PokerPlayerMod:DeckCase","DemoMod:MemoryAlloy","Calipers","Oddly Smooth Stone","PokerPlayerMod:AceCard","Du-Vu Doll","StuffTheSpire:Experiment12","Meat on the Bone","StuffTheSpire:PointBlank","infinitespire:Cupcake","DemoMod:RingOfEthereal","Pondfish Scales","Kunai","Grinning Jar","Onion Ring","Omamori","StuffTheSpire:Barrel","halation:QuantumPhysicsTextbook","Dream Catcher","infinitespire:FocusingShard","aspiration:SecretTechniqueScroll","StuffTheSpire:Gunfinga","Anchor","StuffTheSpire:OldFever","Tiny House","Peace Pipe","StuffTheSpire:NeowsTribute","hubris:Reverence","Mummified Hand","Toy Ornithopter","halation:BlueSoulGem","halation:EternalFortune","aspiration:HiddenCompartment","Replay:Towering Pillar of Hats","Regal Pillow","MutagenicStrength","Replay:Bandana","StuffTheSpire:CocoNut","Whetstone","Replay:Bronze Core","DemoMod:GreenGuonStone","Replay:Rubber Ducky","Juzu Bracelet","Blue Doll"],"acts_visited":["Exordium","TheCity","TheBeyond","Exordium","TheCity","TheBeyond","Exordium","TheCity","TheBeyond"],"potions_floor_usage":[152],"damage_taken":[{"damage":0.0,"enemies":"Small Slimes","floor":1.0,"turns":2.0},{"damage":7.0,"enemies":"Jaw Worm","floor":3.0,"turns":2.0},{"damage":0.0,"enemies":"Cultist","floor":5.0,"turns":2.0},{"damage":14.0,"enemies":"Gremlin Nob","floor":6.0,"turns":3.0},{"damage":7.0,"enemies":"Looter","floor":7.0,"turns":3.0},{"damage":0.0,"enemies":"Gremlin Gang","floor":11.0,"turns":2.0},{"damage":0.0,"enemies":"3 Sentries","floor":12.0,"turns":4.0},{"damage":4.0,"enemies":"Red Slaver","floor":14.0,"turns":2.0},{"damage":23.0,"enemies":"Fading Forest","floor":16.0,"turns":11.0},{"damage":0.0,"enemies":"Chosen","floor":18.0,"turns":4.0},{"damage":37.0,"enemies":"2 Thieves","floor":21.0,"turns":5.0},{"damage":7.0,"enemies":"3 Cultists","floor":22.0,"turns":6.0},{"damage":15.0,"enemies":"Nightmare","floor":23.0,"turns":11.0},{"damage":0.0,"enemies":"Shelled Parasite and Fungi","floor":24.0,"turns":9.0},{"damage":0.0,"enemies":"Cultist and Chosen","floor":27.0,"turns":6.0},{"damage":11.0,"enemies":"3 Cultists","floor":28.0,"turns":7.0},{"damage":11.0,"enemies":"Book of Stabbing","floor":29.0,"turns":7.0},{"damage":8.0,"enemies":"Replay:Snechameleon","floor":31.0,"turns":5.0},{"damage":20.0,"enemies":"Automaton","floor":33.0,"turns":11.0},{"damage":28.0,"enemies":"3 Darklings","floor":35.0,"turns":5.0},{"damage":5.0,"enemies":"Orb Walker","floor":37.0,"turns":4.0},{"damage":3.0,"enemies":"Writhing Mass","floor":39.0,"turns":8.0},{"damage":62.0,"enemies":"Reptomancer","floor":40.0,"turns":9.0},{"damage":8.0,"enemies":"Nightmare","floor":42.0,"turns":11.0},{"damage":12.0,"enemies":"4 Shapes","floor":45.0,"turns":2.0},{"damage":0.0,"enemies":"Sphere and 2 Shapes","floor":48.0,"turns":3.0},{"damage":12.0,"enemies":"Time Eater","floor":50.0,"turns":13.0},{"damage":0.0,"enemies":"Small Slimes","floor":52.0,"turns":2.0},{"damage":12.0,"enemies":"Jaw Worm","floor":54.0,"turns":3.0},{"damage":0.0,"enemies":"2 Louse","floor":56.0,"turns":2.0},{"damage":0.0,"enemies":"Replay:BlueRogue","floor":58.0,"turns":4.0},{"damage":0.0,"enemies":"Nightmare","floor":61.0,"turns":10.0},{"damage":7.0,"enemies":"Looter","floor":63.0,"turns":2.0},{"damage":0.0,"enemies":"Lots of Slimes","floor":64.0,"turns":2.0},{"damage":0.0,"enemies":"Lagavulin Event","floor":65.0,"turns":5.0},{"damage":11.0,"enemies":"Hexaghost","floor":67.0,"turns":7.0},{"damage":0,"enemies":"Spheric Guardian","floor":69,"turns":2},{"damage":0,"enemies":"Shell Parasite","floor":71,"turns":4},{"damage":0,"enemies":"Centurion and Healer","floor":72,"turns":6},{"damage":0,"enemies":"3 Cultists","floor":75,"turns":2},{"damage":0,"enemies":"Sentry and Sphere","floor":78,"turns":3},{"damage":23,"enemies":"Nightmare","floor":81,"turns":8},{"damage":0,"enemies":"Centurion and Healer","floor":82,"turns":2},{"damage":3,"enemies":"Champ","floor":84,"turns":7},{"damage":0,"enemies":"3 Darklings","floor":86,"turns":2},{"damage":0,"enemies":"3 Shapes","floor":87,"turns":4},{"damage":4,"enemies":"infinitespire:Three Voidlings","floor":88,"turns":3},{"damage":0,"enemies":"Nightmare_Alpha","floor":88,"turns":8},{"damage":0,"enemies":"Sphere and 2 Shapes","floor":90,"turns":2},{"damage":0,"enemies":"Giant Head","floor":91,"turns":7},{"damage":0,"enemies":"Nightmare_Alpha","floor":96,"turns":1},{"damage":0,"enemies":"3 Darklings","floor":97,"turns":4},{"damage":0,"enemies":"4 Shapes","floor":99,"turns":2},{"damage":21,"enemies":"infinitespire:MassOfShapes","floor":101,"turns":11},{"damage":7,"enemies":"2 Louse","floor":103,"turns":2},{"damage":0,"enemies":"Small Slimes","floor":104,"turns":2},{"damage":11,"enemies":"Jaw Worm","floor":106,"turns":2},{"damage":0,"enemies":"3 Louse","floor":107,"turns":2},{"damage":0,"enemies":"Replay:BlueRogue","floor":108,"turns":2},{"damage":10,"enemies":"Nightmare_Alpha","floor":110,"turns":11},{"damage":1,"enemies":"Replay:BlueRogue","floor":112,"turns":3},{"damage":4,"enemies":"Looter","floor":113,"turns":2},{"damage":1,"enemies":"2 Fungi Beasts","floor":114,"turns":2},{"damage":2,"enemies":"Large Slime","floor":116,"turns":2},{"damage":0,"enemies":"Hexaghost","floor":118,"turns":5},{"damage":0,"enemies":"Shell Parasite","floor":120,"turns":3},{"damage":23,"enemies":"2 Thieves","floor":124,"turns":3},{"damage":14,"enemies":"Slavers","floor":126,"turns":2},{"damage":0,"enemies":"Chosen and Byrds","floor":130,"turns":3},{"damage":0,"enemies":"Snecko","floor":131,"turns":2},{"damage":29,"enemies":"Nightmare_Alpha","floor":132,"turns":5},{"damage":0,"enemies":"Snake Plant","floor":133,"turns":2},{"damage":0,"enemies":"conspire:MysteriousRune","floor":135,"turns":4},{"damage":0,"enemies":"Orb Walker","floor":137,"turns":2},{"damage":0,"enemies":"3 Shapes","floor":139,"turns":2},{"damage":0,"enemies":"Sphere and 2 Shapes","floor":141,"turns":2},{"damage":0,"enemies":"Giant Head","floor":142,"turns":4},{"damage":0,"enemies":"4 Shapes","floor":143,"turns":3},{"damage":41,"enemies":"Nightmare_Alpha","floor":144,"turns":5},{"damage":21,"enemies":"Spire Growth","floor":146,"turns":3},{"damage":0,"enemies":"Giant Head","floor":149,"turns":4},{"damage":0,"enemies":"Writhing Mass","floor":150,"turns":3},{"damage":139,"enemies":"infinitespire:LordOfFortification","floor":152,"turns":19}],"seed_played":"6787282954041061420","potions_obtained":[{"floor":5.0,"key":"Elixir"},{"floor":6.0,"key":"Block Potion"},{"floor":7.0,"key":"GamblersBrew"},{"floor":14.0,"key":"Regen Potion"},{"floor":24.0,"key":"SteroidPotion"},{"floor":27.0,"key":"Fire Potion"},{"floor":29.0,"key":"SteroidPotion"},{"floor":37.0,"key":"PowerPotion"},{"floor":39.0,"key":"FearPotion"},{"floor":40.0,"key":"Energy Potion"},{"floor":56.0,"key":"ColorlessPotion"},{"floor":58.0,"key":"Fire Potion"},{"floor":71,"key":"Adrenaline Potion"},{"floor":86,"key":"Adrenaline Potion"}],"is_trial":false,"path_per_floor":["M","$","M","?","M","E","M","R","T","?","M","E","?","M","R_BF","B",null,"M","?","$","M","M","NM","M","?","T","M","M","E","R","E","R_BF","B",null,"M","$","M","?","M","E","?","NM","T","R","M","R","?","M","R_BF","B",null,"M","?","M","?","M","R","E","R","T","NM","$","M","M","?","R_BF","B",null,"M","?","M","M","AVR","R","M","R","T","M","?","?","NM","M","R","B",null,"M","M","?","T","M","E","R","AVR","T","R","NM","M","?","M","R_BF","B",null,"M","M","?","M","M","E","R","NM","T","E","M","M","?","M","R_BF","B",null,"M","?","$","?","M","R","E","R","T","R","M","M","NM","M","R","B",null,"M","?","M","$","M","E","M","NM","T","M","R","$","E","M","R_BF","B"],"character_chosen":"THE_POKER_PLAYER","items_purchased":["PokerPlayerMod:Club8","DemoMod:RingOfEthereal","halation:QuantumPhysicsTextbook","Apotheosis"],"campfire_rested":1,"item_purchase_floors":[20,36,62,140],"current_hp_per_floor":[52,52,45,45,50,38,36,36,36,36,36,41,41,41,41,36,52,52,52,52,17,12,14,17,17,17,21,12,3,18,22,22,17,52,36,36,52,52,51,34,21,38,38,38,40,40,40,48,52,52,52,52,52,40,40,50,50,52,52,52,52,52,52,52,52,52,52,52,52,52,52,52,52,52,52,52,52,52,47,47,49,49,49,52,57,57,57,57,57,57,57,57,57,57,57,57,57,57,57,57,54,57,57,57,60,49,55,60,60,60,60,60,56,60,60,60,60,60,60,60,60,60,60,48,48,63,63,70,70,73,73,47,52,52,67,73,73,73,73,73,73,73,73,62,62,41,41,41,73,73,73,0,0],"gold":0,"neow_bonus":"RANDOM_EVENT","is_daily":false,"chose_seed":false,"campfire_upgraded":20,"win_rate":0.0,"timestamp":1613840320,"path_taken":["M","$","M","?","M","E","M","R","T","?","M","E","?","M","R_BF","BOSS","M","?","$","?","M","NM","M","?","T","?","M","E","R","E","R_BF","BOSS","M","$","M","?","?","E","?","NM","T","R","M","R","?","M","R_BF","BOSS","M","?","M","?","M","R","E","R","T","NM","?","?","M","?","R_BF","BOSS","M","?","M","M","AVR","R","M","R","T","M","?","?","NM","?","R","BOSS","M","M","?","?","M","E","R","AVR","T","R","NM","M","?","M","R_BF","BOSS","M","M","?","M","M","E","R","NM","T","E","M","M","?","M","R_BF","BOSS","M","?","$","?","M","R","E","R","T","R","M","M","NM","?","R","BOSS","M","?","?","$","M","E","M","NM","T","M","R","?","E","M","R_BF","BOSS"],"items_purchased_type":["Card","Relic","Relic","Card"],"build_version":"2020-12-22","purchased_purges":4,"victory":false,"max_hp_per_floor":[52,52,52,52,52,52,52,52,52,52,52,52,52,52,52,52,52,52,52,52,52,52,52,52,52,52,52,52,52,52,52,52,52,52,52,52,52,52,52,52,52,52,52,52,52,52,52,52,52,52,52,52,52,52,52,52,52,52,52,52,52,52,52,52,52,52,52,52,52,52,52,52,52,52,52,52,52,52,52,52,52,52,52,52,57,57,57,57,57,57,57,57,57,57,57,57,57,57,57,57,57,57,57,57,60,60,60,60,60,60,60,60,60,60,60,60,60,60,60,60,60,60,60,63,63,63,63,70,70,73,73,73,73,73,73,73,73,73,73,73,73,73,73,73,73,73,73,73,73,73,73,73,73],"card_choices":[{"not_picked":["PokerPlayerMod:Configure","PokerPlayerMod:Spade1"],"picked":"PokerPlayerMod:Diamond5","floor":1.0},{"not_picked":["PokerPlayerMod:HeartStrike","PokerPlayerMod:Club2"],"picked":"PokerPlayerMod:Diamond2","floor":3.0},{"not_picked":["PokerPlayerMod:Club3","PokerPlayerMod:Heart3"],"picked":"PokerPlayerMod:Diamond4","floor":5.0},{"not_picked":["PokerPlayerMod:Diamond1","PokerPlayerMod:DiamondStrike"],"picked":"PokerPlayerMod:Trickery","floor":6.0},{"not_picked":["PokerPlayerMod:Extraction","PokerPlayerMod:Diamond6"],"picked":"PokerPlayerMod:GamblerForm","floor":7.0},{"not_picked":["PokerPlayerMod:Heart5","PokerPlayerMod:Spade3"],"picked":"PokerPlayerMod:JackOfSpades","floor":11.0},{"not_picked":["PokerPlayerMod:Diamond2","PokerPlayerMod:HotShotCut"],"picked":"PokerPlayerMod:Spade3","floor":12.0},{"not_picked":["PokerPlayerMod:ClubsClub","PokerPlayerMod:DartThrow"],"picked":"PokerPlayerMod:Raise","floor":14.0},{"not_picked":["PokerPlayerMod:Duplicate","PokerPlayerMod:Diamond7"],"picked":"PokerPlayerMod:Club7","floor":16.0},{"not_picked":["PokerPlayerMod:Diamond3","PokerPlayerMod:Club4"],"picked":"PokerPlayerMod:JackOfSpades+1","floor":18.0},{"not_picked":["PokerPlayerMod:Diamond4","PokerPlayerMod:RiskyBet"],"picked":"PokerPlayerMod:HiddenCard+1","floor":21.0},{"not_picked":["PokerPlayerMod:FlyingCard","PokerPlayerMod:Spade3"],"picked":"PokerPlayerMod:Configure","floor":22.0},{"not_picked":["PokerPlayerMod:Diamond7","PokerPlayerMod:Spade1"],"picked":"PokerPlayerMod:Spade5","floor":23.0},{"not_picked":["PokerPlayerMod:DartThrow","PokerPlayerMod:Spade2"],"picked":"PokerPlayerMod:DiamondStrike+1","floor":24.0},{"not_picked":["PokerPlayerMod:HeartStrike+1","PokerPlayerMod:MagicTrick"],"picked":"PokerPlayerMod:ClubShade","floor":27.0},{"not_picked":["PokerPlayerMod:ClubStrike","PokerPlayerMod:Spade4"],"picked":"PokerPlayerMod:SecondChance","floor":28.0},{"not_picked":["PokerPlayerMod:Club4","PokerPlayerMod:Club2"],"picked":"PokerPlayerMod:RiskyBet+1","floor":29.0},{"not_picked":["PokerPlayerMod:Heart2","PokerPlayerMod:Diamond4","PokerPlayerMod:JackOfSpades"],"picked":"SKIP","floor":31.0},{"not_picked":["PokerPlayerMod:Spade7","PokerPlayerMod:Heart10+"],"picked":"PokerPlayerMod:Promotion","floor":33.0},{"not_picked":["PokerPlayerMod:FillThePot+1","PokerPlayerMod:RiskyBet"],"picked":"PokerPlayerMod:HeartStrike+1","floor":35.0},{"not_picked":["PokerPlayerMod:Diamond3","PokerPlayerMod:Diamond5"],"picked":"PokerPlayerMod:Heart4","floor":37.0},{"not_picked":["PokerPlayerMod:Extraction+1","PokerPlayerMod:ClubsClub+1","PokerPlayerMod:Diamond1"],"picked":"SKIP","floor":39.0},{"not_picked":["PokerPlayerMod:RiskyBet+1","PokerPlayerMod:Fold"],"picked":"PokerPlayerMod:Club5","floor":40.0},{"not_picked":["infinitespire:Fortify","infinitespire:Menacing"],"picked":"infinitespire:Collect","floor":41.0},{"not_picked":["PokerPlayerMod:Heart4","PokerPlayerMod:Diamond3"],"picked":"PokerPlayerMod:SpadeStrike+1","floor":42.0},{"not_picked":["infinitespire:Menacing","infinitespire:Collect"],"picked":"infinitespire:NeuralNetwork","floor":42.0},{"not_picked":["PokerPlayerMod:Diamond5","PokerPlayerMod:HiddenCard+1","PokerPlayerMod:SpadeStrike"],"picked":"SKIP","floor":45.0},{"not_picked":["PokerPlayerMod:DamnStraight","PokerPlayerMod:Overdeal+1","PokerPlayerMod:Fold"],"picked":"SKIP","floor":48.0},{"not_picked":["PokerPlayerMod:Diamond1","PokerPlayerMod:JackOfSpades","PokerPlayerMod:PoorCopy"],"picked":"SKIP","floor":52.0},{"not_picked":["PokerPlayerMod:TheDieIsCast","PokerPlayerMod:Configure","PokerPlayerMod:Extraction"],"picked":"SKIP","floor":54.0},{"not_picked":["PokerPlayerMod:ClubDance","PokerPlayerMod:Spade4","PokerPlayerMod:SpadeStrike"],"picked":"SKIP","floor":56.0},{"not_picked":["PokerPlayerMod:DiamondStrike","PokerPlayerMod:CardPrinter"],"picked":"PokerPlayerMod:Diamond10+","floor":58.0},{"not_picked":["PokerPlayerMod:Diamond2","PokerPlayerMod:SpadeStrike"],"picked":"PokerPlayerMod:Promotion","floor":61.0},{"not_picked":["PokerPlayerMod:SpadeStrike","PokerPlayerMod:Club4"],"picked":"PokerPlayerMod:Raise","floor":63.0},{"not_picked":["PokerPlayerMod:Diamond1","PokerPlayerMod:Diamond4","PokerPlayerMod:Spade2"],"picked":"SKIP","floor":64.0},{"not_picked":["infinitespire:SealOfDarkness+","infinitespire:UltimateForm"],"picked":"infinitespire:Gouge","floor":67.0},{"not_picked":["PokerPlayerMod:ChangeRules","PokerPlayerMod:Diamond10+"],"picked":"PokerPlayerMod:Spade9","floor":67.0},{"not_picked":["PokerPlayerMod:SpadeStrike+1","PokerPlayerMod:Spade4","PokerPlayerMod:Club3"],"picked":"SKIP","floor":69},{"not_picked":["PokerPlayerMod:DiamondStrike","PokerPlayerMod:Heart2"],"picked":"PokerPlayerMod:Club5","floor":71},{"not_picked":["PokerPlayerMod:Spade3","PokerPlayerMod:Diamond5","PokerPlayerMod:Diamond1"],"picked":"SKIP","floor":72},{"not_picked":["PokerPlayerMod:Diamond1","PokerPlayerMod:DiamondStrike","PokerPlayerMod:Extraction"],"picked":"SKIP","floor":75},{"not_picked":["PokerPlayerMod:Diamond2","PokerPlayerMod:MagicTrick+1"],"picked":"PokerPlayerMod:CloakAndDiamond+1","floor":78},{"not_picked":["PokerPlayerMod:Spade3","PokerPlayerMod:CardBurn"],"picked":"PokerPlayerMod:Heart10+","floor":81},{"not_picked":["PokerPlayerMod:DiamondStrike","PokerPlayerMod:Spade2","PokerPlayerMod:Configure"],"picked":"SKIP","floor":82},{"not_picked":["PokerPlayerMod:Diamond9","PokerPlayerMod:Duplicate"],"picked":"PokerPlayerMod:Promotion","floor":84},{"not_picked":["PokerPlayerMod:SpadeStrike","PokerPlayerMod:Heart3"],"picked":"PokerPlayerMod:CloakAndDiamond+1","floor":86},{"not_picked":["PokerPlayerMod:Diamond5","PokerPlayerMod:SpadeStrike","PokerPlayerMod:CardPrinter+1"],"picked":"SKIP","floor":87},{"not_picked":["infinitespire:TheBestDefense","infinitespire:Execution"],"picked":"infinitespire:FutureSight","floor":88},{"not_picked":["PokerPlayerMod:Club3","PokerPlayerMod:SpadeStrike+1"],"picked":"PokerPlayerMod:DartThrow","floor":90},{"not_picked":["PokerPlayerMod:Diamond4","PokerPlayerMod:Club2"],"picked":"PokerPlayerMod:Spade8","floor":91},{"not_picked":["PokerPlayerMod:Diamond2","PokerPlayerMod:MagicTrick+1"],"picked":"PokerPlayerMod:ClubsClub+1","floor":96},{"not_picked":["hubris:Rewind","infinitespire:TheBestDefense"],"picked":"infinitespire:NeuralNetwork","floor":96},{"not_picked":["PokerPlayerMod:Spade3","PokerPlayerMod:FlyingCard"],"picked":"PokerPlayerMod:Diamond10+","floor":97},{"not_picked":["PokerPlayerMod:ClubsClub","PokerPlayerMod:Extraction+1","PokerPlayerMod:Harden+1"],"picked":"SKIP","floor":99},{"not_picked":["PokerPlayerMod:Diamond8","PokerPlayerMod:RoyalStrike"],"picked":"PokerPlayerMod:Diamond10+","floor":101},{"not_picked":["PokerPlayerMod:Diamond4","PokerPlayerMod:CloakAndDiamond"],"picked":"PokerPlayerMod:Sharpen","floor":103},{"not_picked":["PokerPlayerMod:Trickery","PokerPlayerMod:DiamondStrike","PokerPlayerMod:Spade2"],"picked":"SKIP","floor":104},{"not_picked":["PokerPlayerMod:Spade3","PokerPlayerMod:Spade2"],"picked":"PokerPlayerMod:StackedDeck","floor":106},{"not_picked":["PokerPlayerMod:Diamond1","PokerPlayerMod:SpadeStrike","PokerPlayerMod:HotShotCut"],"picked":"SKIP","floor":107},{"not_picked":["PokerPlayerMod:Spade1","PokerPlayerMod:ClubsClub","PokerPlayerMod:Heart4"],"picked":"SKIP","floor":108},{"not_picked":["PokerPlayerMod:Spade4","PokerPlayerMod:Configure","PokerPlayerMod:Trickery"],"picked":"SKIP","floor":110},{"not_picked":["PokerPlayerMod:CardBurn","PokerPlayerMod:Fold","PokerPlayerMod:Spade6"],"picked":"SKIP","floor":112},{"not_picked":["PokerPlayerMod:Club3","PokerPlayerMod:Diamond1","PokerPlayerMod:Heart4"],"picked":"SKIP","floor":113},{"not_picked":["PokerPlayerMod:Raise","PokerPlayerMod:ClubStrike","PokerPlayerMod:Diamond1"],"picked":"SKIP","floor":114},{"not_picked":["StuffTheSpire:Vigor","StuffTheSpire:Rapture"],"picked":"StuffTheSpire:BrainWave","floor":115},{"not_picked":["PokerPlayerMod:HotShotCut","PokerPlayerMod:Heart4","PokerPlayerMod:Diamond3"],"picked":"SKIP","floor":116},{"not_picked":["PokerPlayerMod:Spade8","PokerPlayerMod:WildCard"],"picked":"PokerPlayerMod:Promotion","floor":118},{"not_picked":["PokerPlayerMod:DamnStraight+1","PokerPlayerMod:Club4","PokerPlayerMod:Spade5"],"picked":"SKIP","floor":120},{"not_picked":["PokerPlayerMod:Configure","PokerPlayerMod:CardBurn+1","PokerPlayerMod:Spade3"],"picked":"SKIP","floor":124},{"not_picked":["PokerPlayerMod:FillThePot","PokerPlayerMod:Diamond2","PokerPlayerMod:CardBurn"],"picked":"SKIP","floor":126},{"not_picked":["PokerPlayerMod:Spade3","PokerPlayerMod:ClubsClub"],"picked":"PokerPlayerMod:DartThrow+1","floor":130},{"not_picked":["PokerPlayerMod:Raise","PokerPlayerMod:Club4","PokerPlayerMod:SecondChance"],"picked":"SKIP","floor":131},{"not_picked":["Replay:Fractal Strike","infinitespire:DeathsTouch"],"picked":"infinitespire:Punishment","floor":132},{"not_picked":["PokerPlayerMod:Fold","PokerPlayerMod:HiddenCard","PokerPlayerMod:Harden"],"picked":"SKIP","floor":132},{"not_picked":["PokerPlayerMod:RiskyBet","PokerPlayerMod:Spade3","PokerPlayerMod:RoyalStrike"],"picked":"SKIP","floor":133},{"not_picked":["PokerPlayerMod:CloakAndDiamond","PokerPlayerMod:Diamond1","PokerPlayerMod:Raise"],"picked":"SKIP","floor":137},{"not_picked":["PokerPlayerMod:Spade3","PokerPlayerMod:Heart4","PokerPlayerMod:Spade5"],"picked":"SKIP","floor":139},{"not_picked":["PokerPlayerMod:RiskyBet","PokerPlayerMod:Spade3","PokerPlayerMod:Diamond3"],"picked":"SKIP","floor":141},{"not_picked":["PokerPlayerMod:Diamond6","PokerPlayerMod:Spade2","PokerPlayerMod:SecondChance"],"picked":"SKIP","floor":142},{"not_picked":["PokerPlayerMod:Spade3","PokerPlayerMod:Club2"],"picked":"PokerPlayerMod:Raise+1","floor":143},{"not_picked":["PokerPlayerMod:Raise","PokerPlayerMod:CloakAndDiamond","PokerPlayerMod:Spade5"],"picked":"SKIP","floor":144},{"not_picked":["PokerPlayerMod:HotShotCut+1","PokerPlayerMod:Heart3"],"picked":"PokerPlayerMod:FillThePot+1","floor":146},{"not_picked":["PokerPlayerMod:Diamond10+","PokerPlayerMod:HotShotCut+1"],"picked":"PokerPlayerMod:ItsShowtime","floor":149},{"not_picked":["PokerPlayerMod:Spade5","PokerPlayerMod:DamnStraight+1","PokerPlayerMod:Manipulation"],"picked":"SKIP","floor":150}],"player_experience":240854,"relics_obtained":[{"floor":6.0,"key":"Calipers"},{"floor":9.0,"key":"Oddly Smooth Stone"},{"floor":12.0,"key":"infinitespire:Beetle Shell"},{"floor":23.0,"key":"Du-Vu Doll"},{"floor":26.0,"key":"StuffTheSpire:Experiment12"},{"floor":29.0,"key":"Meat on the Bone"},{"floor":31.0,"key":"StuffTheSpire:PointBlank"},{"floor":40.0,"key":"Pondfish Scales"},{"floor":42.0,"key":"Kunai"},{"floor":43.0,"key":"Grinning Jar"},{"floor":58.0,"key":"Onion Ring"},{"floor":60.0,"key":"Omamori"},{"floor":61.0,"key":"StuffTheSpire:Barrel"},{"floor":65.0,"key":"Dream Catcher"},{"floor":66.0,"key":"infinitespire:FocusingShard"},{"floor":77,"key":"StuffTheSpire:Gunfinga"},{"floor":81,"key":"StuffTheSpire:OldFever"},{"floor":88,"key":"Peace Pipe"},{"floor":89,"key":"StuffTheSpire:NeowsTribute"},{"floor":91,"key":"hubris:Reverence"},{"floor":94,"key":"Mummified Hand"},{"floor":96,"key":"Toy Ornithopter"},{"floor":108,"key":"aspiration:HiddenCompartment"},{"floor":110,"key":"Replay:Towering Pillar of Hats"},{"floor":111,"key":"MealTicket"},{"floor":112,"key":"Regal Pillow"},{"floor":124,"key":"halation:EternalFortune"},{"floor":126,"key":"Replay:Bandana"},{"floor":128,"key":"StuffTheSpire:CocoNut"},{"floor":130,"key":"halation:EternalFortune"},{"floor":132,"key":"Whetstone"},{"floor":142,"key":"DemoMod:GreenGuonStone"},{"floor":144,"key":"Replay:Rubber Ducky"},{"floor":145,"key":"Juzu Bracelet"},{"floor":149,"key":"Blue Doll"}],"event_choices":[{"damage_healed":0.0,"max_hp_gain":0.0,"max_hp_loss":0.0,"gold_gain":0.0,"event_name":"Big Fish","player_choice":"Box","floor":0.0,"gold_loss":0.0,"damage_taken":0.0,"relics_obtained":["DemoMod:MemoryAlloy"],"cards_obtained":["Regret"]},{"damage_healed":0.0,"max_hp_gain":0.0,"max_hp_loss":0.0,"gold_gain":0.0,"event_name":"conspire:Investor","player_choice":"Invest 1","floor":13.0,"gold_loss":0.0,"damage_taken":0.0},{"damage_healed":0.0,"max_hp_gain":0.0,"max_hp_loss":0.0,"gold_gain":0.0,"cards_transformed":["PokerPlayerMod:Diamond1"],"event_name":"Transmorgrifier","player_choice":"Transformed","floor":19.0,"gold_loss":0.0,"damage_taken":0.0,"cards_obtained":["PokerPlayerMod:Spade7"]},{"cards_removed":["PokerPlayerMod:Diamond2"],"damage_healed":0.0,"max_hp_gain":0.0,"max_hp_loss":0.0,"gold_gain":0.0,"event_name":"Designer","player_choice":"Upgrade and Remove","floor":25.0,"gold_loss":90.0,"damage_taken":0.0,"cards_upgraded":["PokerPlayerMod:Trickery"]},{"damage_healed":0.0,"max_hp_gain":0.0,"max_hp_loss":0.0,"gold_gain":0.0,"event_name":"NoteForYourself","player_choice":"Ignored","floor":38.0,"gold_loss":0.0,"damage_taken":0.0},{"cards_removed":["conspire:SpireCoStock"],"damage_healed":0.0,"max_hp_gain":0.0,"max_hp_loss":0.0,"gold_gain":0.0,"event_name":"The Cleric","player_choice":"Card Removal","floor":55.0,"gold_loss":50.0,"damage_taken":0.0},{"damage_healed":0.0,"max_hp_gain":0.0,"max_hp_loss":0.0,"gold_gain":30.0,"event_name":"Dead Adventurer","player_choice":"Searched \u00273\u0027 times","floor":65.0,"gold_loss":0.0,"damage_taken":0.0},{"damage_healed":0,"gold_gain":0,"player_choice":"Anchor","damage_taken":0,"relics_obtained":["Anchor"],"max_hp_gain":0,"max_hp_loss":0,"event_name":"blackbeard:ShipwreckEvent","floor":79,"gold_loss":0},{"damage_healed":0,"gold_gain":0,"player_choice":"Bought 0 Potions","damage_taken":0,"max_hp_gain":0,"max_hp_loss":0,"event_name":"The Woman in Blue","floor":80,"gold_loss":0},{"damage_healed":0,"gold_gain":0,"player_choice":"Inject Mutagens","damage_taken":0,"relics_obtained":["MutagenicStrength"],"max_hp_gain":0,"max_hp_loss":0,"event_name":"Drug Dealer","floor":121,"gold_loss":0},{"damage_healed":0,"gold_gain":0,"player_choice":"Full Heal","damage_taken":0,"max_hp_gain":0,"max_hp_loss":0,"event_name":"Wheel of Change","floor":123,"gold_loss":0},{"damage_healed":0,"gold_gain":0,"player_choice":"Ignored","damage_taken":0,"max_hp_gain":0,"max_hp_loss":0,"event_name":"Transmorgrifier","floor":138,"gold_loss":0}],"is_beta":false,"boss_relics":[{"not_picked":["Philosopher\u0027s Stone","Runic Dome"],"picked":"PokerPlayerMod:AceCard"},{"not_picked":["aspiration:RunicSpoon","halation:HeavySnake"],"picked":"infinitespire:Cupcake"},{"not_picked":["Fusion Hammer","halation:CatFaceCupcake","halation:Risk"]},{"not_picked":["Astrolabe","aspiration:MobileForge"],"picked":"aspiration:SecretTechniqueScroll"},{"not_picked":["StuffTheSpire:RunicHypercube","hubris:CrackedHourglass"],"picked":"Tiny House"},{"not_picked":["Replay:Drink Me","hubris:RunicObelisk","aspiration:PoetsPen_weak"]},{"not_picked":["halation:PlatinumPhoenix","Sozu","halation:Yufonium"]},{"not_picked":["Abe\u0027s Treasure","halation:CatFaceCupcake"],"picked":"Replay:Bronze Core"}],"items_purged_floors":[2,20,36,122],"is_endless":true,"potions_floor_spawned":[5,6,7,14,18,22,24,27,29,37,39,40,42,56,58,64,65,71,78,82,86,88,90,99,104,108,113,114,130,131,133,142,144,146],"killed_by":"infinitespire:LordOfFortification","ascension_level":0}}