{"host":"fortuna","time":1613836910,"event":{"mods":["100% Spire Juice","Act Like it!","BaseMod","CapriCore","Gensokyo","Hallownest","Koishi","Minty Spire (QoL Compilation)","MostiFishMod","Reimu£®≤©¿ˆ¡È√Œ£©","Relic Stats","StSLib","The Alterego","The Animator","The Bug Knight","The Immortal","The Senshi","Waifu the Spire","Yakumo Yukari mod"],"gold_per_floor":[133,133,133,148,148,174,174,207,231,256,256,291,306,324,324,426,426,466,0,0,18,30,30,57,69,69,87,87,12,40,59,59,163,163,206,206,206,206,17,46,64,94,94,123,123,123,157,169,169,169],"floor_reached":51,"language":"ZHS","playtime":2537,"items_purged":["AT_purpleEX"],"score":1275,"play_id":"7045b0ed-d0fc-473d-8cd3-a7bda170e218","local_time":"20210221000150","is_ascension_mode":true,"campfire_choices":[{"floor":7.0,"key":"REST"},{"floor":15.0,"key":"REST"},{"data":"ContainerChange_purple","floor":23.0,"key":"SMITH"},{"data":"ProofOfUnderstanding_purple","floor":28.0,"key":"SMITH"},{"floor":32,"key":"REST"},{"data":"MostiFishMod:PerfectForm","floor":45,"key":"SMITH"},{"data":"D_absorption_purple","floor":49,"key":"SMITH"}],"circlet_count":0,"master_deck":["AT_purpleEX","AT_purpleEX+1","AT_purpleEX+1","Defend_purpleEX","Defend_purpleEX","Defend_purpleEX","Defend_purpleEX+1","Observe_purple_1","Observe_purple_2","Mirror_Drifter_purple+1","AdvanceAttack_purple+1","Fancifulhole_purple","StateErode_purple+1","Erosivefilter_purple","Shallow_ocean_purpleEX","Injury","ProofOfUnderstanding_purple+1","WorldDissolvedintheRealm_purple+1","WorldDissolvedintheRealm_purple+1","ExternalForce_HighSpeedFlying_purple","SharpContractionReality_purple","DimensionStaggered_purple","Human_Monster_Realm_purple","Fantasy_PerpetualMotionMachine_purple","Charmbait_purple+1","CommonSense_AntiCommonSense_purple","Boundary_LightAndDark_purple+1","D_absorption_purple+1","MeetDecomposer_purple+1","MostiFishMod:PerfectForm+1","WeekHit_purple+1","Line_surface_state_purple+1","WingOfChimera_purple","SharpContractionReality_purple+1","Mirror_WaveAndshot_purple+1"],"relics":["Boundary_crack","Memoryfragments_purpleEX","DaveBox","TungstenRod","SynthV:TestCard","RhineCircuit","Gensokyo:CelestialsFlawlessClothing","PreservedInsect","Bronze Scales","Whetstone","White Beast Statue","Bird Faced Urn","Blood Vial","BloodWine","MostiFishMod:Haymaker","theSenshi:FeatherClipsRelic","RuthlessExorcism:ReiMu","Coffee Dripper","Gensokyo:EmptyGrave","Question Card","Akabeko","DaCapo","Anchor","Centennial Puzzle","Nunchaku"],"acts_visited":["Gensokyo:Gensokyo","Gensokyo:Gensokyoer","Gensokyo:Gensokyoest"],"potions_floor_usage":[30,30],"damage_taken":[{"damage":9.0,"enemies":"Gensokyo:Gryphon","floor":1.0,"turns":4.0},{"damage":0.0,"enemies":"Gensokyo:2_Kodama","floor":4.0,"turns":2.0},{"damage":13.0,"enemies":"Gensokyo:Mamizou","floor":6.0,"turns":8.0},{"damage":62.0,"enemies":"Gensokyo:Cirno","floor":8.0,"turns":12.0},{"damage":13.0,"enemies":"Gensokyo:Aya","floor":10.0,"turns":2.0},{"damage":24.0,"enemies":"Gensokyo:Cirno","floor":12.0,"turns":5.0},{"damage":0.0,"enemies":"Gensokyo:3_Fairies","floor":13.0,"turns":2.0},{"damage":0.0,"enemies":"Gensokyo:Kitsune","floor":14.0,"turns":1.0},{"damage":11.0,"enemies":"Gensokyo:Kokoro","floor":16.0,"turns":4.0},{"damage":13.0,"enemies":"Gensokyo:AngelMirror","floor":18.0,"turns":3.0},{"damage":14.0,"enemies":"Gensokyo:3_Dogs","floor":21.0,"turns":2.0},{"damage":38.0,"enemies":"Gensokyo:Swordslinger","floor":22.0,"turns":2.0},{"damage":7.0,"enemies":"Gensokyo:Reisen","floor":24.0,"turns":6.0},{"damage":23.0,"enemies":"Gensokyo:Wraith","floor":25.0,"turns":3.0},{"damage":17.0,"enemies":"Gensokyo:Chomper_and_Gloop","floor":27.0,"turns":3.0},{"damage":38,"enemies":"Gensokyo:Tenshi","floor":30,"turns":2},{"damage":21,"enemies":"Gensokyo:Slime_Group","floor":31,"turns":2},{"damage":28,"enemies":"Gensokyo:Eiki","floor":33,"turns":3},{"damage":0,"enemies":"Gensokyo:AncientGuardian","floor":35,"turns":3},{"damage":0,"enemies":"Gensokyo:Marisa","floor":40,"turns":4},{"damage":0,"enemies":"Gensokyo:3_Bats","floor":41,"turns":1},{"damage":0,"enemies":"Gensokyo:Kasen","floor":42,"turns":3},{"damage":0,"enemies":"Gensokyo:Doremy","floor":44,"turns":3},{"damage":0,"enemies":"Gensokyo:Kasen","floor":47,"turns":3},{"damage":0,"enemies":"Gensokyo:3_Boulders","floor":48,"turns":1},{"damage":0,"enemies":"Gensokyo:Shinki","floor":50,"turns":6}],"seed_played":"8629655749493756166","potions_obtained":[{"floor":1.0,"key":"PowerPotion"},{"floor":4.0,"key":"SpeedPotion"},{"floor":6.0,"key":"SkillPotion"},{"floor":12.0,"key":"Fire Potion"},{"floor":16.0,"key":"SkillPotion"},{"floor":21.0,"key":"Regen Potion"},{"floor":24.0,"key":"ZuzhouPotion:ReiMu"},{"floor":25.0,"key":"GrandPatriotsElixir:ReiMu"},{"floor":30,"key":"AttackPotion"},{"floor":31,"key":"AttackPotion"}],"is_trial":false,"path_per_floor":["M","?","?","M","?","E","R","E","T","E","?","E","M","M","R","B",null,"M","?","T","M","M","R","E","M","T","M","R","$","E","M","R","B",null,"M","?","?","T","$","E","M","E","T","E","R","?","E","M","R","B",null],"character_chosen":"Youkari","items_purchased":["MostiFishMod:PerfectForm"],"campfire_rested":3,"item_purchase_floors":[39],"current_hp_per_floor":[38,38,22,23,23,11,32,41,41,28,28,5,8,10,31,29,60,65,65,65,58,22,22,70,53,53,51,51,51,31,22,43,33,61,70,65,65,65,65,65,65,65,65,65,65,65,65,65,65,65],"gold":169,"neow_bonus":"ONE_RARE_RELIC","is_daily":false,"chose_seed":false,"campfire_upgraded":4,"win_rate":0.0,"timestamp":1613836910,"path_taken":["M","?","?","M","?","E","R","E","T","E","?","E","M","M","R","BOSS","M","?","?","M","M","R","E","M","T","M","R","$","E","?","R","BOSS","M","?","?","?","$","E","M","E","T","E","R","?","E","M","R","BOSS"],"items_purchased_type":["Card"],"build_version":"2020-12-18","purchased_purges":1,"victory":true,"max_hp_per_floor":[70,70,70,70,70,70,70,70,70,70,70,70,70,70,70,70,70,70,70,70,70,70,70,70,70,70,70,70,70,70,70,70,70,70,70,65,65,65,65,65,65,65,65,65,65,65,65,65,65,65],"relic_stats":{"Blood Vial":24,"Centennial Puzzle":[0],"Nunchaku":[2],"counters":[26,90],"Bronze Scales":[129],"Bird Faced Urn":[48],"PreservedInsect":466,"Whetstone":["AT_purpleEX","StateErode_purple"],"Question Card":6,"obtain_stats":[{"DaveBox":0,"MostiFishMod:Haymaker":24,"BloodWine":17,"theSenshi:FeatherClipsRelic":26,"Whetstone":9,"Blood Vial":12,"Centennial Puzzle":44,"Nunchaku":47,"DaCapo":42,"PreservedInsect":6,"Boundary_crack":0,"Gensokyo:CelestialsFlawlessClothing":3,"Question Card":38,"White Beast Statue":10,"Akabeko":40,"RhineCircuit":2,"Gensokyo:EmptyGrave":36,"Anchor":43,"SynthV:TestCard":1,"Bronze Scales":8,"Bird Faced Urn":11,"Coffee Dripper":34,"TungstenRod":0,"Memoryfragments_purpleEX":0,"RuthlessExorcism:ReiMu":30},{"DaveBox":0,"MostiFishMod:Haymaker":13,"BloodWine":9,"theSenshi:FeatherClipsRelic":14,"Whetstone":4,"Blood Vial":6,"Centennial Puzzle":23,"Nunchaku":24,"DaCapo":22,"PreservedInsect":3,"Boundary_crack":0,"Gensokyo:CelestialsFlawlessClothing":1,"Question Card":19,"White Beast Statue":5,"Akabeko":20,"RhineCircuit":1,"Gensokyo:EmptyGrave":19,"Anchor":22,"SynthV:TestCard":1,"Bronze Scales":4,"Bird Faced Urn":5,"Coffee Dripper":18,"TungstenRod":0,"Memoryfragments_purpleEX":0,"RuthlessExorcism:ReiMu":16},{"DaveBox":0,"MostiFishMod:Haymaker":53,"BloodWine":40,"theSenshi:FeatherClipsRelic":56,"Whetstone":26,"Blood Vial":33,"Centennial Puzzle":80,"Nunchaku":83,"DaCapo":77,"PreservedInsect":14,"Boundary_crack":0,"Gensokyo:CelestialsFlawlessClothing":4,"Question Card":69,"White Beast Statue":28,"Akabeko":73,"RhineCircuit":4,"Gensokyo:EmptyGrave":69,"Anchor":77,"SynthV:TestCard":4,"Bronze Scales":26,"Bird Faced Urn":28,"Coffee Dripper":66,"TungstenRod":0,"Memoryfragments_purpleEX":0,"RuthlessExorcism:ReiMu":61}],"TungstenRod":50},"card_choices":[{"not_picked":["Mirror_FormAndEmptin_purple","Mirror_WaveAndshot_purple"],"picked":"Mirror_Drifter_purple","floor":1.0},{"not_picked":["SfantasyHide_purple","StretchesForeverDream_purple","Worldmountain_purple","Erosivefilter_purple"],"picked":"AdvanceAttack_purple","floor":2.0},{"not_picked":["Mirror_Drifter_purple","Worldmountain_purple","Realm_recovery_purpleEX","Umbrella_purple"],"picked":"Fancifulhole_purple","floor":2.0},{"not_picked":["Realm_recovery_purpleEX","SfantasyHide_purple","OmniscientAndOmnipotent_Monster_purple","SharpContractionReality_purple"],"picked":"StateErode_purple","floor":4.0},{"not_picked":["StateErode_purple","Photoelasticity_Doppler_Effect_purple","Boundary_LightAndDark_purple","RealityDreamConfluencek_purple"],"picked":"Erosivefilter_purple","floor":6.0},{"not_picked":["Worldmountain_purple","AdvanceAttack_purple","OpenedBox_purple","Know_ledgeAbilityRealm_purple","Boundary_ObjectiveBoundary_purple"],"picked":"SKIP","floor":8.0},{"not_picked":["StateErode_purple","PositiveMatter_Antimatter_Universe_purple","Photoelasticity_Doppler_Effect_purple","RuleDissolution_purple"],"picked":"Shallow_ocean_purpleEX","floor":10.0},{"not_picked":["AdvanceAttack_purple","Anti_communist_purple","SharpContractionReality_purple","Yakumo_Ran_purple"],"picked":"ProofOfUnderstanding_purple","floor":12.0},{"not_picked":["Umbrella_purple","Bait_Toxicbait_purple","Mirror_FormAndEmptin_purple","SharpContractionReality_purple"],"picked":"WorldDissolvedintheRealm_purple","floor":13.0},{"not_picked":["Realm_recovery_purpleEX","Shallow_ocean_purpleEX","RuptureOfTimeAndSpace_purple","Bait_Toxicbait_purple"],"picked":"WorldDissolvedintheRealm_purple","floor":14.0},{"not_picked":["Fancifulhole_purple","Theboundaryofcreation_purpleEX","GluttonyofRealm_purpleEX","ProofOfUnderstanding_purple"],"picked":"ContainerChange_purple","floor":16.0},{"not_picked":["Mirror_Drifter_purple","ExistenceContinue_purple","Shallow_ocean_purpleEX+1","Realm_recovery_purpleEX+1"],"picked":"ExternalForce_HighSpeedFlying_purple","floor":18.0},{"not_picked":["Worldmountain_purple","WorldDissolvedintheRealm_purple+1","Bait_Toxicbait_purple","Mirror_FormAndEmptin_purple"],"picked":"SharpContractionReality_purple","floor":21.0},{"not_picked":["Charmbait_purple","ExistenceContinue_purple","ButterflyHabitatTemple_purple","MeetDecomposer_purple"],"picked":"DimensionStaggered_purple","floor":22.0},{"not_picked":["Shallow_ocean_purpleEX","Mirror_FormAndEmptin_purple+1","Price_of_realm_purpleEX","Worldmountain_purple+1"],"picked":"Human_Monster_Realm_purple","floor":24.0},{"not_picked":["Erosivefilter_purple","RuleDissolution_purple","Nest_LightFlightworm_purple+1","MeetDecomposer_purple+1"],"picked":"Fantasy_PerpetualMotionMachine_purple","floor":25.0},{"not_picked":["RuleDissolution_purple","Bait_HighSpeedFlying_purple","AdvanceAttack_purple","MetroBOOM_purple"],"picked":"Charmbait_purple+1","floor":27.0},{"not_picked":["Boundary_DynamicStaticEquilibrium_purple","OmniscientAndOmnipotent_Monster_purple","Photoelasticity_Doppler_Effect_purple","Shallow_ocean_purpleEX"],"picked":"CommonSense_AntiCommonSense_purple","floor":30},{"not_picked":["MNeedle_purple+1","StateDuplicate_purple","Realm_recovery_purpleEX","Mirror_FormAndEmptin_purple"],"picked":"Boundary_LightAndDark_purple+1","floor":31},{"not_picked":["ProofOfUnderstanding_purple","Fancifulhole_purple","UniverseChoice_purple","Know_ledgeAbilityRealm_purple"],"picked":"D_absorption_purple","floor":33},{"not_picked":["Mirror_WaveAndshot_purple","MetroBOOM_purple","OmniscientAndOmnipotent_Monster_purple","ButterflyHabitatTemple_purple"],"picked":"MeetDecomposer_purple+1","floor":35},{"not_picked":["Bait_Toxicbait_purple+1","Worldmountain_purple+1","Bait_HighSpeedFlying_purple","LoveAcrossDimensions_purple","Mirror_FormAndEmptin_purple+1"],"picked":"WeekHit_purple+1","floor":40},{"not_picked":["DimensionStaggered_purple+1","Mirror_FormAndEmptin_purple+1","Shallow_ocean_purpleEX","AdvanceAttack_purple","Fancifulhole_purple"],"picked":"Line_surface_state_purple+1","floor":41},{"not_picked":["RuleDissolution_purple","SharpContractionReality_purple+1","DarkRealmRedLine_purple+1","Erosivefilter_purple","OpenedBox_purple"],"picked":"WingOfChimera_purple","floor":42},{"not_picked":["Human_Monster_Realm_purple","Charmbait_purple+1","SfantasyHide_purple","DimensionStaggered_purple","Line_surface_state_purple+1","Yakumo_Ran_purple+1"],"picked":"SKIP","floor":44},{"not_picked":["Boundary_ObjectiveBoundary_purple","Human_Monster_Realm_purple","Realm_recovery_purpleEX","Mirror_FormAndEmptin_purple+1","Boundary_DreamRealityDamnation_purple"],"picked":"SharpContractionReality_purple+1","floor":47},{"not_picked":["MetroBOOM_purple+1","RealityDreamConfluencek_purple","MeetDecomposer_purple+1","Fantasy_PerpetualMotionMachine_purple","StateErode_purple"],"picked":"Mirror_WaveAndshot_purple+1","floor":48}],"player_experience":384399,"relics_obtained":[{"floor":1.0,"key":"SynthV:TestCard"},{"floor":6.0,"key":"PreservedInsect"},{"floor":8.0,"key":"Bronze Scales"},{"floor":9.0,"key":"Whetstone"},{"floor":10.0,"key":"White Beast Statue"},{"floor":12.0,"key":"Blood Vial"},{"floor":24.0,"key":"MostiFishMod:Haymaker"},{"floor":26.0,"key":"theSenshi:FeatherClipsRelic"},{"floor":30,"key":"RuthlessExorcism:ReiMu"},{"floor":38,"key":"Question Card"},{"floor":40,"key":"Akabeko"},{"floor":42,"key":"DaCapo"},{"floor":43,"key":"Anchor"},{"floor":44,"key":"Centennial Puzzle"},{"floor":47,"key":"Nunchaku"}],"event_choices":[],"is_beta":true,"boss_relics":[{"not_picked":["Calling Bell","Runic Dome"],"picked":"BloodWine"},{"not_picked":["EE1DDrone","Astrolabe"],"picked":"Coffee Dripper"}],"items_purged_floors":[29],"is_endless":false,"potions_floor_spawned":[1,4,6,12,13,14,16,18,21,22,24,25,27,30,31,33,35,40,41,42,44,47,48],"ascension_level":6}}