{"host":"xt3o4iokwksypl90","time":1613860464,"event":{"mods":["AchievementEnabler","BaseMod","Googly Eyes","Highlight Path","Minty Spire (QoL Compilation)","Permanent Neow"],"gold_per_floor":[118,136,155,172,172,206,206,241,241,241,316,332,364,364,364,490,490,511,511,535,535,546,576,576,609,609,642,653,167,197,207,207,309,309,320,339,339,339,339,366,366,400,400,429,443,462,488,507,507,507,507,507,44,69,69],"floor_reached":56,"language":"ENG","playtime":4236,"items_purged":["Strike_G"],"score":2058,"play_id":"3459f276-a6a7-4622-a10b-18b738908932","local_time":"20210220233424","is_ascension_mode":true,"campfire_choices":[{"floor":7,"key":"REST"},{"data":"Quick Slash","floor":10,"key":"SMITH"},{"floor":15,"key":"REST"},{"data":"Wraith Form v2","floor":24,"key":"SMITH"},{"data":"Ghostly","floor":32,"key":"SMITH"},{"data":"Tools of the Trade","floor":41,"key":"SMITH"},{"floor":49,"key":"RECALL"},{"data":"Accuracy","floor":52,"key":"SMITH"}],"circlet_count":0,"master_deck":["Strike_G","Strike_G+1","Strike_G","Strike_G","Defend_G+1","Defend_G","Defend_G","Defend_G","Defend_G","Survivor","Neutralize","Blade Dance","Crippling Poison","Dagger Throw","Noxious Fumes","Quick Slash+1","Skewer","Wraith Form v2+1","Ghostly+1","Ghostly","Ghostly","Ghostly","Ghostly","Caltrops","Tools of the Trade+1","Dagger Throw+1","Caltrops","Adrenaline","CurseOfTheBell","Madness","Madness","Infinite Blades+1","Acrobatics","Accuracy+1","Accuracy+1","Calculated Gamble+1","Accuracy","Acrobatics+1"],"relics":["Philosopher\u0027s Stone","Incense Burner","PreservedInsect","HornCleat","Shuriken","Bloody Idol","Black Star","Sundial","Oddly Smooth Stone","Art of War","Mummified Hand","Tough Bandages","Centennial Puzzle","Bag of Preparation","Letter Opener","Lantern","Boot","Eternal Feather","Calling Bell","Juzu Bracelet","Blue Candle","Mango","Peace Pipe","Omamori","Pocketwatch","Pen Nib","Orichalcum","Happy Flower","Toxic Egg 2","Dream Catcher","Ornamental Fan","ClockworkSouvenir","Torii","Calipers"],"acts_visited":["Exordium","TheCity","TheBeyond","TheEnding"],"potions_floor_usage":[6,45,47,55,55,55],"damage_taken":[{"damage":1,"enemies":"Cultist","floor":1,"turns":5},{"damage":0,"enemies":"Jaw Worm","floor":2,"turns":3},{"damage":4,"enemies":"Small Slimes","floor":3,"turns":4},{"damage":19,"enemies":"3 Louse","floor":4,"turns":3},{"damage":15,"enemies":"Gremlin Nob","floor":6,"turns":4},{"damage":15,"enemies":"3 Sentries","floor":8,"turns":6},{"damage":0,"enemies":"Large Slime","floor":12,"turns":3},{"damage":1,"enemies":"Lagavulin","floor":13,"turns":4},{"damage":21,"enemies":"The Guardian","floor":16,"turns":10},{"damage":2,"enemies":"2 Thieves","floor":18,"turns":4},{"damage":1,"enemies":"Spheric Guardian","floor":20,"turns":6},{"damage":2,"enemies":"Centurion and Healer","floor":22,"turns":6},{"damage":1,"enemies":"Book of Stabbing","floor":23,"turns":7},{"damage":3,"enemies":"Slavers","floor":25,"turns":6},{"damage":1,"enemies":"Book of Stabbing","floor":27,"turns":5},{"damage":3,"enemies":"Shelled Parasite and Fungi","floor":28,"turns":6},{"damage":0,"enemies":"Gremlin Leader","floor":30,"turns":5},{"damage":0,"enemies":"3 Cultists","floor":31,"turns":5},{"damage":0,"enemies":"Champ","floor":33,"turns":11},{"damage":8,"enemies":"Orb Walker","floor":35,"turns":3},{"damage":5,"enemies":"3 Shapes","floor":36,"turns":5},{"damage":0,"enemies":"Nemesis","floor":40,"turns":7},{"damage":0,"enemies":"Reptomancer","floor":42,"turns":5},{"damage":2,"enemies":"Giant Head","floor":44,"turns":7},{"damage":1,"enemies":"3 Darklings","floor":45,"turns":6},{"damage":0,"enemies":"Jaw Worm Horde","floor":46,"turns":5},{"damage":1,"enemies":"Reptomancer","floor":47,"turns":3},{"damage":0,"enemies":"Spire Growth","floor":48,"turns":5},{"damage":1,"enemies":"Donu and Deca","floor":50,"turns":8},{"damage":1,"enemies":"Shield and Spear","floor":54,"turns":9},{"damage":4,"enemies":"The Heart","floor":55,"turns":9}],"seed_played":"-1538122583755337922","potions_obtained":[{"floor":3,"key":"Swift Potion"},{"floor":6,"key":"Ancient Potion"},{"floor":8,"key":"Strength Potion"},{"floor":13,"key":"AttackPotion"},{"floor":40,"key":"Fruit Juice"},{"floor":45,"key":"SteroidPotion"},{"floor":46,"key":"CunningPotion"},{"floor":48,"key":"PowerPotion"}],"is_trial":false,"path_per_floor":["M","M","M","M","?","E","R","E","T","R","?","M","E","?","R","B",null,"M","?","M","?","M","E","R","E","T","E","M","$","E","M","R","B",null,"M","M","?","?","?","E","R","E","T","E","M","M","E","M","R","B",null,"R","$","E","B",null],"character_chosen":"THE_SILENT","items_purchased":["Letter Opener","Lantern","Ornamental Fan","ClockworkSouvenir","Accuracy"],"campfire_rested":2,"item_purchase_floors":[29,29,53,53,53],"current_hp_per_floor":[62,62,58,39,25,10,31,16,16,16,16,16,15,15,34,13,52,50,32,31,31,32,32,32,32,32,32,32,32,32,32,32,32,46,43,43,43,37,37,42,46,46,46,46,51,51,51,51,51,50,51,51,51,51,47],"gold":69,"neow_bonus":"BOSS_RELIC","is_daily":false,"chose_seed":false,"campfire_upgraded":5,"win_rate":0.0,"timestamp":1613860464,"path_taken":["M","M","M","M","?","E","R","E","T","R","?","?","E","?","R","BOSS","M","?","M","?","M","E","R","E","T","E","M","$","E","M","R","BOSS","M","M","?","?","?","E","R","E","T","E","M","M","E","M","R","BOSS","R","$","E","BOSS"],"items_purchased_type":["Relic","Relic","Relic","Relic","Card"],"build_version":"2020-12-22","purchased_purges":1,"victory":true,"max_hp_per_floor":[70,70,70,70,70,70,70,70,70,70,70,70,70,65,65,65,65,65,32,32,32,32,32,32,32,32,32,32,32,32,32,32,32,46,46,46,46,46,46,46,46,46,46,46,51,51,51,51,51,51,51,51,51,51,51],"card_choices":[{"not_picked":["Dagger Spray","Dodge and Roll"],"picked":"Blade Dance","floor":1},{"not_picked":["Reflex","Masterful Stab","Flechettes"],"picked":"SKIP","floor":2},{"not_picked":["Endless Agony","Reflex"],"picked":"Crippling Poison","floor":3},{"not_picked":["Reflex","Outmaneuver"],"picked":"Dagger Throw","floor":4},{"not_picked":["Setup","Cloak And Dagger"],"picked":"Noxious Fumes","floor":6},{"not_picked":["Catalyst","Sucker Punch"],"picked":"Quick Slash","floor":8},{"not_picked":["Slice","Bane"],"picked":"Skewer","floor":12},{"not_picked":["Bullet Time","Quick Slash"],"picked":"Wraith Form v2","floor":13},{"not_picked":["Grand Finale","Burst"],"picked":"Die Die Die","floor":16},{"not_picked":["Poisoned Stab","Bane","Outmaneuver"],"picked":"SKIP","floor":18},{"not_picked":["Slice","Underhanded Strike","Flechettes"],"picked":"SKIP","floor":20},{"not_picked":["Flying Knee","Sucker Punch+1"],"picked":"Caltrops","floor":22},{"not_picked":["Finisher+1","Sucker Punch","Blade Dance"],"picked":"SKIP","floor":23},{"not_picked":["Slice","Leg Sweep+1"],"picked":"Tools of the Trade","floor":25},{"not_picked":["Calculated Gamble","Sucker Punch"],"picked":"Dagger Throw+1","floor":27},{"not_picked":["Underhanded Strike","Dagger Spray+1","Flying Knee"],"picked":"SKIP","floor":28},{"not_picked":["Outmaneuver+1","Dodge and Roll"],"picked":"Caltrops","floor":30},{"not_picked":["Storm of Steel","Dodge and Roll","Flying Knee"],"picked":"SKIP","floor":31},{"not_picked":["Phantasmal Killer","Grand Finale"],"picked":"Adrenaline","floor":33},{"not_picked":["Cloak And Dagger+1","Poisoned Stab","Flying Knee"],"picked":"SKIP","floor":35},{"not_picked":["Deflect+1","Bouncing Flask","Flechettes"],"picked":"SKIP","floor":36},{"not_picked":["Catalyst","Bane","Quick Slash+1"],"picked":"SKIP","floor":40},{"not_picked":["Deadly Poison","Catalyst"],"picked":"Infinite Blades+1","floor":42},{"not_picked":["Tactician","Masterful Stab+1"],"picked":"Acrobatics","floor":44},{"not_picked":["Flying Knee+1","Quick Slash","Setup"],"picked":"SKIP","floor":45},{"not_picked":["Doppelganger","Sucker Punch+1"],"picked":"Accuracy","floor":46},{"not_picked":["Poisoned Stab+1","Prepared+1"],"picked":"Accuracy+1","floor":47},{"not_picked":["Sucker Punch","Backflip+1"],"picked":"Calculated Gamble+1","floor":48},{"not_picked":["Heel Hook","Outmaneuver+1"],"picked":"Acrobatics+1","floor":54}],"player_experience":360690,"relics_obtained":[{"floor":6,"key":"Incense Burner"},{"floor":8,"key":"PreservedInsect"},{"floor":9,"key":"HornCleat"},{"floor":13,"key":"Shuriken"},{"floor":23,"key":"Sundial"},{"floor":23,"key":"Oddly Smooth Stone"},{"floor":25,"key":"Art of War"},{"floor":25,"key":"Mummified Hand"},{"floor":26,"key":"Tough Bandages"},{"floor":27,"key":"Centennial Puzzle"},{"floor":27,"key":"Bag of Preparation"},{"floor":30,"key":"Boot"},{"floor":30,"key":"Eternal Feather"},{"floor":34,"key":"Juzu Bracelet"},{"floor":34,"key":"Blue Candle"},{"floor":34,"key":"Mango"},{"floor":40,"key":"Peace Pipe"},{"floor":40,"key":"Omamori"},{"floor":42,"key":"Pocketwatch"},{"floor":42,"key":"Pen Nib"},{"floor":44,"key":"Orichalcum"},{"floor":44,"key":"Happy Flower"},{"floor":47,"key":"Toxic Egg 2"},{"floor":47,"key":"Dream Catcher"},{"floor":54,"key":"Torii"},{"floor":54,"key":"Calipers"}],"event_choices":[{"damage_healed":0,"gold_gain":0,"player_choice":"Entered Light","damage_taken":14,"max_hp_gain":0,"max_hp_loss":0,"event_name":"Shining Light","floor":5,"gold_loss":0,"cards_upgraded":["Defend_G","Strike_G"]},{"damage_healed":0,"gold_gain":75,"player_choice":"Gained Gold","damage_taken":0,"max_hp_gain":0,"max_hp_loss":0,"event_name":"Golden Wing","floor":11,"gold_loss":0},{"damage_healed":0,"gold_gain":0,"player_choice":"Lose Max HP","damage_taken":0,"relics_obtained":["Golden Idol"],"max_hp_gain":0,"max_hp_loss":5,"event_name":"Golden Idol","floor":14,"gold_loss":0},{"damage_healed":0,"gold_gain":0,"player_choice":"Became a Ghost","damage_taken":0,"max_hp_gain":0,"max_hp_loss":33,"event_name":"Ghosts","floor":19,"gold_loss":0,"cards_obtained":["Ghostly","Ghostly","Ghostly","Ghostly","Ghostly"]},{"damage_healed":0,"gold_gain":0,"player_choice":"Gave Idol","damage_taken":0,"relics_obtained":["Bloody Idol"],"max_hp_gain":0,"max_hp_loss":0,"event_name":"Forgotten Altar","floor":21,"relics_lost":["Golden Idol"],"gold_loss":0},{"cards_removed":["Die Die Die"],"damage_healed":0,"gold_gain":0,"player_choice":"Removed Attack","damage_taken":0,"max_hp_gain":0,"max_hp_loss":0,"event_name":"Falling","floor":37,"gold_loss":0},{"damage_healed":0,"gold_gain":0,"player_choice":"Embrace Madness","damage_taken":6,"max_hp_gain":0,"max_hp_loss":0,"event_name":"Winding Halls","floor":38,"gold_loss":0,"cards_obtained":["Madness","Madness"]},{"damage_healed":0,"gold_gain":0,"player_choice":"Ignored","damage_taken":0,"max_hp_gain":0,"max_hp_loss":0,"event_name":"Tomb of Lord Red Mask","floor":39,"gold_loss":0}],"is_beta":false,"boss_relics":[{"not_picked":["Cursed Key","Ectoplasm"],"picked":"Black Star"},{"not_picked":["Astrolabe","Runic Pyramid"],"picked":"Calling Bell"}],"items_purged_floors":[29],"is_endless":false,"potions_floor_spawned":[3,6,8,13,18,23,25,28,31,35,40,45,46,48,54],"ascension_level":7}}