{"host":"121m0oxswv9tg9hk","time":1613782934,"event":{"mods":["BaseMod","Better Altar","Better Third Choice","Hermit","Hubris","Ironclad Rager","Minty Spire (QoL Compilation)","Replay The Spire","Shade Mod","StSLib","The Construct","The Mystic"],"gold_per_floor":[16,32,44,60,60,90,55,85,85,85,165,165,165,230,230,376,376,409,409,567,625,625,625,696,696,696,743,816,876,876,293,293,392,392,408,503,214,270,270,285,285,311,334,361,361,361,361,388,388,338,338,338,36,71,71,71],"floor_reached":55,"language":"ENG","playtime":4673,"items_purged":["hubris:Despair","CommonCold"],"score":1835,"play_id":"2463c336-24a1-4f49-bf0f-846862c29966","local_time":"20210220020214","is_ascension_mode":true,"campfire_choices":[{"data":"Shade:PoundOfFlesh","floor":10,"key":"SMITH"},{"data":"Shade:Patience","floor":12,"key":"SMITH"},{"data":"Shade:LichForm","floor":15,"key":"SMITH"},{"floor":23,"key":"REST"},{"data":"Shade:GoDigging","floor":25,"key":"SMITH"},{"data":"Shade:Putrefaction","floor":30,"key":"SMITH"},{"data":"Apotheosis","floor":32,"key":"SMITH"},{"floor":41,"key":"REST"},{"floor":45,"key":"RECALL"},{"data":"Shade:OminousRitual","floor":47,"key":"SMITH"},{"data":"Specialist","floor":49,"key":"SMITH"},{"data":"Sadistic Nature","floor":52,"key":"SMITH"}],"circlet_count":0,"master_deck":["AscendersBane","Shade:Strike_Shade","Shade:Strike_Shade+1","Shade:Strike_Shade","Shade:Strike_Shade","Shade:Defend_Shade","Shade:Defend_Shade+1","Shade:Defend_Shade","Shade:Defend_Shade","Shade:AnimateDead","Shade:CarefulCut","Shade:FeralStrike","Shade:PoundOfFlesh+1","Shade:LichForm+1","Amnesia","Shade:UnbarTheGrave","Shade:OpenGraves","Shade:Patience+1","Shade:GoDigging+1","Shade:Putrefaction+1","CurseOfTheBell","Shade:SanguineRitual","Shade:PressTheAttack","RitualDagger","Shade:AuraOfUnlife","Shade:Trample+1","ReplayTheSpireMod:Splinters","Shade:Putrefaction","Apotheosis+1","Bandage Up","Shade:OminousRitual+1","Shade:GreyBargain+1","Sadistic Nature+1","Specialist+1","Shade:Brains+1","Shade:AblativeArmor","Shade:UnbarTheGrave","Shade:UnbarTheGrave","Replay:Sssssssssshield","Shade:SpectralStrikes+1","hubris:NaturalOne"],"relics":["Shade:YorickSkull","StoneCalendar","ReplayTheSpireMod:Ring of Challenge","hubris:Reverence","Anchor","Replay:Bottled Flurry","Garlic","Replay:Ancient Bell","Vajra","Blue Candle","hubris:Spice","hubris:Icosahedron","Eternal Feather","Replay:Mystery Machine","hubris:TenFootPole","Frozen Eye","Pantograph","BargainBundle","Strawberry"],"acts_visited":["Exordium","TheCity","TheBeyond","TheEnding"],"potions_floor_usage":[6,8,11,16,20,21,24,29,33,40,40,44,50,54],"damage_taken":[{"damage":0,"enemies":"Jaw Worm","floor":1,"turns":4},{"damage":0,"enemies":"2 Louse","floor":2,"turns":2},{"damage":0,"enemies":"Small Slimes","floor":3,"turns":3},{"damage":3,"enemies":"Blue Slaver","floor":4,"turns":4},{"damage":7,"enemies":"3 Sentries","floor":6,"turns":7},{"damage":11,"enemies":"Lagavulin","floor":8,"turns":5},{"damage":11,"enemies":"Replay:BlueRogue","floor":11,"turns":7},{"damage":0,"enemies":"Exordium Wildlife","floor":14,"turns":4},{"damage":6,"enemies":"Hexaghost","floor":16,"turns":7},{"damage":0,"enemies":"Spheric Guardian","floor":18,"turns":3},{"damage":11,"enemies":"Shell Parasite","floor":20,"turns":6},{"damage":13,"enemies":"Sentry and Sphere","floor":21,"turns":4},{"damage":9,"enemies":"Replay:Snechameleon","floor":24,"turns":7},{"damage":5,"enemies":"Slavers","floor":27,"turns":5},{"damage":7,"enemies":"Centurion and Healer","floor":29,"turns":4},{"damage":12,"enemies":"Pondfish","floor":33,"turns":9},{"damage":7,"enemies":"3 Darklings","floor":35,"turns":4},{"damage":5,"enemies":"Mind Bloom Boss Battle","floor":36,"turns":8},{"damage":42,"enemies":"Orb Walker","floor":38,"turns":4},{"damage":1,"enemies":"Reptomancer","floor":40,"turns":2},{"damage":34,"enemies":"Giant Head","floor":42,"turns":7},{"damage":10,"enemies":"Nemesis","floor":44,"turns":7},{"damage":36,"enemies":"R_Hoarder","floor":48,"turns":7},{"damage":66,"enemies":"Time Eater","floor":50,"turns":11},{"damage":60,"enemies":"Shield and Spear","floor":54,"turns":6},{"damage":69,"enemies":"The Heart","floor":55,"turns":5}],"seed_played":"5372997112155132805","potions_obtained":[{"floor":2,"key":"Swift Potion"},{"floor":4,"key":"DuplicationPotion"},{"floor":6,"key":"SneckoOil"},{"floor":11,"key":"SmokeBomb"},{"floor":14,"key":"ColorlessPotion"},{"floor":16,"key":"Strength Potion"},{"floor":18,"key":"DuplicationPotion"},{"floor":20,"key":"Death Potion"},{"floor":21,"key":"Block Potion"},{"floor":28,"key":"Energy Potion"},{"floor":36,"key":"LiquidBronze"},{"floor":44,"key":"BlessingOfTheForge"}],"is_trial":false,"path_per_floor":["M","M","M","M","?","E","?","E","T","R","E","R","?","M","R","B",null,"M","?","M","M","?","R","E","R","T","E","?","M","R","$","R","B",null,"M","?","$","M","?","E","R","E","T","E","R","?","R","E","R","B",null,"R","$","E","B"],"character_chosen":"SHADE","items_purchased":["Frozen Eye","Apotheosis","LifebloodPotion","Bandage Up","Sadistic Nature","Specialist","Shade:AblativeArmor","BargainBundle","FairyPotion","DistilledChaos","Shade:UnbarTheGrave","Replay:Sssssssssshield"],"campfire_rested":2,"item_purchase_floors":[31,31,31,31,37,37,53,53,53,53,53,53],"current_hp_per_floor":[59,59,59,56,56,49,65,54,54,54,43,43,30,30,30,24,63,71,71,60,47,41,62,53,53,53,48,48,41,59,59,65,59,64,63,64,64,22,22,25,65,35,35,29,50,50,65,29,50,5,50,65,65,12,0,0],"gold":71,"neow_bonus":"ONE_RARE_RELIC","is_daily":false,"chose_seed":false,"campfire_upgraded":9,"win_rate":0.0,"timestamp":1613782934,"path_taken":["M","M","M","M","?","E","?","E","T","R","E","R","?","M","R","BOSS","M","?","M","M","?","R","E","R","T","E","?","M","R","$","R","BOSS","M","?","$","M","?","E","R","E","T","E","R","?","R","E","R","BOSS","R","$","E","BOSS"],"items_purchased_type":["Relic","Card","Potion","Card","Card","Card","Card","Relic","Potion","Potion","Card","Card"],"build_version":"2020-12-22","purchased_purges":2,"victory":false,"max_hp_per_floor":[65,65,65,65,65,65,65,65,65,65,65,65,65,65,65,65,73,81,81,81,73,73,73,65,65,65,65,65,65,65,65,65,65,65,65,65,65,65,65,65,65,65,65,65,65,65,65,65,65,65,65,65,65,72,72,72],"card_choices":[{"not_picked":["Shade:Excise","Shade:BoneShards"],"picked":"Shade:FeralStrike","floor":1},{"not_picked":["Shade:Patience","Shade:FingerOfDeath"],"picked":"Shade:PoundOfFlesh","floor":2},{"not_picked":["Shade:GreyBargain","Shade:FingerOfDeath"],"picked":"Shade:LichForm","floor":3},{"not_picked":["Shade:WallOfFlesh","Shade:CoffinDance","Shade:SoulToxin"],"picked":"SKIP","floor":4},{"not_picked":["Shade:Awaken","Shade:FuneraryJewels"],"picked":"Shade:UnbarTheGrave","floor":6},{"not_picked":["Shade:GreyBargain","Shade:Bonestorm"],"picked":"Shade:OpenGraves","floor":8},{"not_picked":["Shade:Haruspicy","Shade:BoneShards"],"picked":"Shade:Patience","floor":11},{"not_picked":["Shade:SkeletonHug","Shade:ClawBack"],"picked":"Shade:GoDigging","floor":14},{"not_picked":["Shade:SoulPierce","Shade:OfferingToTheBeyond"],"picked":"Shade:Putrefaction","floor":16},{"not_picked":["Replay:Hysterical Blindness","Languid"],"picked":"CommonCold","floor":17},{"not_picked":["Shame","hubris:Despair"],"picked":"CurseOfTheBell","floor":17},{"not_picked":["ReplayTheSpireMod:Doomed","Overencumbered"],"picked":"hubris:Despair","floor":17},{"not_picked":["Shade:MadHubris","Shade:SkeletonHug"],"picked":"Shade:SanguineRitual","floor":18},{"not_picked":["Shade:Excise","Shade:SanguineRitual"],"picked":"Shade:PressTheAttack","floor":20},{"not_picked":["Shade:FuneraryArmor","Shade:ScuttlingHand+1"],"picked":"hubris:SpiceAddiction","floor":21},{"not_picked":["Shade:Putrefaction","Shade:ExtraLimbs"],"picked":"Shade:AuraOfUnlife","floor":24},{"not_picked":["Shade:CoffinDance","Shade:Bonestorm+1"],"picked":"Shade:Trample+1","floor":27},{"not_picked":["hubris:SpiceAddiction","Shade:DangerousRitual"],"picked":"Shade:Putrefaction","floor":28},{"not_picked":["Shade:CoffinDance","Shade:FingerOfDeath","hubris:SpiceAddiction"],"picked":"SKIP","floor":29},{"not_picked":["Shade:OfferingToTheBeyond","Shade:Putrefaction"],"picked":"Shade:OminousRitual","floor":33},{"not_picked":["Shade:FingerOfDeath+1","Shade:Frenzy+1","Shade:CloudOfShrapnel"],"picked":"SKIP","floor":35},{"not_picked":["Shade:Haruspicy+1","Shade:AncientSpear+1"],"picked":"Shade:GreyBargain+1","floor":36},{"not_picked":["hubris:SpiceAddiction","Shade:ClawBack+1","Shade:Frenzy+1"],"picked":"SKIP","floor":38},{"not_picked":["Shade:GraveStillness","Shade:Haruspicy","Shade:AncientSpear+1"],"picked":"SKIP","floor":42},{"not_picked":["Shade:CoffinDance+1","Shade:GreyBargain"],"picked":"Shade:Brains+1","floor":44},{"not_picked":["Shade:GreyBargain","hubris:SpiceAddiction","hubris:SpiceAddiction"],"picked":"SKIP","floor":48},{"not_picked":["hubris:SpiceAddiction","Shade:SensePrey"],"picked":"Shade:SpectralStrikes+1","floor":54}],"player_experience":2562989,"relics_obtained":[{"floor":5,"key":"ReplayTheSpireMod:Ring of Challenge"},{"floor":6,"key":"hubris:Reverence"},{"floor":8,"key":"Anchor"},{"floor":9,"key":"Replay:Bottled Flurry"},{"floor":11,"key":"Garlic"},{"floor":18,"key":"hubris:Spice"},{"floor":24,"key":"hubris:Spice"},{"floor":26,"key":"Eternal Feather"},{"floor":27,"key":"Replay:Mystery Machine"},{"floor":27,"key":"hubris:TenFootPole"},{"floor":42,"key":"Pantograph"},{"floor":54,"key":"Strawberry"}],"event_choices":[{"damage_healed":16,"gold_gain":0,"player_choice":"Healed","damage_taken":0,"max_hp_gain":0,"max_hp_loss":0,"event_name":"The Cleric","floor":7,"gold_loss":35},{"damage_healed":43,"gold_gain":0,"player_choice":"Upgrade","damage_taken":13,"max_hp_gain":0,"max_hp_loss":65,"event_name":"betterThird:BetterShining","floor":13,"gold_loss":0,"cards_upgraded":["Shade:Strike_Shade","Shade:Defend_Shade"]},{"damage_healed":0,"gold_gain":0,"player_choice":"Dagger","damage_taken":6,"max_hp_gain":0,"max_hp_loss":0,"event_name":"betterThird:BetterNest","floor":22,"gold_loss":0,"cards_obtained":["RitualDagger"]},{"damage_healed":0,"gold_gain":0,"player_choice":"Fight","damage_taken":0,"max_hp_gain":0,"max_hp_loss":0,"event_name":"MindBloom","floor":36,"gold_loss":0},{"damage_healed":0,"gold_gain":0,"player_choice":"Ignored","damage_taken":0,"max_hp_gain":0,"max_hp_loss":0,"event_name":"Mysterious Sphere","floor":39,"gold_loss":0},{"damage_healed":0,"gold_gain":0,"player_choice":"Ignored","damage_taken":0,"max_hp_gain":0,"max_hp_loss":0,"event_name":"Tomb of Lord Red Mask","floor":46,"gold_loss":0}],"is_beta":false,"boss_relics":[{"not_picked":["Shade:YorickPolishedSkull","hubris:Stopwatch"],"picked":"Replay:Ancient Bell"},{"not_picked":["Pen Nib","Bag of Marbles"],"picked":"Vajra"},{"not_picked":["Iron Hammer","hubris:DisguiseKit"],"picked":"Blue Candle"},{"not_picked":["Replay:Arrowhead","Turnip"],"picked":"hubris:Spice"},{"not_picked":["hubris:BlackHole","hubris:Spice","hubris:Spice"]}],"items_purged_floors":[31,53],"is_endless":false,"potions_floor_spawned":[2,4,6,11,14,16,18,20,21,36,44,48],"killed_by":"The Heart","ascension_level":11}}