{"host":"rjfefv2ruvigm2gb","time":1613855687,"event":{"mods":["Act Like it!","AlwaysNeverKeys","BaseMod","Better Note","Better Third Choice","BetterRewards","Block Reminder","Bossed Relics","Colored Map","Colored Powertips","Conspire","Curses Come First","Displayed Cursed Tome","Downfall","Fox Events","GifTheSpireLib","Gold Saver","Googly Eyes","Highlight Path","Hubris","Ironclad Rager","Minty Spire (QoL Compilation)","Monster B Gone","Permanent Neow","Poor People Problems","Quick Restart","Relic Filter","Relic Stats","Reliquary","Replay The Spire","Retaliation","Ruina","Shop Mod","Small Relic Pack","Spire Arcade","StS++","StSLib","Stuff the Spire","SuperFastMode","The Blue Laboratory","Transform Curses","Uncapped","Virulent Crown"],"gold_per_floor":[413,433,533,533,545,561,587,587,600,450,467,233,233,70,85,183,183,183,196,208,219,230,230,257,272,272,284,284,284,297,297,310,412,412,412,428,447,461,461,494,494,524,19,34,69,69,69,121,140,140,140,166,16,16,16,16],"floor_reached":57,"language":"ENG","playtime":2988,"items_purged":["hubris:Disease","bronze:Strike","bronze:Defend","ReplayTheSpireMod:Splinters"],"score":1842,"play_id":"0f839382-590e-441b-a863-c5561823434c","local_time":"20210220151447","is_ascension_mode":true,"campfire_choices":[{"data":"bronze:Strike","floor":1.0,"key":"PURGE"},{"data":"bronze:ItsAFeature","floor":8.0,"key":"SMITH"},{"floor":13.0,"key":"REST"},{"data":"bronze:Virus","floor":18.0,"key":"SMITH"},{"data":"bronze:BugBarrage","floor":23.0,"key":"SMITH"},{"data":"bronze:BugBarrage","floor":26.0,"key":"SMITH"},{"data":"bronze:Goto","floor":28.0,"key":"SMITH"},{"data":"StuffTheSpire:CopiaOfFamine","floor":35.0,"key":"SMITH"},{"floor":46.0,"key":"REST"},{"floor":54.0,"key":"REST"}],"circlet_count":0,"master_deck":["AscendersBane","bronze:Defend","bronze:Defend","bronze:Replicate","bronze:Goto+1","bronze:ItsAFeature+1","bronze:Separator","bronze:BugBarrage+1","bronze:Virus+1","bronze:Shield","bronze:Shield","bronze:BugBarrage+1","bronze:BronzeOrb","bronze:BuggyMess","StuffTheSpire:CopiaOfFamine+1","bronze:ItsAFeature","bronze:MaxOutput","bronze:MaxOutput","bronze:BugBarrage","bronze:BugBarrage"],"relics":["bronze:BronzeCore","downfall:HeartBlessingBlue","downfall:HeartBlessingRed","downfall:HeartBlessingGreen","StuffTheSpire:OldFever","Vajra","reliquary:RoseTintedGlasses","Runic Pyramid","DollysMirror","reliquary:TatteredRug","reliquary:BallBearing","reliquary:ThirdArm","reliquary:Vitrine","hubris:BottledRain","Guardian:PocketSentry","Potion Belt","bronze:DonusWashers","StuffTheSpire:Nightcore","Gremlin Horn","StrikeDummy"],"acts_visited":["Exordium","TheCity","TheBeyond","TheEnding"],"potions_floor_usage":[55,56,56,56],"damage_taken":[{"damage":1.0,"enemies":"conspire:RoseBush","floor":2.0,"turns":5.0},{"damage":0.0,"enemies":"2 Louse","floor":5.0,"turns":4.0},{"damage":0.0,"enemies":"Cultist","floor":6.0,"turns":3.0},{"damage":19.0,"enemies":"Gremlin Gang","floor":9.0,"turns":5.0},{"damage":8.0,"enemies":"3 Louse","floor":11.0,"turns":3.0},{"damage":3.0,"enemies":"downfall:FleeingMerchant","floor":12.0,"turns":4.0},{"damage":1.0,"enemies":"downfall:FleeingMerchant","floor":14.0,"turns":4.0},{"damage":2.0,"enemies":"Blue Slaver","floor":15.0,"turns":2.0},{"damage":26.0,"enemies":"IC_STATUS_ARCHETYPE","floor":16.0,"turns":6.0},{"damage":0.0,"enemies":"Spheric Guardian","floor":19.0,"turns":2.0},{"damage":5.0,"enemies":"3 Byrds","floor":20.0,"turns":3.0},{"damage":0.0,"enemies":"downfall:FleeingMerchant","floor":21.0,"turns":4.0},{"damage":0.0,"enemies":"Shelled Parasite and Fungi","floor":22.0,"turns":4.0},{"damage":0.0,"enemies":"Cultist and Chosen","floor":25.0,"turns":4.0},{"damage":3.0,"enemies":"conspire:HollyBat","floor":27.0,"turns":5.0},{"damage":1.0,"enemies":"Centurion and Healer","floor":30.0,"turns":2.0},{"damage":0.0,"enemies":"Snecko","floor":32.0,"turns":2.0},{"damage":0.0,"enemies":"DF_ARCHETYPE_CLAW","floor":33.0,"turns":4.0},{"damage":0.0,"enemies":"Orb Walker","floor":36.0,"turns":2.0},{"damage":5.0,"enemies":"3 Shapes","floor":37.0,"turns":4.0},{"damage":0.0,"enemies":"Sphere and 2 Shapes","floor":38.0,"turns":3.0},{"damage":13.0,"enemies":"Nemesis","floor":40.0,"turns":3.0},{"damage":11.0,"enemies":"Reptomancer","floor":42.0,"turns":3.0},{"damage":0.0,"enemies":"Jaw Worm Horde","floor":44.0,"turns":2.0},{"damage":0.0,"enemies":"R_Hoarder","floor":45.0,"turns":3.0},{"damage":9.0,"enemies":"Writhing Mass","floor":49.0,"turns":6.0},{"damage":34.0,"enemies":"WA_ARCHETYPE_DIVINITY","floor":50.0,"turns":6.0},{"damage":0.0,"enemies":"downfall:CharBossMerchant","floor":52.0,"turns":3.0},{"damage":9,"enemies":"downfall:NeowBoss","floor":55,"turns":6},{"damage":44,"enemies":"downfall:NeowBossFinal","floor":56,"turns":7}],"seed_played":"4453441291759074569","potions_obtained":[{"floor":2.0,"key":"PowerPotion"},{"floor":5.0,"key":"DDmod:CleansePotion"},{"floor":9.0,"key":"bronze:FreeFunctionsPotion"},{"floor":15.0,"key":"Dexterity Potion"},{"floor":33.0,"key":"StSpp:ScatteredWeakPotion"},{"floor":48.0,"key":"bronze:BurnAndBuffPotion"},{"floor":49.0,"key":"Adrenaline Potion"},{"floor":52.0,"key":"FearPotion"}],"is_trial":false,"path_per_floor":["R_BF","M","?","?","M","M","T","R","M","?","M","$","R","$","M","B",null,"R","M","M","$","M","R","T","M","R","M","R","?","M","?","M","B",null,"R","M","M","M","?","E","T","E","$","M","E","R","$","?","M","B",null,"E","$","R","B","B",null],"character_chosen":"THE_AUTOMATON","items_purchased":["Vajra","reliquary:RoseTintedGlasses","DollysMirror","bronze:BronzeOrb","Potion Belt","bronze:MaxOutput","bronze:DonusWashers"],"campfire_rested":3,"item_purchase_floors":[12,14,21,21,43,43,43],"current_hp_per_floor":[73,72,72,72,72,72,72,72,53,53,45,42,66,65,63,37,69,69,69,64,64,64,64,64,64,64,61,61,61,60,40,40,40,70,70,70,65,65,65,52,52,41,41,41,41,65,65,65,56,22,66,66,66,80,71,27],"gold":16,"neow_bonus":"HUNDRED_GOLD","is_daily":false,"chose_seed":false,"campfire_upgraded":6,"win_rate":0.0,"timestamp":1613855687,"path_taken":["R_BF","M","?","?","?","M","T","R","?","?","M","$","R","?","M","BOSS","R","M","M","$","M","R","T","M","R","M","R","?","M","?","M","BOSS","R","M","M","M","?","E","T","E","$","M","E","R","?","?","M","BOSS","E","$","R","BOSS","BOSS"],"items_purchased_type":["Relic","Relic","Relic","Card","Relic","Card","Relic"],"build_version":"2020-12-22","purchased_purges":4,"victory":true,"max_hp_per_floor":[80,80,80,80,80,80,80,80,80,80,80,80,80,80,80,80,80,80,80,80,80,80,80,80,80,80,80,80,80,80,80,80,80,80,80,80,80,80,80,80,80,80,80,80,80,80,80,80,80,80,80,80,80,80,80,80],"relic_stats":{"Gremlin Horn":[4,4],"counters":[30,114],"obtain_stats":[{"Potion Belt":43,"bronze:DonusWashers":43,"bronze:BronzeCore":0,"downfall:HeartBlessingRed":1,"Gremlin Horn":48,"Vajra":12,"downfall:HeartBlessingGreen":1,"reliquary:TatteredRug":24,"Guardian:PocketSentry":42,"reliquary:ThirdArm":34,"downfall:HeartBlessingBlue":1,"DollysMirror":21,"reliquary:RoseTintedGlasses":14,"reliquary:BallBearing":29,"StuffTheSpire:Nightcore":45,"reliquary:Vitrine":40,"StrikeDummy":52,"StuffTheSpire:OldFever":7,"Runic Pyramid":17,"hubris:BottledRain":41},{"Potion Belt":23,"bronze:DonusWashers":23,"bronze:BronzeCore":0,"downfall:HeartBlessingRed":0,"Gremlin Horn":25,"Vajra":6,"downfall:HeartBlessingGreen":0,"reliquary:TatteredRug":13,"Guardian:PocketSentry":23,"reliquary:ThirdArm":18,"downfall:HeartBlessingBlue":0,"DollysMirror":12,"reliquary:RoseTintedGlasses":7,"reliquary:BallBearing":15,"StuffTheSpire:Nightcore":25,"reliquary:Vitrine":22,"StrikeDummy":28,"StuffTheSpire:OldFever":3,"Runic Pyramid":9,"hubris:BottledRain":22},{"Potion Belt":81,"bronze:DonusWashers":81,"bronze:BronzeCore":0,"downfall:HeartBlessingRed":0,"Gremlin Horn":86,"Vajra":24,"downfall:HeartBlessingGreen":0,"reliquary:TatteredRug":49,"Guardian:PocketSentry":81,"reliquary:ThirdArm":66,"downfall:HeartBlessingBlue":0,"DollysMirror":45,"reliquary:RoseTintedGlasses":28,"reliquary:BallBearing":58,"StuffTheSpire:Nightcore":86,"reliquary:Vitrine":78,"StrikeDummy":101,"StuffTheSpire:OldFever":12,"Runic Pyramid":36,"hubris:BottledRain":78}]},"card_choices":[{"not_picked":["bronze:Overload","bronze:BronzeOrb"],"picked":"bronze:ItsAFeature","floor":2.0},{"not_picked":["bronze:Flail","bronze:Return","bronze:GetLatest"],"picked":"SKIP","floor":5.0},{"not_picked":["bronze:Deprecate","bronze:Iterate"],"picked":"bronze:Separator","floor":6.0},{"not_picked":["bronze:Fortify","bronze:Optimize","bronze:Constructor"],"picked":"SKIP","floor":9.0},{"not_picked":["bronze:WildBeam","bronze:CleanCode"],"picked":"bronze:BugBarrage","floor":11.0},{"not_picked":["bronze:Deprecate","bronze:Separator"],"picked":"bronze:DelayedSlice","floor":12.0},{"not_picked":["bronze:Repair","bronze:DelayedSlice","bronze:Constructor"],"picked":"SKIP","floor":14.0},{"not_picked":["bronze:WhirlingStrike","bronze:CutThrough","bronze:DelayedSlice"],"picked":"SKIP","floor":15.0},{"not_picked":["bronze:Assembly","bronze:InfiniteLoop"],"picked":"bronze:Virus","floor":16.0},{"not_picked":["bronze:Allocate","bronze:DarkDash"],"picked":"bronze:Shield","floor":19.0},{"not_picked":["bronze:Overheat+1","bronze:Frontload"],"picked":"bronze:Shield","floor":20.0},{"not_picked":["bronze:Backtrace","bronze:DigitalCarnage","bronze:Shell"],"picked":"SKIP","floor":21.0},{"not_picked":["bronze:WildBeam+1","bronze:Iterate","bronze:Backtrace+1"],"picked":"SKIP","floor":22.0},{"not_picked":["bronze:Shell","bronze:DelayedSlice","bronze:Separator"],"picked":"SKIP","floor":25.0},{"not_picked":["bronze:Turbo","bronze:BitShift+1","bronze:Branch"],"picked":"SKIP","floor":27.0},{"not_picked":["bronze:BronzeArmor","bronze:Verify"],"picked":"bronze:BuggyMess","floor":30.0},{"not_picked":["bronze:WhirlingStrike","bronze:DelayedSlice","bronze:WildBeam"],"picked":"SKIP","floor":32.0},{"not_picked":["bronze:Terminator+1","bronze:FineTuning","bronze:WildBeam+1"],"picked":"SKIP","floor":36.0},{"not_picked":["bronze:DelayedSlice","bronze:Shell"],"picked":"bronze:ItsAFeature","floor":37.0},{"not_picked":["bronze:Constructor","bronze:Refactor+1","bronze:DelayedSlice+1"],"picked":"SKIP","floor":38.0},{"not_picked":["bronze:DigitalCarnage+1","bronze:Terminator+1","bronze:BitShift+1"],"picked":"SKIP","floor":40.0},{"not_picked":["bronze:InfiniteBeams+1","bronze:WhirlingStrike+1"],"picked":"bronze:MaxOutput","floor":42.0},{"not_picked":["bronze:Iterate","bronze:Constructor"],"picked":"bronze:BugBarrage","floor":44.0},{"not_picked":["bronze:Constructor+1","bronze:Allocate+1","bronze:Separator+1"],"picked":"SKIP","floor":45.0},{"not_picked":["bronze:Fortify+1","bronze:HyperBeam"],"picked":"bronze:BugBarrage","floor":49.0},{"not_picked":["bronze:WhirlingStrike","bronze:Branch","bronze:CutThrough+1"],"picked":"SKIP","floor":52.0}],"player_experience":1142803,"relics_obtained":[{"floor":7.0,"key":"StuffTheSpire:OldFever"},{"floor":24.0,"key":"reliquary:TatteredRug"},{"floor":40.0,"key":"reliquary:Vitrine"},{"floor":41.0,"key":"hubris:BottledRain"},{"floor":42.0,"key":"Guardian:PocketSentry"},{"floor":45.0,"key":"StuffTheSpire:Nightcore"},{"floor":48.0,"key":"Gremlin Horn"},{"floor":52.0,"key":"StrikeDummy"}],"event_choices":[],"is_beta":false,"boss_relics":[{"not_picked":["Sozu","hubris:Stopwatch"],"picked":"Runic Pyramid"},{"not_picked":["bronze:PlatinumCore","hubris:HollowSoul"],"picked":"reliquary:ThirdArm"}],"items_purged_floors":[12,21,43,53],"is_endless":false,"potions_floor_spawned":[2,5,9,15,19,30,32,33,40,42,49,52],"ascension_level":10}}