{"host":"jzhosqkmc1ht3q4y","time":1613834915,"event":{"mods":["100% Spire Juice","Act Like it!","Arknights","BaseMod","Better Third Choice","Colored Map","Minty Spire (QoL Compilation)","Rare Cards Sparkle","StSLib","SuperFastMode"],"gold_per_floor":[115,126,139,139,139,139,167,185,209,209,229,229,261,140,140,140,140],"floor_reached":16,"language":"KOR","playtime":584,"items_purged":["ats:Strike C"],"score":127,"play_id":"2ca5ed06-008b-476c-8147-7b32d8514bff","local_time":"20210221002835","is_ascension_mode":true,"campfire_choices":[{"data":"ats:Closed Bolt Burst Fire","floor":6.0,"key":"SMITH"},{"floor":10.0,"key":"REST"},{"data":"ats:Healing Strengthening","floor":12.0,"key":"SMITH"},{"data":"ats:Soul Rend","floor":15,"key":"SMITH"}],"circlet_count":0,"master_deck":["ats:Strike G","ats:Strike S","ats:Armor Crushing Shot","ats:Defend","ats:Defend","ats:Defend","ats:Defend","ats:Emotion Absorption","ats:Closed Bolt Burst Fire+1","ats:Healing Strengthening+1","ats:Composite Medical Shells","ats:Sword Rain","ats:Soul Rend+1","ats:Demon Strength","ats:Cat Scratch"],"relics":["ats:Sanity","Shuriken","ats:Originium","ats:Military Tradition","Regal Pillow","Potion Belt"],"acts_visited":["Exordium"],"potions_floor_usage":[16],"damage_taken":[{"damage":10.0,"enemies":"Cultist","floor":1.0,"turns":4.0},{"damage":7.0,"enemies":"Jaw Worm","floor":2.0,"turns":3.0},{"damage":0.0,"enemies":"Small Slimes","floor":3.0,"turns":3.0},{"damage":52.0,"enemies":"Lagavulin","floor":7.0,"turns":8.0},{"damage":4.0,"enemies":"Blue Slaver","floor":8.0,"turns":3.0},{"damage":18.0,"enemies":"Gremlin Gang","floor":11.0,"turns":5.0},{"damage":24,"enemies":"Gremlin Nob","floor":13,"turns":4},{"damage":35,"enemies":"Hexaghost","floor":16,"turns":11}],"seed_played":"7923416446133031930","potions_obtained":[{"floor":2.0,"key":"ats:Burn Small Potion"},{"floor":7.0,"key":"Weak Potion"},{"floor":13,"key":"BlessingOfTheForge"}],"is_trial":false,"path_per_floor":["M","M","M","T","?","R","E","M","T","R","M","R","E","$","R","B"],"character_chosen":"DOCTOR_CLASS","items_purchased":["ats:Cat Scratch"],"campfire_rested":1,"item_purchase_floors":[14],"current_hp_per_floor":[62,55,55,55,60,60,8,4,4,42,27,27,5,5,5,0,0],"gold":140,"neow_bonus":"REMOVE_CARD","is_daily":false,"chose_seed":false,"campfire_upgraded":3,"win_rate":0.0,"timestamp":1613834915,"path_taken":["M","?","M","?","?","R","E","M","T","R","M","R","E","$","R","BOSS"],"items_purchased_type":["Card"],"build_version":"2020-12-22","purchased_purges":1,"victory":false,"max_hp_per_floor":[72,72,72,72,77,77,77,77,77,77,77,77,77,77,77,77,77],"card_choices":[{"not_picked":["ats:Explosion Area Strengthen","ats:Assault Order"],"picked":"ats:Closed Bolt Burst Fire","floor":1.0},{"not_picked":["ats:Thorns","ats:Explosion Area Strengthen"],"picked":"ats:Healing Strengthening","floor":2.0},{"not_picked":["ats:Spore Proliferation","ats:Guard Mode"],"picked":"ats:Composite Medical Shells","floor":3.0},{"not_picked":["ats:Curse Doll","ats:Automatic Cover"],"picked":"ats:Sword Rain","floor":7.0},{"not_picked":["ats:Blood Oath","ats:Ignite"],"picked":"ats:Soul Rend","floor":8.0},{"not_picked":["ats:Thorns","ats:Charging Defense"],"picked":"ats:Demon Strength","floor":11.0},{"not_picked":["ats:Consecutive Shot Auto","ats:Very Hot Blade","ats:Overload"],"picked":"SKIP","floor":13}],"player_experience":789449,"relics_obtained":[{"floor":4.0,"key":"Shuriken"},{"floor":7.0,"key":"ats:Originium"},{"floor":7.0,"key":"ats:Military Tradition"},{"floor":9.0,"key":"Regal Pillow"},{"floor":13,"key":"ats:Originium"},{"floor":13,"key":"Potion Belt"}],"event_choices":[{"damage_healed":0.0,"max_hp_gain":5.0,"max_hp_loss":0.0,"gold_gain":0.0,"event_name":"Big Fish","player_choice":"Donut","floor":5.0,"gold_loss":0.0,"damage_taken":0.0}],"is_beta":false,"boss_relics":[],"items_purged_floors":[14],"is_endless":false,"potions_floor_spawned":[2,7,13],"killed_by":"Hexaghost","ascension_level":3}}