{"host":"oc01m10dqg0gjqug","time":1613820637,"event":{"mods":["100% Spire Juice","ATMod(阿瑾Mod)","Act Like it!","Alarm Clock","Aspiration","BaseMod","Bossed Relics","CapriCore","Chen","Colored Powertips","Conspire","Dota2Spire","Faster Ascension Climbing","Gensokyo","Hubris","Koishi","KomeijiMod","Marisa（F雨　魔理沙）","Minty Spire (QoL Compilation)","MostiFishMod","Prisma Mod","Quarter Circle Forward PUNCH!","Quick Restart","Reimu（博丽灵梦）","Relic Filter Mod","Relic Stats","Reliquary","Replay The Spire","RumiaBox-露米娅的神秘盒子","Ryuuou龙王","Shop Mod","Spicy Shops","StSLib","TestMod","The Administrix","The Animator","The Immortal","Uncapped","Voiceroid Mod","Yakumo Yukari mod","Youmu（魂魄妖梦）","Yuyuko","[IsaacMod]以撒尖塔","【功能Mod】混沌之环修复补丁","【功能Mod】聪明的最终Boss","【遗物卡牌】REMEMod","篝火指南"],"gold_per_floor":[117,136,152,152,12,12,12,12,12],"floor_reached":8,"language":"ZHS","playtime":425,"items_purged":[],"score":92,"play_id":"3fe07371-3a10-4778-91bb-8cf2eea4b48a","local_time":"20210220193037","is_ascension_mode":true,"campfire_choices":[{"data":"Dash_Komeiji","floor":6,"key":"SMITH"}],"circlet_count":0,"master_deck":["AscendersBane","Strike_Komeiji","Strike_Komeiji","Strike_Komeiji","Strike_Komeiji","Defend_Komeiji","Defend_Komeiji","Defend_Komeiji","Defend_Komeiji","Dash_Komeiji+1","NarrowSpark","NingyouOkisou+1","Clumsy","Clumsy"],"relics":["KomeijisEye","SpellCardsRule","MusicBox","DaveBox","testmod-TestBox","HushsDoor","REME_ComplimentaryCards","AT_ATBox","aspiration:Nostalgia","PrismaMod:PrismaRuby","BrkXgEgg","testmod-IntensifyImprint","GuppysTail","SynthV:TestCard","Gensokyo:NagashiBinaDoll","testmod-Register"],"acts_visited":["Gensokyo:Gensokyo"],"potions_floor_usage":[],"damage_taken":[{"damage":10,"enemies":"Gensokyo:2_Kodama","floor":1,"turns":4},{"damage":11,"enemies":"Gensokyo:3_Fairies","floor":2,"turns":7},{"damage":13,"enemies":"Gensokyo:Python","floor":3,"turns":4},{"damage":10,"enemies":"Gensokyo:Aya","floor":8,"turns":2}],"seed_played":"-4677560178778426039","potions_obtained":[{"floor":2,"key":"Dexterity Potion"}],"is_trial":false,"path_per_floor":["M","M","M","?","COS","R","?","E"],"character_chosen":"KomeijiSatori","items_purchased":[],"campfire_rested":0,"item_purchase_floors":[],"current_hp_per_floor":[34,23,10,10,10,10,10,0,0],"gold":12,"neow_bonus":"NOSTALGIA","is_daily":false,"chose_seed":false,"campfire_upgraded":1,"win_rate":0.0,"timestamp":1613820637,"path_taken":["M","M","M","?","COS","R","?","E"],"items_purchased_type":[],"build_version":"2020-12-22","purchased_purges":0,"victory":false,"max_hp_per_floor":[49,49,49,49,49,49,49,49,49],"relic_stats":{"counters":[4,17],"obtain_stats":[{"MusicBox":0,"KeepersGift":0,"testmod-IntensifyImprint":0,"GuppysTail":0,"testmod-TestBox":0,"AT_ATBox":0,"DaveBox":0,"aspiration:Nostalgia":0,"testmod-Register":5,"BrkXgEgg":0,"Gensokyo:NagashiBinaDoll":4,"PrismaMod:PrismaRuby":0,"SynthV:TestCard":1,"KomeijisEye":0,"SpellCardsRule":0,"HushsDoor":0,"REME_ComplimentaryCards":0},{"MusicBox":0,"KeepersGift":0,"testmod-IntensifyImprint":0,"GuppysTail":0,"testmod-TestBox":0,"AT_ATBox":0,"DaveBox":0,"aspiration:Nostalgia":0,"testmod-Register":3,"BrkXgEgg":0,"Gensokyo:NagashiBinaDoll":3,"PrismaMod:PrismaRuby":0,"SynthV:TestCard":1,"KomeijisEye":0,"SpellCardsRule":0,"HushsDoor":0,"REME_ComplimentaryCards":0},{"MusicBox":0,"KeepersGift":0,"testmod-IntensifyImprint":0,"GuppysTail":0,"testmod-TestBox":0,"AT_ATBox":0,"DaveBox":0,"aspiration:Nostalgia":0,"testmod-Register":15,"BrkXgEgg":0,"Gensokyo:NagashiBinaDoll":15,"PrismaMod:PrismaRuby":0,"SynthV:TestCard":4,"KomeijisEye":0,"SpellCardsRule":0,"HushsDoor":0,"REME_ComplimentaryCards":0}]},"card_choices":[{"not_picked":["DemonLordCradle","Sabishigari+1","HisouNoKen"],"picked":"SKIP","floor":1},{"not_picked":["RikonNoKama+1","SenyouGoraku+1","JyouchiJin+1","Agarareta+1"],"picked":"NarrowSpark","floor":2},{"not_picked":["MakuraSeki","KinbakuJin+1","ShyakuBuku","Sabishigari+1"],"picked":"NingyouOkisou+1","floor":3}],"player_experience":569984,"relics_obtained":[{"floor":1,"key":"SynthV:TestCard"}],"event_choices":[],"is_beta":false,"boss_relics":[],"items_purged_floors":[],"is_endless":false,"potions_floor_spawned":[2],"killed_by":"Gensokyo:Aya","ascension_level":20}}