{"host":"ow66nzv2xecjoor3","time":1613864131,"event":{"mods":["BaseMod","Bestiary","Block Reminder","Colored Powertips","Curses Come First","Highlight Path","Keyboard Shortcuts","Minty Spire (QoL Compilation)","Permanent Neow","Relic Stats","StSLib","UnlockEverythingMod"],"gold_per_floor":[362,231,251,43,61,61,88,105,128,198,262,281,310,322,322,401,401,413,427,446,496,511,511,538,538,538,565,585,485,410,325,325,398,398,411,426,426,437,451,480,480,515,515,176,206,221,13,31,31,31,31,31],"floor_reached":51,"language":"ENG","playtime":2262,"items_purged":["Strike_P","Strike_P","Strike_P"],"score":1873,"play_id":"022ca45f-5022-4c6c-a268-cd8ea950c329","local_time":"20210220173531","is_ascension_mode":true,"campfire_choices":[{"data":"SandsOfTime","floor":6.0,"key":"SMITH"},{"floor":15.0,"key":"REST"},{"data":"TalkToTheHand","floor":23.0,"key":"SMITH"},{"data":"SandsOfTime","floor":25.0,"key":"SMITH"},{"data":"Wallop","floor":32.0,"key":"SMITH"},{"data":"Meditate","floor":41.0,"key":"SMITH"},{"floor":49.0,"key":"RECALL"}],"circlet_count":0,"master_deck":["AscendersBane","Defend_P","Defend_P","Defend_P","Defend_P","Eruption","Vigilance","Tantrum","FlurryOfBlows","CarveReality","SandsOfTime+1","Halt","SandsOfTime+1","TalkToTheHand+1","FearNoEvil","CutThroughFate","WaveOfTheHand","Omniscience","Tantrum","Meditate+1","Wallop+1","Tantrum+1","SpiritShield","Ragnarok","SandsOfTime","MentalFortress","TalkToTheHand"],"relics":["PureWater","Potion Belt","Bag of Marbles","Bag of Preparation","Bronze Scales","Bottled Flame","TungstenRod","Snecko Eye","Happy Flower","Regal Pillow","Eternal Feather","Busted Crown","Pantograph","Sundial","Yang","OrangePellets","CaptainsWheel","Membership Card"],"acts_visited":["Exordium","TheCity","TheBeyond"],"potions_floor_usage":[50,50,51],"damage_taken":[{"damage":0.0,"enemies":"Cultist","floor":1.0,"turns":3.0},{"damage":2.0,"enemies":"2 Louse","floor":3.0,"turns":2.0},{"damage":0.0,"enemies":"Small Slimes","floor":5.0,"turns":2.0},{"damage":0.0,"enemies":"Lagavulin","floor":7.0,"turns":4.0},{"damage":0.0,"enemies":"Looter","floor":8.0,"turns":2.0},{"damage":5.0,"enemies":"3 Sentries","floor":10.0,"turns":6.0},{"damage":35.0,"enemies":"Lagavulin Event","floor":11.0,"turns":6.0},{"damage":3.0,"enemies":"Blue Slaver","floor":12.0,"turns":2.0},{"damage":0.0,"enemies":"Lagavulin","floor":13.0,"turns":5.0},{"damage":7.0,"enemies":"Lots of Slimes","floor":14.0,"turns":3.0},{"damage":8.0,"enemies":"The Guardian","floor":16.0,"turns":8.0},{"damage":0.0,"enemies":"Shell Parasite","floor":18.0,"turns":1.0},{"damage":0.0,"enemies":"3 Byrds","floor":19.0,"turns":2.0},{"damage":0.0,"enemies":"Snake Plant","floor":20.0,"turns":1.0},{"damage":0.0,"enemies":"Centurion and Healer","floor":22.0,"turns":1.0},{"damage":0.0,"enemies":"Book of Stabbing","floor":24.0,"turns":2.0},{"damage":0.0,"enemies":"Slavers","floor":27.0,"turns":1.0},{"damage":0.0,"enemies":"3 Cultists","floor":28.0,"turns":1.0},{"damage":36.0,"enemies":"Automaton","floor":33.0,"turns":8.0},{"damage":0.0,"enemies":"3 Darklings","floor":35.0,"turns":3.0},{"damage":0.0,"enemies":"Orb Walker","floor":36.0,"turns":1.0},{"damage":0.0,"enemies":"Sphere and 2 Shapes","floor":38.0,"turns":2.0},{"damage":0.0,"enemies":"Transient","floor":39.0,"turns":6.0},{"damage":0.0,"enemies":"Reptomancer","floor":40.0,"turns":3.0},{"damage":0.0,"enemies":"Giant Head","floor":42.0,"turns":4.0},{"damage":9.0,"enemies":"Reptomancer","floor":45.0,"turns":4.0},{"damage":0.0,"enemies":"3 Darklings","floor":46.0,"turns":1.0},{"damage":0.0,"enemies":"Jaw Worm Horde","floor":48.0,"turns":3.0},{"damage":47,"enemies":"Time Eater","floor":50,"turns":12},{"damage":96,"enemies":"Awakened One","floor":51,"turns":10}],"seed_played":"-6284598724460506907","potions_obtained":[{"floor":7.0,"key":"ColorlessPotion"},{"floor":11.0,"key":"Weak Potion"},{"floor":13.0,"key":"BottledMiracle"},{"floor":16.0,"key":"SkillPotion"},{"floor":27.0,"key":"Fruit Juice"},{"floor":33.0,"key":"ColorlessPotion"},{"floor":35.0,"key":"Fire Potion"},{"floor":42.0,"key":"Regen Potion"}],"is_trial":false,"path_per_floor":["M","$","M","$","M","R","E","M","T","E","?","M","E","M","R","B",null,"M","M","M","?","M","R","E","R","T","E","M","$","?","?","R","B",null,"M","M","?","M","M","E","R","E","T","$","E","M","$","M","R","B","B"],"character_chosen":"WATCHER","items_purchased":["FlurryOfBlows","SandsOfTime","Potion Belt","OrangePellets","SpeedPotion","Membership Card","TalkToTheHand"],"campfire_rested":1,"item_purchase_floors":[2,4,4,44,44,47,47],"current_hp_per_floor":[61,61,59,59,59,59,59,59,59,54,19,16,16,9,27,19,51,51,51,51,46,46,46,46,46,46,46,46,46,46,46,58,22,52,57,57,57,57,57,57,67,67,67,67,58,58,58,58,67,20,0,0],"gold":31,"neow_bonus":"TWO_FIFTY_GOLD","is_daily":false,"chose_seed":false,"campfire_upgraded":5,"win_rate":0.0,"timestamp":1613864131,"path_taken":["M","$","M","$","M","R","E","?","T","E","?","M","E","M","R","BOSS","M","M","M","?","?","R","E","R","T","E","M","$","?","?","R","BOSS","M","M","?","M","M","E","R","E","T","?","E","M","$","M","R","BOSS","BOSS"],"items_purchased_type":["Card","Card","Relic","Relic","Potion","Relic","Card"],"build_version":"2020-12-22","purchased_purges":3,"victory":false,"max_hp_per_floor":[62,62,62,62,62,62,62,62,62,62,62,62,62,62,62,62,62,62,62,62,62,62,62,62,62,62,62,62,62,62,62,62,62,62,67,67,67,67,67,67,67,67,67,67,67,67,67,67,67,67,67,67],"relic_stats":{"Regal Pillow":0,"Happy Flower":[19],"counters":[30,109],"Eternal Feather":31,"Yang":[89],"Bag of Preparation":[50],"OrangePellets":[5],"Busted Crown":20,"Sundial":[4],"Bronze Scales":[243],"Pantograph":25,"Snecko Eye":[106,115,105,98],"obtain_stats":[{"Potion Belt":4,"Regal Pillow":27,"Happy Flower":24,"Eternal Feather":31,"Yang":43,"Bag of Preparation":9,"OrangePellets":44,"Bottled Flame":11,"CaptainsWheel":45,"Busted Crown":34,"Sundial":42,"Bronze Scales":10,"Pantograph":40,"Snecko Eye":17,"Bag of Marbles":7,"Membership Card":47,"PureWater":0,"TungstenRod":13},{"Potion Belt":2,"Regal Pillow":17,"Happy Flower":16,"Eternal Feather":18,"Yang":25,"Bag of Preparation":5,"OrangePellets":25,"Bottled Flame":7,"CaptainsWheel":26,"Busted Crown":19,"Sundial":25,"Bronze Scales":6,"Pantograph":24,"Snecko Eye":11,"Bag of Marbles":4,"Membership Card":27,"PureWater":0,"TungstenRod":9},{"Potion Belt":5,"Regal Pillow":51,"Happy Flower":50,"Eternal Feather":52,"Yang":79,"Bag of Preparation":13,"OrangePellets":79,"Bottled Flame":25,"CaptainsWheel":83,"Busted Crown":60,"Sundial":79,"Bronze Scales":19,"Pantograph":75,"Snecko Eye":43,"Bag of Marbles":11,"Membership Card":84,"PureWater":0,"TungstenRod":32}],"TungstenRod":19},"card_choices":[{"not_picked":["JustLucky","ThirdEye"],"picked":"Tantrum","floor":1.0},{"not_picked":["ForeignInfluence","SignatureMove"],"picked":"CarveReality","floor":3.0},{"not_picked":["Consecrate","BowlingBash"],"picked":"Halt","floor":5.0},{"not_picked":["Evaluate","FollowUp"],"picked":"SandsOfTime","floor":7.0},{"not_picked":["Halt","Crescendo","EmptyFist"],"picked":"SKIP","floor":8.0},{"not_picked":["Indignation","EmptyBody"],"picked":"TalkToTheHand","floor":10.0},{"not_picked":["SashWhip","BowlingBash"],"picked":"FearNoEvil","floor":11.0},{"not_picked":["ThirdEye","Swivel"],"picked":"CutThroughFate","floor":12.0},{"not_picked":["MentalFortress","CrushJoints"],"picked":"WaveOfTheHand","floor":13.0},{"not_picked":["PathToVictory","Evaluate","SashWhip"],"picked":"SKIP","floor":14.0},{"not_picked":["DevaForm","Judgement"],"picked":"Omniscience","floor":16.0},{"not_picked":["EmptyFist","ReachHeaven","Evaluate"],"picked":"SKIP","floor":18.0},{"not_picked":["BowlingBash","DeceiveReality","ForeignInfluence"],"picked":"SKIP","floor":19.0},{"not_picked":["ReachHeaven","MentalFortress"],"picked":"Tantrum","floor":20.0},{"not_picked":["InnerPeace","JustLucky"],"picked":"Meditate","floor":22.0},{"not_picked":["Pray+1","Collect"],"picked":"Wallop","floor":24.0},{"not_picked":["FollowUp","FlyingSleeves"],"picked":"Tantrum+1","floor":27.0},{"not_picked":["Prostrate","JustLucky+1"],"picked":"SpiritShield","floor":28.0},{"not_picked":["Brilliance","Judgement"],"picked":"Ragnarok","floor":33.0},{"not_picked":["Evaluate+1"],"picked":"SKIP","floor":35.0},{"not_picked":["InnerPeace"],"picked":"SKIP","floor":36.0},{"not_picked":["Pray+1"],"picked":"SKIP","floor":38.0},{"not_picked":["ClearTheMind+1"],"picked":"SKIP","floor":39.0},{"not_picked":[],"picked":"SandsOfTime","floor":40.0},{"not_picked":["LikeWater"],"picked":"SKIP","floor":42.0},{"not_picked":[],"picked":"MentalFortress","floor":45.0},{"not_picked":["Evaluate+1"],"picked":"SKIP","floor":46.0},{"not_picked":["EmptyBody"],"picked":"SKIP","floor":48.0}],"player_experience":2909821,"relics_obtained":[{"floor":7.0,"key":"Bag of Marbles"},{"floor":9.0,"key":"Bag of Preparation"},{"floor":10.0,"key":"Bronze Scales"},{"floor":11.0,"key":"Bottled Flame"},{"floor":13.0,"key":"TungstenRod"},{"floor":24.0,"key":"Happy Flower"},{"floor":27.0,"key":"Regal Pillow"},{"floor":40.0,"key":"Pantograph"},{"floor":42.0,"key":"Sundial"},{"floor":43.0,"key":"Yang"},{"floor":45.0,"key":"CaptainsWheel"}],"event_choices":[{"damage_healed":0.0,"max_hp_gain":0.0,"max_hp_loss":0.0,"gold_gain":0.0,"event_name":"Dead Adventurer","player_choice":"Searched \u00271\u0027 times","floor":11.0,"gold_loss":0.0,"damage_taken":0.0},{"damage_healed":0.0,"max_hp_gain":0.0,"max_hp_loss":0.0,"gold_gain":50.0,"event_name":"FaceTrader","player_choice":"Touch","floor":21.0,"gold_loss":0.0,"damage_taken":6.0},{"cards_removed":["Strike_P"],"damage_healed":0.0,"max_hp_gain":0.0,"max_hp_loss":0.0,"gold_gain":0.0,"event_name":"Beggar","player_choice":"Gave Gold","floor":30.0,"gold_loss":75.0,"damage_taken":0.0},{"damage_healed":0.0,"max_hp_gain":0.0,"max_hp_loss":0.0,"gold_gain":0.0,"event_name":"Addict","player_choice":"Obtained Relic","floor":31.0,"gold_loss":85.0,"damage_taken":0.0,"relics_obtained":["Eternal Feather"]},{"damage_healed":0.0,"max_hp_gain":0.0,"max_hp_loss":0.0,"gold_gain":0.0,"event_name":"Match and Keep!","player_choice":"0 cards matched","floor":37.0,"gold_loss":0.0,"damage_taken":0.0,"cards_obtained":[]}],"is_beta":false,"boss_relics":[{"not_picked":["Philosopher\u0027s Stone","SlaversCollar"],"picked":"Snecko Eye"},{"not_picked":["Empty Cage","Fusion Hammer"],"picked":"Busted Crown"}],"items_purged_floors":[2,29,44],"is_endless":false,"potions_floor_spawned":[7,11,13,16,27,33,35,39,40,42],"killed_by":"Awakened One","ascension_level":20}}