{"host":"c59zqhrgluvxuu0k","time":1613804712,"event":{"mods":["Act Like it!","Arknights","Bartender","BaseMod","Beaked The Cultist","Better Altar","Better Third Choice","BetterRewards","Colored Map","Colored Powertips","Curses Come First","Downfall","Friendly Minions","Hermit","Highlight Path","Minty Spire (QoL Compilation)","Replay The Spire","Ruina","Shop Mod","Somnambulant","Spicy Shops","StSLib","The Blackbeard","The Cursed","The Death Knight","The Disciple","The Druid","The Jungle","The Necromancer","The Runesmith","The Wild Card"],"gold_per_floor":[118,118,118,137,137,172,172,172,223,237,91,130,154,154,154,302,302,315,315,315,315,339,379,379,403,403,403,417,457,457,488,488,619,619,633,697,722,741,741,741,784,241,264,327,366,382,413,143,143,143,143,143,9,48,48],"floor_reached":56,"language":"ENG","playtime":7335,"items_purged":["Languid","Parasite"],"score":1553,"play_id":"699e5d68-7943-47dd-a97e-9000e58a2ecc","local_time":"20210220000512","is_ascension_mode":true,"campfire_choices":[{"data":"beaked:Roost","floor":8,"key":"SMITH"},{"floor":15,"key":"REST"},{"data":"beaked:FullHouse","floor":24,"key":"SMITH"},{"floor":27,"key":"RECALL"},{"data":"beaked:Foresight","floor":30,"key":"SMITH"},{"data":"beaked:Brace","floor":32,"key":"SMITH"},{"data":"beaked:DarkPact","floor":40,"key":"SMITH"}],"circlet_count":0,"master_deck":["beaked:Strike_Y+1","beaked:Strike_Y+1","beaked:Strike_Y+1","beaked:Strike_Y+1","beaked:Strike_Y+1","beaked:Strike_Y+1","beaked:Defend_Y","beaked:Defend_Y","beaked:Defend_Y","beaked:Defend_Y+1","beaked:Ceremony","beaked:Ceremony","beaked:Ceremony","ReplayTheSpireMod:RavenHex+1","beaked:RuinSticks","beaked:WarriorSpirit","beaked:Roost+1","beaked:Brace+1","beaked:Foresight+1","beaked:FullHouse+1","beaked:Daydream","beaked:Roost","beaked:Windmill","beaked:SurvivalInstinct+1","beaked:Windmill+1","ReplayTheSpireMod:Prepare the Ceremony","beaked:CheekyTricks","beaked:Windmill+1","beaked:DarkPact+1","beaked:BraceForImpact+1","Spreading Infection","beaked:Evade","beaked:CursingBlood+1","ReplayTheSpireMod:Owlgaze","Madness","Madness","beaked:CursingBlood","Regret","beaked:Brace+1","beaked:Negation+1","beaked:CursingBlood+1","beaked:Windmill+1","beaked:Mantra+1","beaked:Insight+1","Chrysalis","beaked:MaddeningMurmurs+1"],"relics":["beaked:MendingPlumage","Golden Idol","Darkstone Periapt","Happy Flower","Ancient Tea Set","Replay:Rubber Ducky","Cursed Key","Blue Candle","Molten Egg 2","Replay:Accelerometer","Pocketwatch","Blood Vial","expansioncontent:StudyCardRelic","Ornamental Fan","FossilizedHelix","ReplayTheSpireMod:CursedCoin","Shuriken","Replay:Bottled Eggs","Centennial Puzzle","Bird Faced Urn","Frozen Egg 2","Divine Protection","Membership Card","Cauldron","Du-Vu Doll","Ginger","hexamod:BolsterEngine"],"acts_visited":["Exordium","TheCity","TheBeyond","TheEnding"],"potions_floor_usage":[6,10,16,28,33,33,37,45,46,50,54],"damage_taken":[{"damage":2,"enemies":"2 Louse","floor":1,"turns":4},{"damage":2,"enemies":"ats:Genji","floor":4,"turns":4},{"damage":39,"enemies":"3 Sentries","floor":6,"turns":8},{"damage":8,"enemies":"Jaw Worm","floor":10,"turns":4},{"damage":24,"enemies":"Gremlin Nob","floor":12,"turns":5},{"damage":6,"enemies":"Looter","floor":13,"turns":4},{"damage":14,"enemies":"Slime Boss","floor":16,"turns":8},{"damage":0,"enemies":"3 Byrds","floor":18,"turns":6},{"damage":1,"enemies":"Chosen","floor":22,"turns":6},{"damage":6,"enemies":"Book of Stabbing","floor":23,"turns":6},{"damage":1,"enemies":"Shelled Parasite and Fungi","floor":25,"turns":7},{"damage":2,"enemies":"Snake Plant","floor":28,"turns":5},{"damage":9,"enemies":"Replay:Snechameleon","floor":29,"turns":5},{"damage":17,"enemies":"Book of Stabbing","floor":31,"turns":6},{"damage":2,"enemies":"Pondfish","floor":33,"turns":7},{"damage":1,"enemies":"Orb Walker","floor":35,"turns":2},{"damage":12,"enemies":"3 Darklings","floor":37,"turns":4},{"damage":5,"enemies":"4 Shapes","floor":38,"turns":6},{"damage":16,"enemies":"R_Hoarder","floor":41,"turns":8},{"damage":0,"enemies":"Mind Bloom Boss Battle","floor":44,"turns":3},{"damage":22,"enemies":"Reptomancer","floor":45,"turns":8},{"damage":33,"enemies":"Jaw Worm Horde","floor":46,"turns":3},{"damage":16,"enemies":"beaked:SuperParasite","floor":47,"turns":14},{"damage":14,"enemies":"Replay:Hell Engine","floor":50,"turns":14},{"damage":20,"enemies":"Shield and Spear","floor":54,"turns":8},{"damage":92,"enemies":"The Heart","floor":55,"turns":12}],"seed_played":"1635969957133921287","potions_obtained":[{"floor":1,"key":"Languid Potion"},{"floor":4,"key":"champ:CounterPotion"},{"floor":12,"key":"Block Potion"},{"floor":13,"key":"ColorlessPotion"},{"floor":25,"key":"ColorlessPotion"},{"floor":28,"key":"AttackPotion"},{"floor":31,"key":"SkillPotion"},{"floor":35,"key":"Venom Potion"},{"floor":36,"key":"Regen Potion"},{"floor":41,"key":"Elixir"},{"floor":44,"key":"Toxic Potion"},{"floor":46,"key":"BlessingOfTheForge"},{"floor":48,"key":"Adrenaline Potion"},{"floor":48,"key":"SkillPotion"},{"floor":48,"key":"Strength Potion"}],"is_trial":false,"path_per_floor":["M","?","?","M","?","E","?","R","T","M","$","E","M","?","R","B",null,"M","?","?","?","M","E","R","M","T","R","M","E","R","E","R","B",null,"M","?","M","M","?","R","E","$","T","?","E","M","E","$","R","B",null,"R","$","E","B",null],"character_chosen":"BEAKED_THE_CULTIST","items_purchased":["Happy Flower","ReplayTheSpireMod:CursedCoin","Shuriken","Replay:Bottled Eggs","Membership Card","Cauldron","Du-Vu Doll","beaked:Mantra+1","beaked:Insight+1","Ginger","ColorlessPotion","Chrysalis"],"campfire_rested":1,"item_purchase_floors":[11,42,42,42,48,48,48,48,53,53,53,53],"current_hp_per_floor":[50,40,40,48,36,17,17,17,17,20,20,11,16,4,19,30,50,50,50,50,45,50,50,50,50,56,56,56,56,56,56,56,56,56,56,62,62,62,54,54,62,65,71,71,71,41,71,71,71,66,71,71,71,71,12],"gold":48,"neow_bonus":"THREE_CARDS","is_daily":false,"chose_seed":false,"campfire_upgraded":5,"win_rate":0.0,"timestamp":1613804712,"path_taken":["M","?","?","M","?","E","?","R","T","M","$","E","?","?","R","BOSS","M","?","?","?","?","E","R","M","T","R","M","E","R","E","R","BOSS","M","?","M","M","?","R","E","?","T","?","E","?","E","$","R","BOSS","R","$","E","BOSS"],"items_purchased_type":["Relic","Relic","Relic","Relic","Relic","Relic","Relic","Card","Card","Relic","Potion","Card"],"build_version":"2020-12-22","purchased_purges":2,"victory":true,"max_hp_per_floor":[50,50,50,50,50,50,50,50,50,50,50,50,50,50,50,50,50,50,50,50,50,50,50,50,50,56,56,56,56,56,56,56,56,56,56,62,62,62,62,62,62,65,71,71,71,71,71,71,71,71,71,71,71,71,73],"card_choices":[{"not_picked":["beaked:Cower","beaked:Flinch"],"picked":"ReplayTheSpireMod:RavenHex","floor":0},{"not_picked":["beaked:SurvivalInstinct","beaked:Daydream"],"picked":"beaked:RuinSticks","floor":1},{"not_picked":["beaked:TuckingFeathers","beaked:Tweet"],"picked":"beaked:WarriorSpirit","floor":4},{"not_picked":["beaked:SacrificialDive","ReplayTheSpireMod:Prepare the Ceremony"],"picked":"beaked:Roost","floor":6},{"not_picked":["beaked:WarriorEssence","beaked:Mantra"],"picked":"beaked:Brace","floor":10},{"not_picked":["beaked:ScreechingChant","beaked:Redirect","beaked:HuntressEssence"],"picked":"SKIP","floor":12},{"not_picked":["beaked:BraceForImpact","beaked:Poke"],"picked":"beaked:Foresight","floor":13},{"not_picked":["beaked:DarkTribute","beaked:ShadowFade"],"picked":"beaked:FullHouse","floor":16},{"not_picked":["beaked:FeelMyPain","beaked:Tradeoff+1"],"picked":"beaked:Daydream","floor":18},{"not_picked":["beaked:Foresight","beaked:Tradeoff"],"picked":"beaked:Windmill","floor":22},{"not_picked":["beaked:BraceForImpact","beaked:BounceBack"],"picked":"beaked:SurvivalInstinct+1","floor":23},{"not_picked":["beaked:BounceBack","beaked:Recite+1"],"picked":"beaked:Windmill+1","floor":25},{"not_picked":["beaked:CursingBlood","beaked:Roost"],"picked":"ReplayTheSpireMod:Prepare the Ceremony","floor":28},{"not_picked":["beaked:Daydream+1","beaked:Poke+1"],"picked":"beaked:CheekyTricks","floor":29},{"not_picked":["beaked:Insight","beaked:VigorBurst"],"picked":"beaked:Windmill+1","floor":31},{"not_picked":["ReplayTheSpireMod:Owlgaze","beaked:SacrificialScars"],"picked":"beaked:DarkPact","floor":33},{"not_picked":["beaked:Brace","beaked:Struggle+1"],"picked":"beaked:BraceForImpact+1","floor":35},{"not_picked":["beaked:Insight","beaked:Poke+1"],"picked":"beaked:Evade","floor":36},{"not_picked":["beaked:Evade+1","beaked:Poke+1"],"picked":"beaked:CursingBlood+1","floor":37},{"not_picked":["beaked:Poke+1","beaked:Flinch"],"picked":"ReplayTheSpireMod:Owlgaze","floor":38},{"not_picked":["beaked:Struggle+1","beaked:DigDeeper"],"picked":"beaked:CursingBlood","floor":41},{"not_picked":["beaked:FeelMyPain+1","beaked:MachineSpirit"],"picked":"beaked:Brace+1","floor":44},{"not_picked":["ReplayTheSpireMod:Wings of Steel","beaked:Poke+1"],"picked":"beaked:Negation+1","floor":45},{"not_picked":["ReplayTheSpireMod:Prepare the Ceremony+1","beaked:Foresight"],"picked":"beaked:CursingBlood+1","floor":46},{"not_picked":["beaked:SacrificialAttack+1","beaked:FeelMyPain"],"picked":"beaked:Windmill+1","floor":47},{"not_picked":["beaked:FeelMyPain+1","beaked:Pecker+1"],"picked":"beaked:MaddeningMurmurs+1","floor":54}],"player_experience":2466726,"relics_obtained":[{"floor":6,"key":"Darkstone Periapt"},{"floor":12,"key":"Ancient Tea Set"},{"floor":23,"key":"Molten Egg 2"},{"floor":26,"key":"Replay:Accelerometer"},{"floor":29,"key":"Pocketwatch"},{"floor":31,"key":"Blood Vial"},{"floor":36,"key":"Ornamental Fan"},{"floor":41,"key":"FossilizedHelix"},{"floor":43,"key":"Centennial Puzzle"},{"floor":44,"key":"Bird Faced Urn"},{"floor":45,"key":"Frozen Egg 2"},{"floor":47,"key":"Divine Protection"},{"floor":54,"key":"hexamod:BolsterEngine"}],"event_choices":[{"damage_healed":50,"gold_gain":0,"player_choice":"Upgrade","damage_taken":10,"max_hp_gain":0,"max_hp_loss":50,"event_name":"betterThird:BetterShining","floor":2,"gold_loss":0,"cards_upgraded":["beaked:Strike_Y","beaked:Defend_Y"]},{"damage_healed":0,"gold_gain":0,"player_choice":"Leave","damage_taken":0,"max_hp_gain":0,"max_hp_loss":0,"event_name":"The Cleric","floor":3,"gold_loss":0},{"damage_healed":0,"gold_gain":0,"player_choice":"Take Damage","damage_taken":12,"relics_obtained":["Golden Idol"],"max_hp_gain":0,"max_hp_loss":0,"event_name":"Golden Idol","floor":5,"gold_loss":0},{"damage_healed":0,"gold_gain":0,"player_choice":"Grow","damage_taken":0,"max_hp_gain":0,"max_hp_loss":0,"event_name":"Living Wall","floor":7,"gold_loss":0,"cards_upgraded":["ReplayTheSpireMod:RavenHex"]},{"damage_healed":0,"gold_gain":1,"player_choice":"Relic ","damage_taken":12,"max_hp_gain":0,"max_hp_loss":0,"event_name":"betterThird:BetterScrap","floor":14,"gold_loss":0,"cards_obtained":["Double Tap"]},{"damage_healed":0,"gold_gain":0,"player_choice":"Read","damage_taken":0,"max_hp_gain":0,"max_hp_loss":0,"event_name":"The Library","floor":19,"gold_loss":0,"cards_obtained":["beaked:Roost"]},{"damage_healed":0,"gold_gain":0,"player_choice":"Ignored","damage_taken":0,"max_hp_gain":0,"max_hp_loss":0,"event_name":"Beggar","floor":20,"gold_loss":0},{"damage_healed":0,"gold_gain":0,"player_choice":"Embrace Madness","damage_taken":8,"max_hp_gain":0,"max_hp_loss":0,"event_name":"Winding Halls","floor":39,"gold_loss":0,"cards_obtained":["Madness","Madness"]},{"damage_healed":0,"gold_gain":0,"player_choice":"Fight","damage_taken":0,"max_hp_gain":0,"max_hp_loss":0,"event_name":"MindBloom","floor":44,"gold_loss":0}],"is_beta":false,"boss_relics":[{"not_picked":["Empty Cage","Replay:Bronze Core"],"picked":"Cursed Key"},{"not_picked":["Black Star","Snecko Eye"],"picked":"expansioncontent:StudyCardRelic"}],"items_purged_floors":[42,42],"is_endless":false,"potions_floor_spawned":[1,4,12,13,25,28,31,35,41,44,46],"ascension_level":1}}