{"host":"Ringo","time":1613829192,"event":{"mods":["BaseMod","Colored Map","Conspire","Dota2Spire","Hubris","Minty Spire (QoL Compilation)","Replay The Spire","StSLib","The Construct","[IsaacMod]ÒÔÈö¼âËþ","¡¾ÒÅÎï¿¨ÅÆ¡¿REMEMod"],"gold_per_floor":[109,109,123,137,188,216,248,275,302,331,331,364,416,449,449,526,526,539,539,5,81,99,130,164,195,195,225,258,267,267,297,297,375,384,404,404,151,160,160,185,185,217,244,296,322,322,22,49,49,56,56],"floor_reached":52,"language":"ZHS","playtime":1162,"items_purged":["Weave","Masterful Stab"],"score":3799,"play_id":"0155ab3f-8aac-44cb-b8f3-3d05dbc80eca","local_time":"20210220215312","daily_mods":["SealedDeck","Vintage","Diverse","Colorless Cards","Heirloom","Time Dilation","Flight","DeadlyEvents","Elite Swarm","Lethality","Binary"],"is_ascension_mode":true,"campfire_choices":[{"data":"Infernal Blade","floor":11.0,"key":"SMITH"},{"data":"Double Energy","floor":15.0,"key":"SMITH"},{"data":"Searing Blow","floor":29.0,"key":"SMITH"},{"data":"Searing Blow+1","floor":30.0,"key":"SMITH"},{"data":"Searing Blow+2","floor":32.0,"key":"SMITH"},{"data":"Searing Blow+3","floor":46,"key":"SMITH"},{"data":"Searing Blow+4","floor":49,"key":"SMITH"}],"circlet_count":0,"master_deck":["AscendersBane","Slice","CutThroughFate+1","Coolheaded","Thunderclap","Double Energy+1","Run Through+1","Infernal Blade+1","Spot Weakness","Sweeping Beam","Iron Wave","Searing Blow+5","Master of Strategy","construct:FlakBarrage","Weave","SashWhip","Heel Hook","Beam Cell","hubris:CleavingFinish","Sword Boomerang","Backstab","Go for the Eyes"],"relics":["Burning Blood","Busted Crown","HushsDoor","REME_ComplimentaryCards","replay:Trail_Library","construct:BoolHorns","D6","Bag of Preparation","REME_HandOfSuture","Dota2Spire:EchoSabre","Dota2Spire:MagicBottle","CaptainsWheel","SatanicBible","Ornamental Fan","SalivaCoin","GuppysPaw","Girya","Whetstone","Eternal Feather","Coffee Dripper","GuppysHead","Dead Branch","Dota2Spire:MonkeyKingBar","BargainBundle","Dota2Spire:BladeMail","Darkstone Periapt","Blood Vial","AnarchistCookbook","The Courier","Oddly Smooth Stone","CeramicFish","Orichalcum","Tiny Chest","Dota2Spire:RefresherOrb","Ancient Tea Set","Gremlin Horn","Mango","Dota2Spire:Dagon","Onion Ring","Dota2Spire:PhaseBoots","PokeGo","Dota2Spire:LinkenSphere","hubris:SlimyHat"],"acts_visited":["Exordium","TheCity","TheBeyond"],"potions_floor_usage":[51,51],"damage_taken":[{"damage":0.0,"enemies":"Jaw Worm","floor":1.0,"turns":1.0},{"damage":0.0,"enemies":"Cultist","floor":3.0,"turns":1.0},{"damage":0.0,"enemies":"2 Louse","floor":4.0,"turns":1.0},{"damage":0.0,"enemies":"3 Sentries","floor":6.0,"turns":2.0},{"damage":0.0,"enemies":"Lagavulin","floor":7.0,"turns":1.0},{"damage":0.0,"enemies":"Gremlin Nob","floor":8.0,"turns":1.0},{"damage":0.0,"enemies":"3 Sentries","floor":10.0,"turns":2.0},{"damage":0.0,"enemies":"Lagavulin","floor":12.0,"turns":1.0},{"damage":0.0,"enemies":"Gremlin Nob","floor":13.0,"turns":1.0},{"damage":0.0,"enemies":"Lagavulin","floor":14.0,"turns":1.0},{"damage":0.0,"enemies":"Hexaghost","floor":16.0,"turns":1.0},{"damage":0.0,"enemies":"Shell Parasite","floor":18.0,"turns":1.0},{"damage":0.0,"enemies":"3 Byrds","floor":22.0,"turns":1.0},{"damage":0.0,"enemies":"Slavers","floor":23.0,"turns":1.0},{"damage":0.0,"enemies":"REME_1_Revenger","floor":24.0,"turns":1.0},{"damage":0.0,"enemies":"conspire:SneckoGhost","floor":25.0,"turns":1.0},{"damage":0.0,"enemies":"Replay:Snechameleon","floor":27.0,"turns":1.0},{"damage":0.0,"enemies":"Gremlin Leader","floor":28.0,"turns":1.0},{"damage":0.0,"enemies":"conspire:Head Lice","floor":31.0,"turns":1.0},{"damage":0.0,"enemies":"Automaton","floor":33.0,"turns":2.0},{"damage":0.0,"enemies":"Orb Walker","floor":35.0,"turns":1.0},{"damage":0.0,"enemies":"Reptomancer","floor":40.0,"turns":1.0},{"damage":0,"enemies":"R_Hoarder","floor":42,"turns":1},{"damage":0,"enemies":"Nemesis","floor":44,"turns":1},{"damage":0,"enemies":"R_Hoarder","floor":45,"turns":1},{"damage":0,"enemies":"Reptomancer","floor":48,"turns":1},{"damage":0,"enemies":"Donu and Deca","floor":50,"turns":3},{"damage":0,"enemies":"Awakened One","floor":51,"turns":2}],"seed_played":"-6049895246854405092","potions_obtained":[{"floor":6.0,"key":"ColorlessPotion"},{"floor":7.0,"key":"Elixir"},{"floor":31.0,"key":"AttackPotion"},{"floor":40.0,"key":"ColorlessPotion"},{"floor":42,"key":"SkillPotion"}],"is_trial":true,"path_per_floor":["M","?","M","M","T","E","E","E","T","E","R","E","E","E","R","B",null,"M","?","$","?","M","E","E","E","T","E","E","R","R","E","R","B",null,"M","T","$","?","?","E","T","E","T","E","E","R","$","E","R","B","B",null],"character_chosen":"IRONCLAD","items_purchased":["GuppysHead","Dota2Spire:MonkeyKingBar","BargainBundle","Dota2Spire:BladeMail","Master of Strategy","construct:FlakBarrage","Weave","EssenceOfSteel","Weak Potion","Heel Hook","Beam Cell","hubris:CleavingFinish","Sword Boomerang","Backstab"],"campfire_rested":0,"item_purchase_floors":[17,20,20,20,20,20,20,20,20,34,37,37,37,37],"current_hp_per_floor":[74,74,75,75,75,75,75,75,75,60,60,60,60,60,60,60,50,50,50,50,35,41,47,50,50,50,50,50,50,50,50,50,50,48,48,48,48,48,48,62,62,62,62,62,62,62,62,62,62,62,62],"gold":56,"neow_bonus":"","is_daily":false,"chose_seed":false,"campfire_upgraded":7,"win_rate":0.0,"timestamp":1613829192,"path_taken":["M","?","M","?","?","E","E","E","T","E","R","E","?","E","R","BOSS","M","?","$","?","?","E","E","E","T","E","E","R","R","E","R","BOSS","M","?","$","?","?","E","?","E","T","E","E","R","$","E","R","BOSS","BOSS"],"items_purchased_type":["Relic","Relic","Relic","Relic","Card","Card","Card","Potion","Potion","Card","Card","Card","Card","Card"],"build_version":"2020-12-18","purchased_purges":2,"victory":true,"max_hp_per_floor":[75,75,75,75,75,75,75,75,75,60,60,60,60,60,60,60,50,50,50,50,50,50,50,50,50,50,50,50,50,50,50,50,50,48,48,48,48,48,48,62,62,62,62,62,62,62,62,62,62,62,62],"card_choices":[],"player_experience":726873,"relics_obtained":[{"floor":1.0,"key":"Bag of Preparation"},{"floor":3.0,"key":"REME_HandOfSuture"},{"floor":4.0,"key":"Dota2Spire:EchoSabre"},{"floor":5.0,"key":"Dota2Spire:MagicBottle"},{"floor":6.0,"key":"CaptainsWheel"},{"floor":7.0,"key":"SatanicBible"},{"floor":8.0,"key":"Ornamental Fan"},{"floor":9.0,"key":"SalivaCoin"},{"floor":10.0,"key":"GuppysPaw"},{"floor":12.0,"key":"Girya"},{"floor":13.0,"key":"Whetstone"},{"floor":14.0,"key":"Eternal Feather"},{"floor":18.0,"key":"Dead Branch"},{"floor":22.0,"key":"Darkstone Periapt"},{"floor":23.0,"key":"Blood Vial"},{"floor":24.0,"key":"AnarchistCookbook"},{"floor":25.0,"key":"The Courier"},{"floor":26.0,"key":"Oddly Smooth Stone"},{"floor":27.0,"key":"CeramicFish"},{"floor":28.0,"key":"Orichalcum"},{"floor":31.0,"key":"Tiny Chest"},{"floor":35.0,"key":"Ancient Tea Set"},{"floor":36.0,"key":"Gremlin Horn"},{"floor":40.0,"key":"Mango"},{"floor":41,"key":"Dota2Spire:Dagon"},{"floor":42,"key":"Onion Ring"},{"floor":43,"key":"Dota2Spire:PhaseBoots"},{"floor":44,"key":"PokeGo"},{"floor":45,"key":"Dota2Spire:LinkenSphere"},{"floor":48,"key":"hubris:SlimyHat"}],"event_choices":[{"damage_healed":0.0,"max_hp_gain":0.0,"max_hp_loss":0.0,"gold_gain":0.0,"event_name":"The Cleric","player_choice":"Leave","floor":2.0,"gold_loss":0.0,"damage_taken":0.0},{"damage_healed":0.0,"max_hp_gain":0.0,"max_hp_loss":0.0,"gold_gain":0.0,"event_name":"Vampires","player_choice":"Ignored","floor":19.0,"gold_loss":0.0,"damage_taken":0.0},{"damage_healed":0.0,"max_hp_gain":0.0,"max_hp_loss":0.0,"gold_gain":0.0,"event_name":"SensoryStone","player_choice":"Memory 1","floor":39.0,"gold_loss":0.0,"damage_taken":0.0}],"is_beta":true,"boss_relics":[{"not_picked":["Replay:Wanted Poster","Sozu"],"picked":"Coffee Dripper"},{"not_picked":[]},{"not_picked":["construct:ClawGrip","Astrolabe"],"picked":"Dota2Spire:RefresherOrb"},{"not_picked":[]}],"items_purged_floors":[20,37],"is_endless":false,"potions_floor_spawned":[6,7,10,12,22,24,27,28,31,40,42,44],"ascension_level":20}}