{"host":"2lvuisjyit3p3u01","time":1613837797,"event":{"mods":["Act Like it!","BaseMod","Bestiary","Better Synergies","Bossed Relics","CapriCore","Colored Map","Colored Powertips","GifTheSpireLib","Minty Spire (QoL Compilation)","Quick Restart","Replay The Spire","StSLib","The Dragonkin"],"gold_per_floor":[117,136,136,311,323,323,323,360,360,360,360,360,370,404,422,438,438,540,540,554,121,138,149,49,59,59,77,77,77,2,2,2,18,18,120,120,131,145,157,157,57,57,85,85,161,195,25,25,37,52,52,52,52],"floor_reached":52,"language":"ENG","playtime":3222,"items_purged":["Doubt","Regret","Writhe"],"score":616,"play_id":"181e3a94-1baf-46c2-9ae9-db61607f10ac","local_time":"20210220181637","is_ascension_mode":true,"campfire_choices":[{"data":"Replay:Undeath\u0027s Touch","floor":7.0,"key":"SMITH"},{"data":"Inflame","floor":12.0,"key":"SMITH"},{"data":"Iron Wave","floor":17.0,"key":"SMITH"},{"data":"Apotheosis","floor":26.0,"key":"SMITH"},{"data":"Rupture","floor":29.0,"key":"SMITH"},{"floor":31.0,"key":"REST"},{"data":"Clash","floor":34.0,"key":"SMITH"},{"floor":42.0,"key":"REST"},{"floor":44.0,"key":"REST"},{"floor":48.0,"key":"REST"}],"circlet_count":0,"master_deck":["Strike_R","Strike_R","Strike_R","Strike_R","Strike_R","Defend_R","Defend_R","Defend_R","Defend_R","Bash+1","Twin Strike+1","Replay:Undeath\u0027s Touch+1","Cleave","Inflame+1","Anger","Rupture+1","Iron Wave+1","Shrug It Off","Double Tap","Clash+1","Heavy Blade+1","Heavy Blade","Apotheosis+1","Anger","ReplayTheSpireMod:Stacked","Replay:Undeath\u0027s Touch+1","Replay:Undeath\u0027s Touch+1","Reaper","Spot Weakness+1","Clash+1","Flex"],"relics":["Burning Blood","Pet Ghost","HornCleat","Paper Frog","Happy Flower","Cursed Key","Orrery","Singing Bowl","Tiny House","Chameleon Ring","Mirror","Bottled Flame","Anchor"],"acts_visited":["Exordium","TheCity","TheBeyond"],"potions_floor_usage":[52],"damage_taken":[{"damage":1.0,"enemies":"Cultist","floor":1.0,"turns":3.0},{"damage":0.0,"enemies":"Small Slimes","floor":2.0,"turns":2.0},{"damage":0.0,"enemies":"2 Louse","floor":5.0,"turns":2.0},{"damage":8.0,"enemies":"Looter","floor":13.0,"turns":3.0},{"damage":3.0,"enemies":"Lagavulin","floor":14.0,"turns":5.0},{"damage":2.0,"enemies":"Large Slime","floor":15.0,"turns":4.0},{"damage":12.0,"enemies":"Exordium Wildlife","floor":16.0,"turns":3.0},{"damage":30.0,"enemies":"Fading Forest","floor":18.0,"turns":11.0},{"damage":5.0,"enemies":"Shell Parasite","floor":20.0,"turns":4.0},{"damage":2.0,"enemies":"Chosen","floor":22.0,"turns":3.0},{"damage":23.0,"enemies":"Centurion and Healer","floor":23.0,"turns":4.0},{"damage":2.0,"enemies":"Sentry and Sphere","floor":25.0,"turns":4.0},{"damage":16.0,"enemies":"Chosen and Byrds","floor":27.0,"turns":4.0},{"damage":4.0,"enemies":"Cultist and Chosen","floor":33.0,"turns":4.0},{"damage":44.0,"enemies":"Champ","floor":35.0,"turns":7.0},{"damage":62.0,"enemies":"3 Shapes","floor":37.0,"turns":4.0},{"damage":6.0,"enemies":"Orb Walker","floor":38.0,"turns":2.0},{"damage":41.0,"enemies":"4 Shapes","floor":39.0,"turns":3.0},{"damage":13.0,"enemies":"Reptomancer","floor":43.0,"turns":5.0},{"damage":58.0,"enemies":"Giant Head","floor":46.0,"turns":7.0},{"damage":19.0,"enemies":"3 Darklings","floor":49.0,"turns":4.0},{"damage":7.0,"enemies":"Spire Growth","floor":50.0,"turns":3.0},{"damage":55,"enemies":"TheAcolyte","floor":52,"turns":4}],"seed_played":"-7843572403323857006","potions_obtained":[{"floor":1.0,"key":"AttackPotion"},{"floor":13.0,"key":"Dexterity Potion"},{"floor":15.0,"key":"Flashbang"},{"floor":18.0,"key":"Strength Potion"},{"floor":27.0,"key":"Fire Potion"},{"floor":33.0,"key":"Explosive Potion"},{"floor":35.0,"key":"Dexterity Potion"},{"floor":38.0,"key":"Explosive Potion"},{"floor":46.0,"key":"ElixirPotion"},{"floor":49.0,"key":"AttackPotion"}],"is_trial":false,"path_per_floor":["M","M","?","?","M","?","R","?","PTL","PTL","T","R","M","E","M","M","R","B",null,"M","$","M","M","$","M","R","M","T","R","?","R","?","M","R","B",null,"M","M","M","?","$","R","E","R","T","E","$","R","M","M","R_BF","B"],"character_chosen":"IRONCLAD","items_purchased":["Heavy Blade","Apotheosis","Orrery","Explosive Potion","SkillPotion","Flex"],"campfire_rested":4,"item_purchase_floors":[21,21,21,41,41,47],"current_hp_per_floor":[80,80,80,80,80,80,80,48,48,48,48,48,46,49,53,47,47,33,80,80,80,80,63,63,67,67,57,57,57,57,80,80,80,80,42,80,24,26,20,20,20,45,38,63,63,13,13,38,27,28,55,0,0],"gold":52,"neow_bonus":"UPGRADE_CARD","is_daily":false,"chose_seed":false,"campfire_upgraded":6,"win_rate":0.0,"timestamp":1613837797,"path_taken":["M","?","?","?","M","?","R","?","PTL","PTL","T","R","M","E","?","M","R","BOSS","M","?","M","M","$","?","R","M","T","R","?","R","?","?","R","BOSS","M","?","?","?","$","R","E","R","T","E","?","R","?","M","R_BF","BOSS"],"items_purchased_type":["Card","Card","Relic","Potion","Potion","Card"],"build_version":"2020-12-22","purchased_purges":3,"victory":false,"max_hp_per_floor":[80,80,80,80,80,80,80,80,80,80,80,80,80,80,80,80,80,80,80,80,80,80,80,80,80,80,80,80,80,80,80,80,80,80,80,80,80,82,84,84,84,84,84,84,84,86,86,86,88,90,90,90,90],"card_choices":[{"not_picked":["ReplayTheSpireMod:Corrosion Curse","Perfected Strike"],"picked":"Twin Strike","floor":1.0},{"not_picked":["Headbutt","Massacre"],"picked":"Replay:Undeath\u0027s Touch","floor":2.0},{"not_picked":["Combust","Abandon"],"picked":"Cleave","floor":5.0},{"not_picked":["Disarm","Run Through"],"picked":"Inflame","floor":8.0},{"not_picked":["Perfected Strike","Dual Wield"],"picked":"Anger","floor":8.0},{"not_picked":["Defy Death","Cleave"],"picked":"Rupture","floor":13.0},{"not_picked":["Exhume","Whirlwind"],"picked":"Iron Wave","floor":14.0},{"not_picked":["Hemokinesis","Iron Wave","Headbutt"],"picked":"SKIP","floor":15.0},{"not_picked":["Sword Boomerang","Havoc"],"picked":"Shrug It Off","floor":16.0},{"not_picked":["Demonic Infusion","Brutality"],"picked":"Double Tap","floor":18.0},{"not_picked":["Fire Breathing+1","Shrug It Off"],"picked":"Clash","floor":20.0},{"not_picked":["Twin Strike","Clash"],"picked":"Anger","floor":21.0},{"not_picked":["Body Slam","Headbutt"],"picked":"ReplayTheSpireMod:Stacked","floor":21.0},{"not_picked":["Perfected Strike","Wild Strike","Fire Breathing"],"picked":"SKIP","floor":22.0},{"not_picked":["Searing Blow","Dual Wield","Run Through"],"picked":"SKIP","floor":23.0},{"not_picked":["Shrug It Off+1","Havoc","Headbutt"],"picked":"SKIP","floor":25.0},{"not_picked":["Disarm","Uppercut","Double Tap"],"picked":"SKIP","floor":27.0},{"not_picked":["Havoc+1","Armaments"],"picked":"Replay:Undeath\u0027s Touch+1","floor":33.0},{"not_picked":["Brutality","Berserk"],"picked":"Reaper","floor":35.0},{"not_picked":["Dual Wield","Body Slam"],"picked":"Spot Weakness+1","floor":37.0},{"not_picked":["Dual Wield","ReplayTheSpireMod:Strike From Hell","Cleave"],"picked":"Singing Bowl","floor":38.0},{"not_picked":["Replay:Undeath\u0027s Touch","True Grit+1","Iron Wave"],"picked":"Singing Bowl","floor":39.0},{"not_picked":["Run Through+1","ReplayReversal"],"picked":"Clash+1","floor":43.0},{"not_picked":["Havoc+1","Replay:Undeath\u0027s Touch+1","Wild Strike"],"picked":"Singing Bowl","floor":46.0},{"not_picked":["Sentinel","Perfected Strike+1","Heavy Blade+1"],"picked":"Singing Bowl","floor":49.0},{"not_picked":["Feed","Clash+1","Blood for Blood"],"picked":"Singing Bowl","floor":50.0}],"player_experience":207993,"relics_obtained":[{"floor":8.0,"key":"HornCleat"},{"floor":11.0,"key":"Paper Frog"},{"floor":14.0,"key":"Happy Flower"},{"floor":28.0,"key":"Singing Bowl"},{"floor":43.0,"key":"Mirror"},{"floor":45.0,"key":"Bottled Flame"},{"floor":46.0,"key":"Anchor"}],"event_choices":[{"damage_healed":0.0,"max_hp_gain":0.0,"max_hp_loss":0.0,"gold_gain":175.0,"event_name":"Liars Game","player_choice":"AGREE","floor":4.0,"gold_loss":0.0,"damage_taken":0.0,"cards_obtained":["Doubt"]},{"damage_healed":0.0,"max_hp_gain":0.0,"max_hp_loss":0.0,"gold_gain":0.0,"event_name":"Big Fish","player_choice":"Box","floor":6.0,"gold_loss":0.0,"damage_taken":0.0,"relics_obtained":["Pet Ghost"],"cards_obtained":["Regret"]},{"cards_removed":["Shame"],"damage_healed":0.0,"max_hp_gain":0.0,"max_hp_loss":0.0,"gold_gain":0.0,"event_name":"Beggar","player_choice":"Gave Gold","floor":30.0,"gold_loss":75.0,"damage_taken":0.0},{"damage_healed":0.0,"max_hp_gain":0.0,"max_hp_loss":0.0,"gold_gain":0.0,"event_name":"Duplicator","player_choice":"Copied","floor":32.0,"gold_loss":0.0,"damage_taken":0.0,"cards_obtained":["Replay:Undeath\u0027s Touch"]},{"damage_healed":0.0,"max_hp_gain":0.0,"max_hp_loss":0.0,"gold_gain":0.0,"event_name":"WeMeetAgain","player_choice":"Gave Potion","floor":40.0,"gold_loss":0.0,"damage_taken":0.0,"relics_obtained":["Chameleon Ring"]}],"is_beta":false,"boss_relics":[{"not_picked":["Ectoplasm","ReplayTheSpireMod:DimensionalGlitch"],"picked":"Cursed Key"},{"not_picked":["Replay:Drink Me","Electric Blood"],"picked":"Tiny House"}],"items_purged_floors":[21,24,47],"is_endless":false,"potions_floor_spawned":[1,13,15,18,27,33,35,38,46,49],"killed_by":"TheAcolyte","ascension_level":3}}