{"host":"6vtgmkkqqeew181q","time":1613780515,"event":{"mods":["BaseMod","Better Skull","Better Third Choice","BetterRewards","Colored Powertips","Downfall","Faster Ascension Climbing","Hermit","Highlight Path","Minty Spire (QoL Compilation)","Reliquary","Replay The Spire","Spire Birthday Party","StSLib","The IronCluck","The Jungle"],"gold_per_floor":[116,127,137,137,150,150,176,176,231,231,9,19,19,39,39,137,137,153,153,153,163,174,174,174,174,203,203,203,203,231,231,259,184,184,289,289,302,315,365,365,365,415,81,81,94,120,120,120,30,44,44,44,44,44],"floor_reached":55,"language":"ENG","playtime":3334,"items_purged":["hermit:Strike_Hermit"],"score":1201,"play_id":"281f4749-3922-446b-a72a-ca50603f6cb0","local_time":"20210219162155","is_ascension_mode":false,"campfire_choices":[{"data":"hermit:Snapshot","floor":6,"key":"SMITH"},{"data":"hermit:Misfire","floor":8,"key":"SMITH"},{"data":"hermit:Vantage","floor":10,"key":"SMITH"},{"data":"hermit:FlashPowder","floor":13,"key":"SMITH"},{"data":"hermit:WideOpen","floor":15,"key":"SMITH"},{"data":"hermit:Magnum","floor":23,"key":"SMITH"},{"data":"hermit:Roughhouse","floor":27,"key":"SMITH"},{"data":"hermit:FatalDesire","floor":31,"key":"SMITH"},{"floor":34,"key":"REST"},{"floor":44,"key":"REST"},{"data":"hermit:Determination","floor":48,"key":"SMITH"},{"floor":53,"key":"REST"}],"circlet_count":0,"master_deck":["hermit:Defend_Hermit","hermit:Defend_Hermit","hermit:Defend_Hermit","hermit:Defend_Hermit","hermit:Snapshot+1","hermit:Covet+1","hermit:Cheat","hermit:Misfire+1","hermit:Malice+1","hermit:FlashPowder+1","hermit:Vantage+1","hermit:Determination","hermit:WideOpen+1","hermit:Magnum+1","hermit:GhostlyPresence+1","Pain","hermit:Desperado+1","hermit:Roughhouse+1","hermit:Gestalt","hermit:FatalDesire+1","hermit:FinalCanter","hermit:Magnum","hermit:Determination+1","hermit:Malice+1","hermit:Manifest+1","hermit:FinalCanter","Writhe"],"relics":["hermit:Momento","Mirror","Orichalcum","HandDrill","Ring of Chaos","WarpedTongs","Potion Belt","Kunai","Blue Doll","Du-Vu Doll","Replay:Fungal Core","reliquary:OuijaBoard","Counterbalance","Pondfish Scales","Snack Pack","Molten Egg 2"],"acts_visited":["Exordium","TheCity","TheBeyond"],"potions_floor_usage":[7,7,16,16,18,30,30,37,46,50,54,54],"damage_taken":[{"damage":0,"enemies":"2 Louse","floor":1,"turns":3},{"damage":6,"enemies":"Cultist","floor":2,"turns":3},{"damage":2,"enemies":"Small Slimes","floor":3,"turns":3},{"damage":1,"enemies":"2 Fungi Beasts","floor":5,"turns":3},{"damage":18,"enemies":"Gremlin Nob","floor":7,"turns":4},{"damage":0,"enemies":"Large Slime","floor":12,"turns":4},{"damage":0,"enemies":"Gremlin Gang","floor":14,"turns":3},{"damage":7,"enemies":"Slime Boss","floor":16,"turns":7},{"damage":7,"enemies":"Spheric Guardian","floor":18,"turns":3},{"damage":1,"enemies":"Shell Parasite","floor":21,"turns":3},{"damage":1,"enemies":"Snake Plant","floor":22,"turns":5},{"damage":0,"enemies":"Replay:Snechameleon","floor":26,"turns":4},{"damage":29,"enemies":"Gremlin Leader","floor":30,"turns":7},{"damage":15,"enemies":"Book of Stabbing","floor":32,"turns":4},{"damage":12,"enemies":"Pondfish","floor":35,"turns":7},{"damage":7,"enemies":"3 Darklings","floor":37,"turns":3},{"damage":7,"enemies":"3 Shapes","floor":38,"turns":5},{"damage":31,"enemies":"2 Orb Walkers","floor":39,"turns":4},{"damage":2,"enemies":"Mind Bloom Boss Battle","floor":42,"turns":6},{"damage":8,"enemies":"Writhing Mass","floor":45,"turns":4},{"damage":2,"enemies":"R_Hoarder","floor":46,"turns":6},{"damage":26,"enemies":"4 Shapes","floor":50,"turns":4},{"damage":31,"enemies":"Time Eater","floor":54,"turns":7}],"seed_played":"2989774997721365814","potions_obtained":[{"floor":2,"key":"SneckoOil"},{"floor":5,"key":"Regen Potion"},{"floor":7,"key":"AttackPotion"},{"floor":14,"key":"champ:CounterPotion"},{"floor":16,"key":"Swift Potion"},{"floor":18,"key":"Doom Potion"},{"floor":22,"key":"CultistPotion"},{"floor":35,"key":"Adrenaline Potion"},{"floor":38,"key":"bronze:BurnAndBuffPotion"},{"floor":45,"key":"PowerPotion"},{"floor":46,"key":"SkillPotion"}],"is_trial":false,"path_per_floor":["M","M","M","?","M","R","E","R","T","R","$","M","R","M","R","B",null,"M","?","$","M","M","R","PTL","PTL","E","R","T","?","E","R","E","?","R","B",null,"M","M","?","PTL","PTL","?","$","R","M","E","T","R","?","M","?","?","R","B",null],"character_chosen":"HERMIT","items_purchased":["hermit:Tonic","HandDrill","hermit:Malice+1","Pondfish Scales"],"campfire_rested":3,"item_purchase_floors":[0,11,43,43],"current_hp_per_floor":[61,55,53,53,52,52,34,34,34,34,34,34,34,34,34,42,75,68,68,68,67,66,66,66,66,66,66,66,66,37,37,22,22,44,32,75,68,61,30,30,30,28,28,50,42,40,40,40,40,16,35,35,57,30],"gold":44,"neow_bonus":"","is_daily":false,"chose_seed":false,"campfire_upgraded":9,"win_rate":0.0,"timestamp":1613780515,"path_taken":["M","M","M","?","?","R","E","R","T","R","?","M","R","M","R","BOSS","M","?","$","M","?","R","PTL","PTL","E","R","T","?","E","R","E","?","R","BOSS","M","M","?","PTL","PTL","?","$","R","M","E","T","R","?","?","?","?","R","BOSS"],"items_purchased_type":["Potion","Relic","Card","Relic"],"build_version":"2020-12-22","purchased_purges":1,"victory":true,"max_hp_per_floor":[75,75,75,75,75,75,75,75,75,75,75,75,75,75,75,75,75,75,75,75,75,75,75,75,75,75,75,75,75,75,75,75,75,75,75,75,75,75,75,75,75,75,75,75,75,75,75,75,75,75,75,75,75,75],"card_choices":[{"not_picked":["hermit:CursedWeapon","hermit:Coalescence"],"picked":"hermit:Cheat","floor":1},{"not_picked":["hermit:FullyLoaded","hermit:ItchyTrigger"],"picked":"hermit:Misfire","floor":2},{"not_picked":["hermit:Virtue","hermit:SprayPray"],"picked":"hermit:Malice","floor":3},{"not_picked":["hermit:Ricochet","hermit:Horror"],"picked":"hermit:FlashPowder","floor":5},{"not_picked":["hermit:Combo","hermit:Manifest"],"picked":"hermit:Vantage","floor":7},{"not_picked":["hermit:Ricochet","hermit:Gestalt"],"picked":"hermit:Determination","floor":12},{"not_picked":["hermit:Snipe","hermit:FlashPowder"],"picked":"hermit:WideOpen","floor":14},{"not_picked":["hermit:FromBeyond","hermit:Purgatory"],"picked":"hermit:Magnum","floor":16},{"not_picked":["hermit:GoldenBullet","hermit:Snipe+1"],"picked":"hermit:GhostlyPresence+1","floor":18},{"not_picked":["hermit:Determination+1","hermit:FullyLoaded+1","hermit:PistolWhip"],"picked":"SKIP","floor":21},{"not_picked":["hermit:BodyArmor","hermit:HoleUp"],"picked":"hermit:Desperado+1","floor":22},{"not_picked":["hermit:Manifest","hermit:Dive"],"picked":"hermit:Roughhouse","floor":26},{"not_picked":["hermit:Horror","hermit:SprayPray+1"],"picked":"hermit:FatalDesire","floor":30},{"not_picked":["hermit:Scavenge","hermit:Desperado","hermit:Dive"],"picked":"SKIP","floor":32},{"not_picked":["hermit:FatalDesire","hermit:Dissolve"],"picked":"hermit:FinalCanter","floor":35},{"not_picked":["hermit:Coalescence+1","hermit:Glare","hermit:HoleUp"],"picked":"SKIP","floor":37},{"not_picked":["hermit:ItchyTrigger+1","hermit:Quickdraw+1"],"picked":"hermit:Magnum","floor":38},{"not_picked":["hermit:Vantage+1","hermit:Snipe+1"],"picked":"hermit:Determination","floor":42},{"not_picked":["hermit:FullyLoaded+1","hermit:Glare"],"picked":"hermit:Manifest+1","floor":45},{"not_picked":["hermit:HighCaliber","hermit:FatalDesire"],"picked":"hermit:FinalCanter","floor":46},{"not_picked":["hermit:WideOpen+1","hermit:HoleUp+1","hermit:Vantage+1"],"picked":"SKIP","floor":50}],"player_experience":666006,"relics_obtained":[{"floor":7,"key":"Mirror"},{"floor":9,"key":"Orichalcum"},{"floor":26,"key":"Potion Belt"},{"floor":28,"key":"Kunai"},{"floor":30,"key":"Blue Doll"},{"floor":32,"key":"Du-Vu Doll"},{"floor":39,"key":"reliquary:OuijaBoard"},{"floor":42,"key":"Counterbalance"},{"floor":46,"key":"Snack Pack"},{"floor":47,"key":"Molten Egg 2"}],"event_choices":[{"damage_healed":0,"gold_gain":0,"player_choice":"Upgraded","damage_taken":0,"max_hp_gain":0,"max_hp_loss":0,"event_name":"Upgrade Shrine","floor":4,"gold_loss":0,"cards_upgraded":["hermit:Malice"]},{"damage_healed":0,"gold_gain":0,"player_choice":"Rummage","damage_taken":0,"relics_obtained":["WarpedTongs"],"max_hp_gain":0,"max_hp_loss":0,"event_name":"Accursed Blacksmith","floor":19,"gold_loss":0,"cards_obtained":["Pain"]},{"damage_healed":0,"gold_gain":0,"player_choice":"Read","damage_taken":0,"max_hp_gain":0,"max_hp_loss":0,"event_name":"The Library","floor":29,"gold_loss":0,"cards_obtained":["hermit:Gestalt"]},{"cards_removed":["hermit:Strike_Hermit"],"damage_healed":0,"gold_gain":0,"player_choice":"Gave Gold","damage_taken":0,"max_hp_gain":0,"max_hp_loss":0,"event_name":"Beggar","floor":33,"gold_loss":75},{"damage_healed":0,"gold_gain":0,"player_choice":"Fight","damage_taken":0,"max_hp_gain":0,"max_hp_loss":0,"event_name":"Mysterious Sphere","floor":39,"gold_loss":0},{"damage_healed":0,"gold_gain":0,"player_choice":"Fight","damage_taken":0,"max_hp_gain":0,"max_hp_loss":0,"event_name":"MindBloom","floor":42,"gold_loss":0},{"cards_removed":["hermit:Strike_Hermit"],"damage_healed":0,"gold_gain":0,"player_choice":"Upgrade and Remove","damage_taken":0,"max_hp_gain":0,"max_hp_loss":0,"event_name":"Designer","floor":49,"gold_loss":90,"cards_upgraded":["hermit:Covet"]},{"damage_healed":19,"gold_gain":0,"player_choice":"Writhe","damage_taken":0,"max_hp_gain":0,"max_hp_loss":0,"event_name":"Winding Halls","floor":51,"gold_loss":0,"cards_obtained":["Writhe"]},{"cards_removed":["hermit:Strike_Hermit"],"damage_healed":0,"gold_gain":0,"player_choice":"Purged","damage_taken":0,"max_hp_gain":0,"max_hp_loss":0,"event_name":"Purifier","floor":52,"gold_loss":0}],"is_beta":false,"boss_relics":[{"not_picked":["Coffee Dripper","hermit:BartenderGlass"],"picked":"Ring of Chaos"},{"not_picked":["reliquary:Craggleroot","Velvet Choker"],"picked":"Replay:Fungal Core"}],"items_purged_floors":[11],"is_endless":false,"potions_floor_spawned":[2,5,7,14,16,18,22,35,38,45,46],"ascension_level":0}}