{"host":"ufhw4cf0hh51lveu","time":1613820729,"event":{"mods":["BaseMod","DeckTracker","Lobotomy","Minty Spire (QoL Compilation)","SuperFastMode"],"gold_per_floor":[113,113,125,144,155,184,184,184,184],"floor_reached":8,"language":"KOR","playtime":292,"items_purged":[],"score":58,"play_id":"7b94983a-22b0-4ab6-991d-6a228de1f915","local_time":"20210220203209","is_ascension_mode":false,"campfire_choices":[],"circlet_count":0,"master_deck":["SpecialBullet","SpecialBullet","SpecialBullet","SpecialBullet","SpecialBullet","SpecialBullet","SpecialBullet","SpecialBullet","InformationCode","CentralCode","TrainingCode","CrumblingArmor","TodaysExpression","FourthMatchFlame","Bloodbath","FourthMatchFlame"],"relics":["CogitoBucket","Juzu Bracelet"],"acts_visited":["Exordium"],"potions_floor_usage":[5,6],"damage_taken":[{"damage":7,"enemies":"2 Louse","floor":1,"turns":2},{"damage":9,"enemies":"Cultist","floor":3,"turns":4},{"damage":11,"enemies":"Jaw Worm","floor":4,"turns":2},{"damage":10,"enemies":"Looter","floor":5,"turns":2},{"damage":30,"enemies":"3 Sentries","floor":6,"turns":7},{"damage":30,"enemies":"Lagavulin","floor":8,"turns":3}],"seed_played":"7298584264667386731","potions_obtained":[{"floor":4,"key":"Fire Potion"},{"floor":5,"key":"Block Potion"}],"is_trial":false,"path_per_floor":["M","?","M","M","M","E","R","E"],"character_chosen":"Angela","items_purchased":[],"campfire_rested":0,"item_purchase_floors":[],"current_hp_per_floor":[70,70,61,51,42,14,14,0,0],"gold":184,"neow_bonus":"TEN_PERCENT_HP_BONUS","is_daily":false,"chose_seed":false,"campfire_upgraded":0,"win_rate":0.0,"timestamp":1613820729,"path_taken":["M","?","?","M","M","E","R","E"],"items_purchased_type":[],"build_version":"2020-12-22","purchased_purges":0,"victory":false,"max_hp_per_floor":[77,77,77,77,77,77,77,77,77],"card_choices":[{"not_picked":["Murderer","Scorched"],"picked":"CrumblingArmor","floor":1},{"not_picked":["WristCuter"],"picked":"TodaysExpression","floor":1},{"not_picked":["PunishingBird","BeautyBeast"],"picked":"Bloodbath","floor":3},{"not_picked":["Lantern","Logging"],"picked":"SKIP","floor":3},{"not_picked":["Loneliness","CherryBlossom"],"picked":"SKIP","floor":4},{"not_picked":["Discord"],"picked":"FourthMatchFlame","floor":5},{"not_picked":["TodaysExpression","Loneliness"],"picked":"SKIP","floor":6}],"player_experience":62007,"relics_obtained":[{"floor":6,"key":"Juzu Bracelet"}],"event_choices":[{"damage_healed":0,"gold_gain":0,"player_choice":"1 cards matched","damage_taken":0,"max_hp_gain":0,"max_hp_loss":0,"event_name":"Match and Keep!","floor":2,"gold_loss":0,"cards_obtained":["FourthMatchFlame"]}],"is_beta":false,"boss_relics":[],"items_purged_floors":[],"is_endless":false,"potions_floor_spawned":[4,5],"killed_by":"Lagavulin","ascension_level":0}}