{"host":"jksq986fwerfio60","time":1613831783,"event":{"mods":["BaseMod","Colored Map","Colored Powertips","Downfall","Hermit","Jorbs\u0027s Wanderer Trilogy","Marisa¡]Ãú«B¡@Å]²z¨F¡^","Minty Spire (QoL Compilation)","Replay The Spire","Shop Mod","StSLib","The Construct","UnlockEverythingMod"],"gold_per_floor":[118,175,175,188,188,188,204,221,221,71,87,97,97,114,114,209,209,222,222,240,47,61,61,61,61,112,184,215,215,235,247,247,343,343,362,362,362,362,373,373,387,398,398,416,416,416],"floor_reached":45,"language":"ZHS","playtime":4310,"items_purged":[],"score":606,"play_id":"804fe228-cfab-4aa3-ad11-5857e98b7aaa","local_time":"20210220223623","is_ascension_mode":false,"campfire_choices":[{"data":"hermit:Feint","floor":6,"key":"SMITH"},{"data":"hermit:FinalCanter","floor":23,"key":"SMITH"},{"data":"hermit:Spite","floor":25,"key":"SMITH"},{"floor":29,"key":"REST"},{"floor":32,"key":"REST"},{"floor":40,"key":"REST"}],"circlet_count":0,"master_deck":["hermit:Strike_Hermit","hermit:Strike_Hermit","hermit:Strike_Hermit","hermit:Strike_Hermit","hermit:Defend_Hermit","hermit:Defend_Hermit","hermit:Defend_Hermit","hermit:Defend_Hermit","hermit:Snapshot","hermit:Covet+1","hermit:Magnum+1","hermit:Feint+1","hermit:Quickdraw+1","hermit:Glare+1","hermit:Horror","hermit:Roulette","hermit:FinalCanter+1","hermit:LoneWolf","hermit:Spite+1","hermit:Manifest+1","hermit:LowProfile+1","hermit:Feint+1","hermit:Magnum","hermit:EyeOfTheStorm","Madness","Madness","Parasite","hermit:Quickdraw+1","hermit:DeadMansHand+1","hermit:Vantage","hermit:EyeOfTheStorm+1"],"relics":["hermit:Momento","Gremlin Horn","Nunchaku","Question Card","Honey Jar","ReplayTheSpireMod:Lightbulb","Shuriken","Replay:Accelerometer","Runic Pyramid","Bag of Marbles"],"acts_visited":["Exordium","TheCity","TheBeyond"],"potions_floor_usage":[16,16,16,16,28,33,33,33,38,39,41,41],"damage_taken":[{"damage":7.0,"enemies":"2 Louse","floor":1.0,"turns":2.0},{"damage":0,"enemies":"Jaw Worm","floor":4,"turns":2},{"damage":0,"enemies":"Cultist","floor":7,"turns":2},{"damage":0,"enemies":"Red Slaver","floor":8,"turns":2},{"damage":0,"enemies":"Exordium Wildlife","floor":11,"turns":3},{"damage":0,"enemies":"2 Fungi Beasts","floor":12,"turns":2},{"damage":0,"enemies":"Lots of Slimes","floor":14,"turns":3},{"damage":26,"enemies":"Hexaghost","floor":16,"turns":8},{"damage":16,"enemies":"2 Thieves","floor":18,"turns":3},{"damage":3,"enemies":"Shell Parasite","floor":20,"turns":3},{"damage":6,"enemies":"Snecko","floor":22,"turns":4},{"damage":17,"enemies":"Book of Stabbing","floor":28,"turns":5},{"damage":6,"enemies":"Cultist and Chosen","floor":30,"turns":3},{"damage":5,"enemies":"Snake Plant","floor":31,"turns":3},{"damage":48,"enemies":"Pondfish","floor":33,"turns":9},{"damage":3,"enemies":"Orb Walker","floor":35,"turns":3},{"damage":6,"enemies":"3 Darklings","floor":38,"turns":2},{"damage":9,"enemies":"Writhing Mass","floor":39,"turns":6},{"damage":10,"enemies":"Jaw Worm Horde","floor":41,"turns":3},{"damage":17,"enemies":"4 Shapes","floor":42,"turns":4},{"damage":41,"enemies":"Transient","floor":44,"turns":5},{"damage":39,"enemies":"Writhing Mass","floor":45,"turns":6}],"seed_played":"-3006331799484374698","potions_obtained":[{"floor":1,"key":"Explosive Potion"},{"floor":4,"key":"EntropicBrew"},{"floor":11,"key":"LifebloodPotion"},{"floor":20,"key":"Fire Potion"},{"floor":22,"key":"Explosive Potion"},{"floor":28,"key":"SmokeBomb"},{"floor":30,"key":"Fire Potion"},{"floor":33,"key":"Fruit Juice"},{"floor":35,"key":"champ:CounterPotion"},{"floor":39,"key":"Fire Potion"},{"floor":42,"key":"SpeedPotion"}],"is_trial":false,"path_per_floor":["M","?","?","M","?","R","M","M","T","$","M","M","T","M","R_BF","B",null,"M","?","M","$","M","R","?","R","T","T","E","R","M","M","R_BF","B",null,"M","?","?","M","M","R","M","M","T","M","M"],"character_chosen":"HERMIT","items_purchased":["Nunchaku","ReplayTheSpireMod:Lightbulb"],"campfire_rested":3,"item_purchase_floors":[10,21],"current_hp_per_floor":[68,68,53,53,75,75,75,75,75,75,75,75,75,75,75,49,75,59,59,56,56,50,50,50,50,50,50,33,55,49,44,66,18,75,72,63,63,57,53,77,67,50,50,9,0,0],"gold":416,"neow_bonus":"ONE_RANDOM_RARE_CARD","is_daily":false,"chose_seed":false,"campfire_upgraded":3,"win_rate":0.0,"timestamp":1613831783,"path_taken":["M","?","?","M","?","R","M","?","T","?","M","M","?","M","R_BF","BOSS","M","?","?","?","M","R","?","R","T","?","E","R","M","M","R_BF","BOSS","M","?","?","?","M","R","M","M","T","?","M"],"items_purchased_type":["Relic","Relic"],"build_version":"2020-12-22","purchased_purges":0,"victory":false,"max_hp_per_floor":[75,75,75,75,75,75,75,75,75,75,75,75,75,75,75,75,75,75,75,75,75,75,75,75,75,75,75,75,75,75,75,75,75,75,75,75,75,75,80,80,80,80,80,80,80,80],"card_choices":[{"not_picked":["hermit:NoHoldsBarred","hermit:SprayPray"],"picked":"hermit:Feint","floor":1},{"not_picked":["hermit:Dive","hermit:Feint"],"picked":"hermit:CursedWeapon","floor":4},{"not_picked":["hermit:WideOpen","hermit:EyeOfTheStorm"],"picked":"hermit:Quickdraw","floor":7},{"not_picked":["hermit:ItchyTrigger","hermit:Showdown"],"picked":"hermit:Glare","floor":8},{"not_picked":["hermit:ItchyTrigger","hermit:Headshot"],"picked":"hermit:Horror","floor":11},{"not_picked":["hermit:PistolWhip","hermit:BlackWind","hermit:Glare"],"picked":"SKIP","floor":12},{"not_picked":["hermit:Headshot","hermit:Enervate","hermit:Desperado"],"picked":"hermit:Roulette","floor":14},{"not_picked":["hermit:RoundhouseKick","hermit:DeadOrAlive","hermit:Purgatory"],"picked":"hermit:FinalCanter","floor":16},{"not_picked":["hermit:TrackingShot","hermit:CalledShot","hermit:TakeAim+1","hermit:Dive"],"picked":"hermit:LoneWolf","floor":18},{"not_picked":["hermit:Showdown+1","hermit:Headshot","hermit:Desperado","hermit:WideOpen"],"picked":"hermit:Spite","floor":20},{"not_picked":["hermit:Snipe","hermit:Malice","hermit:Feint","hermit:GoldenBullet"],"picked":"hermit:Manifest+1","floor":22},{"not_picked":["hermit:Roulette","hermit:Roughhouse","hermit:Shortfuse","hermit:BodyArmor"],"picked":"hermit:LowProfile+1","floor":28},{"not_picked":["hermit:Snipe","hermit:Maintenance+1","hermit:Misfire+1","hermit:TrackingShot"],"picked":"hermit:Feint+1","floor":30},{"not_picked":["hermit:Ricochet+1","hermit:BodyArmor","hermit:Gestalt","hermit:Scavenge"],"picked":"hermit:Quickdraw","floor":31},{"not_picked":["hermit:DeadOrAlive","hermit:OverwhelmingPower","hermit:Roughhouse","hermit:FinalCanter"],"picked":"hermit:Magnum","floor":33},{"not_picked":["hermit:WideOpen","hermit:Ricochet","hermit:LuckOfTheDraw+1","hermit:ShadowCloak"],"picked":"hermit:EyeOfTheStorm","floor":35},{"not_picked":["hermit:Malice","hermit:Vantage","hermit:Maintenance","hermit:Desperado"],"picked":"hermit:Quickdraw+1","floor":39},{"not_picked":["hermit:ShadowCloak","hermit:BodyArmor+1","hermit:TrackingShot+1","hermit:FlashPowder"],"picked":"hermit:DeadMansHand+1","floor":41},{"not_picked":["hermit:Quickdraw","hermit:Roulette","hermit:HoleUp","hermit:TrackingShot+1"],"picked":"hermit:Vantage","floor":42},{"not_picked":["hermit:Snipe","hermit:Combo","hermit:PistolWhip","hermit:FullyLoaded"],"picked":"hermit:EyeOfTheStorm+1","floor":44}],"player_experience":42442,"relics_obtained":[{"floor":9,"key":"Gremlin Horn"},{"floor":13,"key":"Question Card"},{"floor":27,"key":"Shuriken"},{"floor":28,"key":"Replay:Accelerometer"},{"floor":43,"key":"Bag of Marbles"}],"event_choices":[{"damage_healed":0,"gold_gain":57,"player_choice":"Gained Gold","damage_taken":0,"max_hp_gain":0,"max_hp_loss":0,"event_name":"Golden Wing","floor":2,"gold_loss":0},{"damage_healed":0,"gold_gain":0,"player_choice":"Entered Light","damage_taken":15,"max_hp_gain":0,"max_hp_loss":0,"event_name":"Shining Light","floor":3,"gold_loss":0,"cards_upgraded":["hermit:Covet","hermit:Magnum"]},{"cards_removed":["hermit:CursedWeapon"],"damage_healed":22,"gold_gain":0,"player_choice":"Offered Uncommon","damage_taken":0,"max_hp_gain":0,"max_hp_loss":0,"event_name":"Bonfire Elementals","floor":5,"gold_loss":0},{"damage_healed":0,"gold_gain":0,"player_choice":"Forge","damage_taken":0,"max_hp_gain":0,"max_hp_loss":0,"event_name":"Accursed Blacksmith","floor":19,"gold_loss":0,"cards_upgraded":["hermit:Glare"]},{"damage_healed":0,"gold_gain":0,"player_choice":"Embrace Madness","damage_taken":9,"max_hp_gain":0,"max_hp_loss":0,"event_name":"Winding Halls","floor":36,"gold_loss":0,"cards_obtained":["Madness","Madness"]},{"cards_removed":["hermit:Quickdraw"],"damage_healed":0,"gold_gain":0,"player_choice":"Purged","damage_taken":0,"max_hp_gain":0,"max_hp_loss":0,"event_name":"Purifier","floor":37,"gold_loss":0}],"is_beta":false,"boss_relics":[{"not_picked":["Ectoplasm","Pandora\u0027s Box"],"picked":"Honey Jar"},{"not_picked":["Calling Bell","Philosopher\u0027s Stone"],"picked":"Runic Pyramid"}],"items_purged_floors":[],"is_endless":false,"potions_floor_spawned":[1,4,11,12,20,22,28,30,33,35,39,42],"killed_by":"Writhing Mass","ascension_level":0}}