{"host":"pft5kheyb7v7gger","time":1613789758,"event":{"mods":["Act Like it!","BaseMod","Downfall","Energized Spire","Gensokyo","LagranYue(¿≠∏Ò¿ °§‘¬)","Marisa£®ÏF”Í°°ƒß¿Ì…≥£©","Minty Spire (QoL Compilation)","Reimu£®≤©¿ˆ¡È√Œ£©","Replay The Spire","StSLib","The Animator","°æ“≈ŒÔø®≈∆°øREMEMod"],"gold_per_floor":[123,123,137,189,199,199,199],"floor_reached":6,"language":"ZHS","playtime":404,"items_purged":[],"score":36,"play_id":"0040c657-9805-4315-9dce-ffdd7e4b73a3","local_time":"20210220105558","is_ascension_mode":false,"campfire_choices":[],"circlet_count":0,"master_deck":["animator:Strike_Konosuba+1","animator:Defend_Konosuba","animator:Strike","animator:Strike","animator:Strike","animator:Defend","animator:Defend","animator:Defend","animator:Kazuma+1","animator:Aqua","SubcavityFantasy:ReiMu","animator:Entoma","animator:SuzuneAmano","ReplayTheSpireMod:Splinters","animator:Melzalgald","animator:Shalltear","animator:Shiro"],"relics":["animator:LivingPicture","animator:TheMissingPiece","REME_ComplimentaryCards","LagranYue:RandomDrawCardRelic","Bottled Flame"],"acts_visited":["Exordium"],"potions_floor_usage":[6],"damage_taken":[{"damage":2,"enemies":"2 Louse","floor":1,"turns":5},{"damage":4,"enemies":"Jaw Worm","floor":3,"turns":4},{"damage":17,"enemies":"Small Slimes","floor":5,"turns":3},{"damage":53,"enemies":"Gremlin Nob","floor":6,"turns":4}],"seed_played":"-4830470553561828310","potions_obtained":[{"floor":3,"key":"ColorlessPotion"}],"is_trial":false,"path_per_floor":["M","?","M","?","M","E"],"character_chosen":"THE_ANIMATOR","items_purchased":[],"campfire_rested":0,"item_purchase_floors":[],"current_hp_per_floor":[72,58,58,59,44,0,0],"gold":199,"neow_bonus":"TEN_PERCENT_HP_BONUS","is_daily":false,"chose_seed":false,"campfire_upgraded":0,"win_rate":0.0,"timestamp":1613789758,"path_taken":["M","?","M","?","M","E"],"items_purchased_type":[],"build_version":"2020-12-22","purchased_purges":0,"victory":false,"max_hp_per_floor":[72,72,72,73,73,73,73],"card_choices":[{"not_picked":["animator:Azekura","animator:MumenRider"],"picked":"animator:Entoma","floor":1},{"not_picked":["animator:Kaijin","animator:Kazuma"],"picked":"animator:SuzuneAmano","floor":3},{"not_picked":["animator:SayakaMiki","animator:Entoma"],"picked":"animator:Melzalgald","floor":4},{"not_picked":["animator:YunYun","animator:NarberalGamma"],"picked":"animator:Shalltear","floor":4},{"not_picked":["animator:Kazuma","animator:Darkness"],"picked":"animator:Shiro","floor":5}],"player_experience":337090,"relics_obtained":[{"floor":4,"key":"Bottled Flame"}],"event_choices":[{"damage_healed":0,"gold_gain":0,"player_choice":"Entered Light","damage_taken":14,"max_hp_gain":0,"max_hp_loss":0,"event_name":"Shining Light","floor":2,"gold_loss":0,"cards_upgraded":["animator:Kazuma","animator:Strike_Konosuba"]}],"is_beta":false,"boss_relics":[],"items_purged_floors":[],"is_endless":false,"potions_floor_spawned":[3],"killed_by":"Gremlin Nob","ascension_level":0}}