{"host":"en4narc5947t7k9n","time":1613852122,"event":{"mods":["AchievementEnabler","BaseMod","Colored Map","Minty Spire (QoL Compilation)","SuperFastMode"],"gold_per_floor":[109,109,132,58,71,71,41,74,122,165,165,184,208,221,221,340,340,363,169,169,192,206,61,61,81,81,81,81,104,104,120,120,120,120],"floor_reached":33,"language":"KOR","playtime":1722,"items_purged":["Strike_B"],"score":259,"play_id":"bb8b747d-07c4-4783-880c-d0bfdf268cc8","local_time":"20210221051522","is_ascension_mode":false,"campfire_choices":[{"floor":6,"key":"RECALL"},{"floor":11,"key":"REST"},{"data":"Reboot","floor":15,"key":"SMITH"},{"floor":24,"key":"REST"},{"floor":30,"key":"REST"},{"data":"Double Energy","floor":32,"key":"SMITH"}],"circlet_count":0,"master_deck":["Strike_B","Strike_B","Strike_B","Defend_B","Defend_B","Defend_B","Defend_B","Zap","Dualcast","Ball Lightning","Redo","Capacitor","Reboot+1","Go for the Eyes","Leap","FTL","White Noise","Sweeping Beam","Electrodynamics","Conserve Battery","Self Repair","Double Energy+1","Leap+1","Scrape","Buffer","Conserve Battery","Beam Cell+1","Ball Lightning"],"relics":["Cracked Core","Golden Idol","Boot","Oddly Smooth Stone","SlaversCollar","Nilry\u0027s Codex","Darkstone Periapt"],"acts_visited":["Exordium","TheCity"],"potions_floor_usage":[8,8,10,13,16,16,22,31,33],"damage_taken":[{"damage":5,"enemies":"2 Louse","floor":1,"turns":3},{"damage":0,"enemies":"Cultist","floor":3,"turns":3},{"damage":6,"enemies":"Jaw Worm","floor":5,"turns":4},{"damage":24,"enemies":"Lagavulin","floor":8,"turns":7},{"damage":29,"enemies":"3 Sentries","floor":10,"turns":7},{"damage":0,"enemies":"Large Slime","floor":12,"turns":5},{"damage":1,"enemies":"Exordium Wildlife","floor":13,"turns":2},{"damage":0,"enemies":"Looter","floor":14,"turns":3},{"damage":25,"enemies":"The Guardian","floor":16,"turns":11},{"damage":24,"enemies":"Spheric Guardian","floor":18,"turns":5},{"damage":2,"enemies":"Chosen","floor":21,"turns":5},{"damage":35,"enemies":"Snecko","floor":22,"turns":6},{"damage":28,"enemies":"Snake Plant","floor":25,"turns":8},{"damage":29,"enemies":"Centurion and Healer","floor":29,"turns":8},{"damage":13,"enemies":"Cultist and Chosen","floor":31,"turns":5},{"damage":66,"enemies":"Collector","floor":33,"turns":7}],"seed_played":"-4379958221005464265","potions_obtained":[{"floor":5,"key":"Regen Potion"},{"floor":7,"key":"Block Potion"},{"floor":7,"key":"CultistPotion"},{"floor":10,"key":"Weak Potion"},{"floor":12,"key":"Explosive Potion"},{"floor":14,"key":"LiquidBronze"},{"floor":16,"key":"SteroidPotion"},{"floor":25,"key":"Fire Potion"},{"floor":31,"key":"Block Potion"}],"is_trial":false,"path_per_floor":["M","?","M","$","M","R","?","E","T","E","R","M","M","M","R","B",null,"M","$","?","M","M","$","R","M","T","?","?","M","R","M","R","B"],"character_chosen":"DEFECT","items_purchased":["Capacitor","Self Repair","Double Energy","Buffer"],"campfire_rested":3,"item_purchase_floors":[4,19,19,23],"current_hp_per_floor":[77,57,57,57,51,51,51,41,41,12,36,36,35,35,35,10,82,58,58,42,47,19,19,43,22,22,49,49,27,51,45,45,0,0],"gold":120,"neow_bonus":"TEN_PERCENT_HP_BONUS","is_daily":false,"chose_seed":false,"campfire_upgraded":2,"win_rate":0.0,"timestamp":1613852122,"path_taken":["M","?","M","$","M","R","?","E","T","E","R","M","M","?","R","BOSS","M","$","?","M","M","$","R","M","T","?","?","M","R","?","R","BOSS"],"items_purchased_type":["Card","Card","Card","Card"],"build_version":"2020-12-22","purchased_purges":1,"victory":false,"max_hp_per_floor":[82,82,82,82,82,82,82,82,82,82,82,82,82,82,82,82,82,82,82,82,82,82,82,82,82,82,82,82,82,82,82,82,82,82],"card_choices":[{"not_picked":["Leap","Sweeping Beam"],"picked":"Ball Lightning","floor":1},{"not_picked":["Streamline","FTL"],"picked":"Redo","floor":3},{"not_picked":["Leap","Barrage"],"picked":"Reboot","floor":5},{"not_picked":["Gash","Steam"],"picked":"Go for the Eyes","floor":8},{"not_picked":["Rip and Tear","Static Discharge"],"picked":"Leap","floor":10},{"not_picked":["Static Discharge","Stack"],"picked":"FTL","floor":12},{"not_picked":["Barrage","Redo"],"picked":"White Noise","floor":13},{"not_picked":["Steam Power","Coolheaded"],"picked":"Sweeping Beam","floor":14},{"not_picked":["Reboot","Biased Cognition"],"picked":"Electrodynamics","floor":16},{"not_picked":["Cold Snap","Rebound"],"picked":"Conserve Battery","floor":18},{"not_picked":["Rebound","Beam Cell+1"],"picked":"Leap+1","floor":21},{"not_picked":["Hologram","Gash+1"],"picked":"Scrape","floor":22},{"not_picked":["Defragment","Beam Cell"],"picked":"Conserve Battery","floor":25},{"not_picked":["Coolheaded","Hello World"],"picked":"Beam Cell+1","floor":29},{"not_picked":["Gash","Steam"],"picked":"Ball Lightning","floor":31}],"player_experience":109204,"relics_obtained":[{"floor":8,"key":"Boot"},{"floor":10,"key":"Oddly Smooth Stone"},{"floor":20,"key":"Nilry\u0027s Codex"},{"floor":26,"key":"Darkstone Periapt"}],"event_choices":[{"damage_healed":0,"gold_gain":0,"player_choice":"Take Damage","damage_taken":20,"relics_obtained":["Golden Idol"],"max_hp_gain":0,"max_hp_loss":0,"event_name":"Golden Idol","floor":2,"gold_loss":0},{"damage_healed":0,"gold_gain":0,"player_choice":"Bought 2 Potions","damage_taken":0,"max_hp_gain":0,"max_hp_loss":0,"event_name":"The Woman in Blue","floor":7,"gold_loss":0},{"damage_healed":0,"gold_gain":0,"player_choice":"Obtained Book","damage_taken":16,"max_hp_gain":0,"max_hp_loss":0,"event_name":"Cursed Tome","floor":20,"gold_loss":0},{"damage_healed":27,"gold_gain":0,"player_choice":"Heal","damage_taken":0,"max_hp_gain":0,"max_hp_loss":0,"event_name":"The Library","floor":27,"gold_loss":0},{"damage_healed":0,"gold_gain":0,"player_choice":"Ignored","damage_taken":0,"max_hp_gain":0,"max_hp_loss":0,"event_name":"The Mausoleum","floor":28,"gold_loss":0}],"is_beta":false,"boss_relics":[{"not_picked":["Cursed Key","FrozenCore"],"picked":"SlaversCollar"}],"items_purged_floors":[19],"is_endless":false,"potions_floor_spawned":[5,10,12,14,16,25,31],"killed_by":"Collector","ascension_level":0}}