{"host":"ymw71f7rc9ndansy","time":1613831832,"event":{"mods":["100% Spire Juice","ATMod(阿瑾Mod)","Act Like it!","Aspiration","BaseMod","DeckTracker","Energized Spire","Gensokyo","Hubris","Koishi","Library of Ruina","Library of Ruina Extra","Minty Spire (QoL Compilation)","MostiFishMod","Relic Filter Mod","Reliquary","Remove Card Discount Mod","Replay The Spire","RumiaBox-露米娅的神秘盒子","StSLib","TestMod","The Blackbeard","【功能Mod】精心准备","【遗物卡牌】REMEMod"],"gold_per_floor":[116,116,116,128,138,138,151,170,197,226,226,2,2,27,27,102,102,122,372,186,186,186,186,211,234,258,270,282,330,342,368,380,483,495,531,565,595,141,153,165,291,353,388,400,412,424,492,571,583,648,789,801,813,825,-1002,-911,-861],"floor_reached":58,"language":"ZHS","playtime":2469,"items_purged":["LightAttack","LightAttack","LightAttack","FocusedStrikes","ChargeAndCover","Dodge","LightDefense","LightDefense","LightDefense","WillOfThePrescript+1","LightDefense"],"score":3477,"play_id":"5da57780-3b42-4a1f-95fc-89e8f2e004f4","local_time":"20210220223712","is_ascension_mode":true,"campfire_choices":[{"data":"Reload","floor":6.0,"key":"SMITH"},{"floor":13.0,"key":"REST"},{"data":"AT_FocusSwordFire","floor":15.0,"key":"SMITH"},{"data":"LeRegole","floor":23,"key":"SMITH"},{"data":"SenseQuarry","floor":28,"key":"SMITH"},{"data":"WillOfThePrescript","floor":30,"key":"SMITH"},{"data":"UnforgettableMelody","floor":32,"key":"SMITH"},{"data":"TheRedNotes","floor":40,"key":"SMITH"},{"floor":45,"key":"RECALL"},{"data":"Reload","floor":49,"key":"SMITH"},{"data":"LightDefense","floor":54,"key":"SMITH"}],"circlet_count":0,"master_deck":["AscendersBane","LightDefense+1","AT_FocusSwordFire+1","Reload+1","TheRedNotes+1","FrontalAssault+1","UnforgettableMelody+1","LeRegole+1","SenseQuarry+1","BoundaryOfDeath","Unlock1+1","Reload+1"],"relics":["PageOfLibrarian","testmod-TestBox","DaveBox","REME_ComplimentaryCards","AT_ATBox","HollowDreamFlower","testmod-Prudence","SynthV:TestCard","hubris:Towel","testmod-Antiphasic","Calipers","MetatronsCube","AT_SeraphEmbrace","testmod-Fanaticism","Civilization","aspiration:SeaSaltIceCream","DaveBox","HollowDreamFlower","PageOfGalaxyChild","testmod-Acrobat","MawBank","AT_BellDemon","Replay:Bottled Steam","Ccalipers","PageOfBlackSwan","Question Card","reliquary:PorcupineQuills","AT_MibuBalloonWealth","BirthdayGift-Tetrahedron","reliquary:FingerTrap","BrkXgEgg","TungstenRod","AT_RedTearstoneRing","Art of War","reliquary:Buckler","AT_ChloranthyRing","Replay:Bottled Eggs","Ice Cream","PageOfNothingThere","PageOfSpiderBud","SynthV:MejaisSoulstealer","Strawberry","aspiration:Lifesprig"],"acts_visited":["Exordium","Gensokyo:Gensokyo","Gensokyo:Gensokyoer","TheEnding"],"potions_floor_usage":[57,57],"damage_taken":[{"damage":8.0,"enemies":"Gensokyo:Gryphon","floor":1.0,"turns":3.0},{"damage":7.0,"enemies":"Gensokyo:3_Fairies","floor":4.0,"turns":5.0},{"damage":6.0,"enemies":"Gensokyo:Python","floor":5.0,"turns":3.0},{"damage":6.0,"enemies":"Gensokyo:3_Kodama","floor":7.0,"turns":5.0},{"damage":8.0,"enemies":"Gensokyo:Python_and_Kodama","floor":8.0,"turns":3.0},{"damage":13.0,"enemies":"Gensokyo:Cirno","floor":10.0,"turns":5.0},{"damage":0.0,"enemies":"Gensokyo:Aya","floor":14.0,"turns":2.0},{"damage":15.0,"enemies":"Gensokyo:Kokoro","floor":16.0,"turns":5.0},{"damage":22.0,"enemies":"Gensokyo:AngelMirror","floor":18.0,"turns":2.0},{"damage":0,"enemies":"Gensokyo:Koishi","floor":24,"turns":3},{"damage":0,"enemies":"Gensokyo:CosmicMonolith","floor":25,"turns":1},{"damage":0,"enemies":"Gensokyo:Reisen","floor":29,"turns":1},{"damage":0,"enemies":"Gensokyo:Chomper_and_Gloop","floor":31,"turns":1},{"damage":0,"enemies":"Gensokyo:Eiki","floor":33,"turns":1},{"damage":0,"enemies":"Gensokyo:3_Bats","floor":35,"turns":2},{"damage":0,"enemies":"Gensokyo:AncientGuardian","floor":36,"turns":3},{"damage":0,"enemies":"Gensokyo:Rafflesia","floor":37,"turns":2},{"damage":0,"enemies":"Gensokyo:Kasen","floor":41,"turns":2},{"damage":0,"enemies":"Gensokyo:AtlasGolem","floor":42,"turns":1},{"damage":0,"enemies":"Gensokyo:Doremy","floor":47,"turns":1},{"damage":0,"enemies":"Gensokyo:Dusk_and_Dawn","floor":48,"turns":1},{"damage":0,"enemies":"Gensokyo:Shinki","floor":50,"turns":3},{"damage":0,"enemies":"Gensokyo:Yuyuko","floor":51,"turns":2},{"damage":0,"enemies":"Shield and Spear","floor":56,"turns":1},{"damage":0,"enemies":"The Heart","floor":57,"turns":1}],"seed_played":"1502996880014821694","potions_obtained":[{"floor":5.0,"key":"Fruit Juice"},{"floor":7.0,"key":"EssenceOfSteel"},{"floor":14.0,"key":"PowerPotion"},{"floor":25,"key":"Adrenaline Potion"}],"is_trial":false,"path_per_floor":["M","?","?","M","M","R","M","M","T","E","?","COS","R","E","R","B",null,"M","?","$","?","T","R","E","M","T","?","R","E","R","M","R","B",null,"M","M","M","COS","?","R","E","M","T","$","R","?","E","M","R","B","B",null,null,"R","$","E","B",null],"character_chosen":"Librarian","items_purchased":["Civilization","PageOfNothingThere","PageOfSpiderBud","SynthV:MejaisSoulstealer"],"campfire_rested":1,"item_purchase_floors":[20,55,55,55],"current_hp_per_floor":[56,56,59,56,54,54,52,48,48,39,20,25,49,53,53,42,71,72,72,72,72,72,72,81,83,83,83,83,86,86,91,91,96,227,107,108,111,111,125,125,112,114,114,114,114,114,115,118,118,119,119,119,266,266,266,129,126],"gold":-861,"neow_bonus":"TEN_PERCENT_HP_BONUS","is_daily":false,"chose_seed":false,"campfire_upgraded":9,"win_rate":0.0,"timestamp":1613831832,"path_taken":["M","?","?","?","M","R","M","M","T","E","?","COS","R","E","R","BOSS","M","?","$","?","?","R","E","M","T","?","R","E","R","?","R","BOSS","M","M","M","COS","?","R","E","?","T","?","R","?","E","M","R","BOSS","BOSS","R","$","E","BOSS"],"items_purchased_type":["Relic","Relic","Relic","Relic"],"build_version":"2020-12-22","purchased_purges":11,"victory":true,"max_hp_per_floor":[66,66,66,76,76,76,76,76,76,76,76,81,81,81,81,81,81,86,80,80,80,80,80,81,83,83,83,83,86,86,91,91,270,270,275,280,285,285,285,285,290,295,295,295,295,295,300,305,305,310,315,315,315,315,315,327,332],"card_choices":[{"not_picked":["Pound","DriedUp","Crush","FaintMemories","Juggling","DesperateStruggle","BurningFlash","Outburst"],"picked":"LawAndOrder","floor":1.0},{"not_picked":["SmokingPipe","YourShield","PreemptiveStrike","Quickness","DefenseOrder","CumulusWall","PreparedMind","EndlessBattle","EnergyBeam","SuppressingShot"],"picked":"Reload","floor":4.0},{"not_picked":["HiddenBlade","MultiHit","BindingArms","BattleCommand","SinglePointStab","KeepItFresh","GuidanceOfTheGears","Wallop_lor","StrikeDown","HardRehearsal","UpbeatPerformance"],"picked":"SKIP","floor":5.0},{"not_picked":["BackAttack","EnergyCycle","FleetEdge","Guardian_lor","SuppressingShot","ElectricShock","ExtractFuel","NightInTheBackstreets","StayCalm","InhaleSmoke"],"picked":"TheRedNotes","floor":7.0},{"not_picked":["ChopItOff","QuickSuppression","EnergyStrike","Parry","ForTheFamily","Rewind","StrikeDown","StrongStrike","SilentMist","NightInTheBackstreets"],"picked":"FrontalAssault","floor":8.0},{"not_picked":["HardRehearsal","Feast","ViolentFlame","ICanCookAnything","SnakesPrey","StructuralAnalysis","SinglePointStab","BackAttack","SpearedSweep","HighKick","SummaryJudgment"],"picked":"SKIP","floor":10.0},{"not_picked":["Leap_lor","HandlingWork","FocusFire","PreemptiveStrike","DefenseOrder","ToWhereThePrescriptPoints","Juggling","SpearedSweep","FleetFootsteps","InkOver"],"picked":"WillOfThePrescript","floor":14.0},{"not_picked":["Observe","LeRegole","BoundaryOfDeath","SilentNight"],"picked":"UnforgettableMelody","floor":16.0},{"not_picked":["GuardingStance","CombatPreparation","DarkCloud","SinglePointStab","EndlessBattle+1","EnergyConversion","Multislash","MultiBlock+1","GrazeTheGrass","BlowItUp"],"picked":"LeRegole","floor":18.0},{"not_picked":["EnergyCycle","Collision","SilentNight","FrontalAssault+1","SerpentSwordTechnique","SharpSwipe","SteelKnuckles+1","Wallop_lor","BayonetCombat","HighKick","SinglePointStab"],"picked":"SKIP","floor":24},{"not_picked":["SilentMist","GuidanceOfTheGears","Leap_lor","FieryDragonSlash","YourShield","CrackOfDawn","GuardingStance","EnergyCycle","GreatSerpentsImpact","OpportunitySpotted","ClassAndRespect"],"picked":"SKIP","floor":25},{"not_picked":["BlowItUp","Cruelty","SharpNails","TheRedNotes","Rewind","DefenseOrder","Suppress","BackAttack","QuickSuppression","ChopItOff","Wallop_lor+1"],"picked":"SKIP","floor":29},{"not_picked":["Collision","ForcefulGesture","EnergyStrike","HighSpeedStabbing","Pound","DeepDrag","HighKick","StructuralAnalysis","PreemptiveStrike","TasteMyFlamingBat","InhaleSmoke"],"picked":"SKIP","floor":31},{"not_picked":["Suppress","FlamingDragonFist","Castigation","SavageMode"],"picked":"BoundaryOfDeath","floor":33},{"not_picked":["MultiBlock","HiddenBlade+1","YourShield+1","UpbeatPerformance","GuardingStance+1","DestructiveImpact","Leap_lor+1","GrazeTheGrass","Parry","ChopItOff"],"picked":"Unlock1","floor":35},{"not_picked":["Pound","Outburst","FrontalAssault","DesperateStruggle","EndlessBattle","ICanCookAnything","FleetEdge","BackAttack","EnergyStrike","IngredientHunt","Punishment","AutonomousRush"],"picked":"SKIP","floor":37},{"not_picked":["DefenseOrder","EnergyStrike","JiaoTu+1","HiddenBlade","BulkyImpact+1","SnakesPrey","HandleRequest+1","AlloutWar+1","GrazeTheGrass+1","PreemptiveStrike","MindWhip"],"picked":"Faith","floor":41},{"not_picked":["ViolentFlame+1","Parry2","StructuralAnalysis","RulesOfTheBackstreets+1","MindCrush+1","Multislash","Diversion","MultiHit","ToWhereThePrescriptPoints","SharpenedBlade","Feast","Juggling"],"picked":"SKIP","floor":42},{"not_picked":["UnavoidableGaze","NightInTheBackstreets","ElectricShock+1","HighSpeedStabbing","SerpentSwordTechnique+1","EnergyStrike+1","Concentration+1","PreemptiveStrike+1","CrackOfDawn+1","Standoff","GreatSerpentsImpact","TieShanKao+1"],"picked":"SKIP","floor":47},{"not_picked":["UpbeatPerformance+1","FrontalAssault","RhinoRam+1","BackAttack","SnakesPrey","Crush","MindPrepared","DesperateStruggle","AbsorbImpact","ScratchThat+1","Overcharge"],"picked":"Reload","floor":48},{"not_picked":["FlyingSword","SerpentSwordTechnique","FlashOfSunup+1","FleetFootsteps","Struggle+1","RepressedFlesh+1","YoureAHindrance+1","BiAn","Wallop_lor","GreatSerpentsImpact","SharpSwipe+1","TrimTheIngredients"],"picked":"SKIP","floor":56}],"player_experience":1102683,"relics_obtained":[{"floor":1.0,"key":"SynthV:TestCard"},{"floor":10.0,"key":"testmod-Antiphasic"},{"floor":14.0,"key":"AT_ArchangelStaff"},{"floor":22.0,"key":"aspiration:SeaSaltIceCream"},{"floor":24,"key":"testmod-Acrobat"},{"floor":26,"key":"MawBank"},{"floor":29,"key":"AT_BellDemon"},{"floor":31,"key":"Replay:Bottled Steam"},{"floor":33,"key":"Ccalipers"},{"floor":35,"key":"Question Card"},{"floor":36,"key":"reliquary:PorcupineQuills"},{"floor":37,"key":"AT_MibuBalloonWealth"},{"floor":41,"key":"TungstenRod"},{"floor":41,"key":"AT_RedTearstoneRing"},{"floor":42,"key":"Art of War"},{"floor":43,"key":"reliquary:Buckler"},{"floor":47,"key":"AT_ChloranthyRing"},{"floor":47,"key":"Replay:Bottled Eggs"},{"floor":48,"key":"Ice Cream"},{"floor":56,"key":"Strawberry"},{"floor":56,"key":"aspiration:Lifesprig"}],"event_choices":[],"is_beta":false,"boss_relics":[{"not_picked":["testmod-Nine","testmod-TimeTraveler"],"picked":"testmod-Fanaticism"},{"not_picked":["Tiny House","Snecko Heart"],"picked":"PageOfBlackSwan"}],"items_purged_floors":[20,20,20,20,20,20,20,20,20,55,55],"is_endless":false,"potions_floor_spawned":[5,7,14,16,18,25,29,33,35,41,42,48],"ascension_level":20}}