{"host":"rw1trt79hfpl7pom","time":1613821288,"event":{"mods":["BaseMod","Bestiary","Colored Map","Jorbs\u0027s Wanderer Trilogy","Minty Spire (QoL Compilation)","Relic Stats","StSLib","SuperFastMode"],"gold_per_floor":[115,115,12,87,87,87,87],"floor_reached":6,"language":"ENG","playtime":242,"items_purged":["stsjorbsmod:Strike_Wanderer"],"score":64,"play_id":"df6a4622-50d3-4da8-a327-8790840d1e14","local_time":"20210220034128","is_ascension_mode":true,"campfire_choices":[],"circlet_count":0,"master_deck":["AscendersBane","stsjorbsmod:ForbiddenGrimoire+1","stsjorbsmod:Strike_Wanderer","stsjorbsmod:Strike_Wanderer","stsjorbsmod:Strike_Wanderer","stsjorbsmod:Defend_Wanderer","stsjorbsmod:Defend_Wanderer","stsjorbsmod:Defend_Wanderer","stsjorbsmod:FreshAdventure","stsjorbsmod:EyeOfTheStorm","stsjorbsmod:Materialize","stsjorbsmod:Firebolt","stsjorbsmod:HedgeWizard"],"relics":["stsjorbsmod:GrimoireRelic","Orichalcum"],"acts_visited":["Exordium"],"potions_floor_usage":[],"damage_taken":[{"damage":0.0,"enemies":"2 Louse","floor":1.0,"turns":4.0},{"damage":91,"enemies":"Gremlin Nob","floor":6,"turns":6}],"seed_played":"-584419874942227945","potions_obtained":[],"is_trial":false,"path_per_floor":["M","?","$","?","?","E"],"character_chosen":"WANDERER","items_purchased":["stsjorbsmod:Firebolt"],"campfire_rested":0,"item_purchase_floors":[3],"current_hp_per_floor":[61,61,61,50,50,0,0],"gold":87,"neow_bonus":"RANDOM_COMMON_RELIC","is_daily":false,"chose_seed":false,"campfire_upgraded":0,"win_rate":0.0,"timestamp":1613821288,"path_taken":["M","?","$","?","?","E"],"items_purchased_type":["Card"],"build_version":"2020-12-22","purchased_purges":1,"victory":false,"max_hp_per_floor":[64,64,64,64,64,64,64],"relic_stats":{"counters":[2,10],"Orichalcum":[18],"obtain_stats":[{"stsjorbsmod:GrimoireRelic":0,"Orichalcum":0},{"stsjorbsmod:GrimoireRelic":0,"Orichalcum":0},{"stsjorbsmod:GrimoireRelic":0,"Orichalcum":0}]},"card_choices":[{"not_picked":["stsjorbsmod:WanderingMind","stsjorbsmod:Will"],"picked":"stsjorbsmod:Materialize","floor":1.0}],"player_experience":2830647,"relics_obtained":[],"event_choices":[{"damage_healed":0.0,"max_hp_gain":0.0,"max_hp_loss":0.0,"gold_gain":0.0,"event_name":"Liars Game","player_choice":"Ignored","floor":2.0,"gold_loss":0.0,"damage_taken":0.0},{"damage_healed":0.0,"max_hp_gain":0.0,"max_hp_loss":0.0,"gold_gain":75.0,"event_name":"World of Goop","player_choice":"Gather Gold","floor":4.0,"gold_loss":0.0,"damage_taken":11.0},{"damage_healed":0,"gold_gain":0,"cards_transformed":["stsjorbsmod:Defend_Wanderer"],"player_choice":"Change","damage_taken":0,"max_hp_gain":0,"max_hp_loss":0,"event_name":"Living Wall","floor":5,"gold_loss":0,"cards_obtained":["stsjorbsmod:HedgeWizard"]}],"is_beta":false,"boss_relics":[],"items_purged_floors":[3],"is_endless":false,"potions_floor_spawned":[],"killed_by":"Gremlin Nob","ascension_level":20}}