{"host":"rg29p8m4aqjozpzt","time":1613846562,"event":{"mods":["100% Spire Juice","Aspiration","Bartender","BaseMod","Beaked The Cultist","Better Altar","Better Match","Better Sensory Stone","Better Skull","Better Third Choice","BetterRewards","Chen","Colored Powertips","Conspire","Downfall","Friendly Minions","Hermit","Hubris","JesterMod","Magitek Elite","Minty Spire (QoL Compilation)","Permanent Neow","Prisma Mod","QueenMod","Quick Restart","Relic Filter","Reorder Act Four","Shade Mod","StSLib","SuperFastMode","The Alterego","The Marked","The Runesmith","Unceasing Turn Reminder"],"gold_per_floor":[99,116,116,132,147,147,174,190,223,223,223,323,343,353,366,366,366,366],"floor_reached":16,"language":"ENG","playtime":1019,"items_purged":[],"score":104,"play_id":"5ad904d9-a472-432f-8307-09f3460d78df","local_time":"20210220194242","is_ascension_mode":false,"campfire_choices":[{"data":"champ:Taunt","floor":1,"key":"SMITH"},{"data":"champ:ShieldWall","floor":6,"key":"SMITH"}],"circlet_count":0,"master_deck":["champ:Strike","champ:Strike","champ:Strike","champ:Strike","champ:Defend","champ:Defend","champ:Defend","champ:Defend","champ:Execute","champ:Taunt+1","champ:ShieldWall+1","champ:ShieldWall","champ:GutPunch","champ:FlashCut","champ:MurderStrike","champ:TornadoPunch","champ:EnGarde","champ:ArenaPreparation","champ:Endure"],"relics":["champ:ChampionCrown","Art of War","Letter Opener","aspiration:ChemicalBlood","White Beast Statue"],"acts_visited":["Exordium"],"potions_floor_usage":[8,9,12,15,16,16,16,16],"damage_taken":[{"damage":20,"enemies":"Jaw Worm","floor":2,"turns":5},{"damage":10,"enemies":"Cultist","floor":4,"turns":4},{"damage":16,"enemies":"Small Slimes","floor":5,"turns":4},{"damage":19,"enemies":"Red Slaver","floor":8,"turns":3},{"damage":35,"enemies":"Gremlin Nob","floor":9,"turns":3},{"damage":81,"enemies":"downfall:LadyInBlue","floor":12,"turns":11},{"damage":10,"enemies":"2 Fungi Beasts","floor":13,"turns":4},{"damage":18,"enemies":"downfall:LooterAlt","floor":14,"turns":4},{"damage":12,"enemies":"Blue Slaver","floor":15,"turns":2},{"damage":22,"enemies":"DF_ARCHETYPE_STREAMLINE","floor":16,"turns":3}],"seed_played":"2184648143244600","potions_obtained":[{"floor":2,"key":"Strength Potion"},{"floor":4,"key":"Weak Potion"},{"floor":9,"key":"SpeedPotion"},{"floor":12,"key":"Fire Potion"},{"floor":13,"key":"PowerPotion"},{"floor":14,"key":"Ancient Potion"},{"floor":15,"key":"Dexterity Potion"},{"floor":16,"key":"Weak Potion"}],"is_trial":false,"path_per_floor":["R","M","?","M","M","R","T","M","E","R","?","?","M","M","M","B"],"character_chosen":"THE_CHAMP","items_purchased":[],"campfire_rested":0,"item_purchase_floors":[],"current_hp_per_floor":[99,99,99,99,98,98,98,89,64,64,61,25,20,17,5,0,0,0],"gold":366,"neow_bonus":"TEN_PERCENT_HP_BONUS","is_daily":false,"chose_seed":false,"campfire_upgraded":2,"win_rate":0.0,"timestamp":1613846562,"path_taken":["R","M","?","M","?","R","T","M","E","R","?","?","M","?","M","BOSS"],"items_purchased_type":[],"build_version":"2020-12-22","purchased_purges":0,"victory":false,"max_hp_per_floor":[99,99,99,99,99,99,99,99,99,99,99,99,99,99,99,99,99,99],"card_choices":[{"not_picked":["champ:CrookedStrike","champ:Circumvent"],"picked":"champ:ShieldWall","floor":2},{"not_picked":["champ:FanOfKnives","champ:BerserkersShout"],"picked":"champ:GutPunch","floor":4},{"not_picked":["champ:GutPunch","champ:Circumvent","champ:GladiatorStyle"],"picked":"SKIP","floor":5},{"not_picked":["champ:StanceDance","champ:FanOfKnives"],"picked":"champ:FlashCut","floor":8},{"not_picked":["champ:Encircle","champ:Backstep"],"picked":"champ:MurderStrike","floor":9},{"not_picked":["champ:PerfectedStrike","champ:GutPunch"],"picked":"champ:TornadoPunch","floor":12},{"not_picked":["champ:Haymaker","champ:BladeFlurry"],"picked":"champ:EnGarde","floor":13},{"not_picked":["champ:IgnorePain","champ:BringItOn"],"picked":"champ:ArenaPreparation","floor":14},{"not_picked":["champ:BerserkersShout","champ:Shatter"],"picked":"champ:Endure","floor":15}],"player_experience":1576845,"relics_obtained":[{"floor":7,"key":"Art of War"},{"floor":9,"key":"Letter Opener"},{"floor":12,"key":"White Beast Statue"}],"event_choices":[{"damage_healed":0,"gold_gain":0,"player_choice":"Relic ","damage_taken":3,"max_hp_gain":0,"max_hp_loss":0,"event_name":"betterThird:BetterScrap","floor":11,"gold_loss":0,"cards_obtained":["Malaise"]}],"is_beta":false,"boss_relics":[],"items_purged_floors":[],"is_endless":false,"potions_floor_spawned":[2,4,9,12,13,14,15],"killed_by":"DF_ARCHETYPE_STREAMLINE","ascension_level":0}}