{"host":"d54lcqy5t45er8jx","time":1613802069,"event":{"mods":["2.2 Compatiblity","BaseMod","CapriCore","Colored Powertips","Defuse TimeMaze Blight","Friendly Minions","Hermit","Hubris","Infinite Spire","KinomotoSakuraMod(ÙÊñýÜâ?)","Marisa£¨Ùöéë¡¡Øª×âÞÞ£©","Minty Spire (QoL Compilation)","Quick Restart","Railgun Mod","Rare Cards Sparkle","Relic Stats","Remilia£¨?Ú·×é?£©","StSLib","The Alterego","The Animator","The Cursed","The Immortal","The Servant 0.9.4","WarShipGirlsR/??á´Ò³R mod","Yakumo Yukari mod","Yohane!","Yuri Mod"],"gold_per_floor":[119,132,132,132,146,146,196,227,251,251,251,287,287,311,311,445,445,483,507,507,507,507,557,557,584,584,584,638,638,668,703,703,843,906,920,944,1016,1016,1016],"floor_reached":38,"language":"ENG","playtime":2205,"items_purged":[],"score":592,"play_id":"9b355ed0-ba7d-47d8-b8a4-a03cc4659680","local_time":"20210220152109","is_ascension_mode":false,"campfire_choices":[{"data":"ScarletNetherworld","floor":6,"key":"SMITH"},{"data":"Ultimatum","floor":10,"key":"SMITH"},{"data":"ScarletDevilSign","floor":15,"key":"SMITH"},{"data":"1","floor":24,"key":"LIFT"},{"data":"2","floor":27,"key":"LIFT"},{"data":"3","floor":29,"key":"LIFT"},{"data":"BloodySeventeenLaser","floor":32,"key":"SMITH"}],"circlet_count":0,"master_deck":["Strike_RM","Strike_RM","Strike_RM+1","Strike_RM+1","Defend_RM","Defend_RM","Defend_RM","Defend_RM","RedMoon","ScarletShoot+1","ScarletNetherworld+1","Ultimatum+1","UltimateOffering+1","MillenniumVampire","ScarletDevilSign+1","ScarletSymphony","VampireClaw","VampireClaw","Stigmanizer","HellCatastrophe+1","Stigmanizer","BloodAndWine","DevilSight","ChainGang+1","BloodySeventeenLaser+1","DiffusionOfMisfortune","ChainGang","VampirishNight","BloodRain","ChainGang+1"],"relics":["ScarletHat","Golden Idol","CeramicFish","MealTicket","infinitespire:WardingShard","infinitespire:Satchel","infinitespire:Cupcake","hubris:BottledHeart","hubris:Icosahedron","infinitespire:EmpoweringShard","Girya","Boot","Whetstone","CaptainsWheel","Tiny House","hubris:Potato"],"acts_visited":["Exordium","TheCity","TheBeyond"],"potions_floor_usage":[7,14,28],"damage_taken":[{"damage":0,"enemies":"2 Louse","floor":1,"turns":3},{"damage":0,"enemies":"Small Slimes","floor":2,"turns":5},{"damage":1,"enemies":"Jaw Worm","floor":5,"turns":4},{"damage":22,"enemies":"Lagavulin","floor":7,"turns":9},{"damage":0,"enemies":"Blue Slaver","floor":8,"turns":3},{"damage":3,"enemies":"Gremlin Nob","floor":12,"turns":3},{"damage":1,"enemies":"Looter","floor":14,"turns":3},{"damage":27,"enemies":"The Guardian","floor":16,"turns":7},{"damage":16,"enemies":"2 Thieves","floor":18,"turns":4},{"damage":6,"enemies":"Shell Parasite","floor":19,"turns":5},{"damage":0,"enemies":"Gremlin Leader","floor":23,"turns":3},{"damage":0,"enemies":"Snake Plant","floor":25,"turns":6},{"damage":0,"enemies":"Slavers","floor":28,"turns":3},{"damage":0,"enemies":"Cultist and Chosen","floor":30,"turns":3},{"damage":0,"enemies":"Gremlin Leader","floor":31,"turns":3},{"damage":0,"enemies":"Champ","floor":33,"turns":3},{"damage":0,"enemies":"Orb Walker","floor":35,"turns":2},{"damage":0,"enemies":"3 Shapes","floor":36,"turns":2},{"damage":0,"enemies":"Mind Bloom Boss Battle","floor":37,"turns":4},{"damage":2,"enemies":"Mind Bloom Boss Battle","floor":38,"turns":9}],"seed_played":"5273377955676620493","potions_obtained":[{"floor":2,"key":"BlessingOfTheForge"},{"floor":8,"key":"ColorlessPotion"},{"floor":16,"key":"SteroidPotion"},{"floor":23,"key":"PowerPotion"},{"floor":25,"key":"Energy Potion"},{"floor":28,"key":"FearPotion"}],"is_trial":false,"path_per_floor":["M","M","?","?","M","R","E","M","T","R","T","E","?","M","R","B",null,"M","M","?","?","T","E","R","M","T","R","E","R","M","E","R","B",null,"M","M","?","?"],"character_chosen":"REMILIA","items_purchased":[],"campfire_rested":0,"item_purchase_floors":[],"current_hp_per_floor":[82,82,62,62,61,61,42,43,43,43,43,42,26,25,25,17,85,69,71,1,1,1,1,1,1,1,1,1,1,1,1,1,1,1,1,1,1,0,0],"gold":1016,"neow_bonus":"TEN_PERCENT_HP_BONUS","is_daily":false,"chose_seed":false,"campfire_upgraded":4,"win_rate":0.0,"timestamp":1613802069,"path_taken":["M","M","?","?","M","R","E","M","T","R","?","E","?","M","R","BOSS","M","M","?","?","?","E","R","M","T","R","E","R","M","E","R","BOSS","M","M","?","?"],"items_purchased_type":[],"build_version":"2020-12-22","purchased_purges":0,"victory":false,"max_hp_per_floor":[82,82,82,82,82,82,82,82,82,82,82,82,82,82,82,85,85,85,85,1,1,1,1,1,1,1,1,1,1,1,1,1,1,1,1,1,1,1,1],"relic_stats":{"counters":[20,84],"Golden Idol":146,"CeramicFish":135,"MealTicket":0,"Whetstone":["Strike_RM","HellCatastrophe"],"Boot":[102],"obtain_stats":[{"Girya":23,"Tiny House":34,"Golden Idol":3,"CeramicFish":7,"Whetstone":28,"Boot":26,"ScarletHat":0,"CaptainsWheel":31,"hubris:Icosahedron":21,"infinitespire:WardingShard":11,"hubris:BottledHeart":20,"infinitespire:Satchel":12,"MealTicket":9,"infinitespire:EmpoweringShard":22,"hubris:Potato":37,"infinitespire:Cupcake":17},{"Girya":11,"Tiny House":16,"Golden Idol":2,"CeramicFish":4,"Whetstone":13,"Boot":12,"ScarletHat":0,"CaptainsWheel":15,"hubris:Icosahedron":10,"infinitespire:WardingShard":5,"hubris:BottledHeart":10,"infinitespire:Satchel":6,"MealTicket":5,"infinitespire:EmpoweringShard":10,"hubris:Potato":19,"infinitespire:Cupcake":8},{"Girya":49,"Tiny House":67,"Golden Idol":8,"CeramicFish":21,"Whetstone":58,"Boot":55,"ScarletHat":0,"CaptainsWheel":64,"hubris:Icosahedron":46,"infinitespire:WardingShard":24,"hubris:BottledHeart":46,"infinitespire:Satchel":27,"MealTicket":24,"infinitespire:EmpoweringShard":46,"hubris:Potato":75,"infinitespire:Cupcake":37}]},"card_choices":[{"not_picked":["BloodHunter","AfternoonTea"],"picked":"ScarletNetherworld","floor":1},{"not_picked":["RedMagic","BloodyMagicSquare"],"picked":"Ultimatum","floor":2},{"not_picked":[],"picked":"UltimateOffering","floor":4},{"not_picked":["RedRainbow","NightLord"],"picked":"MillenniumVampire","floor":5},{"not_picked":["VampireSweep","VampireKiss"],"picked":"ScarletDevilSign","floor":7},{"not_picked":["GlobalNightmare","RedNightlessCastle"],"picked":"ScarletSymphony","floor":7},{"not_picked":["Ultimatum","RedRainbow"],"picked":"VampireClaw","floor":8},{"not_picked":["BlasphemousPunishment","MillenniumVampire"],"picked":"VampireClaw","floor":8},{"not_picked":["RedMagic","VampireKiss","UnderTheZenith"],"picked":"SKIP","floor":12},{"not_picked":["VampireSweep","BombardNight"],"picked":"Stigmanizer","floor":14},{"not_picked":["BloodySeventeenLaser","ChaoticDestiny"],"picked":"HellCatastrophe","floor":16},{"not_picked":["VampireSweep+1","StarOfDavid"],"picked":"Stigmanizer","floor":18},{"not_picked":["BlasphemousPunishment+1","VampireKiss+1"],"picked":"BloodAndWine","floor":18},{"not_picked":["EndlessAdversity","UnstableMagic"],"picked":"DevilSight","floor":19},{"not_picked":["BlasphemousPunishment","GlobalNightmare"],"picked":"ChainGang+1","floor":23},{"not_picked":["BombardNight","EndlessAdversity"],"picked":"BloodySeventeenLaser","floor":25},{"not_picked":["RedRainbow","NightDance"],"picked":"DiffusionOfMisfortune","floor":28},{"not_picked":["GlobalNightmare","BlasphemousPunishment"],"picked":"ChainGang","floor":28},{"not_picked":["NightDance","EndlessAdversity"],"picked":"VampirishNight","floor":30},{"not_picked":["CurseOfVladTepes","RedRainbow","ScarletDevil"],"picked":"SKIP","floor":31},{"not_picked":["ScarletMeister","TricksterDevil"],"picked":"BloodRain","floor":33},{"not_picked":["RedRainbow","BloodyMagicSquare","BlasphemousPunishment+1"],"picked":"SKIP","floor":35},{"not_picked":["RedRainbow+1","NightDance","CharismaGuard"],"picked":"SKIP","floor":36},{"not_picked":["BlasphemousPunishment","Stigmanizer+1"],"picked":"ChainGang+1","floor":37}],"player_experience":991852,"relics_obtained":[{"floor":7,"key":"CeramicFish"},{"floor":9,"key":"MealTicket"},{"floor":11,"key":"infinitespire:WardingShard"},{"floor":12,"key":"infinitespire:Satchel"},{"floor":22,"key":"infinitespire:EmpoweringShard"},{"floor":23,"key":"Girya"},{"floor":26,"key":"Boot"},{"floor":28,"key":"Whetstone"},{"floor":31,"key":"CaptainsWheel"},{"floor":37,"key":"hubris:Potato"}],"event_choices":[{"damage_healed":0,"gold_gain":0,"player_choice":"Take Damage","damage_taken":20,"relics_obtained":["Golden Idol"],"max_hp_gain":0,"max_hp_loss":0,"event_name":"Golden Idol","floor":3,"gold_loss":0},{"damage_healed":0,"gold_gain":0,"player_choice":"Entered Light","damage_taken":16,"max_hp_gain":0,"max_hp_loss":0,"event_name":"Shining Light","floor":13,"gold_loss":0,"cards_upgraded":["Strike_RM","ScarletShoot"]},{"damage_healed":0,"gold_gain":0,"player_choice":"Fight","damage_taken":0,"max_hp_gain":0,"max_hp_loss":0,"event_name":"MindBloom","floor":37,"gold_loss":0}],"is_beta":false,"boss_relics":[{"not_picked":["Empty Cage","Astrolabe"],"picked":"infinitespire:Cupcake"},{"not_picked":["Cursed Key","SacredBark"],"picked":"Tiny House"}],"items_purged_floors":[],"is_endless":false,"potions_floor_spawned":[2,8,16,23,25,28,30,33,35,37],"killed_by":"Mind Bloom Boss Battle","ascension_level":0}}