{"host":"bvp2uifzy1c463d9","time":1613863203,"event":{"mods":["AchievementEnabler","BaseMod","Better Note","Block Reminder","Bossed Relics","Colored Map","Colored Powertips","Highlight Path","Minty Spire (QoL Compilation)","Relic Sorter","Relic Stats","Replay The Spire","StSLib"],"gold_per_floor":[109,37,47,47,47,80,80,108,108,69,69,0,0,18,18,114,114,134,146,146,146],"floor_reached":20,"language":"ENG","playtime":1026,"items_purged":[],"score":261,"play_id":"8131e31b-3f22-45a2-b4a3-79a80a397818","local_time":"20210220172003","is_ascension_mode":true,"campfire_choices":[{"data":"Hologram","floor":7,"key":"SMITH"},{"data":"Genetic Algorithm","floor":11,"key":"SMITH"},{"data":"Glacier","floor":13,"key":"SMITH"},{"data":"Zap","floor":15,"key":"SMITH"}],"circlet_count":0,"master_deck":["Strike_B","Strike_B","Strike_B","Defend_B","Defend_B","Defend_B","Zap+1","Dualcast","Cold Snap","Glacier+1","Stack","Hologram+1","Genetic Algorithm+1","Conserve Battery+1","Storm","Barrage","Fission","Fusion","ReplayTheSpireMod:System Scan"],"relics":["Cracked Core","NeowsBlessing","Replay:Ringing Soul","Counterbalance","Replay:Bottled Snecko","Coffee Dripper"],"acts_visited":["Exordium","TheCity"],"potions_floor_usage":[19,20],"damage_taken":[{"damage":0,"enemies":"2 Louse","floor":1,"turns":1},{"damage":0,"enemies":"Small Slimes","floor":3,"turns":1},{"damage":0,"enemies":"Gremlin Nob","floor":6,"turns":1},{"damage":26,"enemies":"3 Sentries","floor":8,"turns":12},{"damage":9,"enemies":"Jaw Worm","floor":14,"turns":4},{"damage":43,"enemies":"Slime Boss","floor":16,"turns":22},{"damage":12,"enemies":"Spheric Guardian","floor":18,"turns":10},{"damage":10,"enemies":"3 Byrds","floor":19,"turns":8},{"damage":77,"enemies":"Cultist and Chosen","floor":20,"turns":8}],"seed_played":"2459744932423488994","potions_obtained":[{"floor":3,"key":"SteroidPotion"},{"floor":6,"key":"Block Potion"},{"floor":14,"key":"SpeedPotion"},{"floor":19,"key":"LiquidBronze"}],"is_trial":false,"path_per_floor":["M","$","M","?","?","E","R","E","T","$","R","$","R","M","R_BF","B",null,"M","M","M"],"character_chosen":"DEFECT","items_purchased":["Glacier","Conserve Battery+1","Storm"],"campfire_rested":0,"item_purchase_floors":[2,10,12],"current_hp_per_floor":[75,75,75,75,68,71,71,48,48,51,51,54,54,48,48,8,93,84,77,0,0],"gold":146,"neow_bonus":"THREE_ENEMY_KILL","is_daily":false,"chose_seed":false,"campfire_upgraded":4,"win_rate":0.0,"timestamp":1613863203,"path_taken":["M","$","M","?","?","E","R","E","T","?","R","$","R","M","R_BF","BOSS","M","M","M"],"items_purchased_type":["Card","Card","Card"],"build_version":"2020-12-22","purchased_purges":0,"victory":false,"max_hp_per_floor":[75,75,75,75,75,78,78,81,81,84,84,87,87,90,90,93,93,96,99,99,99],"relic_stats":{"counters":[9,67],"obtain_stats":[{"Replay:Ringing Soul":6,"NeowsBlessing":0,"Counterbalance":8,"Coffee Dripper":17,"Replay:Bottled Snecko":9,"Cracked Core":0},{"Replay:Ringing Soul":3,"NeowsBlessing":0,"Counterbalance":4,"Coffee Dripper":6,"Replay:Bottled Snecko":4,"Cracked Core":0},{"Replay:Ringing Soul":3,"NeowsBlessing":0,"Counterbalance":15,"Coffee Dripper":41,"Replay:Bottled Snecko":15,"Cracked Core":0}]},"card_choices":[{"not_picked":["Sweeping Beam","Leap"],"picked":"Cold Snap","floor":1},{"not_picked":["Turbo","Beam Cell"],"picked":"Stack","floor":3},{"not_picked":["Reboot","Thunder Strike"],"picked":"Hologram","floor":6},{"not_picked":["Aggregate","Go for the Eyes"],"picked":"Genetic Algorithm","floor":8},{"not_picked":["Stack","Hello World"],"picked":"Barrage","floor":14},{"not_picked":["Seek","Buffer"],"picked":"Fission","floor":16},{"not_picked":["Steam+1","Reinforced Body"],"picked":"Fusion","floor":18},{"not_picked":["Auto Shields","Conserve Battery+1"],"picked":"ReplayTheSpireMod:System Scan","floor":19}],"player_experience":258903,"relics_obtained":[{"floor":6,"key":"Replay:Ringing Soul"},{"floor":8,"key":"Counterbalance"},{"floor":9,"key":"Replay:Bottled Snecko"}],"event_choices":[{"cards_removed":["Strike_B"],"damage_healed":0,"gold_gain":0,"player_choice":"Forget","damage_taken":0,"max_hp_gain":0,"max_hp_loss":0,"event_name":"Living Wall","floor":4,"gold_loss":0},{"cards_removed":["Defend_B"],"damage_healed":0,"gold_gain":0,"player_choice":"Card Removal","damage_taken":7,"max_hp_gain":0,"max_hp_loss":0,"event_name":"Golden Wing","floor":5,"gold_loss":0}],"is_beta":false,"boss_relics":[{"not_picked":["Ectoplasm","Busted Crown"],"picked":"Coffee Dripper"}],"items_purged_floors":[],"is_endless":false,"potions_floor_spawned":[3,6,14,16,19],"killed_by":"Cultist and Chosen","ascension_level":3}}