{"host":"ox77rn1xcurm2t5a","time":1613780630,"event":{"mods":["2.2 Compatiblity","AchievementEnabler","Act Like it!","Aspiration","BaseMod","Best Route Mod","Better Match","Better Note","Better Sensory Stone","Block Reminder","Colored Map","Colored Powertips","Conjunction","Conspire","Custom Start","Energized Spire","GifTheSpireLib","Gold Saver","Gremlin Skip","Halation","Highlight Path","Hubris","Infinite Spire","Minty Spire (QoL Compilation)","Pale of the Ancients","Quick Restart","Reliquary","Replay The Spire","Reworked Bosses","ShortenTheSpire","Spire Exporter","StSLib","Stuff the Spire","Wandering Minibosses"],"gold_per_floor":[113,113,129,32,32,32,57,68,68,95,95,112,138,157,157,157,157],"floor_reached":16,"language":"ENG","playtime":335,"items_purged":["Defend_R"],"score":203,"play_id":"32e62c19-2918-4a06-941f-12f5e66ce7dc","local_time":"20210220022350","is_ascension_mode":true,"campfire_choices":[{"floor":6,"key":"RECALL"},{"data":"Bash","floor":15,"key":"SMITH"}],"circlet_count":0,"master_deck":["Strike_R","Strike_R","Strike_R","Strike_R","Strike_R","Defend_R","Defend_R","Defend_R","Bash+1","Pommel Strike","Cleave","Thunderclap","Heavy Blade","Clash","Thunderclap","Pommel Strike"],"relics":["Burning Blood","NeowsBlessing","Anchor","Kunai","reliquary:HotPoker","aspiration:TomeofQuesting"],"acts_visited":["Exordium"],"potions_floor_usage":[10,10,13,16,16],"damage_taken":[{"damage":0,"enemies":"Small Slimes","floor":1,"turns":1},{"damage":0,"enemies":"2 Louse","floor":3,"turns":1},{"damage":0,"enemies":"Lagavulin","floor":7,"turns":1},{"damage":1,"enemies":"Cultist","floor":8,"turns":3},{"damage":28,"enemies":"3 Sentries","floor":10,"turns":8},{"damage":7,"enemies":"Large Slime","floor":12,"turns":5},{"damage":28,"enemies":"Lagavulin","floor":13,"turns":5},{"damage":0,"enemies":"Blue Slaver","floor":14,"turns":2},{"damage":58,"enemies":"The Guardian","floor":16,"turns":9}],"seed_played":"-6315225248983794889","potions_obtained":[{"floor":1,"key":"BlessingOfTheForge"},{"floor":3,"key":"EssenceOfSteel"},{"floor":12,"key":"BloodPotion"},{"floor":13,"key":"Swift Potion"},{"floor":14,"key":"SteroidPotion"}],"is_trial":false,"path_per_floor":["M","?","M","$","?","R","E","M","T","E","?","M","E","M","R","B"],"character_chosen":"IRONCLAD","items_purchased":["Thunderclap"],"campfire_rested":0,"item_purchase_floors":[4],"current_hp_per_floor":[78,78,80,80,80,80,80,80,80,58,58,57,51,57,57,0,0],"gold":157,"neow_bonus":"THREE_ENEMY_KILL","is_daily":false,"chose_seed":false,"campfire_upgraded":1,"win_rate":0.0,"timestamp":1613780630,"path_taken":["M","?","M","$","?","R","E","?","T","E","?","?","E","M","R","BOSS"],"items_purchased_type":["Card"],"build_version":"2020-12-22","purchased_purges":1,"victory":false,"max_hp_per_floor":[80,80,80,80,80,80,80,80,80,80,80,80,80,80,80,80,80],"card_choices":[{"not_picked":["Disarm","Evolve"],"picked":"Pommel Strike","floor":1},{"not_picked":["Pummel","Warcry"],"picked":"Cleave","floor":3},{"not_picked":["Sever Soul","Clothesline","Wild Strike"],"picked":"SKIP","floor":7},{"not_picked":["Carnage","Sever Soul"],"picked":"Heavy Blade","floor":8},{"not_picked":["Replay:Undeath\u0027s Touch","Barricade"],"picked":"Clash","floor":10},{"not_picked":["StuffTheSpire:Incineration","Rupture","Iron Wave"],"picked":"SKIP","floor":12},{"not_picked":["Brutality","Body Slam"],"picked":"Thunderclap","floor":13},{"not_picked":["Abandon","Life Link"],"picked":"Pommel Strike","floor":14}],"player_experience":3202206,"relics_obtained":[{"floor":7,"key":"Anchor"},{"floor":9,"key":"Kunai"},{"floor":10,"key":"reliquary:HotPoker"},{"floor":13,"key":"aspiration:TomeofQuesting"}],"event_choices":[{"damage_healed":0,"gold_gain":0,"player_choice":"Ignored","damage_taken":0,"max_hp_gain":0,"max_hp_loss":0,"event_name":"Golden Idol","floor":2,"gold_loss":0},{"damage_healed":0,"gold_gain":0,"player_choice":"Leave","damage_taken":0,"max_hp_gain":0,"max_hp_loss":0,"event_name":"FaceTrader","floor":5,"gold_loss":0},{"damage_healed":0,"gold_gain":1,"player_choice":"1","damage_taken":0,"max_hp_gain":0,"max_hp_loss":0,"event_name":"betterStone:BetterStone","floor":11,"gold_loss":0}],"is_beta":false,"boss_relics":[],"items_purged_floors":[4],"is_endless":false,"potions_floor_spawned":[1,3,12,13,14],"killed_by":"The Guardian","ascension_level":8}}