{"host":"121m0oxswv9tg9hk","time":1613861276,"event":{"mods":["BaseMod","Better Altar","Better Third Choice","Hermit","Hubris","Ironclad Rager","MarisaÅiñ∂âJÅ@ñÇóùçπÅj","Minty Spire (QoL Compilation)","Replay The Spire","StSLib","The Construct","The Mystic"],"gold_per_floor":[112,129,129,6,21,52,52,66,89,120,120,120,120,139,139,240,340,356,378,394,85,103,103,103],"floor_reached":23,"language":"ENG","playtime":1673,"items_purged":["ReplayTheSpireMod:Splinters"],"score":276,"play_id":"17a0ba90-5943-44b7-81e6-64686c0094bf","local_time":"20210220234756","is_ascension_mode":true,"campfire_choices":[{"data":"Pot Of Greed","floor":7,"key":"SMITH"},{"data":"construct:Synchronize","floor":11,"key":"SMITH"},{"data":"Pot Of Greed","floor":13,"key":"SMITH"},{"data":"construct:Construct_Overclock","floor":15,"key":"SMITH"}],"circlet_count":0,"master_deck":["construct:Strike_Gold","construct:Strike_Gold","construct:Strike_Gold","construct:Strike_Gold","construct:Strike_Gold","construct:Defend_Gold","construct:Defend_Gold","construct:Defend_Gold","construct:Defend_Gold","construct:Defend_Gold+1","construct:AttackMode+1","construct:DefenseMode","construct:Synchronize+1","construct:Construct_Overclock+1","construct:ChargeShot","Pot Of Greed+1","Pot Of Greed+1","construct:HeavyBolt","construct:SiegeForm","construct:GatlingGun","construct:Autoturret+1","construct:ModeShift","Apotheosis","construct:Stasis"],"relics":["Replay:Antivirus Software","Grinning Jar","Oddly Smooth Stone","Ancient Tea Set","Replay:Wanted Poster","Unceasing Top"],"acts_visited":["Exordium","TheCity"],"potions_floor_usage":[16,16,16,18,20,22],"damage_taken":[{"damage":1,"enemies":"2 Louse","floor":1,"turns":2},{"damage":0,"enemies":"Jaw Worm","floor":2,"turns":3},{"damage":0,"enemies":"Cultist","floor":5,"turns":3},{"damage":4,"enemies":"Lagavulin","floor":6,"turns":5},{"damage":1,"enemies":"2 Fungi Beasts","floor":8,"turns":3},{"damage":8,"enemies":"3 Sentries","floor":10,"turns":4},{"damage":0,"enemies":"Red Slaver","floor":14,"turns":3},{"damage":2,"enemies":"Fading Forest","floor":16,"turns":11},{"damage":12,"enemies":"Spheric Guardian","floor":18,"turns":2},{"damage":16,"enemies":"Shell Parasite","floor":20,"turns":4},{"damage":25,"enemies":"3 Cultists","floor":22,"turns":5},{"damage":39,"enemies":"Slavers","floor":23,"turns":2}],"seed_played":"-3037302257544069941","potions_obtained":[{"floor":6,"key":"Elixir"},{"floor":10,"key":"GamblersBrew"},{"floor":16,"key":"Death Potion"},{"floor":18,"key":"SkillPotion"}],"is_trial":false,"path_per_floor":["M","M","?","$","M","E","R","M","T","E","R","?","R","M","R","B",null,"M","?","M","$","M","E"],"character_chosen":"THE_CONSTRUCT_MOD","items_purchased":["construct:Construct_Overclock","Block Potion","Apotheosis","Fire Potion"],"campfire_rested":0,"item_purchase_floors":[4,4,21,21],"current_hp_per_floor":[84,84,84,84,84,80,80,79,79,71,71,71,71,71,71,81,85,73,73,57,57,32,0,0],"gold":103,"neow_bonus":"UPGRADE_CARD","is_daily":false,"chose_seed":false,"campfire_upgraded":4,"win_rate":0.0,"timestamp":1613861276,"path_taken":["M","M","?","$","M","E","R","M","T","E","R","?","R","M","R","BOSS","M","?","M","$","M","E"],"items_purchased_type":["Card","Potion","Card","Potion"],"build_version":"2020-12-22","purchased_purges":1,"victory":false,"max_hp_per_floor":[85,85,85,85,85,85,85,85,85,85,85,85,85,85,85,85,85,85,85,85,85,85,85,85],"card_choices":[{"not_picked":["construct:Anticipate","construct:Rollout"],"picked":"construct:Synchronize","floor":1},{"not_picked":["construct:Zapper","construct:HardReboot","construct:SweepLaser"],"picked":"SKIP","floor":2},{"not_picked":["construct:SyphonStrike","construct:CreateCores"],"picked":"construct:ChargeShot","floor":5},{"not_picked":["construct:Rollout","construct:Boost","construct:CriticalHit"],"picked":"SKIP","floor":6},{"not_picked":["construct:FierceBash","construct:FocusedBeam"],"picked":"construct:HeavyBolt","floor":8},{"not_picked":["construct:ModeShift","construct:Backfire","construct:ForceCore"],"picked":"SKIP","floor":10},{"not_picked":["construct:PhosphorStorm","construct:MetalShell"],"picked":"construct:SiegeForm","floor":14},{"not_picked":["construct:HastyRepair","construct:BatteryCore"],"picked":"construct:GatlingGun","floor":16},{"not_picked":["construct:FlashFreeze","construct:CreateCores"],"picked":"construct:Autoturret+1","floor":18},{"not_picked":["construct:FierceBash+1","construct:ScopeCore"],"picked":"construct:ModeShift","floor":19},{"not_picked":["construct:SuppressiveFire","construct:OilSpill","construct:FlakBarrage+1"],"picked":"SKIP","floor":20},{"not_picked":["construct:Versatility","construct:Backfire"],"picked":"construct:Stasis","floor":22}],"player_experience":2584174,"relics_obtained":[{"floor":6,"key":"Grinning Jar"},{"floor":9,"key":"Oddly Smooth Stone"},{"floor":10,"key":"Ancient Tea Set"},{"floor":19,"key":"Unceasing Top"}],"event_choices":[],"is_beta":false,"boss_relics":[{"not_picked":["Runic Dome","Runic Pyramid"],"picked":"Replay:Wanted Poster"}],"items_purged_floors":[21],"is_endless":false,"potions_floor_spawned":[6,10,14,16,18],"killed_by":"Slavers","ascension_level":2}}