{"host":"saki","time":1613808896,"event":{"mods":["ATMod(°¢èªMod)","BaseMod","Energized Spire","Koishi","Marisa£¨ìFÓê¡¡Ä§ÀíÉ³£©","Minty Spire (QoL Compilation)","Nova Terra(ÅµÍÞ¡¤Ì©À­)","Quick Restart","Reimu£¨²©ÀöÁéÃÎ£©","StSLib","TestMod","The Runesmith","Waifu the Spire","Youmu£¨»êÆÇÑýÃÎ£©","Yuyuko","[GremlinLeader]The Maniac","¡¾ÒÅÎï¿¨ÅÆ¡¿REMEMod"],"gold_per_floor":[114,127,527,25,42,73,73,98,98,132,132,149,224,121,121,217,217,233,233,249,266,266,300,300,314,338,396,396,369,369,369,369],"floor_reached":31,"language":"ZHS","playtime":1167,"items_purged":[],"score":358,"play_id":"71cd3151-a04c-465b-850b-324bd2fea360","local_time":"20210220161456","is_ascension_mode":true,"campfire_choices":[{"data":"REME_BattleFury","floor":7,"key":"SMITH"},{"data":"maniac:Infuriate","floor":15,"key":"SMITH"},{"data":"maniac:LootBarrage","floor":24,"key":"SMITH"},{"data":"maniac:HammerDown","floor":28,"key":"SMITH"}],"circlet_count":0,"master_deck":["maniac:Strike","maniac:Strike","maniac:Strike","maniac:Strike","maniac:Strike","maniac:Defend","maniac:Defend","maniac:Defend","maniac:BurnBlood","maniac:AbyssShackle","AT_ChampionKick","Fiend Fire","maniac:Refine","maniac:ShelteringEdge","REME_BattleFury+1","Shame","maniac:Remorse","Injury","maniac:BladeArtist","maniac:BladeEnd","maniac:ReconstructWounds","maniac:LootBarrage+1","Pain","maniac:Infuriate+1","maniac:TwistedEddies","maniac:ExceedEnchantment","REME_BattleFury+1","maniac:Infuriate","maniac:HammerDown+1","maniac:BladesInCloak","maniac:BladesInCloak"],"relics":["maniac:DamagedAnvil","maniac:BrokenHorn","AT_ATBox","REME_ComplimentaryCards","testmod-RealStoneCalender","NeowsBlessing","testmod-Laevatain","Blue Candle","testmod-CasingShield","REME_IWantAll","Thread and Needle","WarpedTongs","testmod-Temperance","Omamori","AT_MibuBalloonWealth","testmod-InjuryResistance"],"acts_visited":["Exordium","TheCity"],"potions_floor_usage":[6,8,16,23,23,23,23,23,23,25,27],"damage_taken":[{"damage":0,"enemies":"Jaw Worm","floor":1,"turns":1},{"damage":0,"enemies":"Small Slimes","floor":2,"turns":1},{"damage":0,"enemies":"Cultist","floor":5,"turns":1},{"damage":12,"enemies":"3 Sentries","floor":6,"turns":3},{"damage":10,"enemies":"Lagavulin","floor":8,"turns":5},{"damage":8,"enemies":"3 Sentries","floor":10,"turns":4},{"damage":0,"enemies":"Looter","floor":12,"turns":2},{"damage":22,"enemies":"The Guardian","floor":16,"turns":5},{"damage":4,"enemies":"Chosen","floor":18,"turns":3},{"damage":10,"enemies":"Shell Parasite","floor":20,"turns":4},{"damage":17,"enemies":"Snake Plant","floor":21,"turns":2},{"damage":1,"enemies":"Slavers","floor":23,"turns":2},{"damage":14,"enemies":"Centurion and Healer","floor":25,"turns":4},{"damage":28,"enemies":"Book of Stabbing","floor":27,"turns":4},{"damage":17,"enemies":"Slavers","floor":31,"turns":1}],"seed_played":"4101049133441223262","potions_obtained":[{"floor":1,"key":"ColorlessPotion"},{"floor":6,"key":"Block Potion"},{"floor":10,"key":"ColorlessPotion"},{"floor":18,"key":"EntropicBrew"},{"floor":20,"key":"SneckoOil"},{"floor":25,"key":"SteroidPotion"},{"floor":27,"key":"FearPotion"}],"is_trial":false,"path_per_floor":["M","M","?","$","M","E","R","E","T","E","?","M","?","$","R","B",null,"M","?","M","M","?","E","R","M","T","E","R","$","?","E"],"character_chosen":"THE_MANIAC","items_purchased":["REME_BattleFury","testmod-Laevatain","Fruit Juice","maniac:BladesInCloak"],"campfire_rested":0,"item_purchase_floors":[4,4,14,29],"current_hp_per_floor":[80,80,80,80,80,68,68,58,58,50,50,50,39,39,39,29,88,84,84,74,57,57,56,56,42,42,14,14,14,14,0,0],"gold":369,"neow_bonus":"THREE_ENEMY_KILL","is_daily":false,"chose_seed":false,"campfire_upgraded":4,"win_rate":0.0,"timestamp":1613808896,"path_taken":["M","M","?","$","M","E","R","E","T","E","?","?","?","$","R","BOSS","M","?","M","?","?","E","R","M","T","E","R","?","?","E"],"items_purchased_type":["Card","Relic","Potion","Card"],"build_version":"2020-12-18","purchased_purges":0,"victory":false,"max_hp_per_floor":[80,80,80,80,80,80,80,80,80,80,80,80,80,80,80,88,88,88,88,88,88,88,88,88,88,88,88,88,88,88,88,88],"card_choices":[{"not_picked":["maniac:DashForward","maniac:ShatteredShield"],"picked":"maniac:Refine","floor":1},{"not_picked":["maniac:WardAndDefend","maniac:ShatteredShield"],"picked":"maniac:ShelteringEdge","floor":2},{"not_picked":["maniac:UndyingDesire","maniac:ListenToNone"],"picked":"maniac:BladeArtist","floor":5},{"not_picked":["maniac:TorturousScreams","maniac:SeeingDetails"],"picked":"maniac:BladeEnd","floor":6},{"not_picked":["maniac:ColdHeart","maniac:Confront"],"picked":"maniac:ReconstructWounds","floor":8},{"not_picked":["maniac:SpectralFlash","maniac:BladeEnd"],"picked":"maniac:LootBarrage","floor":10},{"not_picked":["maniac:FindAShortcut","maniac:Intimidate"],"picked":"maniac:Infuriate","floor":12},{"not_picked":["maniac:TwistedEddies","maniac:ExceedEnchantment","maniac:UniversalPerception"],"picked":"Singing Bowl","floor":16},{"not_picked":["maniac:ExpectedMoves","maniac:Intimidate","maniac:ShiftingShadows"],"picked":"SKIP","floor":18},{"not_picked":["maniac:ColdHeart","maniac:Traceback+1","maniac:BladeArtist"],"picked":"SKIP","floor":20},{"not_picked":["maniac:MeleeStrike","maniac:UntravelledPath+1","maniac:Confront"],"picked":"SKIP","floor":21},{"not_picked":["maniac:BladeShoot","maniac:Intimidate"],"picked":"maniac:Infuriate","floor":23},{"not_picked":["maniac:SpectralKnives","maniac:ShelteringEdge"],"picked":"maniac:Refine","floor":25},{"not_picked":["maniac:DashForward","maniac:MeleeStrike"],"picked":"maniac:HammerDown","floor":27}],"player_experience":313457,"relics_obtained":[{"floor":6,"key":"Blue Candle"},{"floor":8,"key":"testmod-CasingShield"},{"floor":9,"key":"REME_IWantAll"},{"floor":10,"key":"Thread and Needle"},{"floor":26,"key":"AT_MibuBalloonWealth"},{"floor":27,"key":"testmod-InjuryResistance"}],"event_choices":[{"damage_healed":0,"gold_gain":400,"player_choice":"Sell","damage_taken":0,"max_hp_gain":0,"max_hp_loss":0,"event_name":"¶÷ÂåË¹µÄÅÌ×Ó","floor":3,"relics_lost":["testmod-TestBox"],"gold_loss":0},{"damage_healed":0,"gold_gain":0,"player_choice":"Rummage","damage_taken":0,"relics_obtained":["WarpedTongs"],"max_hp_gain":0,"max_hp_loss":0,"event_name":"Accursed Blacksmith","floor":11,"gold_loss":0,"cards_obtained":["Pain"]},{"damage_healed":0,"gold_gain":75,"player_choice":"Gather Gold","damage_taken":11,"max_hp_gain":0,"max_hp_loss":0,"event_name":"World of Goop","floor":13,"gold_loss":0},{"cards_removed":["maniac:UniversalPerception"],"damage_healed":0,"gold_gain":0,"player_choice":"Gave Card","damage_taken":0,"relics_obtained":["Omamori"],"max_hp_gain":0,"max_hp_loss":0,"event_name":"WeMeetAgain","floor":19,"gold_loss":0},{"damage_healed":0,"gold_gain":0,"player_choice":"Copied","damage_taken":0,"max_hp_gain":0,"max_hp_loss":0,"event_name":"Duplicator","floor":22,"gold_loss":0,"cards_obtained":["REME_BattleFury"]},{"damage_healed":0,"gold_gain":0,"player_choice":"Read","damage_taken":0,"max_hp_gain":0,"max_hp_loss":0,"event_name":"The Library","floor":30,"gold_loss":0,"cards_obtained":["maniac:BladesInCloak"]}],"is_beta":true,"boss_relics":[{"not_picked":["REME_DuelDisc","testmod-EnergyCheck"],"picked":"testmod-Temperance"}],"items_purged_floors":[],"is_endless":false,"potions_floor_spawned":[1,6,10,18,20,25,27],"killed_by":"Slavers","ascension_level":1}}