{"host":"ly2k09o7mhu4m2ip","time":1613850532,"event":{"mods":["BaseMod","Colored Map","Colored Powertips","Hermit","Highlight Path","Infinite Spire","Marisa????????","Minty Spire (QoL Compilation)","StSLib","The Cursed","The Disciple","The Gatherer","The Hierophant","The Necromancer","The Runesmith","The Servant 0.9.4"],"gold_per_floor":[110,185,198,210,220,252,263,291,317,330,330,280,293,293,293,413,413,443,475,475,475],"floor_reached":20,"language":"ENG","playtime":3963,"items_purged":[],"score":188,"play_id":"a288ad8b-89f0-4e19-8b4b-d05a97008ade","local_time":"20210220204852","is_ascension_mode":false,"campfire_choices":[{"floor":11,"key":"REST"},{"floor":15,"key":"REST"}],"circlet_count":0,"master_deck":["Strike_MRS","Strike_MRS","Strike_MRS","Strike_MRS","Defend_MRS","Defend_MRS","Defend_MRS","MasterSpark","UpSweep","StarBarrage","MilkyWay+1","UnstableBomb","EnergyFlow","DoubleSpark","PowerUp","WitchOfGreed","MilkyWay","Acceleration"],"relics":["MiniHakkero","NeowsBlessing","Gambling Chip","Juzu Bracelet","SlaversCollar"],"acts_visited":["Exordium","TheCity"],"potions_floor_usage":[8,16,19,20,20],"damage_taken":[{"damage":0,"enemies":"2 Louse","floor":1,"turns":1},{"damage":0,"enemies":"Small Slimes","floor":3,"turns":1},{"damage":0,"enemies":"Cultist","floor":4,"turns":1},{"damage":4,"enemies":"Gremlin Gang","floor":5,"turns":6},{"damage":20,"enemies":"3 Sentries","floor":6,"turns":8},{"damage":9,"enemies":"Blue Slaver","floor":7,"turns":4},{"damage":6,"enemies":"Gremlin Nob","floor":8,"turns":3},{"damage":9,"enemies":"2 Fungi Beasts","floor":10,"turns":2},{"damage":12,"enemies":"Exordium Wildlife","floor":13,"turns":4},{"damage":15,"enemies":"Hexaghost","floor":16,"turns":7},{"damage":31,"enemies":"Shell Parasite","floor":18,"turns":6},{"damage":39,"enemies":"2 Thieves","floor":19,"turns":5},{"damage":8,"enemies":"Centurion and Healer","floor":20,"turns":2}],"seed_played":"-830658559743622851","potions_obtained":[{"floor":5,"key":"Fire Potion"},{"floor":6,"key":"Energy Potion"},{"floor":8,"key":"infinitespire:BlackPotion"},{"floor":10,"key":"BottledSpark"},{"floor":16,"key":"PowerPotion"},{"floor":18,"key":"PowerPotion"},{"floor":19,"key":"FearPotion"}],"is_trial":false,"path_per_floor":["M","?","M","M","M","E","M","E","T","M","R","?","M","?","R","B",null,"M","M","M"],"character_chosen":"MARISA","items_purchased":[],"campfire_rested":2,"item_purchase_floors":[],"current_hp_per_floor":[75,64,64,64,60,40,31,25,25,16,38,38,26,26,48,33,75,44,5,0,0],"gold":475,"neow_bonus":"THREE_ENEMY_KILL","is_daily":false,"chose_seed":false,"campfire_upgraded":0,"win_rate":0.0,"timestamp":1613850532,"path_taken":["M","?","M","M","M","E","M","E","T","M","R","?","M","?","R","BOSS","M","M","M"],"items_purchased_type":[],"build_version":"2020-12-22","purchased_purges":0,"victory":false,"max_hp_per_floor":[75,75,75,75,75,75,75,75,75,75,75,75,75,75,75,75,75,75,75,75,75],"card_choices":[{"not_picked":["SporeBomb","DC"],"picked":"StarBarrage","floor":1},{"not_picked":["GrandCross","IllusionStar"],"picked":"MilkyWay","floor":3},{"not_picked":["6A","DC"],"picked":"UnstableBomb","floor":4},{"not_picked":["AlicesGift","GravityBeat"],"picked":"EnergyFlow","floor":5},{"not_picked":["GasGiant","GravityBeat","WitchLeyline"],"picked":"SKIP","floor":6},{"not_picked":["EventHorizon","SporeBomb"],"picked":"DoubleSpark","floor":7},{"not_picked":["GravityBeat","DeepEcoloBomb"],"picked":"PowerUp","floor":8},{"not_picked":["OpenUniverse","SporeBomb"],"picked":"WitchOfGreed","floor":10},{"not_picked":["NonDirectionalLaser","BlazeAway"],"picked":"MilkyWay","floor":13},{"not_picked":["StarBarrage","OpenUniverse"],"picked":"Acceleration","floor":18},{"not_picked":["AsteroidBelt","SporeBomb+1","MagicChant"],"picked":"SKIP","floor":19}],"player_experience":220297,"relics_obtained":[{"floor":6,"key":"Gambling Chip"},{"floor":8,"key":"Juzu Bracelet"}],"event_choices":[{"damage_healed":0,"gold_gain":75,"player_choice":"Gather Gold","damage_taken":11,"max_hp_gain":0,"max_hp_loss":0,"event_name":"World of Goop","floor":2,"gold_loss":0},{"cards_removed":["Defend_MRS"],"damage_healed":0,"gold_gain":0,"player_choice":"Card Removal","damage_taken":0,"max_hp_gain":0,"max_hp_loss":0,"event_name":"The Cleric","floor":12,"gold_loss":50},{"damage_healed":0,"gold_gain":0,"player_choice":"Forge","damage_taken":0,"max_hp_gain":0,"max_hp_loss":0,"event_name":"Accursed Blacksmith","floor":14,"gold_loss":0,"cards_upgraded":["MilkyWay"]}],"is_beta":false,"boss_relics":[{"not_picked":["Astrolabe","Runic Dome"],"picked":"SlaversCollar"}],"items_purged_floors":[],"is_endless":false,"potions_floor_spawned":[5,6,8,10,19],"killed_by":"Centurion and Healer","ascension_level":0}}