{"host":"Sean","time":1613863647,"event":{"mods":["BaseMod","Block Reminder","Colored Map","Colored Powertips","Highlight Path","Minty Spire (QoL Compilation)","Permanent Neow","Relic Stats"],"gold_per_floor":[111,128,128,143,162,162,189,189,189,221,239,239,239],"floor_reached":12,"language":"ENG","playtime":424,"items_purged":[],"score":140,"play_id":"9dce669d-e459-4afb-ab41-17cace064da3","local_time":"20210220232727","is_ascension_mode":true,"campfire_choices":[{"data":"Dagger Spray","floor":6,"key":"SMITH"},{"data":"Dash","floor":8,"key":"SMITH"}],"circlet_count":0,"master_deck":["AscendersBane","Strike_G","Strike_G","Strike_G","Strike_G","Defend_G","Defend_G","Defend_G","Defend_G","Defend_G","Survivor","Neutralize","Flying Knee","Dagger Spray+1","Quick Slash","Dagger Throw","Dash+1","Slice","Slice"],"relics":["Ring of the Snake","Oddly Smooth Stone","Orichalcum","Toxic Egg 2"],"acts_visited":["Exordium"],"potions_floor_usage":[7,10,12],"damage_taken":[{"damage":3.0,"enemies":"2 Louse","floor":1.0,"turns":4.0},{"damage":0.0,"enemies":"Cultist","floor":2.0,"turns":5.0},{"damage":0.0,"enemies":"Small Slimes","floor":4.0,"turns":2.0},{"damage":1,"enemies":"Looter","floor":5,"turns":3},{"damage":16,"enemies":"Gremlin Nob","floor":7,"turns":3},{"damage":26,"enemies":"Lagavulin","floor":10,"turns":9},{"damage":2,"enemies":"3 Louse","floor":11,"turns":2},{"damage":13,"enemies":"Gremlin Nob","floor":12,"turns":3}],"seed_played":"-1138129610995225997","potions_obtained":[{"floor":4.0,"key":"DuplicationPotion"},{"floor":5,"key":"GamblersBrew"},{"floor":11,"key":"CultistPotion"}],"is_trial":false,"path_per_floor":["M","M","?","M","M","R","E","R","T","E","M","E"],"character_chosen":"THE_SILENT","items_purchased":[],"campfire_rested":0,"item_purchase_floors":[],"current_hp_per_floor":[56,56,56,56,55,55,39,39,39,13,11,0,0],"gold":239,"neow_bonus":"TWENTY_PERCENT_HP_BONUS","is_daily":false,"chose_seed":false,"campfire_upgraded":2,"win_rate":0.0,"timestamp":1613863647,"path_taken":["M","M","?","M","M","R","E","R","T","E","M","E"],"items_purchased_type":[],"build_version":"2020-12-18","purchased_purges":0,"victory":false,"max_hp_per_floor":[84,84,84,84,84,84,84,84,84,84,84,84,84],"relic_stats":{"counters":[8,31],"Orichalcum":[18],"obtain_stats":[{"Oddly Smooth Stone":7,"Orichalcum":9,"Toxic Egg 2":10,"Ring of the Snake":0},{"Oddly Smooth Stone":5,"Orichalcum":5,"Toxic Egg 2":6,"Ring of the Snake":0},{"Oddly Smooth Stone":17,"Orichalcum":17,"Toxic Egg 2":26,"Ring of the Snake":0}],"Ring of the Snake":[16]},"card_choices":[{"not_picked":["Reflex","Finisher"],"picked":"Flying Knee","floor":1.0},{"not_picked":["Prepared","Deflect"],"picked":"Dagger Spray","floor":2.0},{"not_picked":["Outmaneuver","Well Laid Plans"],"picked":"Quick Slash","floor":4.0},{"not_picked":["Prepared","Quick Slash"],"picked":"Dagger Throw","floor":5},{"not_picked":["Blade Dance","Distraction"],"picked":"Dash","floor":7},{"not_picked":["Concentrate+1","Accuracy"],"picked":"Slice","floor":10},{"not_picked":["Flying Knee","Choke"],"picked":"Slice","floor":11}],"player_experience":581469,"relics_obtained":[{"floor":7,"key":"Oddly Smooth Stone"},{"floor":9,"key":"Orichalcum"},{"floor":10,"key":"Toxic Egg 2"}],"event_choices":[{"cards_removed":["Strike_G"],"damage_healed":0.0,"max_hp_gain":0.0,"max_hp_loss":0.0,"gold_gain":0.0,"event_name":"Bonfire Elementals","player_choice":"Offered Basic","floor":3.0,"gold_loss":0.0,"damage_taken":0.0}],"is_beta":true,"boss_relics":[],"items_purged_floors":[],"is_endless":false,"potions_floor_spawned":[4,5,11],"killed_by":"Gremlin Nob","ascension_level":11}}