{"host":"8u9gkmadxi1im6dj","time":1613780416,"event":{"mods":["Act Like it!","Bard","BaseMod","Block Reminder","Colored Map","Colored Powertips","DeckTracker","Downfall","Infinite Spire","Jorbs\u0027s Wanderer Trilogy","Marisa????????","Minty Spire (QoL Compilation)","Pale of the Ancients","Permanent Neow","Quick Restart","Random Character Button","Relic Sorter","Relic Stats","Replay The Spire","Shade Mod","StSLib","The Bug Knight","The Cursed","The IronCluck","The Necromancer","The Servant 0.9.4"],"gold_per_floor":[109,120,120,134,151,183,183,194,243,258,333,366,147,172,172,172,172],"floor_reached":16,"language":"ENG","playtime":606,"items_purged":["Strike_R"],"score":128,"play_id":"22eb117d-1961-4948-bf38-dae555d0a42f","local_time":"20210220012016","is_ascension_mode":true,"campfire_choices":[{"floor":7,"key":"RECALL"},{"floor":15,"key":"DIG"}],"circlet_count":0,"master_deck":["Strike_R","Strike_R","Strike_R","Strike_R","Defend_R","Defend_R","Defend_R","Defend_R","Bash","Flex","Wild Strike","Thunderclap","Wild Strike","Twin Strike","Reaper","Flame Barrier"],"relics":["Burning Blood","Pen Nib","Ancient Tea Set","Replay:Ringing Soul","Divine Protection","infinitespire:Lucky Rock","Gambling Chip"],"acts_visited":["Exordium"],"potions_floor_usage":[6,12,12,14],"damage_taken":[{"damage":8,"enemies":"2 Louse","floor":1,"turns":3},{"damage":1,"enemies":"Cultist","floor":2,"turns":4},{"damage":12,"enemies":"Small Slimes","floor":4,"turns":3},{"damage":16,"enemies":"Exordium Wildlife","floor":5,"turns":3},{"damage":24,"enemies":"Lagavulin","floor":6,"turns":4},{"damage":12,"enemies":"Blue Slaver","floor":8,"turns":2},{"damage":5,"enemies":"Lots of Slimes","floor":10,"turns":3},{"damage":21,"enemies":"3 Sentries","floor":12,"turns":6},{"damage":10,"enemies":"Gremlin Nob","floor":14,"turns":3},{"damage":47,"enemies":"Hexaghost","floor":16,"turns":9}],"seed_played":"-1231934979987557858","potions_obtained":[{"floor":1,"key":"Cursed Concoction"},{"floor":5,"key":"infinitespire:BlackPotion"},{"floor":6,"key":"Explosive Potion"},{"floor":8,"key":"Fire Potion"}],"is_trial":false,"path_per_floor":["M","M","?","M","M","E","R","M","T","M","?","E","$","E","R_BF","B"],"character_chosen":"IRONCLAD","items_purchased":["infinitespire:Lucky Rock"],"campfire_rested":0,"item_purchase_floors":[13],"current_hp_per_floor":[78,80,80,74,64,49,49,46,46,50,39,24,24,44,44,0,0],"gold":172,"neow_bonus":"RANDOM_COMMON_RELIC","is_daily":false,"chose_seed":false,"campfire_upgraded":0,"win_rate":0.0,"timestamp":1613780416,"path_taken":["M","M","?","M","M","E","R","M","T","?","?","E","$","E","R_BF","BOSS"],"items_purchased_type":["Relic"],"build_version":"2020-12-22","purchased_purges":1,"victory":false,"max_hp_per_floor":[80,80,80,80,80,83,83,86,86,86,86,86,86,89,89,89,89],"relic_stats":{"counters":[10,40],"Gambling Chip":[3],"Pen Nib":[1],"obtain_stats":[{"Replay:Ringing Soul":6,"Divine Protection":12,"Gambling Chip":15,"Pen Nib":14,"infinitespire:Lucky Rock":13,"Ancient Tea Set":0,"Burning Blood":0},{"Replay:Ringing Soul":5,"Divine Protection":8,"Gambling Chip":9,"Pen Nib":9,"infinitespire:Lucky Rock":8,"Ancient Tea Set":0,"Burning Blood":0},{"Replay:Ringing Soul":17,"Divine Protection":28,"Gambling Chip":31,"Pen Nib":31,"infinitespire:Lucky Rock":28,"Ancient Tea Set":0,"Burning Blood":0}],"Burning Blood":51},"card_choices":[{"not_picked":["Body Slam","Sword Boomerang"],"picked":"Flex","floor":1},{"not_picked":["Perfected Strike","Clash"],"picked":"Wild Strike","floor":2},{"not_picked":["True Grit","Replay:Undeath\u0027s Touch"],"picked":"Thunderclap","floor":4},{"not_picked":["Perfected Strike","Iron Wave"],"picked":"Wild Strike","floor":5},{"not_picked":["Replay:Undeath\u0027s Touch","Carnage"],"picked":"Twin Strike","floor":6},{"not_picked":["Intimidate","Headbutt"],"picked":"Reaper","floor":8},{"not_picked":["Sword Boomerang","Dropkick","Thunderclap"],"picked":"SKIP","floor":10},{"not_picked":["Thunderclap","Clothesline","Sever Soul"],"picked":"SKIP","floor":12},{"not_picked":["Life Link","Blood for Blood"],"picked":"Flame Barrier","floor":14}],"player_experience":96296,"relics_obtained":[{"floor":6,"key":"Replay:Ringing Soul"},{"floor":12,"key":"Divine Protection"},{"floor":14,"key":"Pen Nib"},{"floor":15,"key":"Gambling Chip"}],"event_choices":[{"damage_healed":0,"gold_gain":0,"player_choice":"Bought 0 Potions","damage_taken":0,"max_hp_gain":0,"max_hp_loss":0,"event_name":"The Woman in Blue","floor":3,"gold_loss":0},{"damage_healed":0,"gold_gain":75,"player_choice":"Gather Gold","damage_taken":11,"max_hp_gain":0,"max_hp_loss":0,"event_name":"World of Goop","floor":11,"gold_loss":0}],"is_beta":false,"boss_relics":[],"items_purged_floors":[13],"is_endless":false,"potions_floor_spawned":[1,5,6,8,10],"killed_by":"Hexaghost","ascension_level":1}}