{"host":"l2lylj0omvglf5x0","time":1613843801,"event":{"mods":["2.2 Compatiblity","BaseMod","Bestiary","Block Reminder","Colored Map","Colored Powertips","Curses Come First","Highlight Path","Keyboard Shortcuts","Minty Spire (QoL Compilation)","Relic Sorter","Relic Stats","Slay the Relics Exporter","StSLib","SuperFastMode"],"gold_per_floor":[160,160,170,245,245,275,294,323,350,350,383,401,417,437,437,437,437],"floor_reached":16,"language":"ENG","playtime":487,"items_purged":[],"score":195,"play_id":"c5698cc7-1d6f-4f7a-85ce-7bbd19dd9b18","local_time":"20210220185641","is_ascension_mode":true,"campfire_choices":[{"floor":10,"key":"REST"},{"floor":15,"key":"REST"}],"circlet_count":0,"master_deck":["AscendersBane","Strike_R","Strike_R","Strike_R","Strike_R","Strike_R+1","Defend_R","Defend_R","Defend_R","Defend_R","Bash","Rampage+1","Flame Barrier","Uppercut","Bloodletting","Shrug It Off","Offering"],"relics":["Tiny House","Lantern","Oddly Smooth Stone","Anchor","Bag of Preparation"],"acts_visited":["Exordium"],"potions_floor_usage":[6,7,16],"damage_taken":[{"damage":13,"enemies":"Jaw Worm","floor":1,"turns":4},{"damage":0,"enemies":"Small Slimes","floor":3,"turns":3},{"damage":24,"enemies":"Gremlin Nob","floor":6,"turns":4},{"damage":0,"enemies":"2 Louse","floor":7,"turns":1},{"damage":28,"enemies":"Lagavulin","floor":8,"turns":7},{"damage":20,"enemies":"Gremlin Nob","floor":11,"turns":5},{"damage":7,"enemies":"Blue Slaver","floor":12,"turns":4},{"damage":0,"enemies":"2 Fungi Beasts","floor":13,"turns":3},{"damage":1,"enemies":"Red Slaver","floor":14,"turns":4},{"damage":32,"enemies":"Hexaghost","floor":16,"turns":13}],"seed_played":"7393584241947629007","potions_obtained":[{"floor":0,"key":"CultistPotion"},{"floor":1,"key":"Strength Potion"},{"floor":3,"key":"Explosive Potion"},{"floor":12,"key":"SteroidPotion"},{"floor":14,"key":"Block Potion"}],"is_trial":false,"path_per_floor":["M","?","M","?","?","E","M","E","T","R","E","M","M","M","R","B"],"character_chosen":"IRONCLAD","items_purchased":[],"campfire_rested":2,"item_purchase_floors":[],"current_hp_per_floor":[64,69,69,58,58,34,34,6,6,33,13,6,6,5,32,0,0],"gold":437,"neow_bonus":"BOSS_RELIC","is_daily":false,"chose_seed":false,"campfire_upgraded":0,"win_rate":0.0,"timestamp":1613843801,"path_taken":["M","?","M","?","?","E","M","E","T","R","E","M","M","M","R","BOSS"],"items_purchased_type":[],"build_version":"2020-12-22","purchased_purges":0,"victory":false,"max_hp_per_floor":[85,90,90,90,90,90,90,90,90,90,90,90,90,90,90,90,90],"relic_stats":{"counters":[10,48],"Bag of Preparation":[8],"obtain_stats":[{"Lantern":6,"Anchor":9,"Tiny House":0,"Oddly Smooth Stone":8,"Bag of Preparation":11,"Burning Blood":0},{"Lantern":3,"Anchor":5,"Tiny House":0,"Oddly Smooth Stone":5,"Bag of Preparation":6,"Burning Blood":0},{"Lantern":11,"Anchor":19,"Tiny House":0,"Oddly Smooth Stone":19,"Bag of Preparation":24,"Burning Blood":0}]},"card_choices":[{"not_picked":["Sever Soul","Shrug It Off"],"picked":"Rampage","floor":0},{"not_picked":["Clash","True Grit"],"picked":"Flame Barrier","floor":1},{"not_picked":["Body Slam","Perfected Strike","Heavy Blade"],"picked":"SKIP","floor":3},{"not_picked":["Bludgeon","Perfected Strike"],"picked":"Uppercut","floor":6},{"not_picked":["Body Slam","Flame Barrier"],"picked":"Bloodletting","floor":7},{"not_picked":["Bloodletting","Anger"],"picked":"Shrug It Off","floor":8},{"not_picked":["Clash","Thunderclap","Havoc"],"picked":"SKIP","floor":11},{"not_picked":["Evolve","Twin Strike","Rage"],"picked":"SKIP","floor":12},{"not_picked":["Heavy Blade","Entrench","Whirlwind"],"picked":"SKIP","floor":13},{"not_picked":["Blood for Blood","Metallicize"],"picked":"Offering","floor":14}],"player_experience":1016412,"relics_obtained":[{"floor":6,"key":"Lantern"},{"floor":8,"key":"Oddly Smooth Stone"},{"floor":9,"key":"Anchor"},{"floor":11,"key":"Bag of Preparation"}],"event_choices":[{"damage_healed":0,"gold_gain":0,"player_choice":"Donut","damage_taken":0,"max_hp_gain":5,"max_hp_loss":0,"event_name":"Big Fish","floor":2,"gold_loss":0},{"damage_healed":0,"gold_gain":75,"player_choice":"Gather Gold","damage_taken":11,"max_hp_gain":0,"max_hp_loss":0,"event_name":"World of Goop","floor":4,"gold_loss":0},{"damage_healed":0,"gold_gain":0,"player_choice":"Grow","damage_taken":0,"max_hp_gain":0,"max_hp_loss":0,"event_name":"Living Wall","floor":5,"gold_loss":0,"cards_upgraded":["Rampage"]}],"is_beta":false,"boss_relics":[],"items_purged_floors":[],"is_endless":false,"potions_floor_spawned":[1,3,12,14],"killed_by":"Hexaghost","ascension_level":12}}