{"host":"prxrhpgaxnj4om9r","time":1613829636,"event":{"mods":["AchievementEnabler","BaseMod","Colored Map","DeckTracker","Minty Spire (QoL Compilation)"],"gold_per_floor":[110,110,127,127,139,139,174,174,248,278,278,301,336,355,355,459,459,469,469,482,482,482],"floor_reached":21,"language":"KOR","playtime":895,"items_purged":[],"score":246,"play_id":"56867bb9-7252-40a1-8bca-64da6cca4cc1","local_time":"20210220230036","is_ascension_mode":true,"campfire_choices":[{"data":"Perfected Strike","floor":6,"key":"SMITH"},{"data":"Shrug It Off","floor":8,"key":"SMITH"},{"data":"Infernal Blade","floor":11,"key":"SMITH"},{"floor":15,"key":"REST"}],"circlet_count":0,"master_deck":["Strike_R","Strike_R","Strike_R","Strike_R","Strike_R","Defend_R","Defend_R","Defend_R","Defend_R","Bash","Perfected Strike+1","Shrug It Off+1","Wild Strike","Inflame","Infernal Blade+1","Wild Strike","Barricade","Intimidate","Limit Break","Armaments","Pain","Double Tap"],"relics":["Burning Blood","Blood Vial","Bag of Preparation","PreservedInsect","Blue Candle","Tiny Chest","Odd Mushroom","Bottled Tornado","Snecko Eye","WarpedTongs"],"acts_visited":["Exordium","TheCity"],"potions_floor_usage":[12,14,18,18,21],"damage_taken":[{"damage":7,"enemies":"Jaw Worm","floor":1,"turns":3},{"damage":10,"enemies":"Small Slimes","floor":3,"turns":3},{"damage":0,"enemies":"2 Louse","floor":5,"turns":3},{"damage":34,"enemies":"3 Sentries","floor":7,"turns":7},{"damage":16,"enemies":"Gremlin Nob","floor":10,"turns":3},{"damage":27,"enemies":"The Mushroom Lair","floor":12,"turns":3},{"damage":20,"enemies":"Lagavulin","floor":13,"turns":3},{"damage":8,"enemies":"Blue Slaver","floor":14,"turns":2},{"damage":12,"enemies":"Slime Boss","floor":16,"turns":7},{"damage":17,"enemies":"Shell Parasite","floor":18,"turns":3},{"damage":43,"enemies":"3 Byrds","floor":20,"turns":6},{"damage":35,"enemies":"Sentry and Sphere","floor":21,"turns":3}],"seed_played":"-8052298182929249379","potions_obtained":[{"floor":3,"key":"ElixirPotion"},{"floor":7,"key":"Swift Potion"},{"floor":10,"key":"ColorlessPotion"},{"floor":13,"key":"Energy Potion"},{"floor":16,"key":"PowerPotion"},{"floor":20,"key":"Weak Potion"}],"is_trial":false,"path_per_floor":["M","?","M","?","M","R","E","R","T","E","R","?","E","M","R","B",null,"M","?","M","M"],"character_chosen":"IRONCLAD","items_purchased":[],"campfire_rested":1,"item_purchase_floors":[],"current_hp_per_floor":[79,84,81,69,77,77,51,51,51,43,43,24,12,12,37,33,72,63,63,28,0,0],"gold":482,"neow_bonus":"RANDOM_COMMON_RELIC","is_daily":false,"chose_seed":false,"campfire_upgraded":3,"win_rate":0.0,"timestamp":1613829636,"path_taken":["M","?","M","?","M","R","E","R","T","E","R","?","E","M","R","BOSS","M","?","M","?"],"items_purchased_type":[],"build_version":"2020-12-22","purchased_purges":0,"victory":false,"max_hp_per_floor":[80,85,85,85,85,85,85,85,85,85,85,85,85,85,85,85,85,85,85,85,85,85],"card_choices":[{"not_picked":["Twin Strike","Shrug It Off"],"picked":"Perfected Strike","floor":1},{"not_picked":["Feel No Pain","Perfected Strike"],"picked":"Shrug It Off","floor":3},{"not_picked":["Bloodletting","Evolve"],"picked":"Wild Strike","floor":5},{"not_picked":["Sword Boomerang","Clothesline"],"picked":"Inflame","floor":7},{"not_picked":["Shrug It Off","Rupture"],"picked":"Infernal Blade","floor":10},{"not_picked":["Twin Strike","Rupture"],"picked":"Wild Strike","floor":12},{"not_picked":["Anger","Sever Soul"],"picked":"Barricade","floor":13},{"not_picked":["True Grit","Iron Wave"],"picked":"Intimidate","floor":14},{"not_picked":["Demon Form","Juggernaut"],"picked":"Limit Break","floor":16},{"not_picked":["Headbutt","Clothesline"],"picked":"Armaments","floor":18},{"not_picked":["Dark Embrace","Disarm"],"picked":"Double Tap","floor":20}],"player_experience":558790,"relics_obtained":[{"floor":7,"key":"PreservedInsect"},{"floor":9,"key":"Blue Candle"},{"floor":10,"key":"Tiny Chest"},{"floor":12,"key":"Odd Mushroom"},{"floor":13,"key":"Bottled Tornado"}],"event_choices":[{"damage_healed":0,"gold_gain":0,"player_choice":"Donut","damage_taken":0,"max_hp_gain":5,"max_hp_loss":0,"event_name":"Big Fish","floor":2,"gold_loss":0},{"damage_healed":0,"gold_gain":0,"player_choice":"Success","damage_taken":12,"relics_obtained":["Bag of Preparation"],"max_hp_gain":0,"max_hp_loss":0,"event_name":"Scrap Ooze","floor":4,"gold_loss":0},{"damage_healed":0,"gold_gain":0,"player_choice":"Fought Mushrooms","damage_taken":0,"max_hp_gain":0,"max_hp_loss":0,"event_name":"Mushrooms","floor":12,"gold_loss":0},{"damage_healed":0,"gold_gain":0,"player_choice":"Rummage","damage_taken":0,"relics_obtained":["WarpedTongs"],"max_hp_gain":0,"max_hp_loss":0,"event_name":"Accursed Blacksmith","floor":19,"gold_loss":0,"cards_obtained":["Pain"]}],"is_beta":false,"boss_relics":[{"not_picked":["Coffee Dripper","Astrolabe"],"picked":"Snecko Eye"}],"items_purged_floors":[],"is_endless":false,"potions_floor_spawned":[3,7,10,13,16,20],"killed_by":"Sentry and Sphere","ascension_level":5}}