{"host":"zksvs3x2ysy9npnz","time":1613849193,"event":{"mods":["Aspiration","BaseMod","Beaked The Cultist","BetterRewards","Clockwork Mod","Colored Map","Conspire","Downfall","Halation","Highlight Path","Hubris","Infinite Spire","Jedi Mod","Magitek Elite","Minty Spire (QoL Compilation)","Permanent Neow","Quick Restart","Relic Stats","Shop Mod","StSLib","The Runesmith","The Witch"],"gold_per_floor":[99,145,159,34,53,53,53,53,82,82,108,126,126,126,143,244,244,244,257,270,270,280,280,280,280],"floor_reached":23,"language":"FRA","playtime":2916,"items_purged":["champ:Strike"],"score":229,"play_id":"382752b3-b6f2-4b97-b260-fdd1ad09d43b","local_time":"20210220202633","is_ascension_mode":true,"campfire_choices":[{"data":"Enlightenment","floor":1,"key":"SMITH"},{"data":"champ:Taunt","floor":6,"key":"SMITH"},{"floor":10,"key":"REST"},{"data":"champ:FancyFootwork","floor":13,"key":"SMITH"},{"data":"champ:DancingMaster","floor":18,"key":"SMITH"}],"circlet_count":0,"master_deck":["champ:Strike","champ:Strike","champ:Strike","champ:Defend","champ:Defend","champ:Defend","champ:Defend","champ:Execute","champ:Taunt+1","Enlightenment+1","champ:CrownThrow+1","champ:TornadoPunch","champ:DancingMaster+1","champ:IronFortress","champ:FancyFootwork+1","champ:TornadoPunch","champ:Haymaker","champ:CheapShot","champ:Circumvent+1","champ:Circumvent+1"],"relics":["champ:ChampionCrown","jedi:archwizardhat","infinitespire:CheckeredPen","jedi:bottledfury","champ:SpectersHand","Pear","hubris:Stopwatch"],"acts_visited":["Exordium","TheCity"],"potions_floor_usage":[5,11,16,23],"damage_taken":[{"damage":33,"enemies":"conspire:MimicChest","floor":2,"turns":7},{"damage":17,"enemies":"Small Slimes","floor":3,"turns":2},{"damage":25,"enemies":"downfall:FleeingMerchant","floor":4,"turns":4},{"damage":29,"enemies":"Jaw Worm","floor":5,"turns":2},{"damage":37,"enemies":"Gremlin Nob","floor":9,"turns":4},{"damage":13,"enemies":"3 Sentries","floor":11,"turns":3},{"damage":1,"enemies":"Cultist","floor":12,"turns":3},{"damage":22,"enemies":"downfall:LooterAlt","floor":15,"turns":3},{"damage":25,"enemies":"SI_SHIV_ARCHETYPE","floor":16,"turns":5},{"damage":33,"enemies":"Spheric Guardian","floor":19,"turns":4},{"damage":28,"enemies":"Chosen","floor":20,"turns":5},{"damage":25,"enemies":"Snecko","floor":22,"turns":6},{"damage":36,"enemies":"Shelled Parasite and Fungi","floor":23,"turns":6}],"seed_played":"-3099630813493326345","potions_obtained":[{"floor":2,"key":"champ:OpenerPotion"},{"floor":5,"key":"Energy Potion"},{"floor":9,"key":"PowerPotion"},{"floor":15,"key":"BlessingOfTheForge"},{"floor":19,"key":"ColorlessPotion"},{"floor":20,"key":"LiquidBronze"}],"is_trial":false,"path_per_floor":["R","?","M","$","M","R","T","?","E","R","E","M","R","T","M","B",null,"R","M","M","?","M","M"],"character_chosen":"THE_CHAMP","items_purchased":["champ:IronFortress"],"campfire_rested":1,"item_purchase_floors":[4],"current_hp_per_floor":[90,77,70,65,51,51,51,51,24,51,48,47,47,57,45,30,100,100,77,59,44,34,0,0,0],"gold":280,"neow_bonus":"RANDOM_COLORLESS","is_daily":false,"chose_seed":false,"campfire_upgraded":4,"win_rate":0.0,"timestamp":1613849193,"path_taken":["R","?","?","$","M","R","T","?","E","R","E","M","R","?","M","BOSS","R","M","M","?","M","?"],"items_purchased_type":["Card"],"build_version":"2020-12-22","purchased_purges":1,"victory":false,"max_hp_per_floor":[90,90,90,90,90,90,90,90,90,90,90,90,90,100,100,100,100,100,100,100,100,100,100,100,100],"relic_stats":{"counters":[13,54],"obtain_stats":[{"Pear":14,"hubris:Stopwatch":17,"champ:ChampionCrown":0,"infinitespire:CheckeredPen":7,"jedi:bottledfury":9,"jedi:archwizardhat":2,"champ:SpectersHand":11},{"Pear":7,"hubris:Stopwatch":9,"champ:ChampionCrown":0,"infinitespire:CheckeredPen":4,"jedi:bottledfury":5,"jedi:archwizardhat":1,"champ:SpectersHand":6},{"Pear":25,"hubris:Stopwatch":33,"champ:ChampionCrown":0,"infinitespire:CheckeredPen":15,"jedi:bottledfury":19,"jedi:archwizardhat":7,"champ:SpectersHand":22}]},"card_choices":[{"not_picked":["Good Instincts","Dramatic Entrance"],"picked":"Enlightenment","floor":0},{"not_picked":["champ:StanceDance","champ:DefensiveShout"],"picked":"champ:CrownThrow","floor":2},{"not_picked":["champ:GutPunch","champ:Circumvent"],"picked":"champ:TornadoPunch","floor":3},{"not_picked":["champ:GutPunch","champ:BerserkersShout"],"picked":"champ:DancingMaster","floor":4},{"not_picked":["champ:CrownThrow","champ:Shatter"],"picked":"champ:FancyFootwork","floor":5},{"not_picked":["champ:FanOfKnives","champ:PreciseThrust"],"picked":"champ:TornadoPunch","floor":9},{"not_picked":["champ:BerserkersShout","champ:FlashCut"],"picked":"champ:Haymaker","floor":11},{"not_picked":["champ:GutPunch","champ:CrownThrow","champ:LastStand"],"picked":"SKIP","floor":12},{"not_picked":["champ:CrownThrow","champ:RapidStrikes","champ:TornadoPunch"],"picked":"SKIP","floor":15},{"not_picked":["champ:MurderStrike","champ:IgnorePain"],"picked":"champ:CheapShot","floor":16},{"not_picked":["champ:ShieldSlam","champ:CrownThrow"],"picked":"champ:Circumvent+1","floor":19},{"not_picked":["champ:CrownThrow","champ:BerserkersShout","champ:Parry"],"picked":"SKIP","floor":20},{"not_picked":["champ:AdrenalArmor","champ:Haymaker+1"],"picked":"champ:Circumvent+1","floor":22}],"player_experience":1909317,"relics_obtained":[{"floor":2,"key":"jedi:archwizardhat"},{"floor":7,"key":"infinitespire:CheckeredPen"},{"floor":9,"key":"jedi:bottledfury"},{"floor":11,"key":"champ:SpectersHand"},{"floor":14,"key":"Pear"}],"event_choices":[],"is_beta":false,"boss_relics":[{"not_picked":["halation:Risk","Runesmith:UraniumAnvil"],"picked":"hubris:Stopwatch"}],"items_purged_floors":[4],"is_endless":false,"potions_floor_spawned":[2,5,9,15,19,20],"killed_by":"Shelled Parasite and Fungi","ascension_level":3}}