{"host":"k9oowrpcbuktvpbv","time":1613811585,"event":{"mods":["Act Like it!","BaseMod","CapriCore","Energized Spire","Gensokyo","GifTheSpireLib","Halation","Hallownest","Hubris","Koishi","Minty Spire (QoL Compilation)","Reimu??????","Relic Stats","Reliquary","Replay The Spire","StSLib","The Animator","The Immortal","The Senshi","The Wild Card","Yuyuko"],"gold_per_floor":[117,129,129,129,129,162,174,209,209,224,249,249,53,69,69,178,178,203,222,63,70,70,70],"floor_reached":21,"language":"ENG","playtime":1338,"items_purged":[],"score":249,"play_id":"5622e83c-fc84-49f2-86be-837da294fae2","local_time":"20210220095945","is_ascension_mode":false,"campfire_choices":[{"floor":15,"key":"REST"}],"circlet_count":0,"master_deck":["MokouMod:Strike","MokouMod:Strike","MokouMod:Strike","MokouMod:Strike","MokouMod:Strike","MokouMod:Defend","MokouMod:Defend","MokouMod:Defend","MokouMod:Defend","MokouMod:HeatSpark","MokouMod:Firecracker","MokouMod:Ember","MokouMod:Afterburner","MokouMod:BurningDraft","MokouMod:Sear","MokouMod:FlickeringFlame","MokouMod:Stoke","Injury","Gensokyo:LockedMedkit","MokouMod:RoaringFlare","MokouMod:SearingBlow","CurseOfTheBell","MokouMod:ResonanceReactor+1","MokouMod:RoaringFlare","MokouMod:BurningDraft","MokouMod:ResonatingAura+1"],"relics":["MokouMod:PhoenixFeather","NeowsBlessing","Replay:Mystery Machine","hubris:Towel","Pear","Pear","hubris:Zylophone","Blood Vial","reliquary:PurpleTingedLeaf","halation:IllGainedPizza","Calling Bell","Nunchaku","hubris:PeanutButter","hubris:FunFungus","Tiny Chest"],"acts_visited":["Exordium","Gensokyo:Gensokyo"],"potions_floor_usage":[11],"damage_taken":[{"damage":0,"enemies":"Gensokyo:3_Fairies","floor":1,"turns":1},{"damage":0,"enemies":"Gensokyo:Python","floor":2,"turns":1},{"damage":0,"enemies":"Gensokyo:Aya","floor":6,"turns":1},{"damage":0,"enemies":"Gensokyo:Gryphon","floor":7,"turns":2},{"damage":12,"enemies":"Gensokyo:Mamizou","floor":8,"turns":9},{"damage":16,"enemies":"Gensokyo:2_Rabbits","floor":10,"turns":4},{"damage":68,"enemies":"Gensokyo:Cirno","floor":11,"turns":12},{"damage":0,"enemies":"Gensokyo:LivingMonolith","floor":14,"turns":3},{"damage":70,"enemies":"Gensokyo:Reimu","floor":16,"turns":15},{"damage":33,"enemies":"Gensokyo:Chomper","floor":18,"turns":5},{"damage":20,"enemies":"Gensokyo:2_Gloops","floor":19,"turns":5},{"damage":57,"enemies":"Gensokyo:Slime_Group","floor":21,"turns":5}],"seed_played":"8894111142394007292","potions_obtained":[{"floor":7,"key":"SpeedPotion"},{"floor":10,"key":"Death Potion"},{"floor":18,"key":"Toxic Potion"},{"floor":19,"key":"DuplicationPotion"}],"is_trial":false,"path_per_floor":["M","M","?","?","?","E","M","E","T","M","E","?","COS","M","R","B",null,"M","M","$","M"],"character_chosen":"MKU","items_purchased":["MokouMod:BurningDraft","MokouMod:ResonatingAura+1"],"campfire_rested":1,"item_purchase_floors":[20,20],"current_hp_per_floor":[75,75,60,60,55,65,65,53,53,39,23,23,23,25,53,14,95,63,46,46,0,0,0],"gold":70,"neow_bonus":"THREE_ENEMY_KILL","is_daily":false,"chose_seed":false,"campfire_upgraded":0,"win_rate":0.0,"timestamp":1613811585,"path_taken":["M","?","?","?","?","E","?","E","T","M","E","?","COS","M","R","BOSS","M","M","$","M"],"items_purchased_type":["Card","Card"],"build_version":"2020-12-22","purchased_purges":0,"victory":false,"max_hp_per_floor":[75,75,75,75,85,95,95,95,95,95,95,95,95,95,95,95,95,95,95,95,95,95,95],"relic_stats":{"Blood Vial":12,"Nunchaku":[2],"counters":[12,63],"Tiny Chest":0,"obtain_stats":[{"Pear":5,"NeowsBlessing":0,"halation:IllGainedPizza":12,"Replay:Mystery Machine":3,"hubris:Towel":4,"hubris:Zylophone":8,"Blood Vial":9,"Calling Bell":17,"Nunchaku":17,"MokouMod:PhoenixFeather":0,"hubris:PeanutButter":17,"Tiny Chest":18,"reliquary:SculptingSteel":6,"hubris:FunFungus":17,"reliquary:PurpleTingedLeaf":11},{"Pear":2,"NeowsBlessing":0,"halation:IllGainedPizza":7,"Replay:Mystery Machine":2,"hubris:Towel":2,"hubris:Zylophone":5,"Blood Vial":5,"Calling Bell":9,"Nunchaku":9,"MokouMod:PhoenixFeather":0,"hubris:PeanutButter":9,"Tiny Chest":10,"reliquary:SculptingSteel":3,"hubris:FunFungus":9,"reliquary:PurpleTingedLeaf":7},{"Pear":2,"NeowsBlessing":0,"halation:IllGainedPizza":30,"Replay:Mystery Machine":2,"hubris:Towel":2,"hubris:Zylophone":14,"Blood Vial":14,"Calling Bell":48,"Nunchaku":48,"MokouMod:PhoenixFeather":0,"hubris:PeanutButter":48,"Tiny Chest":51,"reliquary:SculptingSteel":3,"hubris:FunFungus":48,"reliquary:PurpleTingedLeaf":30}]},"card_choices":[{"not_picked":["MokouMod:Overheat","MokouMod:ResoluteFlare"],"picked":"MokouMod:Firecracker","floor":1},{"not_picked":["MokouMod:Stoke","MokouMod:Combust"],"picked":"MokouMod:Ember","floor":2},{"not_picked":["MokouMod:Trailblazer","MokouMod:ShiftIgnition"],"picked":"MokouMod:Afterburner","floor":6},{"not_picked":["MokouMod:Cataclysm","MokouMod:Rebirth"],"picked":"MokouMod:BurningDraft","floor":7},{"not_picked":["MokouMod:ThermalPressure","MokouMod:ShiftIgnition"],"picked":"MokouMod:Sear","floor":8},{"not_picked":["MokouMod:Singe","MokouMod:ResonatingAura"],"picked":"MokouMod:FlickeringFlame","floor":10},{"not_picked":["MokouMod:IgnitionBarrier","MokouMod:BurningHiddenBullet"],"picked":"MokouMod:Stoke","floor":11},{"not_picked":["MokouMod:UncontrollableSolarReaction","MokouMod:SearingShot"],"picked":"MokouMod:RoaringFlare","floor":14},{"not_picked":["MokouMod:SpontaneousHumanCombustion","MokouMod:Rekindle"],"picked":"MokouMod:SearingBlow","floor":16},{"not_picked":["MokouMod:FujiyamaVolcano+1","MokouMod:EternalBurstReactor"],"picked":"MokouMod:ResonanceReactor+1","floor":18},{"not_picked":["MokouMod:FlickeringFlame","MokouMod:GuidingSmoke"],"picked":"MokouMod:RoaringFlare","floor":19}],"player_experience":175260,"relics_obtained":[{"floor":6,"key":"reliquary:SculptingSteel"},{"floor":8,"key":"hubris:Zylophone"},{"floor":9,"key":"Blood Vial"},{"floor":11,"key":"reliquary:PurpleTingedLeaf"},{"floor":17,"key":"Nunchaku"},{"floor":17,"key":"hubris:PeanutButter"},{"floor":17,"key":"hubris:FunFungus"}],"event_choices":[],"is_beta":false,"boss_relics":[{"not_picked":["Runic Dome","energizedSpire:NeverEndingSparkler"],"picked":"Calling Bell"}],"items_purged_floors":[],"is_endless":false,"potions_floor_spawned":[7,10,11,18,19],"killed_by":"Gensokyo:Slime_Group","ascension_level":0}}