{"host":"nj4msrt0z6tj4wtb","time":1613793000,"event":{"mods":["AchievementEnabler","BaseMod","Colored Map","Colored Powertips","DeckTracker","Highlight Path","Keyboard Shortcuts","Minty Spire (QoL Compilation)","Quick Restart","Random Character Button","StSLib","SuperFastMode"],"gold_per_floor":[112,39,39,50,67,67,77,108,146,177,204,216,247,294,306,423,435,461,473,497,528,540,552,119,135,159,159,159,172,172,172],"floor_reached":30,"language":"KOR","playtime":4681,"items_purged":["Strike_B"],"score":336,"play_id":"494bbcc9-60ee-4763-9ff9-28c2531de22e","local_time":"20210220125000","is_ascension_mode":true,"campfire_choices":[{"data":"Zap","floor":6,"key":"SMITH"},{"data":"White Noise","floor":12,"key":"SMITH"},{"data":"White Noise","floor":15,"key":"SMITH"},{"data":"Creative AI","floor":23,"key":"SMITH"},{"floor":28,"key":"REST"}],"circlet_count":0,"master_deck":["Strike_B","Strike_B","Defend_B","Defend_B","Defend_B","Defend_B","Zap+1","Dualcast","Darkness","Turbo","Self Repair","Sweeping Beam","Streamline","Double Energy","Fusion","White Noise+1","Echo Form","White Noise+1","Loop","Creative AI+1","Redo","Cold Snap","Consume+1","Coolheaded","Mayhem","Conserve Battery+1"],"relics":["Cracked Core","MawBank","DataDisk","Nunchaku","Inserter","Art of War","PreservedInsect"],"acts_visited":["Exordium","TheCity"],"potions_floor_usage":[14,14,16,16,20,21],"damage_taken":[{"damage":0,"enemies":"Cultist","floor":1,"turns":3},{"damage":5,"enemies":"2 Louse","floor":4,"turns":3},{"damage":13,"enemies":"Jaw Worm","floor":5,"turns":4},{"damage":11,"enemies":"Looter","floor":7,"turns":4},{"damage":35,"enemies":"3 Sentries","floor":8,"turns":7},{"damage":9,"enemies":"Exordium Wildlife","floor":10,"turns":3},{"damage":14,"enemies":"3 Louse","floor":11,"turns":3},{"damage":18,"enemies":"Large Slime","floor":13,"turns":5},{"damage":0,"enemies":"Lagavulin","floor":14,"turns":5},{"damage":11,"enemies":"The Guardian","floor":16,"turns":8},{"damage":25,"enemies":"Chosen","floor":18,"turns":5},{"damage":22,"enemies":"Spheric Guardian","floor":20,"turns":4},{"damage":11,"enemies":"3 Cultists","floor":21,"turns":5},{"damage":22,"enemies":"Centurion and Healer","floor":25,"turns":4},{"damage":23,"enemies":"Colosseum Slavers","floor":27,"turns":5},{"damage":6,"enemies":"Cultist and Chosen","floor":29,"turns":5},{"damage":43,"enemies":"Slavers","floor":30,"turns":2}],"seed_played":"6386228527799874476","potions_obtained":[{"floor":5,"key":"DistilledChaos"},{"floor":7,"key":"Energy Potion"},{"floor":13,"key":"PowerPotion"},{"floor":14,"key":"SteroidPotion"},{"floor":16,"key":"Strength Potion"},{"floor":18,"key":"Regen Potion"},{"floor":20,"key":"DistilledChaos"}],"is_trial":false,"path_per_floor":["M","$","$","M","M","R","M","E","T","M","M","R","M","E","R","B",null,"M","?","M","M","?","R","$","M","T","?","R","M","E"],"character_chosen":"DEFECT","items_purchased":["Self Repair","Art of War","Coolheaded","Mayhem"],"campfire_rested":1,"item_purchase_floors":[2,24,24,24],"current_hp_per_floor":[75,75,75,75,69,69,65,37,37,35,28,28,17,31,31,27,63,45,45,28,24,49,49,49,34,34,11,33,41,0,0],"gold":172,"neow_bonus":"TRANSFORM_CARD","is_daily":false,"chose_seed":false,"campfire_upgraded":4,"win_rate":0.0,"timestamp":1613793000,"path_taken":["M","?","$","M","M","R","M","E","T","?","M","R","M","E","R","BOSS","M","?","M","M","?","R","?","M","T","?","R","M","E"],"items_purchased_type":["Card","Relic","Card","Card"],"build_version":"2020-12-22","purchased_purges":1,"victory":false,"max_hp_per_floor":[75,75,75,75,75,75,75,75,75,75,75,75,75,75,75,75,75,75,75,75,75,75,75,75,75,75,75,75,75,75,75],"card_choices":[{"not_picked":["Auto Shields","Aggregate"],"picked":"Turbo","floor":1},{"not_picked":["Auto Shields","Steam Power"],"picked":"Sweeping Beam","floor":4},{"not_picked":["Lockon","Rebound"],"picked":"Streamline","floor":5},{"not_picked":["Scrape","Auto Shields"],"picked":"Double Energy","floor":7},{"not_picked":["Stack","Gash"],"picked":"Fusion","floor":8},{"not_picked":["Aggregate","Go for the Eyes"],"picked":"White Noise","floor":10},{"not_picked":["Compile Driver","Cold Snap"],"picked":"Echo Form","floor":11},{"not_picked":["Steam","Scrape"],"picked":"White Noise","floor":13},{"not_picked":["Biased Cognition","White Noise"],"picked":"Loop","floor":14},{"not_picked":["Electrodynamics","Buffer"],"picked":"Creative AI","floor":16},{"not_picked":["Capacitor","Lockon+1"],"picked":"Redo","floor":18},{"not_picked":["Go for the Eyes","Compile Driver"],"picked":"Cold Snap","floor":20},{"not_picked":["Rainbow","Beam Cell"],"picked":"Consume+1","floor":21},{"not_picked":["Redo","Turbo"],"picked":"Conserve Battery+1","floor":25},{"not_picked":["White Noise","Doom and Gloom+1","Capacitor"],"picked":"SKIP","floor":29}],"player_experience":672019,"relics_obtained":[{"floor":8,"key":"MawBank"},{"floor":9,"key":"DataDisk"},{"floor":14,"key":"Nunchaku"},{"floor":26,"key":"PreservedInsect"}],"event_choices":[{"damage_healed":0,"gold_gain":0,"player_choice":"Ignored","damage_taken":0,"max_hp_gain":0,"max_hp_loss":0,"event_name":"The Mausoleum","floor":19,"gold_loss":0},{"damage_healed":25,"gold_gain":0,"player_choice":"Heal","damage_taken":0,"max_hp_gain":0,"max_hp_loss":0,"event_name":"The Library","floor":22,"gold_loss":0},{"damage_healed":0,"gold_gain":0,"player_choice":"Fight","damage_taken":0,"max_hp_gain":0,"max_hp_loss":0,"event_name":"Colosseum","floor":27,"gold_loss":0},{"damage_healed":0,"gold_gain":0,"player_choice":"Fled From Nobs","damage_taken":0,"max_hp_gain":0,"max_hp_loss":0,"event_name":"Colosseum","floor":27,"gold_loss":0}],"is_beta":false,"boss_relics":[{"not_picked":["Ectoplasm","Calling Bell"],"picked":"Inserter"}],"items_purged_floors":[24],"is_endless":false,"potions_floor_spawned":[5,7,13,14,16,18,20,27],"killed_by":"Slavers","ascension_level":5}}