{"host":"ovivighfa421z0zp","time":1613842633,"event":{"mods":["BaseMod","Colored Map","DeckTracker","Keyboard Shortcuts","Minty Spire (QoL Compilation)","Permanent Neow","Quick Restart","Replay The Spire","StSLib","SuperFastMode","The Cursed"],"gold_per_floor":[361,373,67,81,256,284,284,244,267,277,311,311,311,380,380,380,380],"floor_reached":16,"language":"KOR","playtime":536,"items_purged":["TheCursedMod:Strike_TheCursed"],"score":162,"play_id":"7e2578d8-9a61-4cbd-80f7-703048f79158","local_time":"20210221023713","is_ascension_mode":true,"campfire_choices":[{"data":"TheCursedMod:HellfireBreathing","floor":7,"key":"SMITH"},{"data":"TheCursedMod:Neurasthenia","floor":13,"key":"SMITH"},{"data":"Strike_P","floor":15,"key":"PURGE"}],"circlet_count":0,"master_deck":["AscendersBane","TheCursedMod:Strike_TheCursed","TheCursedMod:Strike_TheCursed","TheCursedMod:Strike_TheCursed","TheCursedMod:Defend_TheCursed","TheCursedMod:Defend_TheCursed","TheCursedMod:Defend_TheCursed","TheCursedMod:Defend_TheCursed","TheCursedMod:CursedWand+1","TheCursedMod:CleanUpWorkshop","TheCursedMod:Dregs","Defend_B","TheCursedMod:CursedStaff","TheCursedMod:ReleasedStrength","TheCursedMod:AbyssShockwave","TheCursedMod:TroublousMinions","TheCursedMod:Wield","TheCursedMod:SpitefulStrike","Doubt","TheCursedMod:HellfireBreathing+1","TheCursedMod:CursedAmulet","TheCursedMod:Neurasthenia+1"],"relics":["TheCursedMod:BlackMagic101","Akabeko","Oddly Smooth Stone","Calipers"],"acts_visited":["Exordium"],"potions_floor_usage":[11,16,16],"damage_taken":[{"damage":5,"enemies":"2 Louse","floor":1,"turns":3},{"damage":7,"enemies":"Small Slimes","floor":2,"turns":3},{"damage":0,"enemies":"Cultist","floor":4,"turns":2},{"damage":5,"enemies":"3 Sentries","floor":6,"turns":5},{"damage":0,"enemies":"Looter","floor":10,"turns":2},{"damage":13,"enemies":"Lagavulin","floor":11,"turns":6},{"damage":43,"enemies":"Fading Forest","floor":16,"turns":10}],"seed_played":"3495396944613889311","potions_obtained":[{"floor":4,"key":"Venom Potion"},{"floor":8,"key":"Swift Potion"},{"floor":8,"key":"BlessingOfTheForge"},{"floor":11,"key":"Venom Potion"}],"is_trial":false,"path_per_floor":["M","M","$","M","?","E","R","?","T","M","E","?","R","?","R_BF","B"],"character_chosen":"THE_CURSED","items_purchased":["TheCursedMod:AbyssShockwave","TheCursedMod:TroublousMinions","TheCursedMod:Wield","Block Potion"],"campfire_rested":0,"item_purchase_floors":[3,3,3,3],"current_hp_per_floor":[63,56,56,56,56,51,51,51,51,51,38,38,38,38,38,0,0],"gold":380,"neow_bonus":"TWO_FIFTY_GOLD","is_daily":false,"chose_seed":false,"campfire_upgraded":2,"win_rate":0.0,"timestamp":1613842633,"path_taken":["M","M","$","M","?","E","R","?","T","?","E","?","R","?","R_BF","BOSS"],"items_purchased_type":["Card","Card","Card","Potion"],"build_version":"2020-12-22","purchased_purges":1,"victory":false,"max_hp_per_floor":[75,75,75,75,75,75,75,75,75,75,75,75,75,75,75,75,75],"card_choices":[{"not_picked":["TheCursedMod:CircleOfCorruption","TheCursedMod:RapidMovement"],"picked":"TheCursedMod:CursedStaff","floor":1},{"not_picked":["TheCursedMod:TacticalStrike","TheCursedMod:CircleOfWindfury"],"picked":"TheCursedMod:ReleasedStrength","floor":2},{"not_picked":["TheCursedMod:FleshFromBone","TheCursedMod:CircleOfFocus"],"picked":"TheCursedMod:SpitefulStrike","floor":4},{"not_picked":["TheCursedMod:BloodBarrier","TheCursedMod:CursedStaff"],"picked":"TheCursedMod:HellfireBreathing","floor":6},{"not_picked":["TheCursedMod:LuckyCharm","TheCursedMod:SpreadPlague"],"picked":"TheCursedMod:CursedAmulet","floor":10},{"not_picked":["TheCursedMod:Mangle","TheCursedMod:Wield"],"picked":"TheCursedMod:Neurasthenia","floor":11}],"player_experience":771685,"relics_obtained":[{"floor":6,"key":"Akabeko"},{"floor":9,"key":"Oddly Smooth Stone"},{"floor":11,"key":"Calipers"}],"event_choices":[{"damage_healed":0,"gold_gain":175,"player_choice":"AGREE","damage_taken":0,"max_hp_gain":0,"max_hp_loss":0,"event_name":"Liars Game","floor":5,"gold_loss":0,"cards_obtained":["Doubt"]},{"damage_healed":0,"gold_gain":0,"player_choice":"Bought 3 Potions","damage_taken":0,"max_hp_gain":0,"max_hp_loss":0,"event_name":"The Woman in Blue","floor":8,"gold_loss":0},{"damage_healed":0,"gold_gain":69,"player_choice":"Gained Gold","damage_taken":0,"max_hp_gain":0,"max_hp_loss":0,"event_name":"Golden Wing","floor":14,"gold_loss":0}],"is_beta":false,"boss_relics":[],"items_purged_floors":[3],"is_endless":false,"potions_floor_spawned":[4,11],"killed_by":"Fading Forest","ascension_level":10}}