{"host":"ppqll9nf92xyjrj9","time":1613863205,"event":{"mods":["Act Like it!","Arknights","BaseMod","Bestiary","Better Third Choice","Bossed Relics","Curses Come First","Ekko","Evolution","Hermit","Jorbs\u0027s Wanderer Trilogy","Keyboard Shortcuts","Marked Mod","Minty Spire (QoL Compilation)","Relic Stats","Shapeshifter Mod","Spicy Shops","StS++","StSLib","The Marked","The Runesmith","Weighted Paths","【遗物卡牌】REMEMod"],"gold_per_floor":[116,127,144,144,162,162,187,187,187,221,26,52,65,65,65,167,167,183,108,108,108,29,64,127,188,215,246,272,310,310,329,329,434,434,466,499,45,45,79,79,110,144,171,206,206,226,246,272,284,311],"floor_reached":51,"language":"ENG","playtime":20330,"items_purged":["Defend_P"],"score":985,"play_id":"81c2cd57-af60-4d13-a982-141f5f651f0d","local_time":"20210220152005","is_ascension_mode":true,"campfire_choices":[{"floor":6,"key":"REST"},{"floor":8,"key":"REST"},{"floor":15,"key":"REST"},{"floor":30,"key":"DIG"},{"floor":32,"key":"DIG"},{"floor":40,"key":"DIG"},{"floor":45,"key":"DIG"},{"floor":49,"key":"DIG"}],"circlet_count":0,"master_deck":["Strike_P","Defend_P","Defend_P+1","Vigilance","MarkedMod:OneThousandNeedles+1","TalkToTheHand","Nirvana","REME_Repentance","Evaluate","REME_BodyOfCthun","LikeWater","REME_Repentance","REME_CRH","REME_AllRoundStrike","MarkedMod:Acupuncture","Sanctity+1","Weave+1","JustLucky","InnerPeace+1","MarkedMod:OneThousandNeedles","Protect+1","CutThroughFate","MarkedMod:NorthStar","MarkedMod:GentlePulse+1","TalkToTheHand","ThirdEye+1","JustLucky+1","CutThroughFate+1","Nirvana","REME_Repentance+1","MarkedMod:GracefulMovements"],"relics":["EVO:Axolotl","REME_ComplimentaryCards","Fusion Hammer","Letter Opener","Eternal Feather","Ancient Tea Set","MealTicket","Empty Cage","TungstenRod","REME_ArchaeologicalTools","Pen Nib","PreservedInsect","Shovel","War Paint","Vajra","SlaversCollar","DollysMirror","StSpp:JackpotMachine","Centennial Puzzle","Question Card","Blood Vial","Nunchaku","Oddly Smooth Stone","Dream Catcher","MawBank","InkBottle"],"acts_visited":["Exordium","TheCity","TheBeyond"],"potions_floor_usage":[23,50,50],"damage_taken":[{"damage":0,"enemies":"Small Slimes","floor":1,"turns":2},{"damage":0,"enemies":"Cultist","floor":2,"turns":3},{"damage":0,"enemies":"ats:Genji","floor":3,"turns":3},{"damage":0,"enemies":"3 Louse","floor":5,"turns":2},{"damage":16,"enemies":"3 Sentries","floor":7,"turns":8},{"damage":45,"enemies":"Gremlin Nob","floor":10,"turns":6},{"damage":9,"enemies":"3 Sentries","floor":12,"turns":6},{"damage":0,"enemies":"2 Fungi Beasts","floor":13,"turns":4},{"damage":14,"enemies":"Hexaghost","floor":16,"turns":10},{"damage":0,"enemies":"Chosen","floor":18,"turns":5},{"damage":25,"enemies":"REME_1_Revenger","floor":23,"turns":7},{"damage":0,"enemies":"3 Byrds","floor":24,"turns":1},{"damage":0,"enemies":"Slavers","floor":25,"turns":2},{"damage":0,"enemies":"Snake Plant","floor":27,"turns":5},{"damage":0,"enemies":"Cultist and Chosen","floor":28,"turns":4},{"damage":5,"enemies":"Book of Stabbing","floor":29,"turns":5},{"damage":0,"enemies":"Snecko","floor":31,"turns":4},{"damage":9,"enemies":"Collector","floor":33,"turns":6},{"damage":5,"enemies":"Orb Walker","floor":35,"turns":5},{"damage":2,"enemies":"3 Shapes","floor":36,"turns":4},{"damage":3,"enemies":"Maw","floor":39,"turns":7},{"damage":3,"enemies":"Transient","floor":41,"turns":5},{"damage":0,"enemies":"Nemesis","floor":42,"turns":3},{"damage":2,"enemies":"Reptomancer","floor":44,"turns":4},{"damage":0,"enemies":"Sphere and 2 Shapes","floor":46,"turns":4},{"damage":13,"enemies":"3 Darklings","floor":47,"turns":5},{"damage":0,"enemies":"Nemesis","floor":48,"turns":2},{"damage":28,"enemies":"Donu and Deca","floor":50,"turns":6}],"seed_played":"-3830111680594275522","potions_obtained":[{"floor":2,"key":"StancePotion"},{"floor":5,"key":"Energy Potion"},{"floor":7,"key":"Energy Potion"},{"floor":23,"key":"FearPotion"},{"floor":24,"key":"Swift Potion"},{"floor":28,"key":"DuplicationPotion"}],"is_trial":false,"path_per_floor":["M","M","M","?","M","R","E","R","T","E","$","E","M","?","R","B",null,"M","?","?","?","$","E","M","E","T","M","M","E","R","M","R","B",null,"M","M","$","?","M","R","M","E","T","E","R","M","M","E","R","B",null],"character_chosen":"WATCHER","items_purchased":["REME_BodyOfCthun","TungstenRod","DollysMirror","StSpp:JackpotMachine","Centennial Puzzle"],"campfire_rested":3,"item_purchase_floors":[11,22,37,37,37],"current_hp_per_floor":[72,72,72,72,72,72,56,72,72,27,27,18,18,23,55,41,77,77,77,77,63,78,53,53,53,53,53,53,48,60,60,72,63,82,77,75,82,78,75,78,75,75,75,75,78,78,65,67,78,50],"gold":323,"neow_bonus":"BOSS_RELIC","is_daily":false,"chose_seed":false,"campfire_upgraded":0,"win_rate":0.0,"timestamp":1613863205,"path_taken":["M","M","M","?","M","R","E","R","T","E","$","E","?","?","R","BOSS","M","?","?","?","$","E","M","E","T","M","M","E","R","M","R","BOSS","M","M","$","?","M","R","M","E","T","E","R","M","M","E","R","BOSS"],"items_purchased_type":["Card","Relic","Relic","Relic","Relic"],"build_version":"2020-12-22","purchased_purges":1,"victory":true,"max_hp_per_floor":[72,72,72,72,72,72,72,72,72,72,72,72,72,77,77,77,77,77,77,77,82,82,82,82,82,82,82,82,82,82,82,82,82,82,82,82,82,78,78,78,78,78,78,78,78,78,78,78,78,78],"relic_stats":{"counters":[28,128],"Eternal Feather":50,"Pen Nib":[21],"PreservedInsect":194,"Letter Opener":[728],"War Paint":["Defend_P","Sanctity"],"Question Card":6,"MawBank":36,"Blood Vial":4,"Centennial Puzzle":[15],"Nunchaku":[7],"Dream Catcher":0,"Shovel":5,"MealTicket":22,"obtain_stats":[{"Vajra":32,"EVO:Axolotl":0,"Ancient Tea Set":10,"Empty Cage":17,"Blood Vial":42,"Centennial Puzzle":37,"Nunchaku":43,"Dream Catcher":45,"Shovel":29,"DollysMirror":37,"MealTicket":12,"Fusion Hammer":0,"REME_ArchaeologicalTools":23,"InkBottle":49,"StSpp:JackpotMachine":37,"Oddly Smooth Stone":44,"Eternal Feather":9,"Pen Nib":25,"PreservedInsect":26,"Letter Opener":7,"War Paint":30,"Question Card":40,"MawBank":48,"SlaversCollar":34,"PureWater":0,"TungstenRod":22,"REME_ComplimentaryCards":0},{"Vajra":17,"EVO:Axolotl":0,"Ancient Tea Set":6,"Empty Cage":9,"Blood Vial":23,"Centennial Puzzle":20,"Nunchaku":23,"Dream Catcher":24,"Shovel":16,"DollysMirror":20,"MealTicket":7,"Fusion Hammer":0,"REME_ArchaeologicalTools":11,"InkBottle":27,"StSpp:JackpotMachine":20,"Oddly Smooth Stone":24,"Eternal Feather":5,"Pen Nib":13,"PreservedInsect":13,"Letter Opener":5,"War Paint":16,"Question Card":21,"MawBank":27,"SlaversCollar":18,"PureWater":0,"TungstenRod":10,"REME_ComplimentaryCards":0},{"Vajra":77,"EVO:Axolotl":0,"Ancient Tea Set":24,"Empty Cage":44,"Blood Vial":107,"Centennial Puzzle":92,"Nunchaku":107,"Dream Catcher":111,"Shovel":73,"DollysMirror":92,"MealTicket":30,"Fusion Hammer":0,"REME_ArchaeologicalTools":56,"InkBottle":122,"StSpp:JackpotMachine":92,"Oddly Smooth Stone":111,"Eternal Feather":18,"Pen Nib":59,"PreservedInsect":59,"Letter Opener":18,"War Paint":73,"Question Card":99,"MawBank":122,"SlaversCollar":83,"PureWater":0,"TungstenRod":49,"REME_ComplimentaryCards":0}],"TungstenRod":27,"InkBottle":[6]},"card_choices":[{"not_picked":["ThirdEye","SashWhip"],"picked":"MarkedMod:OneThousandNeedles","floor":1},{"not_picked":["Study","Halt"],"picked":"TalkToTheHand","floor":2},{"not_picked":["BowlingBash","StSpp:LatentStrike"],"picked":"Nirvana","floor":3},{"not_picked":["StSpp:VitalPoint","Collect"],"picked":"REME_Repentance","floor":5},{"not_picked":["Sanctity","Halt","SignatureMove"],"picked":"SKIP","floor":7},{"not_picked":["ConjureBlade","StSpp:LatentStrike"],"picked":"Evaluate","floor":10},{"not_picked":["JustLucky","MarkedMod:GentlePulse"],"picked":"LikeWater","floor":12},{"not_picked":["Tantrum","Evaluate"],"picked":"REME_Repentance","floor":13},{"not_picked":["MarkedMod:SlowDance","MasterReality"],"picked":"REME_CRH","floor":16},{"not_picked":["Indignation","Perseverance","CrushJoints"],"picked":"SKIP","floor":18},{"not_picked":["REME_MusicOfDeath+1","FollowUp"],"picked":"Weave+1","floor":23},{"not_picked":["ReachHeaven+1","WheelKick"],"picked":"JustLucky","floor":24},{"not_picked":["FlyingSleeves","MarkedMod:Acupuncture"],"picked":"InnerPeace+1","floor":25},{"not_picked":["Collect","FlyingSleeves+1"],"picked":"MarkedMod:OneThousandNeedles","floor":27},{"not_picked":["BattleHymn","Halt+1","DevaForm"],"picked":"SKIP","floor":28},{"not_picked":["BowlingBash+1","MarkedMod:Acupuncture+1"],"picked":"Protect+1","floor":29},{"not_picked":["MarkedMod:FirstStrike","Prostrate","CutThroughFate"],"picked":"SKIP","floor":31},{"not_picked":["MarkedMod:FirstStrike","Prostrate"],"picked":"CutThroughFate","floor":31},{"not_picked":["StSpp:Patience","ConjureBlade"],"picked":"MarkedMod:NorthStar","floor":33},{"not_picked":["InnerPeace+1","FlyingSleeves+1"],"picked":"MarkedMod:GentlePulse+1","floor":35},{"not_picked":["Crescendo","Prostrate+1","ThirdEye"],"picked":"SKIP","floor":36},{"not_picked":["InnerPeace+1","EmptyBody"],"picked":"ThirdEye+1","floor":39},{"not_picked":["ThirdEye+1","Meditate","EmptyFist"],"picked":"JustLucky+1","floor":41},{"not_picked":["CarveReality","EmptyMind","StSpp:Purify+1"],"picked":"CutThroughFate+1","floor":42},{"not_picked":["Protect","StSpp:Purify+1","REME_MusicOfDeath","BowlingBash"],"picked":"SKIP","floor":44},{"not_picked":["Protect","StSpp:Purify+1","REME_MusicOfDeath","BowlingBash"],"picked":"SKIP","floor":44},{"not_picked":["MarkedMod:GentlePulse","Crescendo","ClearTheMind"],"picked":"Nirvana","floor":46},{"not_picked":["Vengeance+1","BowlingBash+1","Halt+1"],"picked":"REME_Repentance+1","floor":47},{"not_picked":["StSpp:TimeDodge","Devotion","FlyingSleeves+1"],"picked":"MarkedMod:GracefulMovements","floor":48}],"player_experience":117854,"relics_obtained":[{"floor":7,"key":"Letter Opener"},{"floor":9,"key":"Eternal Feather"},{"floor":10,"key":"Ancient Tea Set"},{"floor":12,"key":"MealTicket"},{"floor":23,"key":"REME_ArchaeologicalTools"},{"floor":25,"key":"Pen Nib"},{"floor":26,"key":"PreservedInsect"},{"floor":29,"key":"Shovel"},{"floor":30,"key":"War Paint"},{"floor":32,"key":"Vajra"},{"floor":40,"key":"Question Card"},{"floor":42,"key":"Blood Vial"},{"floor":43,"key":"Nunchaku"},{"floor":44,"key":"Oddly Smooth Stone"},{"floor":45,"key":"Dream Catcher"},{"floor":48,"key":"MawBank"},{"floor":49,"key":"InkBottle"}],"event_choices":[{"damage_healed":0,"gold_gain":0,"player_choice":"Upgraded","damage_taken":0,"max_hp_gain":0,"max_hp_loss":0,"event_name":"Upgrade Shrine","floor":4,"gold_loss":0,"cards_upgraded":["MarkedMod:OneThousandNeedles"]},{"damage_healed":0,"gold_gain":0,"player_choice":"Donut","damage_taken":0,"max_hp_gain":5,"max_hp_loss":0,"event_name":"Big Fish","floor":14,"gold_loss":0},{"cards_removed":["Eruption"],"damage_healed":0,"gold_gain":0,"player_choice":"Gave Gold","damage_taken":0,"max_hp_gain":0,"max_hp_loss":0,"event_name":"Beggar","floor":19,"gold_loss":75},{"damage_healed":0,"gold_gain":0,"cards_transformed":["Strike_P","Defend_P"],"player_choice":"Became Test Subject","damage_taken":0,"max_hp_gain":0,"max_hp_loss":0,"event_name":"Drug Dealer","floor":20,"gold_loss":0,"cards_obtained":["MarkedMod:Acupuncture","Sanctity"]},{"damage_healed":0,"gold_gain":0,"player_choice":"Shed Blood","damage_taken":19,"max_hp_gain":5,"max_hp_loss":0,"event_name":"Forgotten Altar","floor":21,"gold_loss":0},{"damage_healed":0,"gold_gain":0,"player_choice":"Max HP","damage_taken":0,"max_hp_gain":0,"max_hp_loss":4,"event_name":"Winding Halls","floor":38,"gold_loss":0}],"is_beta":false,"boss_relics":[{"not_picked":["Velvet Choker","Philosopher\u0027s Stone"],"picked":"Empty Cage"},{"not_picked":["Runic Pyramid","Snecko Eye"],"picked":"SlaversCollar"}],"items_purged_floors":[37],"is_endless":false,"potions_floor_spawned":[2,5,7,12,16,23,24,28,33,36,39,44,46,47],"ascension_level":1}}