{"host":"123nz9yyqwgaq9ps","time":1613800571,"event":{"mods":["AchievementEnabler","Ascension Reborn","BaseMod","Custom Start","Infinite Spire","Minty Spire (QoL Compilation)","MostiFishMod","Quick Restart","Spicy Shops","StSLib"],"gold_per_floor":[115,128,141,155,267,304,304,7989,7989,8009,8035,8066,8066,6850,6850,6959,6959,6987,6694,6711,6731,6731,6731,6781,6798,6824,6839,6839,6854,6854,6869,6869,6968,6995,7020,3275,3260,3286,3304,3336,3336,3367,3391,3391,3407,3423,3453,3468,3468,3468],"floor_reached":51,"language":"ZHS","playtime":2547,"items_purged":["Pain","Strike_R","Strike_R","Strike_R+1","Bash","Warcry+1"],"score":1380,"play_id":"17add9dd-d600-4f7c-94a8-bb52c48fe5d9","local_time":"20210220135611","is_ascension_mode":false,"campfire_choices":[{"data":"Strike_R","floor":7.0,"key":"PURGE"},{"data":"Strike_R+1","floor":15.0,"key":"PURGE"},{"data":"Defend_R","floor":23.0,"key":"PURGE"},{"data":"MostiFishMod:#F4004+1","floor":30.0,"key":"PURGE"},{"data":"Spot Weakness+1","floor":32.0,"key":"PURGE"},{"data":"1","floor":41,"key":"LIFT"},{"data":"2","floor":44,"key":"LIFT"},{"data":"3","floor":49,"key":"LIFT"}],"circlet_count":63,"master_deck":["MostiFishMod:404NotFound+1"],"relics":["Burning Blood","NeowsBlessing","StoneCalendar","Blue Candle","Strange Spoon","The Courier","Blood Vial","DollysMirror","Dream Catcher","Potion Belt","Vajra","Girya","Boot","Meat on the Bone","Dead Branch","Darkstone Periapt","CeramicFish","Bronze Scales","Champion Belt","Peace Pipe","Ancient Tea Set","Red Skull","Paper Frog","Bird Faced Urn","Turnip","Lantern","Bag of Preparation","Torii","Prayer Wheel","Art of War","Singing Bowl","Oddly Smooth Stone","Matryoshka","Bag of Marbles","Pantograph","Strawberry","Ornamental Fan","HornCleat","Shuriken","InkBottle","Centennial Puzzle","PreservedInsect","Letter Opener","Pear","Toxic Egg 2","Akabeko","Question Card","Happy Flower","Incense Burner","Omamori","Anchor","Orichalcum","Pen Nib","Frozen Egg 2","Juzu Bracelet","Nunchaku","Eternal Feather","Lizard Tail","Bottled Lightning","Mango","Calipers","Regal Pillow","Whetstone","Toy Ornithopter","War Paint","Tiny Chest","Molten Egg 2","Mercury Hourglass","Gremlin Horn","Sundial","StrikeDummy","Mummified Hand","Self Forming Clay","White Beast Statue","Kunai","Thread and Needle","Du-Vu Doll","Ginger","Unceasing Top","Charon\u0027s Ashes","WingedGreaves","FossilizedHelix","Pocketwatch","TungstenRod","Ice Cream","Magic Flower","CaptainsWheel","Gambling Chip","Circlet","MealTicket","Bottled Flame","Membership Card","Chemical X","PrismaticShard","ClockworkSouvenir","SacredBark","Sling","Orrery","Astrolabe","Cauldron","Toolbox"],"acts_visited":["TheCity","TheBeyond"],"potions_floor_usage":[],"damage_taken":[{"damage":0.0,"enemies":"Cultist","floor":1.0,"turns":1.0},{"damage":0.0,"enemies":"2 Louse","floor":2.0,"turns":1.0},{"damage":0.0,"enemies":"Jaw Worm","floor":3.0,"turns":1.0},{"damage":16.0,"enemies":"2 Fungi Beasts","floor":4.0,"turns":3.0},{"damage":0.0,"enemies":"Gremlin Nob","floor":6.0,"turns":1.0},{"damage":0.0,"enemies":"Blue Slaver","floor":10.0,"turns":1.0},{"damage":5.0,"enemies":"Lagavulin","floor":11.0,"turns":2.0},{"damage":0.0,"enemies":"3 Louse","floor":12.0,"turns":1.0},{"damage":0.0,"enemies":"The Guardian","floor":16.0,"turns":2.0},{"damage":0.0,"enemies":"Spheric Guardian","floor":18.0,"turns":1.0},{"damage":0.0,"enemies":"Chosen","floor":20.0,"turns":3.0},{"damage":0.0,"enemies":"3 Cultists","floor":21.0,"turns":1.0},{"damage":0.0,"enemies":"Snake Plant","floor":25.0,"turns":1.0},{"damage":0.0,"enemies":"Centurion and Healer","floor":27.0,"turns":1.0},{"damage":0.0,"enemies":"Snecko","floor":29.0,"turns":1.0},{"damage":4.0,"enemies":"Shelled Parasite and Fungi","floor":31.0,"turns":6.0},{"damage":0,"enemies":"Champ","floor":33,"turns":2},{"damage":0,"enemies":"3 Darklings","floor":35,"turns":1},{"damage":0,"enemies":"3 Shapes","floor":37,"turns":1},{"damage":0,"enemies":"Jaw Worm Horde","floor":38,"turns":1},{"damage":0,"enemies":"Writhing Mass","floor":39,"turns":2},{"damage":0,"enemies":"Reptomancer","floor":40,"turns":1},{"damage":0,"enemies":"Giant Head","floor":42,"turns":1},{"damage":0,"enemies":"Spire Growth","floor":45,"turns":1},{"damage":0,"enemies":"3 Darklings","floor":46,"turns":1},{"damage":0,"enemies":"Reptomancer","floor":47,"turns":2},{"damage":0,"enemies":"Maw","floor":48,"turns":3},{"damage":0,"enemies":"infinitespire:MassOfShapes","floor":50,"turns":1}],"seed_played":"7335297566308597352","potions_obtained":[{"floor":2.0,"key":"Fruit Juice"},{"floor":3.0,"key":"BlessingOfTheForge"},{"floor":6.0,"key":"Block Potion"},{"floor":10.0,"key":"Block Potion"},{"floor":11.0,"key":"EssenceOfSteel"},{"floor":12.0,"key":"DistilledChaos"},{"floor":16.0,"key":"Strength Potion"},{"floor":18.0,"key":"Ancient Potion"},{"floor":31.0,"key":"Explosive Potion"},{"floor":33,"key":"CultistPotion"},{"floor":35,"key":"LiquidMemories"},{"floor":36,"key":"AttackPotion"},{"floor":36,"key":"FairyPotion"}],"is_trial":false,"path_per_floor":["M","M","M","M","$","E","R","$","T","M","E","M","?","$","R","B",null,"M","$","M","M","?","R","T","M","T","M","?","M","R","M","R","B",null,"M","$","M","M","M","E","R","E","T","R","M","M","E","M","R","B",null],"character_chosen":"IRONCLAD","items_purchased":["StoneCalendar","Blue Candle","Strange Spoon","Blood Vial","DollysMirror","Dream Catcher","Potion Belt","Vajra","Girya","Boot","Meat on the Bone","Dead Branch","Darkstone Periapt","CeramicFish","Bronze Scales","Champion Belt","Peace Pipe","Ancient Tea Set","Red Skull","Paper Frog","Bird Faced Urn","Turnip","Lantern","Bag of Preparation","Torii","Prayer Wheel","Art of War","Singing Bowl","Oddly Smooth Stone","Matryoshka","Bag of Marbles","Pantograph","Strawberry","Ornamental Fan","HornCleat","Shuriken","InkBottle","Centennial Puzzle","PreservedInsect","Letter Opener","Pear","Toxic Egg 2","Akabeko","Question Card","Happy Flower","Incense Burner","Omamori","Anchor","Orichalcum","Pen Nib","Frozen Egg 2","Juzu Bracelet","Nunchaku","Eternal Feather","Lizard Tail","Bottled Lightning","Mango","Calipers","Regal Pillow","Whetstone","Toy Ornithopter","War Paint","Tiny Chest","Molten Egg 2","Mercury Hourglass","Gremlin Horn","Sundial","StrikeDummy","Mummified Hand","Self Forming Clay","White Beast Statue","Kunai","Thread and Needle","Du-Vu Doll","Ginger","Unceasing Top","Charon\u0027s Ashes","WingedGreaves","FossilizedHelix","Pocketwatch","TungstenRod","Ice Cream","Magic Flower","CaptainsWheel","Gambling Chip","Circlet","Circlet","MealTicket","Circlet","Bottled Flame","Circlet","Circlet","Circlet","Circlet","Circlet","Circlet","Circlet","Circlet","Circlet","Membership Card","Chemical X","Circlet","Circlet","Circlet","Circlet","Circlet","Circlet","Circlet","Circlet","Circlet","Circlet","Circlet","Circlet","Exhume+1","Spot Weakness+1","Spot Weakness+1","PrismaticShard","ClockworkSouvenir","Circlet","Circlet","Circlet","Circlet","Circlet","Circlet","Rupture+1","Combust+1","Sling","Orrery","Circlet","Cauldron","Toolbox","Circlet","Circlet","Circlet","Circlet","Circlet","Circlet","Circlet","Circlet","Circlet","Circlet","Circlet","Circlet","Circlet","Circlet","Circlet","Circlet","Circlet","Circlet","Circlet","Circlet","Circlet","Circlet"],"campfire_rested":0,"item_purchase_floors":[5,5,5,5,5,5,5,5,5,5,5,5,5,5,5,5,5,5,5,5,5,5,5,5,5,5,5,5,5,5,5,5,5,5,5,5,5,5,5,5,5,5,5,5,5,5,5,5,5,5,5,5,5,5,5,5,5,5,5,5,5,5,5,5,5,5,5,5,5,5,5,5,5,5,5,5,5,5,5,5,5,5,5,5,5,5,5,5,5,5,5,5,5,5,5,5,5,5,5,8,8,8,8,8,8,8,8,8,8,8,8,8,8,8,8,8,14,14,14,14,14,14,14,14,14,14,19,19,19,36,36,36,36,36,36,36,36,36,36,36,36,36,36,36,36,36,36,36,36,36,36,36,36],"current_hp_per_floor":[80,85,85,75,106,116,116,116,116,118,120,120,120,120,120,120,120,122,132,136,140,140,140,140,144,144,148,148,152,152,156,156,158,158,160,160,164,166,170,172,172,174,174,174,178,182,184,188,188,188],"gold":3468,"neow_bonus":"THREE_ENEMY_KILL","is_daily":false,"chose_seed":false,"campfire_upgraded":0,"win_rate":0.0,"timestamp":1613800571,"path_taken":["M","M","M","M","$","E","R","$","T","M","E","M","?","?","R","BOSS","M","$","M","M","?","R","?","M","T","M","?","M","R","M","R","BOSS","M","$","M","M","M","E","R","E","T","R","M","M","E","M","R","BOSS"],"items_purchased_type":["Relic","Relic","Relic","Relic","Relic","Relic","Relic","Relic","Relic","Relic","Relic","Relic","Relic","Relic","Relic","Relic","Relic","Relic","Relic","Relic","Relic","Relic","Relic","Relic","Relic","Relic","Relic","Relic","Relic","Relic","Relic","Relic","Relic","Relic","Relic","Relic","Relic","Relic","Relic","Relic","Relic","Relic","Relic","Relic","Relic","Relic","Relic","Relic","Relic","Relic","Relic","Relic","Relic","Relic","Relic","Relic","Relic","Relic","Relic","Relic","Relic","Relic","Relic","Relic","Relic","Relic","Relic","Relic","Relic","Relic","Relic","Relic","Relic","Relic","Relic","Relic","Relic","Relic","Relic","Relic","Relic","Relic","Relic","Relic","Relic","Undefined","Undefined","Relic","Undefined","Relic","Undefined","Undefined","Undefined","Undefined","Undefined","Undefined","Undefined","Undefined","Undefined","Relic","Relic","Undefined","Undefined","Undefined","Undefined","Undefined","Undefined","Undefined","Undefined","Undefined","Undefined","Undefined","Undefined","Card","Card","Card","Relic","Relic","Undefined","Undefined","Undefined","Undefined","Undefined","Undefined","Card","Card","Relic","Relic","Undefined","Relic","Relic","Undefined","Undefined","Undefined","Undefined","Undefined","Undefined","Undefined","Undefined","Undefined","Undefined","Undefined","Undefined","Undefined","Undefined","Undefined","Undefined","Undefined","Undefined","Undefined","Undefined","Undefined","Undefined"],"build_version":"2020-12-13","purchased_purges":6,"victory":true,"max_hp_per_floor":[80,85,85,85,116,116,116,116,116,118,120,120,120,120,120,120,120,122,132,136,140,140,140,140,144,144,148,148,152,152,156,156,158,158,160,160,164,166,170,172,172,174,174,174,178,182,184,188,188,188],"card_choices":[{"not_picked":["Iron Wave","Battle Trance"],"picked":"Thunderclap","floor":1.0},{"not_picked":["Warcry","Pommel Strike","Havoc"],"picked":"SKIP","floor":2.0},{"not_picked":["Metallicize","Inflame","infinitespire:OneForAll"],"picked":"SKIP","floor":3.0},{"not_picked":["Iron Wave","Anger"],"picked":"MostiFishMod:#F4004","floor":4.0},{"not_picked":["True Grit+1","Flame Barrier+1","Wild Strike+1"],"picked":"Impervious+1","floor":6.0},{"not_picked":["infinitespire:OneForAll+1","Wild Strike+1","Warcry+1","Headbutt+1"],"picked":"Singing Bowl","floor":10.0},{"not_picked":["Sword Boomerang+1","Dropkick+1","Headbutt+1"],"picked":"Bloodletting+1","floor":10.0},{"not_picked":["Perfected Strike+1","Disarm+1","Searing Blow+1","True Grit+1"],"picked":"Singing Bowl","floor":11.0},{"not_picked":["Shockwave+1","Warcry+1","Armaments+1"],"picked":"Inflame+1","floor":12.0},{"not_picked":["Ghostly Armor+1","Rage+1","Clothesline+1"],"picked":"Pummel+1","floor":12.0},{"not_picked":["Chrysalis+1","infinitespire:Neurotoxin+1","Blasphemy+1"],"picked":"MostiFishMod:DarkDeal+1","floor":16.0},{"not_picked":["Body Slam+1","Pray+1","Glacier+1"],"picked":"Conclude+1","floor":18.0},{"not_picked":["Doom and Gloom+1","Power Through+1","Study+1","Prepared+1"],"picked":"Singing Bowl","floor":18.0},{"not_picked":["ClearTheMind+1","Iron Wave+1","Flex+1","Go for the Eyes+1"],"picked":"Singing Bowl","floor":19.0},{"not_picked":["Jack Of All Trades+1","Gash+1","Thunderclap+1","Go for the Eyes+1"],"picked":"Singing Bowl","floor":19.0},{"not_picked":["MostiFishMod:FlowState+1","EmptyBody+1","SandsOfTime+1","Sanctity+1"],"picked":"Singing Bowl","floor":19.0},{"not_picked":["Skim+1","Armaments+1","Leg Sweep+1","Collect+1"],"picked":"Singing Bowl","floor":19.0},{"not_picked":["CrushJoints+1","Vault+1","MentalFortress+1","Rebound+1"],"picked":"Singing Bowl","floor":19.0},{"not_picked":["FollowUp+1","Body Slam+1","Perfected Strike+1","Adaptation+1"],"picked":"Singing Bowl","floor":20.0},{"not_picked":["CrushJoints+1","Hologram+1","Worship+1","Compile Driver+1"],"picked":"Singing Bowl","floor":20.0},{"not_picked":["Anger+1","Go for the Eyes+1","Swivel+1","Sweeping Beam+1"],"picked":"Singing Bowl","floor":21.0},{"not_picked":["Warcry+1","Sweeping Beam+1","ThirdEye+1","MostiFishMod:PushDownKick+1"],"picked":"Singing Bowl","floor":21.0},{"not_picked":["Expertise+1","Scrape+1","FlurryOfBlows+1","MostiFishMod:VineMother+1"],"picked":"Singing Bowl","floor":25.0},{"not_picked":["Sucker Punch+1","Wild Strike+1","Dark Shackles+1","Compile Driver+1"],"picked":"Singing Bowl","floor":25.0},{"not_picked":["Turbo+1","Dual Wield+1","True Grit+1","Auto Shields+1"],"picked":"Singing Bowl","floor":27.0},{"not_picked":["Coolheaded+1","Heavy Blade+1","Protect+1","Armaments+1"],"picked":"Singing Bowl","floor":27.0},{"not_picked":["Compile Driver+1","Madness+1","Escape Plan+1","Rainbow+1"],"picked":"Singing Bowl","floor":29.0},{"not_picked":["Beam Cell+1","Steam+1","Evaluate+1","Defragment+1"],"picked":"Singing Bowl","floor":29.0},{"not_picked":["Infernal Blade+1","Second Wind+1","Forethought+1","Dagger Spray+1"],"picked":"Singing Bowl","floor":31.0},{"not_picked":["All Out Attack+1","CutThroughFate+1","ClearTheMind+1","Nirvana+1"],"picked":"Singing Bowl","floor":31.0},{"not_picked":["Brilliance+1","HandOfGreed+1","MostiFishMod:OrdinaryWorld+1","MostiFishMod:WinterMarkForm+1"],"picked":"Singing Bowl","floor":33},{"not_picked":["ReachHeaven+1","Clothesline+1","Stack+1"],"picked":"Backflip+1","floor":35},{"not_picked":["FlyingSleeves+1","Conserve Battery+1","FollowUp+1","Adaptation+1"],"picked":"Singing Bowl","floor":35},{"not_picked":["Intimidate+1","Gash+1","PiercingWail+1","Pummel+1"],"picked":"Singing Bowl","floor":37},{"not_picked":["Go for the Eyes+1","ThirdEye+1","Sword Boomerang+1","CrushJoints+1"],"picked":"Singing Bowl","floor":37},{"not_picked":["Consecrate+1","EmptyBody+1","Quick Slash+1"],"picked":"MostiFishMod:404NotFound+1","floor":38},{"not_picked":["Slice+1","Halt+1","Hello World+1","Chaos+1"],"picked":"Singing Bowl","floor":38},{"not_picked":["Collect+1","ClearTheMind+1","Evaluate+1","Capacitor+1"],"picked":"Singing Bowl","floor":39},{"not_picked":["Blood for Blood+1","Melter+1","Blur+1","Whirlwind+1"],"picked":"Singing Bowl","floor":39},{"not_picked":["Sentinel+1","Rip and Tear+1","Finisher+1","Backflip+1"],"picked":"Singing Bowl","floor":40},{"not_picked":["FlyingSleeves+1","Hologram+1","Flying Knee+1","Leap+1"],"picked":"Singing Bowl","floor":42},{"not_picked":["Body Slam+1","MostiFishMod:Pointsdynamics+1","Eviscerate+1","Weave+1"],"picked":"Singing Bowl","floor":45},{"not_picked":["Conserve Battery+1","Entrench+1","Leap+1","Armaments+1"],"picked":"Singing Bowl","floor":45},{"not_picked":["ThirdEye+1","Cleave+1","Anger+1","JustLucky+1"],"picked":"Singing Bowl","floor":46},{"not_picked":["Creative AI+1","Gash+1","Deadly Poison+1","FlyingSleeves+1"],"picked":"Singing Bowl","floor":46},{"not_picked":["MostiFishMod:Speedup+1","Body Slam+1","MostiFishMod:Confrontation+1","Wish+1"],"picked":"Singing Bowl","floor":47},{"not_picked":["Storm+1","Pommel Strike+1","Bane+1","MostiFishMod:PushDownKick+1"],"picked":"Singing Bowl","floor":48},{"not_picked":["Nirvana+1","Uppercut+1","Bane+1","CrushJoints+1"],"picked":"Singing Bowl","floor":48}],"player_experience":7604,"relics_obtained":[{"floor":6.0,"key":"Circlet"},{"floor":9.0,"key":"Circlet"},{"floor":11.0,"key":"Circlet"},{"floor":24.0,"key":"Circlet"},{"floor":24.0,"key":"Circlet"},{"floor":26.0,"key":"Circlet"},{"floor":40,"key":"Circlet"},{"floor":42,"key":"Circlet"},{"floor":43,"key":"Circlet"},{"floor":47,"key":"Circlet"}],"event_choices":[{"damage_healed":0.0,"max_hp_gain":0.0,"max_hp_loss":0.0,"gold_gain":0.0,"event_name":"Upgrade Shrine","player_choice":"Upgraded","floor":13.0,"gold_loss":0.0,"damage_taken":0.0,"cards_upgraded":["Thunderclap"]},{"cards_removed":["Defend_R"],"damage_healed":0.0,"max_hp_gain":0.0,"max_hp_loss":0.0,"gold_gain":0.0,"event_name":"Back to Basics","player_choice":"Elegance","floor":22.0,"gold_loss":0.0,"damage_taken":0.0},{"damage_healed":0.0,"max_hp_gain":0.0,"max_hp_loss":0.0,"gold_gain":0.0,"event_name":"Vampires","player_choice":"Ignored","floor":28.0,"gold_loss":0.0,"damage_taken":0.0}],"is_beta":false,"boss_relics":[{"not_picked":["Tiny House","Velvet Choker"],"picked":"SacredBark"},{"not_picked":["Mark of Pain","Pandora\u0027s Box"],"picked":"Astrolabe"}],"items_purged_floors":[5,8,8,14,19,36],"is_endless":false,"potions_floor_spawned":[2,3,6,10,11,12,16,18,20,21,25,27,29,31,33,35,37,38,39,40,42,45,46,47,48],"ascension_level":0}}