{"host":"rw1trt79hfpl7pom","time":1613829305,"event":{"mods":["BaseMod","Bestiary","Colored Map","Jorbs\u0027s Wanderer Trilogy","Minty Spire (QoL Compilation)","Relic Stats","StSLib","SuperFastMode"],"gold_per_floor":[119,139,21,21,40,65,65,65,65],"floor_reached":8,"language":"ENG","playtime":254,"items_purged":["Strike_G"],"score":112,"play_id":"3953d2d0-be0d-4ae5-a28f-6a10783633d1","local_time":"20210220055505","is_ascension_mode":true,"campfire_choices":[{"floor":7.0,"key":"REST"}],"circlet_count":0,"master_deck":["AscendersBane","Strike_G","Strike_G","Strike_G","Strike_G","Defend_G","Defend_G","Defend_G","Defend_G","Defend_G","Survivor","Neutralize","Accuracy","Crippling Poison","Noxious Fumes","Riddle With Holes"],"relics":["Ring of the Snake","Bird Faced Urn","Sundial"],"acts_visited":["Exordium"],"potions_floor_usage":[8],"damage_taken":[{"damage":3.0,"enemies":"2 Louse","floor":1.0,"turns":3.0},{"damage":3.0,"enemies":"Cultist","floor":2.0,"turns":5.0},{"damage":2.0,"enemies":"Small Slimes","floor":5.0,"turns":4.0},{"damage":39.0,"enemies":"Gremlin Nob","floor":6.0,"turns":6.0},{"damage":27,"enemies":"3 Sentries","floor":8,"turns":7}],"seed_played":"5537986617455740644","potions_obtained":[{"floor":1.0,"key":"Swift Potion"},{"floor":6.0,"key":"Poison Potion"}],"is_trial":false,"path_per_floor":["M","M","$","?","M","E","R","E"],"character_chosen":"THE_SILENT","items_purchased":["Noxious Fumes"],"campfire_rested":1,"item_purchase_floors":[3],"current_hp_per_floor":[41,38,38,38,38,3,22,0,0],"gold":65,"neow_bonus":"ONE_RARE_RELIC","is_daily":false,"chose_seed":false,"campfire_upgraded":0,"win_rate":0.0,"timestamp":1613829305,"path_taken":["M","M","$","?","M","E","R","E"],"items_purchased_type":["Card"],"build_version":"2020-12-22","purchased_purges":1,"victory":false,"max_hp_per_floor":[66,66,66,66,66,66,66,66,66],"relic_stats":{"counters":[5,25],"Sundial":[0],"Bird Faced Urn":[8],"obtain_stats":[{"Sundial":6,"Bird Faced Urn":0,"Ring of the Snake":0},{"Sundial":4,"Bird Faced Urn":0,"Ring of the Snake":0},{"Sundial":18,"Bird Faced Urn":0,"Ring of the Snake":0}],"Ring of the Snake":[10]},"card_choices":[{"not_picked":["Riddle With Holes","Tactician"],"picked":"Accuracy","floor":1.0},{"not_picked":["Dagger Spray","Choke"],"picked":"Crippling Poison","floor":2.0},{"not_picked":["Finisher","Poisoned Stab"],"picked":"Riddle With Holes","floor":5.0},{"not_picked":["Slice","Riddle With Holes","Backflip"],"picked":"SKIP","floor":6.0}],"player_experience":2837481,"relics_obtained":[{"floor":6.0,"key":"Sundial"}],"event_choices":[{"damage_healed":0.0,"max_hp_gain":0.0,"max_hp_loss":0.0,"gold_gain":0.0,"event_name":"Shining Light","player_choice":"Ignored","floor":4.0,"gold_loss":0.0,"damage_taken":0.0}],"is_beta":false,"boss_relics":[],"items_purged_floors":[3],"is_endless":false,"potions_floor_spawned":[1,6],"killed_by":"3 Sentries","ascension_level":20}}