{"host":"v4nyfngrgywi7zc6","time":1613797907,"event":{"mods":["2.2 Compatiblity","Act Like it!","BaseMod","Custom Start","Friendly Minions","Minty Spire (QoL Compilation)","Reliquary","Ruina","Shade Mod","Shop Mod","StSLib","The Cursed","The Judge","The Jungle","The Marked","The Mystic","The Necromancer","The Saiyan"],"gold_per_floor":[17,17,92,92,102,102,133,57,57,57,68,68,68,79,79,181,181,192,192,192,203,214,214,214],"floor_reached":23,"language":"ENG","playtime":1371,"items_purged":[],"score":189,"play_id":"637626e7-07dc-40fc-8a84-225cd2a20a11","local_time":"20210219231147","is_ascension_mode":false,"campfire_choices":[{"floor":6.0,"key":"REST"},{"floor":10.0,"key":"REST"},{"data":"Shade:TouchOfTheGrave","floor":13.0,"key":"SMITH"},{"data":"Shade:GreaterAnimation","floor":15.0,"key":"SMITH"}],"circlet_count":0,"master_deck":["Shade:Strike_Shade","Shade:Strike_Shade","Shade:Strike_Shade","Shade:Strike_Shade","Shade:Defend_Shade","Shade:Defend_Shade","Shade:Defend_Shade","Shade:Defend_Shade","Shade:AnimateDead","Shade:CarefulCut","Shade:LichForm","Shade:GreyBargain+1","Shade:CoffinDance","Shade:GreaterAnimation+1","Shade:AuraOfUnlife","Shade:TouchOfTheGrave+1","Shade:UnbarTheGrave+1","Shade:AuraOfUnlife","Shade:UnbarTheGrave+1"],"relics":["Shade:YorickSkull","Pen Nib","Juzu Bracelet","SlaversCollar"],"acts_visited":["Exordium","Exordium"],"potions_floor_usage":[22,22],"damage_taken":[{"damage":1.0,"enemies":"Small Slimes","floor":1.0,"turns":4.0},{"damage":3.0,"enemies":"2 Louse","floor":5.0,"turns":3.0},{"damage":32.0,"enemies":"Gremlin Nob","floor":7.0,"turns":5.0},{"damage":1.0,"enemies":"Jaw Worm","floor":11.0,"turns":5.0},{"damage":0.0,"enemies":"Looter","floor":14.0,"turns":2.0},{"damage":22.0,"enemies":"Hexaghost","floor":16.0,"turns":8.0},{"damage":7,"enemies":"ruina:2_Scarecrows","floor":18,"turns":5},{"damage":21,"enemies":"ruina:Nosferatu","floor":21,"turns":5},{"damage":9,"enemies":"ruina:KingOfGreed","floor":22,"turns":6},{"damage":17,"enemies":"ruina:RoadHome","floor":23,"turns":2}],"seed_played":"36355344615566486","potions_obtained":[{"floor":1.0,"key":"BlessingOfTheForge"},{"floor":5.0,"key":"LiquidMemories"},{"floor":16.0,"key":"SteroidPotion"},{"floor":18,"key":"Swift Potion"},{"floor":22,"key":"GamblersBrew"}],"is_trial":false,"path_per_floor":["M","?","?","?","M","R","E","$","T","R","M","$","R","M","R","B",null,"M","?","?","M","M","E"],"character_chosen":"SHADE","items_purchased":["Shade:AuraOfUnlife"],"campfire_rested":2,"item_purchase_floors":[8],"current_hp_per_floor":[64,64,53,41,38,57,25,25,25,44,43,43,43,43,43,21,65,58,66,45,24,15,0,0],"gold":214,"neow_bonus":"THREE_RARE_CARDS","is_daily":false,"chose_seed":false,"campfire_upgraded":2,"win_rate":0.0,"timestamp":1613797907,"path_taken":["M","?","?","?","M","R","E","$","T","R","M","$","R","M","R","BOSS","M","?","?","M","M","E"],"items_purchased_type":["Card"],"build_version":"2020-12-22","purchased_purges":0,"victory":false,"max_hp_per_floor":[65,65,65,65,65,65,65,65,65,65,65,65,65,65,65,65,65,65,73,73,73,73,73,73],"card_choices":[{"not_picked":["Shade:Tombstone","Shade:OminousRitual"],"picked":"Shade:LichForm","floor":0.0},{"not_picked":["Shade:CommandSoldier","Shade:GraveStillness"],"picked":"Shade:GreyBargain","floor":1.0},{"not_picked":["Shade:FeralStrike","Shade:GraveStillness"],"picked":"Shade:CoffinDance","floor":5.0},{"not_picked":["Shade:Haruspicy","Shade:Consume"],"picked":"Shade:GreaterAnimation","floor":7.0},{"not_picked":["Shade:Asphyxiate","Shade:FuneraryArmor"],"picked":"Shade:TouchOfTheGrave","floor":11.0},{"not_picked":["Shade:SkeletonArmy","Shade:CloudOfShrapnel","Shade:FleshToFlesh"],"picked":"SKIP","floor":14.0},{"not_picked":["Shade:SelfBurial","Shade:OneIsEnough"],"picked":"Shade:UnbarTheGrave","floor":16.0},{"not_picked":["Shade:Trample","Shade:BoneShards"],"picked":"Shade:AuraOfUnlife","floor":18},{"not_picked":["Shade:SkeletonHug","Shade:Trample","Shade:Patience+1"],"picked":"SKIP","floor":21},{"not_picked":["Shade:WallOfFlesh","Shade:GreyBargain","Shade:ClawBack"],"picked":"SKIP","floor":22}],"player_experience":280420,"relics_obtained":[{"floor":7.0,"key":"Juzu Bracelet"}],"event_choices":[{"damage_healed":0.0,"max_hp_gain":0.0,"max_hp_loss":0.0,"gold_gain":0.0,"event_name":"Living Wall","player_choice":"Grow","floor":2.0,"gold_loss":0.0,"damage_taken":0.0,"cards_upgraded":["Shade:GreyBargain"]},{"damage_healed":0.0,"max_hp_gain":0.0,"max_hp_loss":0.0,"gold_gain":75.0,"event_name":"World of Goop","player_choice":"Gather Gold","floor":3.0,"gold_loss":0.0,"damage_taken":11.0},{"damage_healed":0.0,"max_hp_gain":0.0,"max_hp_loss":0.0,"gold_gain":0.0,"event_name":"Scrap Ooze","player_choice":"Success","floor":4.0,"gold_loss":0.0,"damage_taken":12.0,"relics_obtained":["Pen Nib"]}],"is_beta":false,"boss_relics":[{"not_picked":["reliquary:KinkedSpring","Coffee Dripper"],"picked":"SlaversCollar"}],"items_purged_floors":[],"is_endless":false,"potions_floor_spawned":[1,5,16,18,22],"killed_by":"ruina:RoadHome","ascension_level":0}}