{"host":"zc0hgfo9wozyb2ss","time":1613824154,"event":{"mods":["BaseMod","Downfall","Minty Spire (QoL Compilation)","StSLib"],"gold_per_floor":[99,110,123,139,154,171,171,191,220,237,0,64,64,84,97,198,198,198,210,225,225,242,242,242,269,269,269,269],"floor_reached":26,"language":"ENG","playtime":2343,"items_purged":["Slimebound:Strike_Slimebound"],"score":259,"play_id":"4647d839-a5d2-4ce8-a496-2925c51b6ec7","local_time":"20210220232914","is_ascension_mode":false,"campfire_choices":[{"data":"Slimebound:Split","floor":1.0,"key":"SMITH"},{"floor":13.0,"key":"REST"},{"data":"Slimebound:MassRepurpose","floor":18,"key":"SMITH"},{"floor":23,"key":"REST"}],"circlet_count":0,"master_deck":["Slimebound:Strike_Slimebound","Slimebound:Strike_Slimebound","Slimebound:Tackle","Slimebound:Defend_Slimebound","Slimebound:Defend_Slimebound","Slimebound:Defend_Slimebound","Slimebound:Defend_Slimebound","Slimebound:Split+1","Slimebound:CorrosiveSpit","Slimebound:SplitAcid","Slimebound:ProtectTheBoss","Slimebound:Prepare","Slimebound:SlimeTap","Slimebound:MassRepurpose+1","Slimebound:SplitMire","Slimebound:RainOfGoop","Slimebound:SlimeBrawl","Slimebound:LeechingTouch","Slimebound:ItLooksTasty","Slimebound:HauntingLick","Slimebound:Gluttony","Slimebound:GrowthPunch","Slimebound:Dissolve","Slimebound:TongueLash","Slimebound:MegaLick","Slimebound:GrowthPunch","Slimebound:ViciousTackle","Slimebound:OozeBath","Slimebound:GoopSpray","Slimebound:SplitBruiser","Slimebound:SamplingLick","Slimebound:HauntingLick","Pride","Slimebound:FormOfPuddle+1","Slimebound:SpikyOuterGoop+1"],"relics":["Slimebound:AbsorbEndCombat","Prayer Wheel","Darkstone Periapt","StoneCalendar","SlaversCollar","Vajra","MealTicket","Peace Pipe"],"acts_visited":["Exordium","TheCity"],"potions_floor_usage":[22,22,22],"damage_taken":[{"damage":2.0,"enemies":"Cultist","floor":2.0,"turns":4.0},{"damage":5.0,"enemies":"2 Louse","floor":3.0,"turns":2.0},{"damage":10.0,"enemies":"Small Slimes","floor":4.0,"turns":4.0},{"damage":2.0,"enemies":"2 Fungi Beasts","floor":5.0,"turns":3.0},{"damage":3.0,"enemies":"Large Slime","floor":6.0,"turns":5.0},{"damage":10.0,"enemies":"Exordium Thugs","floor":8.0,"turns":4.0},{"damage":21.0,"enemies":"Gremlin Nob","floor":9.0,"turns":4.0},{"damage":0.0,"enemies":"downfall:LooterAlt","floor":10.0,"turns":3.0},{"damage":4.0,"enemies":"downfall:FleeingMerchant","floor":11.0,"turns":4.0},{"damage":20.0,"enemies":"Lagavulin Event","floor":12.0,"turns":5.0},{"damage":5.0,"enemies":"2 Fungi Beasts","floor":14.0,"turns":3.0},{"damage":12.0,"enemies":"Exordium Thugs","floor":15.0,"turns":5.0},{"damage":1.0,"enemies":"SI_SHIV_ARCHETYPE","floor":16.0,"turns":7.0},{"damage":48,"enemies":"3 Byrds","floor":19,"turns":6},{"damage":13,"enemies":"Shell Parasite","floor":20,"turns":6},{"damage":13,"enemies":"Shelled Parasite and Fungi","floor":22,"turns":3},{"damage":43,"enemies":"Slavers","floor":25,"turns":4},{"damage":12,"enemies":"Centurion and Healer","floor":26,"turns":1}],"seed_played":"-4058295471273587857","potions_obtained":[{"floor":3.0,"key":"AttackPotion"},{"floor":8.0,"key":"Guardian:BlockOnCardUsePotion"},{"floor":9.0,"key":"LiquidMemories"},{"floor":14.0,"key":"Slimebound:SlimedPotion"},{"floor":15.0,"key":"Slimebound:SlimedPotion"},{"floor":22,"key":"SteroidPotion"}],"is_trial":false,"path_per_floor":["R","M","M","M","M","M","T","M","E","M","$","?","R","M","M","B",null,"R","M","M","?","M","R","T","E","M"],"character_chosen":"SLIMEBOUND","items_purchased":["Slimebound:Gluttony","Slimebound:GrowthPunch"],"campfire_rested":2,"item_purchase_floors":[11,11],"current_hp_per_floor":[71,70,66,58,58,59,59,51,36,38,36,24,45,46,40,47,71,71,29,24,30,19,42,42,7,0,0,0],"gold":269,"neow_bonus":"TEN_PERCENT_HP_BONUS","is_daily":false,"chose_seed":false,"campfire_upgraded":2,"win_rate":0.0,"timestamp":1613824154,"path_taken":["R","M","M","M","M","M","T","M","E","M","$","?","R","M","M","BOSS","R","M","M","?","M","R","T","E","M"],"items_purchased_type":["Card","Card"],"build_version":"2020-12-22","purchased_purges":1,"victory":false,"max_hp_per_floor":[71,71,71,71,71,71,71,71,71,71,71,71,71,71,71,71,71,71,71,71,77,77,77,77,77,77,77,77],"card_choices":[{"not_picked":["Slimebound:SplitMire","Slimebound:FinishingTackle"],"picked":"Slimebound:SplitAcid","floor":2.0},{"not_picked":["Slimebound:ComboTackle","Slimebound:SplitAcid"],"picked":"Slimebound:ProtectTheBoss","floor":3.0},{"not_picked":["Slimebound:ViciousTackle","Slimebound:SplitAcid"],"picked":"Slimebound:Prepare","floor":4.0},{"not_picked":["Slimebound:FlameTackle","Slimebound:LeechingTouch"],"picked":"Slimebound:SlimeTap","floor":5.0},{"not_picked":["Slimebound:ItLooksTasty","Slimebound:LevelUp"],"picked":"Slimebound:MassRepurpose","floor":6.0},{"not_picked":["Slimebound:Replication","Slimebound:LeadByExample"],"picked":"Slimebound:SplitMire","floor":8.0},{"not_picked":["Slimebound:ProtectTheBoss","Slimebound:ComboTackle"],"picked":"Slimebound:RainOfGoop","floor":8.0},{"not_picked":["Slimebound:TongueLash","Slimebound:SlimeTap"],"picked":"Slimebound:SlimeBrawl","floor":9.0},{"not_picked":["Slimebound:SplitMire","Slimebound:WasteNot"],"picked":"Slimebound:LeechingTouch","floor":10.0},{"not_picked":["Slimebound:TongueLash","Slimebound:LeechEnergy"],"picked":"Slimebound:ItLooksTasty","floor":10.0},{"not_picked":["Slimebound:GoopTackle","Slimebound:LeechingTouch"],"picked":"Slimebound:HauntingLick","floor":11.0},{"not_picked":["Slimebound:SplitMire","Slimebound:RollThrough"],"picked":"Slimebound:Dissolve","floor":12.0},{"not_picked":["Slimebound:FlameTackle","Slimebound:ComboTackle"],"picked":"Slimebound:TongueLash","floor":14.0},{"not_picked":["Slimebound:Gluttony","Slimebound:PressTheAttack"],"picked":"Slimebound:MegaLick","floor":14.0},{"not_picked":["Slimebound:ForwardTackle","Slimebound:SlimeSpikes"],"picked":"Slimebound:GrowthPunch","floor":15.0},{"not_picked":["Slimebound:Equalize","Slimebound:LeechingTouch"],"picked":"Slimebound:ViciousTackle","floor":15.0},{"not_picked":["Slimebound:OneTwoCombo","Slimebound:MassFeed"],"picked":"Slimebound:OozeBath","floor":16.0},{"not_picked":["Slimebound:FlameTackle","Slimebound:Repurpose"],"picked":"Slimebound:GoopSpray","floor":19},{"not_picked":["Slimebound:Nibble","Slimebound:LeechEnergy"],"picked":"Slimebound:SplitBruiser","floor":19},{"not_picked":["Slimebound:ComboTackle","Slimebound:GrowthPunch"],"picked":"Slimebound:SamplingLick","floor":20},{"not_picked":["Slimebound:PressTheAttack","Slimebound:Prepare"],"picked":"Slimebound:HauntingLick","floor":20},{"not_picked":["Slimebound:RollThrough","Slimebound:RainOfGoop"],"picked":"Slimebound:FormOfPuddle+1","floor":22},{"not_picked":["Slimebound:FinishingTackle+1","Slimebound:SlimeSpikes","Slimebound:RollThrough"],"picked":"SKIP","floor":22},{"not_picked":["Slimebound:Equalize","Slimebound:SplitMire"],"picked":"Slimebound:SpikyOuterGoop+1","floor":25}],"player_experience":25674,"relics_obtained":[{"floor":7.0,"key":"Prayer Wheel"},{"floor":9.0,"key":"Darkstone Periapt"},{"floor":12.0,"key":"StoneCalendar"},{"floor":24,"key":"MealTicket"},{"floor":25,"key":"Peace Pipe"}],"event_choices":[{"damage_healed":0,"gold_gain":0,"player_choice":"Stole Relic","damage_taken":0,"relics_obtained":["Vajra"],"max_hp_gain":0,"max_hp_loss":0,"event_name":"Addict","floor":21,"gold_loss":0,"cards_obtained":["Pride"]}],"is_beta":false,"boss_relics":[{"not_picked":["Calling Bell","Busted Crown"],"picked":"SlaversCollar"}],"items_purged_floors":[11],"is_endless":false,"potions_floor_spawned":[3,8,9,14,15,22],"killed_by":"Centurion and Healer","ascension_level":0}}