{"host":"vx488ommchhibo3k","time":1613791261,"event":{"mods":["BaseMod","BetterRewards","Minty Spire (QoL Compilation)","Shop Mod","StSLib"],"gold_per_floor":[116,16,27,47,47,85,85,85,108,128,149,114,32,57,57,57,57],"floor_reached":16,"language":"JPN","playtime":1186,"items_purged":["Strike_R","Strike_R"],"score":102,"play_id":"8df92f95-fa58-492f-ad2c-d423eedde62b","local_time":"20210220122101","is_ascension_mode":false,"campfire_choices":[{"data":"Dark Embrace","floor":7,"key":"SMITH"},{"floor":15,"key":"RECALL"}],"circlet_count":0,"master_deck":["Strike_R","Strike_R","Strike_R","Defend_R","Defend_R","Defend_R","Defend_R","Bash","Second Wind","Impervious","Dark Embrace+1","Carnage","Twin Strike","Pummel","Evolve","Injury","Reaper+1","Havoc","Armaments","Burning Pact","Shrug It Off","Thunderclap"],"relics":["Burning Blood","Mango","Golden Idol","Juzu Bracelet"],"acts_visited":["Exordium"],"potions_floor_usage":[14,16,16,16],"damage_taken":[{"damage":6,"enemies":"2 Louse","floor":1,"turns":3},{"damage":5,"enemies":"Small Slimes","floor":3,"turns":4},{"damage":0,"enemies":"Cultist","floor":4,"turns":3},{"damage":30,"enemies":"3 Sentries","floor":6,"turns":9},{"damage":5,"enemies":"Looter","floor":10,"turns":3},{"damage":29,"enemies":"Exordium Thugs","floor":11,"turns":4},{"damage":25,"enemies":"Gremlin Gang","floor":14,"turns":4},{"damage":43,"enemies":"The Guardian","floor":16,"turns":5}],"seed_played":"-2600544344373877422","potions_obtained":[{"floor":4,"key":"ColorlessPotion"},{"floor":10,"key":"PowerPotion"},{"floor":11,"key":"Weak Potion"},{"floor":14,"key":"PowerPotion"}],"is_trial":false,"path_per_floor":["M","$","M","M","?","E","R","?","T","M","M","?","$","M","R","B"],"character_chosen":"IRONCLAD","items_purchased":["Second Wind","Impervious","Dark Embrace","Carnage","Burning Pact","Shrug It Off"],"campfire_rested":0,"item_purchase_floors":[0,0,0,0,13,13],"current_hp_per_floor":[58,58,59,65,65,41,41,41,41,42,19,42,42,43,43,0,0],"gold":57,"neow_bonus":"","is_daily":false,"chose_seed":false,"campfire_upgraded":1,"win_rate":0.0,"timestamp":1613791261,"path_taken":["M","$","M","M","?","E","R","?","T","M","M","?","$","M","R","BOSS"],"items_purchased_type":["Card","Card","Card","Card","Card","Card"],"build_version":"2020-12-22","purchased_purges":2,"victory":false,"max_hp_per_floor":[94,94,94,94,94,94,94,94,94,94,94,94,94,94,94,94,94],"card_choices":[{"not_picked":["Searing Blow","Iron Wave"],"picked":"Twin Strike","floor":1},{"not_picked":["Clothesline","Thunderclap"],"picked":"Pummel","floor":3},{"not_picked":["Heavy Blade","Perfected Strike"],"picked":"Evolve","floor":4},{"not_picked":["Combust","Anger"],"picked":"Reaper","floor":6},{"not_picked":["Flex","Sword Boomerang"],"picked":"Havoc","floor":10},{"not_picked":["Warcry","Clash"],"picked":"Armaments","floor":11},{"not_picked":["True Grit","Rampage"],"picked":"Thunderclap","floor":14}],"player_experience":120586,"relics_obtained":[{"floor":6,"key":"Juzu Bracelet"}],"event_choices":[{"damage_healed":0,"gold_gain":0,"player_choice":"Take Wound","damage_taken":0,"relics_obtained":["Golden Idol"],"max_hp_gain":0,"max_hp_loss":0,"event_name":"Golden Idol","floor":5,"gold_loss":0,"cards_obtained":["Injury"]},{"damage_healed":0,"gold_gain":0,"player_choice":"Upgraded","damage_taken":0,"max_hp_gain":0,"max_hp_loss":0,"event_name":"Upgrade Shrine","floor":8,"gold_loss":0,"cards_upgraded":["Reaper"]},{"damage_healed":23,"gold_gain":0,"player_choice":"Healed","damage_taken":0,"max_hp_gain":0,"max_hp_loss":0,"event_name":"The Cleric","floor":12,"gold_loss":35}],"is_beta":false,"boss_relics":[],"items_purged_floors":[0,2],"is_endless":false,"potions_floor_spawned":[4,10,11,14],"killed_by":"The Guardian","ascension_level":0}}