{"host":"v0dnu0zs4qo0v13s","time":1613854028,"event":{"mods":["BaseMod","Colored Map","Colored Powertips","Minty Spire (QoL Compilation)","Relic Stats","StSLib","SuperFastMode","everything is the same but u backflip on backflip"],"gold_per_floor":[113,125,300,300,313,313,313],"floor_reached":6,"language":"ENG","playtime":187,"items_purged":[],"score":58,"play_id":"de6cccd5-0802-4ed8-b654-0e9ad7cacf51","local_time":"20210220154708","is_ascension_mode":true,"campfire_choices":[],"circlet_count":0,"master_deck":["AscendersBane","Strike_B","Strike_B","Strike_B","Strike_B","Defend_B","Defend_B","Defend_B","Defend_B","Zap","Dualcast","Streamline","Genetic Algorithm","Doubt","Pain","Recycle"],"relics":["Cracked Core","NeowsBlessing","WarpedTongs"],"acts_visited":["Exordium"],"potions_floor_usage":[],"damage_taken":[{"damage":0,"enemies":"Cultist","floor":1,"turns":1},{"damage":0,"enemies":"Small Slimes","floor":2,"turns":1},{"damage":2,"enemies":"Jaw Worm","floor":5,"turns":1},{"damage":66,"enemies":"Gremlin Nob","floor":6,"turns":4}],"seed_played":"-5383800180830301471","potions_obtained":[{"floor":1,"key":"PowerPotion"},{"floor":2,"key":"Weak Potion"}],"is_trial":false,"path_per_floor":["M","M","?","?","M","E"],"character_chosen":"DEFECT","items_purchased":[],"campfire_rested":0,"item_purchase_floors":[],"current_hp_per_floor":[68,68,68,68,66,0,0],"gold":313,"neow_bonus":"THREE_ENEMY_KILL","is_daily":false,"chose_seed":false,"campfire_upgraded":0,"win_rate":0.0,"timestamp":1613854028,"path_taken":["M","M","?","?","?","E"],"items_purchased_type":[],"build_version":"2020-12-22","purchased_purges":0,"victory":false,"max_hp_per_floor":[75,75,75,75,75,75,75],"relic_stats":{"counters":[4,7],"obtain_stats":[{"NeowsBlessing":0,"Cracked Core":0,"WarpedTongs":4},{"NeowsBlessing":0,"Cracked Core":0,"WarpedTongs":2},{"NeowsBlessing":0,"Cracked Core":0,"WarpedTongs":2}],"WarpedTongs":[5]},"card_choices":[{"not_picked":["Aggregate","Hologram"],"picked":"Streamline","floor":1},{"not_picked":["Steam","Double Energy"],"picked":"Genetic Algorithm","floor":2},{"not_picked":["Static Discharge","Steam"],"picked":"Recycle","floor":5}],"player_experience":747243,"relics_obtained":[],"event_choices":[{"damage_healed":0,"gold_gain":175,"player_choice":"AGREE","damage_taken":0,"max_hp_gain":0,"max_hp_loss":0,"event_name":"Liars Game","floor":3,"gold_loss":0,"cards_obtained":["Doubt"]},{"damage_healed":0,"gold_gain":0,"player_choice":"Rummage","damage_taken":0,"relics_obtained":["WarpedTongs"],"max_hp_gain":0,"max_hp_loss":0,"event_name":"Accursed Blacksmith","floor":4,"gold_loss":0,"cards_obtained":["Pain"]}],"is_beta":false,"boss_relics":[],"items_purged_floors":[],"is_endless":false,"potions_floor_spawned":[1,2,5],"killed_by":"Gremlin Nob","ascension_level":12}}