{"host":"mhzgc0zma59jtmoj","time":1613799773,"event":{"mods":["BaseMod","BetterRewards","Custom Start","Glutton Mod","Ironclad Rager","Minty Spire (QoL Compilation)","Replay The Spire","Somnambulant","StSLib","The Cursed","The Hierophant","The Jungle","Treasure Hunter"],"gold_per_floor":[113,113,113,133,151,151,177,197,197,197,260,78,102,27,27,122,122,141,160,54,64,80,105,105,117,142,171,171,185,203,203,203,203,203],"floor_reached":33,"language":"ENG","playtime":1480,"items_purged":["FlyingSleeves","ICR:DragonStrike","ICR:DragonStrike"],"score":354,"play_id":"27a3e6bb-b046-4322-8cf4-efc3263d50ff","local_time":"20210220004253","is_ascension_mode":true,"campfire_choices":[{"data":"Eruption","floor":6.0,"key":"SMITH"},{"data":"Vigilance","floor":10.0,"key":"SMITH"},{"floor":15.0,"key":"REST"},{"floor":24.0,"key":"REST"},{"floor":28.0,"key":"REST"},{"floor":32.0,"key":"REST"}],"circlet_count":0,"master_deck":["Eruption+1","Vigilance+1","ICR:DragonStrike","ICR:DragonStrike+1","ICR:CraneWing+1","ICR:CraneWing+1","ICR:CraneWing","Adaptation","Tantrum+1","Consecrate","Ragnarok","AbeCurse","FollowUp","ThirdEye","Evaluate+1","ClearTheMind","Perseverance","SandsOfTime+1","ThirdEye+1"],"relics":["PureWater","Orichalcum","Ancient Tea Set","Membership Card","Whetstone","Abe\u0027s Treasure","Frozen Egg 2","Simple Rune"],"acts_visited":["Exordium","TheCity"],"potions_floor_usage":[33,33],"damage_taken":[{"damage":1.0,"enemies":"Jaw Worm","floor":1.0,"turns":5.0},{"damage":0.0,"enemies":"Small Slimes","floor":4.0,"turns":2.0},{"damage":15.0,"enemies":"Cultist","floor":5.0,"turns":6.0},{"damage":24.0,"enemies":"Replay:BlueRogue","floor":7.0,"turns":2.0},{"damage":0.0,"enemies":"Lots of Slimes","floor":8.0,"turns":2.0},{"damage":0.0,"enemies":"Slime Boss","floor":16.0,"turns":3.0},{"damage":0.0,"enemies":"3 Byrds","floor":18.0,"turns":3.0},{"damage":0.0,"enemies":"Spheric Guardian","floor":19.0,"turns":2.0},{"damage":6.0,"enemies":"3 Cultists","floor":21.0,"turns":4.0},{"damage":13.0,"enemies":"Cultist and Chosen","floor":22.0,"turns":4.0},{"damage":74.0,"enemies":"Slavers","floor":23.0,"turns":5.0},{"damage":9.0,"enemies":"Centurion and Healer","floor":25.0,"turns":3.0},{"damage":20.0,"enemies":"Gremlin Leader","floor":27.0,"turns":3.0},{"damage":1.0,"enemies":"Chosen and Byrds","floor":29.0,"turns":4.0},{"damage":15.0,"enemies":"Shelled Parasite and Fungi","floor":30.0,"turns":4.0},{"damage":47,"enemies":"Automaton","floor":33,"turns":6}],"seed_played":"-7706719404816601394","potions_obtained":[{"floor":5.0,"key":"Adrenaline Potion"},{"floor":11.0,"key":"CultistPotion"},{"floor":11.0,"key":"Regen Potion"},{"floor":11.0,"key":"DuplicationPotion"},{"floor":19.0,"key":"GamblersBrew"},{"floor":21.0,"key":"Regen Potion"},{"floor":29.0,"key":"Elixir"},{"floor":30.0,"key":"ColorlessPotion"}],"is_trial":false,"path_per_floor":["M","?","?","M","M","R","E","M","T","R","?","$","T","$","R","B",null,"M","M","$","M","M","E","R","M","T","E","R","M","M","?","R","B"],"character_chosen":"WATCHER","items_purchased":["Membership Card","Consecrate","ThirdEye","Evaluate+1"],"campfire_rested":4,"item_purchase_floors":[12,14,20,20],"current_hp_per_floor":[71,71,76,76,61,61,37,37,37,37,18,18,18,18,41,41,77,77,77,77,71,58,18,41,32,32,12,35,34,19,19,42,0,0],"gold":203,"neow_bonus":"WATCHER_MONK","is_daily":false,"chose_seed":false,"campfire_upgraded":2,"win_rate":0.0,"timestamp":1613799773,"path_taken":["M","?","?","M","?","R","E","M","T","R","?","$","?","$","R","BOSS","M","M","$","M","M","E","R","M","T","E","R","M","?","?","R","BOSS"],"items_purchased_type":["Relic","Card","Card","Card"],"build_version":"2020-12-22","purchased_purges":3,"victory":false,"max_hp_per_floor":[72,72,77,77,77,77,77,77,77,77,77,77,77,77,77,77,77,77,77,77,77,77,77,77,77,77,77,77,77,77,77,77,77,77],"card_choices":[{"not_picked":["EmptyFist","Prostrate"],"picked":"Adaptation","floor":1.0},{"not_picked":["CrushJoints","Replay:AtTheReady"],"picked":"FlyingSleeves","floor":4.0},{"not_picked":["Replay:ManipulateFuture","Replay:DivineShield"],"picked":"Tantrum","floor":5.0},{"not_picked":["TH:ArmorSpikes","TH:PixieDust"],"picked":"SKIP","floor":7.0},{"not_picked":["EmptyBody","BowlingBash","CutThroughFate"],"picked":"SKIP","floor":7.0},{"not_picked":["FlyingSleeves","ClearTheMind","LikeWater"],"picked":"SKIP","floor":8.0},{"not_picked":["TH:ArmorSpikes","TH:EnergyPotion"],"picked":"SKIP","floor":9.0},{"not_picked":["TH:EnergyPotion","TH:BikiniMail"],"picked":"SKIP","floor":13.0},{"not_picked":["DevaForm","Blasphemy"],"picked":"Ragnarok","floor":16.0},{"not_picked":["Replay:AtTheReady","Protect","FearNoEvil"],"picked":"SKIP","floor":18.0},{"not_picked":["Tantrum","Crescendo"],"picked":"FollowUp","floor":19.0},{"not_picked":["Wireheading","Evaluate","InnerPeace+1"],"picked":"SKIP","floor":21.0},{"not_picked":["EmptyFist+1","BowlingBash"],"picked":"ClearTheMind","floor":22.0},{"not_picked":["TH:DeckOfManyThings","TH:CursedSword"],"picked":"SKIP","floor":23.0},{"not_picked":["CutThroughFate","SashWhip+1","FlyingSleeves"],"picked":"SKIP","floor":23.0},{"not_picked":["CrushJoints","Swivel+1"],"picked":"Perseverance","floor":25.0},{"not_picked":["TH:ElvenBoots","TH:Mimic"],"picked":"SKIP","floor":26.0},{"not_picked":["Replay:Cycle","Evaluate+1"],"picked":"SandsOfTime+1","floor":27.0},{"not_picked":["TH:PixieDust","TH:EnergyPotion"],"picked":"SKIP","floor":27.0},{"not_picked":["EmptyFist","Crescendo+1"],"picked":"ThirdEye+1","floor":29.0},{"not_picked":["EmptyBody+1","Swivel","Evaluate"],"picked":"SKIP","floor":30.0}],"player_experience":305569,"relics_obtained":[{"floor":7.0,"key":"Orichalcum"},{"floor":9.0,"key":"Ancient Tea Set"},{"floor":13.0,"key":"Whetstone"},{"floor":23.0,"key":"Frozen Egg 2"},{"floor":27.0,"key":"Simple Rune"}],"event_choices":[{"cards_removed":["ICR:CraneWing"],"damage_healed":0.0,"max_hp_gain":0.0,"max_hp_loss":0.0,"gold_gain":0.0,"event_name":"Living Wall","player_choice":"Forget","floor":2.0,"gold_loss":0.0,"damage_taken":0.0},{"damage_healed":0.0,"max_hp_gain":5.0,"max_hp_loss":0.0,"gold_gain":0.0,"event_name":"Big Fish","player_choice":"Donut","floor":3.0,"gold_loss":0.0,"damage_taken":0.0},{"damage_healed":0.0,"max_hp_gain":0.0,"max_hp_loss":0.0,"gold_gain":0.0,"event_name":"Match and Keep!","player_choice":"0 cards matched","floor":31.0,"gold_loss":0.0,"damage_taken":0.0,"cards_obtained":[]}],"is_beta":false,"boss_relics":[{"not_picked":["ChewingGum","Tiny House"],"picked":"Abe\u0027s Treasure"}],"items_purged_floors":[12,14,20],"is_endless":false,"potions_floor_spawned":[5,8,19,21,29,30],"killed_by":"Automaton","ascension_level":1}}