{"host":"x7btokbb0w2jhl7e","time":1613808427,"event":{"mods":["Act Like it!","BaseMod","Gensokyo","Marisa£®ÏF”Í°°ƒß¿Ì…≥£©","Minty Spire (QoL Compilation)","Quick Restart","StSLib","°æ“≈ŒÔø®≈∆°øREMEMod"],"gold_per_floor":[113,113,113,113,113,142,159,191,191,225,225,225,251,273,285,297,297],"floor_reached":16,"language":"ZHS","playtime":695,"items_purged":[],"score":262,"play_id":"873fbdca-2563-43d9-bad2-61ef30806a2c","local_time":"20210220160707","is_ascension_mode":true,"campfire_choices":[{"data":"Bouncing Flask","floor":12.0,"key":"SMITH"},{"data":"Neutralize","floor":15,"key":"SMITH"}],"circlet_count":0,"master_deck":["AscendersBane","Strike_G","Strike_G","Defend_G","Defend_G","Defend_G","Defend_G","Defend_G","Survivor","Neutralize+1","Gensokyo:LifeSpringInfinity","Bouncing Flask+1","Well Laid Plans+1","Tactician+1","Footwork"],"relics":["Ring of the Snake","REME_ComplimentaryCards","NeowsBlessing","Gensokyo:CelestialsFlawlessClothing","Paper Crane","Akabeko","Smiling Mask","REME_HandOfSuture","MawBank"],"acts_visited":["Gensokyo:Gensokyo"],"potions_floor_usage":[],"damage_taken":[{"damage":0.0,"enemies":"Gensokyo:3_Fairies","floor":1.0,"turns":1.0},{"damage":17.0,"enemies":"Gensokyo:Aya","floor":6.0,"turns":7.0},{"damage":0.0,"enemies":"Gensokyo:Python","floor":7.0,"turns":1.0},{"damage":12.0,"enemies":"Gensokyo:Mamizou","floor":8.0,"turns":8.0},{"damage":21.0,"enemies":"Gensokyo:Cirno","floor":10.0,"turns":7.0},{"damage":0,"enemies":"Gensokyo:Mamizou","floor":13,"turns":8},{"damage":0,"enemies":"Gensokyo:2_Kodama","floor":14,"turns":2},{"damage":0,"enemies":"Gensokyo:Reimu","floor":16,"turns":2}],"seed_played":"-711252650824017004","potions_obtained":[{"floor":6.0,"key":"Regen Potion"},{"floor":7.0,"key":"SkillPotion"}],"is_trial":false,"path_per_floor":["M","?","?","?","?","E","M","E","T","E","?","R","E","M","R","B"],"character_chosen":"THE_SILENT","items_purchased":[],"campfire_rested":0,"item_purchase_floors":[],"current_hp_per_floor":[59,27,27,8,8,66,66,54,54,33,33,33,33,33,33,33,33],"gold":297,"neow_bonus":"THREE_ENEMY_KILL","is_daily":false,"chose_seed":false,"campfire_upgraded":2,"win_rate":0.0,"timestamp":1613808427,"path_taken":["M","?","?","?","?","E","M","E","T","E","?","R","E","M","R","BOSS"],"items_purchased_type":[],"build_version":"2020-12-22","purchased_purges":0,"victory":false,"max_hp_per_floor":[66,66,66,66,66,66,66,66,66,66,66,66,66,66,66,66,66],"card_choices":[{"not_picked":["Choke","Riddle With Holes"],"picked":"Bouncing Flask","floor":1.0},{"not_picked":["Deadly Poison","Dagger Spray","Slice"],"picked":"SKIP","floor":6.0},{"not_picked":["Slice","PiercingWail","Dagger Throw"],"picked":"SKIP","floor":7.0},{"not_picked":["Slice","Cloak And Dagger"],"picked":"Tactician","floor":8.0},{"not_picked":["Endless Agony","Finisher"],"picked":"Footwork","floor":10.0},{"not_picked":["Slice","Heel Hook","Riddle With Holes"],"picked":"SKIP","floor":13},{"not_picked":["Outmaneuver","Backflip","Phantasmal Killer"],"picked":"SKIP","floor":14}],"player_experience":298634,"relics_obtained":[{"floor":6.0,"key":"Paper Crane"},{"floor":8.0,"key":"Akabeko"},{"floor":9.0,"key":"Smiling Mask"},{"floor":10.0,"key":"REME_HandOfSuture"},{"floor":13,"key":"MawBank"}],"event_choices":[],"is_beta":false,"boss_relics":[],"items_purged_floors":[],"is_endless":false,"potions_floor_spawned":[6,7,8],"killed_by":"Gensokyo:Reimu","ascension_level":20}}