{"host":"sav7uxregyirlf69","time":1613793038,"event":{"mods":["AchievementEnabler","BaseMod","Colored Map","DeckTracker","Keyboard Shortcuts","Minty Spire (QoL Compilation)","READ ME - Guardian Mod","StSLib","SuperFastMode"],"gold_per_floor":[110,110,110,110,121,121,121,121,147,186,186,82,95,170,170,170,170],"floor_reached":16,"language":"KOR","playtime":185,"items_purged":["Searing Blow"],"score":192,"play_id":"e3a9377a-8bdb-4675-bb1f-77cb5042b8e7","local_time":"20210220125038","is_ascension_mode":true,"campfire_choices":[{"data":"Evolve","floor":6,"key":"SMITH"},{"floor":8,"key":"REST"},{"floor":11,"key":"REST"},{"data":"Fire Breathing","floor":15,"key":"SMITH"}],"circlet_count":0,"master_deck":["AscendersBane","Strike_R","Strike_R+1","Strike_R+1","Strike_R","Defend_R","Defend_R","Defend_R","Defend_R","Bash","Evolve+1","Wild Strike","Fire Breathing+1","Shrug It Off"],"relics":["Burning Blood","Prayer Wheel","Golden Idol","Pen Nib","Eternal Feather"],"acts_visited":["Exordium"],"potions_floor_usage":[16],"damage_taken":[{"damage":20.0,"enemies":"Small Slimes","floor":1.0,"turns":5.0},{"damage":7,"enemies":"Jaw Worm","floor":5,"turns":3},{"damage":35,"enemies":"3 Sentries","floor":10,"turns":8},{"damage":0,"enemies":"Cultist","floor":13,"turns":3},{"damage":43,"enemies":"Hexaghost","floor":16,"turns":9}],"seed_played":"8438470827959701295","potions_obtained":[{"floor":1,"key":"ElixirPotion"},{"floor":13,"key":"Strength Potion"}],"is_trial":false,"path_per_floor":["M","?","?","?","M","R","?","R","T","E","R","$","M","?","R","B"],"character_chosen":"IRONCLAD","items_purchased":["Shrug It Off"],"campfire_rested":2,"item_purchase_floors":[12],"current_hp_per_floor":[54,31,24,24,23,23,23,43,43,14,40,40,46,35,41,0,0],"gold":170,"neow_bonus":"ONE_RARE_RELIC","is_daily":false,"chose_seed":false,"campfire_upgraded":2,"win_rate":0.0,"timestamp":1613793038,"path_taken":["M","?","?","?","?","R","?","R","T","E","R","$","M","?","R","BOSS"],"items_purchased_type":["Card"],"build_version":"2020-12-22","purchased_purges":1,"victory":false,"max_hp_per_floor":[75,75,75,75,75,75,68,68,68,68,68,68,68,68,68,68,68],"card_choices":[{"not_picked":["True Grit","Searing Blow","Havoc"],"picked":"SKIP","floor":1},{"not_picked":["Headbutt","Clothesline","Iron Wave"],"picked":"SKIP","floor":1},{"not_picked":["Pummel","Headbutt"],"picked":"Evolve","floor":5},{"not_picked":["Flex","Body Slam"],"picked":"Wild Strike","floor":5},{"not_picked":["Hemokinesis","Twin Strike"],"picked":"Fire Breathing","floor":10},{"not_picked":["Double Tap","True Grit","Thunderclap"],"picked":"SKIP","floor":13},{"not_picked":["Warcry","Shrug It Off","Cleave"],"picked":"SKIP","floor":13}],"player_experience":1629089,"relics_obtained":[{"floor":9,"key":"Pen Nib"},{"floor":10,"key":"Eternal Feather"}],"event_choices":[{"damage_healed":0,"gold_gain":0,"player_choice":"Entered Light","damage_taken":23,"max_hp_gain":0,"max_hp_loss":0,"event_name":"Shining Light","floor":2,"gold_loss":0,"cards_upgraded":["Strike_R","Strike_R"]},{"cards_removed":["Decay"],"damage_healed":0,"gold_gain":0,"player_choice":"Card Removal","damage_taken":7,"max_hp_gain":0,"max_hp_loss":0,"event_name":"Golden Wing","floor":3,"gold_loss":0},{"damage_healed":0,"gold_gain":0,"cards_transformed":["Strike_R"],"player_choice":"Transformed","damage_taken":0,"max_hp_gain":0,"max_hp_loss":0,"event_name":"Transmorgrifier","floor":4,"gold_loss":0,"cards_obtained":["Searing Blow"]},{"damage_healed":0,"gold_gain":0,"player_choice":"Lose Max HP","damage_taken":0,"relics_obtained":["Golden Idol"],"max_hp_gain":0,"max_hp_loss":7,"event_name":"Golden Idol","floor":7,"gold_loss":0},{"damage_healed":0,"gold_gain":75,"player_choice":"Gather Gold","damage_taken":11,"max_hp_gain":0,"max_hp_loss":0,"event_name":"World of Goop","floor":14,"gold_loss":0}],"is_beta":false,"boss_relics":[],"items_purged_floors":[12],"is_endless":false,"potions_floor_spawned":[1,13],"killed_by":"Hexaghost","ascension_level":20}}