{"host":"oc01m10dqg0gjqug","time":1613820134,"event":{"mods":["100% Spire Juice","ATMod(阿瑾Mod)","Act Like it!","Alarm Clock","Aspiration","BaseMod","Bossed Relics","CapriCore","Chen","Colored Powertips","Conspire","Dota2Spire","Faster Ascension Climbing","Gensokyo","Hubris","Koishi","KomeijiMod","Marisa（F雨　魔理沙）","Minty Spire (QoL Compilation)","MostiFishMod","Prisma Mod","Quarter Circle Forward PUNCH!","Quick Restart","Reimu（博丽灵梦）","Relic Filter Mod","Relic Stats","Reliquary","Replay The Spire","RumiaBox-露米娅的神秘盒子","Ryuuou龙王","Shop Mod","Spicy Shops","StSLib","TestMod","The Administrix","The Animator","The Immortal","Uncapped","Voiceroid Mod","Yakumo Yukari mod","Youmu（魂魄妖梦）","Yuyuko","[IsaacMod]以撒尖塔","【功能Mod】混沌之环修复补丁","【功能Mod】聪明的最终Boss","【遗物卡牌】REMEMod","篝火指南"],"gold_per_floor":[111,127,14,24,37,37,37],"floor_reached":6,"language":"ZHS","playtime":857,"items_purged":["Defend_G"],"score":76,"play_id":"67129c40-55e1-4943-b2ae-a88ce5e45274","local_time":"20210220192214","is_ascension_mode":true,"campfire_choices":[],"circlet_count":0,"master_deck":["AscendersBane","Strike_G","Strike_G","Strike_G","Strike_G","Strike_G","Defend_G","Defend_G","Defend_G","Defend_G","Survivor","Neutralize","AT_DarkMatter","AT_ShadowStep","Acrobatics","AT_ThistleTea+1","Cloak And Dagger","Cloak And Dagger"],"relics":["Ring of the Snake","DaveBox","testmod-TestBox","HushsDoor","REME_ComplimentaryCards","AT_ATBox","The Courier","testmod-Muramasa","Chaos","SynthV:TestCard"],"acts_visited":["Gensokyo:Gensokyo"],"potions_floor_usage":[5,6],"damage_taken":[{"damage":24,"enemies":"Gensokyo:2_Kodama","floor":1,"turns":7},{"damage":2,"enemies":"Gensokyo:3_Fairies","floor":2,"turns":7},{"damage":2,"enemies":"Gensokyo:Python","floor":4,"turns":3},{"damage":15,"enemies":"Gensokyo:LivingMonolith","floor":5,"turns":6},{"damage":21,"enemies":"Gensokyo:Mamizou","floor":6,"turns":8}],"seed_played":"-937356945390156648","potions_obtained":[{"floor":0,"key":"LiquidMemories"},{"floor":0,"key":"Reflective Coating"},{"floor":5,"key":"REME_GoldPotion"}],"is_trial":false,"path_per_floor":["M","M","$","M","M","E"],"character_chosen":"THE_SILENT","items_purchased":["AT_ThistleTea+1"],"campfire_rested":0,"item_purchase_floors":[3],"current_hp_per_floor":[35,33,33,31,16,0,0],"gold":37,"neow_bonus":"THREE_SMALL_POTIONS","is_daily":false,"chose_seed":false,"campfire_upgraded":0,"win_rate":0.0,"timestamp":1613820134,"path_taken":["M","M","$","M","M","E"],"items_purchased_type":["Card"],"build_version":"2020-12-22","purchased_purges":1,"victory":false,"max_hp_per_floor":[66,66,66,66,66,66,66],"relic_stats":{"counters":[5,31],"obtain_stats":[{"KeepersGift":0,"Chaos":0,"testmod-Muramasa":0,"testmod-TestBox":0,"AT_ATBox":0,"SynthV:TestCard":1,"DaveBox":0,"The Courier":0,"HushsDoor":0,"Ring of the Snake":0,"REME_ComplimentaryCards":0},{"KeepersGift":0,"Chaos":0,"testmod-Muramasa":0,"testmod-TestBox":0,"AT_ATBox":0,"SynthV:TestCard":1,"DaveBox":0,"The Courier":0,"HushsDoor":0,"Ring of the Snake":0,"REME_ComplimentaryCards":0},{"KeepersGift":0,"Chaos":0,"testmod-Muramasa":0,"testmod-TestBox":0,"AT_ATBox":0,"SynthV:TestCard":7,"DaveBox":0,"The Courier":0,"HushsDoor":0,"Ring of the Snake":0,"REME_ComplimentaryCards":0}],"Ring of the Snake":[10]},"card_choices":[{"not_picked":["hubris:TrickCloak","All Out Attack"],"picked":"AT_ShadowStep","floor":1},{"not_picked":["PiercingWail","Prepared","Outmaneuver","AT_FocusSwordFire"],"picked":"Acrobatics","floor":2},{"not_picked":["Concentrate","Bane","AT_WindRun","Slice","Venomology"],"picked":"SKIP","floor":4},{"not_picked":["AT_WindFlip","Replay:Poison Smokescreen","Predator","Eviscerate"],"picked":"Cloak And Dagger","floor":5}],"player_experience":569127,"relics_obtained":[{"floor":1,"key":"SynthV:TestCard"}],"event_choices":[],"is_beta":false,"boss_relics":[],"items_purged_floors":[3],"is_endless":false,"potions_floor_spawned":[5],"killed_by":"Gensokyo:Mamizou","ascension_level":20}}