{"host":"6efts020nftxfcgy","time":1613837093,"event":{"mods":["BaseMod","Downfall","Minty Spire (QoL Compilation)","Poor People Problems","Relic Sorter","Relic Stats","Shop Mod","StSLib","SuperFastMode"],"gold_per_floor":[99,119,134,151,166,49,49,83,95,108,124,124,141,141,154,249,249,249,266,285,303,313,326,406,74,99,99,99,113,113,513,524,624,624,624,642,658,658,677,677,677,697,256,270,16,16,49,62,81,81,81,81],"floor_reached":50,"language":"ENG","playtime":8324,"items_purged":["hexamod:Strike","hexamod:Defend","hexamod:Defend+1","hexamod:BacktrackSmack+1"],"score":606,"play_id":"abfc5e67-56d7-43e8-a8ee-d62a45e81846","local_time":"20210220160453","is_ascension_mode":false,"campfire_choices":[{"data":"hexamod:Float","floor":1,"key":"SMITH"},{"data":"hexamod:SwordOfDarkness","floor":12,"key":"SMITH"},{"data":"hexamod:VolcanoVisage","floor":18,"key":"SMITH"},{"data":"hexamod:HeatShield","floor":27,"key":"SMITH"},{"data":"hexamod:ShieldOfDarkness","floor":30,"key":"SMITH"},{"data":"hexamod:CatchUp","floor":35,"key":"SMITH"},{"data":"hexamod:GhostOfSpirePresent","floor":46,"key":"SMITH"}],"circlet_count":0,"master_deck":["hexamod:Defend+1","hexamod:Sear+1","hexamod:Float+1","hexamod:FourthSeal","hexamod:NightmareGuise+1","hexamod:SpectersWail+1","hexamod:ExtraCrispy+1","hexamod:SwordOfDarkness+1","hexamod:ShieldOfDarkness+1","hexamod:PhantomFireball+1","hexamod:HeatShield+1","hexamod:CatchUp+1","hexamod:VolcanoVisage+1","hexamod:EtherealExpedition+1","hexamod:SpectralAdrenaline+1","hexamod:Hexaguard+1","hexamod:GhostShield+1","expansioncontent:StudyTheSpire+1","hexamod:Hexaguard+1","hexamod:WildfireWeapon+1","hexamod:GhostOfSpirePast+1","hexamod:BacktrackSmack+1","hexamod:SixthSeal","hexamod:TimeOfNeed+1","hexamod:RecurringNightmare+1","hexamod:FirstSeal","hexamod:HauntingEcho+1","hexamod:StepThrough","hexamod:GhostOfSpirePresent+1","hexamod:SearingWound","hexamod:ThirdSeal","hexamod:WildfireWeapon"],"relics":["hexamod:SpiritBrand","Omamori","InkBottle","hexamod:IceCube","Blue Candle","Ornamental Fan","Old Coin","Gremlin Horn","Astrolabe","Mummified Hand","War Paint","Kunai","hexamod:SoulConsumer","Nunchaku"],"acts_visited":["Exordium","TheCity","TheBeyond"],"potions_floor_usage":[5,5,8,9,10,15,16,20,21,29,31,31,31,33,45,50],"damage_taken":[{"damage":3,"enemies":"Small Slimes","floor":2,"turns":3},{"damage":1,"enemies":"Cultist","floor":3,"turns":3},{"damage":5,"enemies":"Jaw Worm","floor":4,"turns":4},{"damage":8,"enemies":"Lots of Slimes","floor":5,"turns":2},{"damage":0,"enemies":"downfall:FleeingMerchant","floor":6,"turns":4},{"damage":4,"enemies":"3 Sentries","floor":8,"turns":7},{"damage":0,"enemies":"2 Fungi Beasts","floor":9,"turns":2},{"damage":6,"enemies":"Exordium Wildlife","floor":10,"turns":4},{"damage":5,"enemies":"Exordium Thugs","floor":11,"turns":3},{"damage":0,"enemies":"Blue Slaver","floor":13,"turns":3},{"damage":0,"enemies":"Exordium Wildlife","floor":15,"turns":4},{"damage":11,"enemies":"SI_SHIV_ARCHETYPE","floor":16,"turns":8},{"damage":6,"enemies":"Spheric Guardian","floor":19,"turns":7},{"damage":5,"enemies":"3 Byrds","floor":20,"turns":5},{"damage":0,"enemies":"Centurion and Healer","floor":21,"turns":6},{"damage":2,"enemies":"Snake Plant","floor":22,"turns":5},{"damage":13,"enemies":"Shelled Parasite and Fungi","floor":23,"turns":5},{"damage":0,"enemies":"downfall:FleeingMerchant","floor":25,"turns":4},{"damage":0,"enemies":"Book of Stabbing","floor":26,"turns":6},{"damage":10,"enemies":"3 Cultists","floor":29,"turns":5},{"damage":15,"enemies":"Colosseum Nobs","floor":31,"turns":5},{"damage":0,"enemies":"Snecko","floor":32,"turns":4},{"damage":8,"enemies":"IC_MUSHROOM_ARCHETYPE","floor":33,"turns":6},{"damage":9,"enemies":"3 Shapes","floor":36,"turns":4},{"damage":3,"enemies":"Orb Walker","floor":37,"turns":4},{"damage":4,"enemies":"Sphere and 2 Shapes","floor":39,"turns":4},{"damage":0,"enemies":"Spire Growth","floor":42,"turns":5},{"damage":0,"enemies":"downfall:FleeingMerchant","floor":43,"turns":4},{"damage":0,"enemies":"Maw","floor":44,"turns":6},{"damage":0,"enemies":"downfall:FleeingMerchant","floor":45,"turns":4},{"damage":34,"enemies":"Nemesis","floor":47,"turns":7},{"damage":27,"enemies":"Writhing Mass","floor":48,"turns":5},{"damage":28,"enemies":"4 Shapes","floor":49,"turns":4},{"damage":38,"enemies":"DF_ARCHETYPE_ORBS","floor":50,"turns":5}],"seed_played":"-1597379701943015187","potions_obtained":[{"floor":3,"key":"Swift Potion"},{"floor":3,"key":"ColorlessPotion"},{"floor":5,"key":"sneckomod:MuddlingPotion"},{"floor":5,"key":"Fruit Juice"},{"floor":6,"key":"BlessingOfTheForge"},{"floor":8,"key":"AttackPotion"},{"floor":9,"key":"PowerPotion"},{"floor":10,"key":"Energy Potion"},{"floor":15,"key":"Fruit Juice"},{"floor":16,"key":"PowerPotion"},{"floor":16,"key":"Energy Potion"},{"floor":20,"key":"SkillPotion"},{"floor":21,"key":"hexamod:InfernoChargePotion"},{"floor":23,"key":"hexamod:DoubleChargePotion"},{"floor":29,"key":"ColorlessPotion"},{"floor":32,"key":"DistilledChaos"},{"floor":33,"key":"AttackPotion"},{"floor":36,"key":"sneckomod:MuddlingPotion"},{"floor":37,"key":"SpeedPotion"},{"floor":39,"key":"GamblersBrew"},{"floor":42,"key":"hexamod:InfernoChargePotion"},{"floor":42,"key":"LiquidMemories"},{"floor":44,"key":"hexamod:InfernoChargePotion"},{"floor":45,"key":"SpeedPotion"}],"is_trial":false,"path_per_floor":["R","M","M","M","M","$","T","E","M","M","M","R","M","?","M","B",null,"R","M","M","M","M","M","T","$","E","R","?","M","R","?","M","B",null,"R","M","M","?","M","?","T","M","$","M","$","R","E","M","M","B"],"character_chosen":"THE_SPIRIT","items_purchased":["hexamod:SwordOfDarkness","expansioncontent:StudyTheSpire","hexamod:Hexaguard","hexamod:HauntingEcho","Kunai","hexamod:GhostOfSpirePresent","hexamod:SoulConsumer"],"campfire_rested":0,"item_purchase_floors":[6,25,25,43,43,45,45],"current_hp_per_floor":[77,74,73,68,65,65,65,61,61,55,50,50,50,50,55,44,87,87,81,76,76,74,61,61,61,61,61,61,51,51,36,36,28,87,87,78,82,82,85,85,85,87,87,87,87,87,64,48,31,0,0,0],"gold":81,"neow_bonus":"TEN_PERCENT_HP_BONUS","is_daily":false,"chose_seed":false,"campfire_upgraded":7,"win_rate":0.0,"timestamp":1613837093,"path_taken":["R","M","M","M","M","$","T","E","M","M","M","R","M","?","M","BOSS","R","M","M","M","M","?","T","$","E","R","?","?","R","?","M","BOSS","R","M","M","?","M","?","T","M","$","M","$","R","E","M","M","BOSS"],"items_purchased_type":["Card","Card","Card","Card","Relic","Card","Relic"],"build_version":"2020-12-22","purchased_purges":4,"victory":false,"max_hp_per_floor":[77,77,77,77,82,82,82,82,82,82,82,82,82,82,87,87,87,87,87,87,87,87,87,87,87,87,87,87,87,87,87,87,87,87,87,87,87,87,87,87,87,87,87,87,87,87,87,87,87,87,87,87],"relic_stats":{"Nunchaku":[2],"Gremlin Horn":[9,9],"counters":[34,157],"Ornamental Fan":[52],"Mummified Hand":[89],"Blue Candle":[0],"Astrolabe":["hexamod:BacktrackSmack","hexamod:TimeOfNeed","hexamod:RecurringNightmare"],"Kunai":[5],"War Paint":["hexamod:NightmareGuise","hexamod:Defend"],"obtain_stats":[{"Gremlin Horn":31,"Blue Candle":24,"Astrolabe":34,"Omamori":7,"War Paint":41,"Old Coin":31,"Nunchaku":47,"Ornamental Fan":26,"Mummified Hand":38,"Kunai":43,"hexamod:SoulConsumer":45,"hexamod:SpiritBrand":0,"InkBottle":8,"hexamod:IceCube":17},{"Gremlin Horn":21,"Blue Candle":17,"Astrolabe":23,"Omamori":5,"War Paint":26,"Old Coin":21,"Nunchaku":31,"Ornamental Fan":19,"Mummified Hand":25,"Kunai":28,"hexamod:SoulConsumer":30,"hexamod:SpiritBrand":0,"InkBottle":6,"hexamod:IceCube":12},{"Gremlin Horn":95,"Blue Candle":75,"Astrolabe":105,"Omamori":16,"War Paint":117,"Old Coin":95,"Nunchaku":143,"Ornamental Fan":85,"Mummified Hand":113,"Kunai":126,"hexamod:SoulConsumer":136,"hexamod:SpiritBrand":0,"InkBottle":23,"hexamod:IceCube":47}],"InkBottle":[64]},"card_choices":[{"not_picked":["hexamod:SwordOfDarkness","hexamod:RadiantFlame"],"picked":"hexamod:FourthSeal","floor":2},{"not_picked":["hexamod:RetreatToShadows","hexamod:HeatMetal","hexamod:ExtraCrispy"],"picked":"SKIP","floor":3},{"not_picked":["hexamod:FourthSeal","hexamod:SkipABeat"],"picked":"hexamod:NightmareGuise","floor":4},{"not_picked":["hexamod:SpectralAdrenaline","hexamod:Incineration"],"picked":"hexamod:SpectersWail","floor":5},{"not_picked":["hexamod:NightmareGuise","hexamod:NecessarySacrifice"],"picked":"hexamod:ExtraCrispy","floor":6},{"not_picked":["hexamod:BacktrackSmack","hexamod:HauntingEcho"],"picked":"hexamod:ShieldOfDarkness","floor":8},{"not_picked":["hexamod:HauntingEcho","hexamod:NecessarySacrifice"],"picked":"hexamod:PhantomFireball","floor":9},{"not_picked":["hexamod:SwordOfDarkness","hexamod:SpectersWail","hexamod:AdvancingGuard"],"picked":"SKIP","floor":10},{"not_picked":["hexamod:GhostShield","hexamod:HauntingEcho","hexamod:SpectersWail"],"picked":"SKIP","floor":11},{"not_picked":["hexamod:SpectersWail","hexamod:HauntingEcho","hexamod:GhostLash"],"picked":"SKIP","floor":13},{"not_picked":["hexamod:ThermalTransfer","hexamod:HeatCrush"],"picked":"hexamod:CatchUp","floor":15},{"not_picked":["hexamod:SixthSeal","hexamod:UnlimitedPower"],"picked":"hexamod:VolcanoVisage","floor":16},{"not_picked":["hexamod:NightmareGuise","hexamod:ShieldOfDarkness","hexamod:Firestarter+1"],"picked":"SKIP","floor":19},{"not_picked":["hexamod:HauntingEcho+1","hexamod:Firestarter+1","hexamod:GhostLash+1"],"picked":"SKIP","floor":20},{"not_picked":["hexamod:ThermalTransfer","hexamod:Again"],"picked":"hexamod:EtherealExpedition+1","floor":21},{"not_picked":["hexamod:SkipABeat","hexamod:BurningTouch"],"picked":"hexamod:SpectralAdrenaline+1","floor":22},{"not_picked":["hexamod:InspiringFlames","hexamod:Haunt"],"picked":"hexamod:Hexaguard","floor":23},{"not_picked":["hexamod:PhantomFireball","hexamod:BurningTouch"],"picked":"hexamod:GhostShield","floor":25},{"not_picked":["hexamod:ShieldOfDarkness","hexamod:CatchUp+1"],"picked":"hexamod:WildfireWeapon","floor":26},{"not_picked":["hexamod:ChargedBarrage","hexamod:PhantomCloak"],"picked":"hexamod:GhostOfSpirePast","floor":29},{"not_picked":["hexamod:NightmareStrike","hexamod:ChargedBarrage"],"picked":"hexamod:BacktrackSmack+1","floor":31},{"not_picked":["hexamod:Haunt+1","hexamod:ThermalTransfer","hexamod:NightmareStrike+1"],"picked":"SKIP","floor":32},{"not_picked":["hexamod:FifthSeal","hexamod:GhostOfSpirePresent"],"picked":"hexamod:SixthSeal","floor":33},{"not_picked":["hexamod:Haunt+1","hexamod:NightmareStrike+1"],"picked":"hexamod:FirstSeal","floor":36},{"not_picked":["hexamod:Firestarter","hexamod:DynamicBlow+1","hexamod:GhostShield"],"picked":"SKIP","floor":37},{"not_picked":["hexamod:ThermalTransfer","hexamod:ShieldOfDarkness","hexamod:InspiringFlames+1"],"picked":"SKIP","floor":39},{"not_picked":["hexamod:HeatMetal","hexamod:ShieldOfDarkness","hexamod:DynamicBlow"],"picked":"SKIP","floor":42},{"not_picked":["hexamod:GhostOfSpireFuture+1","hexamod:RecurringNightmare+1","hexamod:SpectralAdrenaline+1"],"picked":"SKIP","floor":43},{"not_picked":["hexamod:InspiringFlames","hexamod:FirstSeal"],"picked":"hexamod:StepThrough","floor":44},{"not_picked":["hexamod:HeatMetal+1","hexamod:Hexaguard","hexamod:BacktrackSmack+1"],"picked":"SKIP","floor":45},{"not_picked":["hexamod:ShieldOfDarkness","hexamod:NightmareGuise"],"picked":"hexamod:SearingWound","floor":47},{"not_picked":["hexamod:GhostShield","hexamod:HauntingEcho"],"picked":"hexamod:ThirdSeal","floor":48},{"not_picked":["hexamod:HauntingEcho","hexamod:SpectersWail"],"picked":"hexamod:WildfireWeapon","floor":49},{"not_picked":["hexamod:ChargedBarrage","hexamod:ShieldOfDarkness","hexamod:NightmareGuise+1"],"picked":"SKIP","floor":49}],"player_experience":400572,"relics_obtained":[{"floor":7,"key":"Omamori"},{"floor":8,"key":"InkBottle"},{"floor":24,"key":"Blue Candle"},{"floor":26,"key":"Ornamental Fan"},{"floor":31,"key":"Old Coin"},{"floor":31,"key":"Gremlin Horn"},{"floor":38,"key":"Mummified Hand"},{"floor":41,"key":"War Paint"},{"floor":47,"key":"Nunchaku"}],"event_choices":[{"damage_healed":0,"gold_gain":0,"player_choice":"Got Potions","damage_taken":0,"max_hp_gain":0,"max_hp_loss":0,"event_name":"Lab","floor":28,"gold_loss":0}],"is_beta":false,"boss_relics":[{"not_picked":["Runic Dome","Busted Crown"],"picked":"hexamod:IceCube"},{"not_picked":["Sozu","Black Star"],"picked":"Astrolabe"}],"items_purged_floors":[6,25,43,45],"is_endless":false,"potions_floor_spawned":[3,5,8,9,10,16,19,26,29,32,39,42,44,48,49],"killed_by":"DF_ARCHETYPE_ORBS","ascension_level":0}}