{"host":"ox77rn1xcurm2t5a","time":1613856327,"event":{"mods":["2.2 Compatiblity","AchievementEnabler","Act Like it!","Aspiration","BaseMod","Best Route Mod","Better Match","Better Note","Better Sensory Stone","Block Reminder","Colored Map","Colored Powertips","Conjunction","Conspire","Custom Start","Energized Spire","GifTheSpireLib","Gold Saver","Gremlin Skip","Halation","Highlight Path","Hubris","Infinite Spire","Minty Spire (QoL Compilation)","Pale of the Ancients","Quick Restart","Reliquary","Replay The Spire","Reworked Bosses","ShortenTheSpire","Spire Exporter","StSLib","Stuff the Spire","Wandering Minibosses"],"gold_per_floor":[167,186,11,11,11,36,36,36,61,61,77,77,3299,3324,3324,3420,3420,3431,3356,3356,2641,2641,2641,2670,2689,2689,2689,2721,2721,2756,2756,2756,2851,2851,2868,2868,2878,2878,2878,2878,2911,2929,2929,2929,2945,2399,2399,2432,2432,2432,2432,2432,2137,2163,2163,2163],"floor_reached":55,"language":"ENG","playtime":1353,"items_purged":["Strike_R","Strike_R","Strike_R","Strike_R"],"score":1247,"play_id":"5b808605-374f-4283-acc7-171c07b652ec","local_time":"20210220232527","is_ascension_mode":true,"campfire_choices":[{"floor":7.0,"key":"RECALL"},{"data":"Bash","floor":10.0,"key":"SMITH"},{"data":"StuffTheSpire:Innocence","floor":12.0,"key":"SMITH"},{"data":"Thunderclap","floor":15.0,"key":"SMITH"},{"data":"Demon Form","floor":23.0,"key":"SMITH"},{"data":"Metallicize","floor":27.0,"key":"SMITH"},{"data":"infinitespire:Gouge","floor":32.0,"key":"SMITH"},{"data":"Berserk","floor":40.0,"key":"SMITH"},{"data":"Disarm","floor":49.0,"key":"SMITH"},{"data":"Uppercut","floor":52,"key":"SMITH"}],"circlet_count":0,"master_deck":["Defend_R","Defend_R","Defend_R","Bash+1","Thunderclap+1","conspire:HitWhereItHurts+1","StuffTheSpire:Innocence+1","conspire:Banana","Demon Form+1","Sword Boomerang+1","Metallicize+1","Twin Strike","Clash","infinitespire:Gouge+1","Pummel+1","Berserk+1","Clash","Headbutt+1","Twin Strike+1","Uppercut+1","Disarm","Disarm+1","Thunderclap+1"],"relics":["Burning Blood","NeowsBlessing","Replay:Rubber Ducky","Lantern","Happy Flower","Gremlin Horn","Replay:WaspNest","Nunchaku","reliquary:RustamsPendant","Ancient Tea Set","Centennial Puzzle","conspire:TreasureMap","reliquary:SilkGlove","Ornamental Fan","infinitespire:Cupcake","reliquary:BrokenClock","Replay:Wax Seal","Sozu","StuffTheSpire:CocoNut","conspire:Dentures","Red Skull","CaptainsWheel","Replay:Kaleidoscope","reliquary:PurpleTingedLeaf","hubris:SlimyHat","aspiration:TomeofQuesting"],"acts_visited":["Exordium","TheCity","TheBeyond","TheEnding"],"potions_floor_usage":[],"damage_taken":[{"damage":0.0,"enemies":"Small Slimes","floor":1.0,"turns":1.0},{"damage":0.0,"enemies":"2 Louse","floor":2.0,"turns":1.0},{"damage":0.0,"enemies":"Lagavulin","floor":6.0,"turns":1.0},{"damage":1.0,"enemies":"Jaw Worm","floor":11.0,"turns":2.0},{"damage":1.0,"enemies":"Gremlin Nob","floor":14.0,"turns":3.0},{"damage":50.0,"enemies":"Hexaghost","floor":16.0,"turns":9.0},{"damage":5.0,"enemies":"Shell Parasite","floor":18.0,"turns":4.0},{"damage":9.0,"enemies":"Nightmare","floor":24.0,"turns":7.0},{"damage":10.0,"enemies":"2 Thieves","floor":25.0,"turns":4.0},{"damage":0.0,"enemies":"Replay:Snechameleon","floor":28.0,"turns":5.0},{"damage":2.0,"enemies":"Slavers","floor":30.0,"turns":5.0},{"damage":11.0,"enemies":"bossMod:newChamp","floor":33.0,"turns":7.0},{"damage":8.0,"enemies":"3 Darklings","floor":35.0,"turns":3.0},{"damage":0.0,"enemies":"Orb Walker","floor":37.0,"turns":2.0},{"damage":80.0,"enemies":"Nemesis","floor":41.0,"turns":7.0},{"damage":5.0,"enemies":"Spire Growth","floor":42.0,"turns":4.0},{"damage":0.0,"enemies":"Sphere and 2 Shapes","floor":45.0,"turns":3.0},{"damage":21.0,"enemies":"R_Hoarder","floor":48.0,"turns":5.0},{"damage":25.0,"enemies":"bossMod:newShapes","floor":50.0,"turns":5.0},{"damage":17,"enemies":"Shield and Spear","floor":54,"turns":5},{"damage":76,"enemies":"The Heart","floor":55,"turns":5}],"seed_played":"8455658483845889293","potions_obtained":[{"floor":6.0,"key":"Swift Potion"},{"floor":16.0,"key":"Dexterity Potion"},{"floor":18.0,"key":"BloodPotion"},{"floor":30.0,"key":"SpeedPotion"}],"is_trial":false,"path_per_floor":["M","M","$","?","?","E","R","?","T","R","M","R","$","E","R","B",null,"M","?","?","$","?","R","NM","M","T","R","E","AVR","E","$","R","B",null,"M","?","M","?","T","R","E","M","T","AVR","M","$","?","E","R","B",null,"R","$","E","B"],"character_chosen":"IRONCLAD","items_purchased":["Thunderclap","Replay:Rubber Ducky","Gremlin Horn","Replay:WaspNest","conspire:Banana","Adrenaline Potion","AttackPotion","Ancient Tea Set","Centennial Puzzle","conspire:TreasureMap","LifebloodPotion","Metallicize","Twin Strike","Replay:Kaleidoscope","Uppercut","Disarm","hubris:SlimyHat","aspiration:TomeofQuesting"],"campfire_rested":0,"item_purchase_floors":[3,3,13,13,13,13,13,21,21,21,21,21,21,46,46,46,53,53],"current_hp_per_floor":[78,80,80,80,80,80,80,73,73,73,78,78,78,81,81,38,71,73,73,73,73,73,73,71,68,68,68,75,75,80,80,80,76,85,84,84,90,90,97,97,43,45,45,45,52,52,52,38,38,21,82,82,82,73,0,0],"gold":2163,"neow_bonus":"THREE_ENEMY_KILL","is_daily":false,"chose_seed":false,"campfire_upgraded":9,"win_rate":0.0,"timestamp":1613856327,"path_taken":["M","M","$","?","?","E","R","?","T","R","M","R","?","E","R","BOSS","M","?","?","$","?","R","NM","?","T","R","E","AVR","E","?","R","BOSS","M","?","?","?","?","R","E","M","T","AVR","M","$","?","E","R","BOSS","R","$","E","BOSS"],"items_purchased_type":["Card","Relic","Relic","Relic","Card","Potion","Potion","Relic","Relic","Relic","Potion","Card","Card","Relic","Card","Card","Relic","Relic"],"build_version":"2020-12-22","purchased_purges":4,"victory":false,"max_hp_per_floor":[80,80,80,80,80,80,80,80,80,80,80,80,80,81,81,82,82,83,83,83,83,83,83,84,85,85,85,86,86,87,87,87,88,88,89,89,90,90,97,97,98,99,99,99,100,100,100,101,101,102,102,102,102,103,104,104],"card_choices":[{"not_picked":["Replay:Undeath\u0027s Touch","Warcry","ReplayReversal"],"picked":"SKIP","floor":1.0},{"not_picked":["Life Link","conspire:Charge","ReplayTheSpireMod:LeadingStrike"],"picked":"SKIP","floor":2.0},{"not_picked":["Headbutt","Run Through","Feel No Pain"],"picked":"SKIP","floor":6.0},{"not_picked":["Armaments","Wild Strike","conspire:ExplosiveBarrier"],"picked":"SKIP","floor":11.0},{"not_picked":["conspire:Charge","Flex","StuffTheSpire:BloodClot"],"picked":"SKIP","floor":14.0},{"not_picked":["conspire:Charge","Flex","StuffTheSpire:BloodClot"],"picked":"SKIP","floor":14.0},{"not_picked":["Berserk","conspire:Purge"],"picked":"Demon Form","floor":16.0},{"not_picked":["Carnage+1","StuffTheSpire:Slingshot","True Grit"],"picked":"SKIP","floor":18.0},{"not_picked":["Havoc+1","Flex+1"],"picked":"Sword Boomerang+1","floor":19.0},{"not_picked":["Sword Boomerang","StuffTheSpire:Incineration","StuffTheSpire:TitanForm"],"picked":"SKIP","floor":24.0},{"not_picked":["Wild Strike+1","Searing Blow","Headbutt"],"picked":"SKIP","floor":25.0},{"not_picked":["Heavy Blade","Clothesline"],"picked":"Clash","floor":28.0},{"not_picked":["Battle Trance","Warcry"],"picked":"Pummel+1","floor":30.0},{"not_picked":["Exhume","Brutality"],"picked":"Berserk","floor":33.0},{"not_picked":["True Grit+1","Entrench+1"],"picked":"Clash","floor":35.0},{"not_picked":["Cleave","Evolve"],"picked":"Headbutt+1","floor":37.0},{"not_picked":["ReplayTheSpireMod:Strike From Hell","StuffTheSpire:RockThrow"],"picked":"Twin Strike+1","floor":41.0},{"not_picked":["Dark Embrace","Havoc+1","Entrench+1"],"picked":"SKIP","floor":42.0},{"not_picked":["Shockwave","Reckless Charge","Twin Strike"],"picked":"SKIP","floor":45.0},{"not_picked":["Bludgeon","Fire Breathing","conspire:ExplosiveBarrier"],"picked":"SKIP","floor":48.0},{"not_picked":["Havoc","Dual Wield+1"],"picked":"Thunderclap+1","floor":54}],"player_experience":3220393,"relics_obtained":[{"floor":6.0,"key":"Lantern"},{"floor":9.0,"key":"Happy Flower"},{"floor":14.0,"key":"Nunchaku"},{"floor":24.0,"key":"reliquary:SilkGlove"},{"floor":28.0,"key":"Ornamental Fan"},{"floor":30.0,"key":"Replay:Wax Seal"},{"floor":39.0,"key":"StuffTheSpire:CocoNut"},{"floor":41.0,"key":"conspire:Dentures"},{"floor":43.0,"key":"Red Skull"},{"floor":48.0,"key":"reliquary:PurpleTingedLeaf"}],"event_choices":[{"damage_healed":0.0,"max_hp_gain":0.0,"max_hp_loss":0.0,"gold_gain":1.0,"event_name":"betterStone:BetterStone","player_choice":"1","floor":4.0,"gold_loss":0.0,"damage_taken":0.0},{"damage_healed":0.0,"max_hp_gain":0.0,"max_hp_loss":0.0,"gold_gain":0.0,"event_name":"betterMatch:BetterMatch","player_choice":"2","floor":19.0,"gold_loss":0.0,"damage_taken":0.0,"cards_obtained":["betterMatch:CommonCard"]},{"damage_healed":0.0,"max_hp_gain":0.0,"max_hp_loss":0.0,"gold_gain":0.0,"event_name":"betterNote:BetterNote","player_choice":"Ignored","floor":20.0,"gold_loss":0.0,"damage_taken":0.0,"cards_obtained":["Strike_P"]},{"damage_healed":0.0,"max_hp_gain":0.0,"max_hp_loss":0.0,"gold_gain":0.0,"event_name":"Lab","player_choice":"Got Potions","floor":36.0,"gold_loss":0.0,"damage_taken":0.0},{"cards_removed":["Strike_R"],"damage_healed":0.0,"max_hp_gain":0.0,"max_hp_loss":0.0,"gold_gain":0.0,"event_name":"Falling","player_choice":"Removed Attack","floor":38.0,"gold_loss":0.0,"damage_taken":0.0}],"is_beta":false,"boss_relics":[{"not_picked":["energizedSpire:OgreHead","halation:Risk"],"picked":"reliquary:RustamsPendant"},{"not_picked":["energizedSpire:HugeHouse","SacredBark"],"picked":"Sozu"}],"items_purged_floors":[13,21,44,46],"is_endless":false,"potions_floor_spawned":[6,14,16,18,24,30,37,45,54],"killed_by":"The Heart","ascension_level":9}}