{"host":"yajbwjoofeeg2olc","time":1613821072,"event":{"mods":["A Magickal Journey","AchievementEnabler","Aspiration","Bard","BaseMod","Beaked The Cultist","Better Altar","Better Match","Better Note","Better Sensory Stone","Better Skull","Better Third Choice","BetterRewards","CCEM2","Clockwork Mod","Colored Map","Colored Powertips","Conspire","GifTheSpireLib","Gremlin Mod","GungeonMod","Halation","Hermit","Highlight Path","Hubris","Hunter ??","Jedi Mod","Jorbs\u0027s Wanderer Trilogy","Mad Scientist","Magitek Elite","Marisa????????","Mimic Mod","Minty Spire (QoL Compilation)","Permanent Neow","Replay The Spire","Robot Space Explorer","Shade Mod","Shapeshifter Mod","Shop Mod","Spicy Shops","StSLib","Stuff the Spire","The Administrix","The Animator","The Blackbeard","The Bug Knight","The Construct","The Cursed","The Death Knight","The Disciple","The Exalted","The Forsaken","The Marked","The Mystic","The Necromancer","The Problem Sleuth","The Runesmith","The Servant 0.9.4","The Spell Scribe","The Witch","TheHero"],"gold_per_floor":[111,157,175,194,211,244,264,283,309,325,325,360,374,474,474,574,574,588,588,588,602,602,633,633,651,728,744,775,788,805,823,823,927,927,939,939,509,523,523,523,523],"floor_reached":40,"language":"ENG","playtime":4387,"items_purged":[],"score":694,"play_id":"5c96dd30-de20-4d99-8ddd-f05e4ed9d620","local_time":"20210220113752","is_ascension_mode":false,"campfire_choices":[{"data":"Shade:Carnophage","floor":11.0,"key":"SMITH"},{"data":"Shade:FreshBones","floor":15.0,"key":"SMITH"},{"data":"Shade:LichForm","floor":24.0,"key":"SMITH"},{"data":"Shade:Putrefaction","floor":32.0,"key":"SMITH"}],"circlet_count":0,"master_deck":["Shade:Strike_Shade","Shade:Strike_Shade","Shade:Strike_Shade","Shade:Strike_Shade","Shade:Defend_Shade","Shade:Defend_Shade","Shade:Defend_Shade","Shade:AnimateDead","Shade:CarefulCut","Shade:Brains","Shade:Bite_Shade","Shade:Bite_Shade","Shade:SpectralStrikes+1","Shade:Carnophage+1","Shade:FleshToFlesh","Shade:AblativeArmor","Shade:FleshOffering","Shade:WallOfFlesh","Shade:FreshBones+1","Shade:ScuttlingHand","Shade:LichForm+1","Shade:SanguineRitual+1","Shade:SkeletonArmy+1","Shade:Putrefaction+1","Shade:Doomsay+1","Shade:SensePrey+1","Shade:LoseControl+1","Shade:CommandSoldier+1"],"relics":["Shade:YorickSkull","ClockworkSouvenir","conspire:Flyswatter","Dream Catcher","halation:SelfBoilingWater","halation:LoveArrow","aspiration:EmptySkull","RobotSpaceExplorer:TurboCore","StuffTheSpire:OldFever","Toxic Egg 2","Bromod:ArcaneUltimatum","Replay:Drink Me","hubris:Icosahedron","Membership Card","CCEMRelics:TechnogenicHelmet","CCEMRelics:SoftDrink","CCEMRelics:JestersCrown"],"acts_visited":["Exordium","TheCity","TheBeyond"],"potions_floor_usage":[40],"damage_taken":[{"damage":0.0,"enemies":"Cultist","floor":1.0,"turns":3.0},{"damage":8.0,"enemies":"2 Louse","floor":3.0,"turns":3.0},{"damage":1.0,"enemies":"Jaw Worm","floor":4.0,"turns":5.0},{"damage":10.0,"enemies":"Red Slaver","floor":5.0,"turns":5.0},{"damage":14.0,"enemies":"3 Sentries","floor":6.0,"turns":12.0},{"damage":0.0,"enemies":"3 Louse","floor":7.0,"turns":4.0},{"damage":0.0,"enemies":"Looter","floor":8.0,"turns":4.0},{"damage":0.0,"enemies":"Blue Slaver","floor":10.0,"turns":6.0},{"damage":11.0,"enemies":"Gremlin Nob","floor":12.0,"turns":5.0},{"damage":0.0,"enemies":"Exordium Thugs","floor":13.0,"turns":4.0},{"damage":0.0,"enemies":"Hexaghost","floor":16.0,"turns":16.0},{"damage":11.0,"enemies":"Shell Parasite","floor":18.0,"turns":10.0},{"damage":3.0,"enemies":"conspire:FuzzyDice","floor":21.0,"turns":6.0},{"damage":2.0,"enemies":"HollowMod:Nosk","floor":23.0,"turns":5.0},{"damage":2.0,"enemies":"Snake Plant","floor":25.0,"turns":2.0},{"damage":3.0,"enemies":"Centurion and Healer","floor":27.0,"turns":5.0},{"damage":1.0,"enemies":"conspire:SneckoGhost","floor":28.0,"turns":5.0},{"damage":2.0,"enemies":"conspire:HollyBat","floor":29.0,"turns":6.0},{"damage":0.0,"enemies":"Snecko","floor":30.0,"turns":3.0},{"damage":6.0,"enemies":"Sentry and Sphere","floor":31.0,"turns":4.0},{"damage":33.0,"enemies":"Collector","floor":33.0,"turns":6.0},{"damage":4,"enemies":"3 Darklings","floor":35,"turns":4},{"damage":3,"enemies":"Orb Walker","floor":38,"turns":3},{"damage":53,"enemies":"Reptomancer","floor":40,"turns":2}],"seed_played":"-3518733840093228957","potions_obtained":[{"floor":2.0,"key":"Toxic Potion"},{"floor":3.0,"key":"FearPotion"},{"floor":6.0,"key":"Adrenaline Potion"},{"floor":8.0,"key":"DeathKnight:RimePotion"},{"floor":13.0,"key":"Block Potion"},{"floor":16.0,"key":"Weak Potion"},{"floor":18.0,"key":"Explosive Potion"},{"floor":27.0,"key":"Adrenaline Potion"},{"floor":28.0,"key":"ColorlessPotion"},{"floor":30.0,"key":"Strength Potion"},{"floor":33.0,"key":"LiquidMemories"}],"is_trial":false,"path_per_floor":["M","?","M","M","M","E","M","M","T","M","R","E","M","?","R","B",null,"M","?","?","M","?","E","R","M","T","M","E","M","M","M","R","B",null,"M","?","$","M","?","E"],"character_chosen":"SHADE","items_purchased":["Shade:Brains","Shade:Bite_Shade","ClockworkSouvenir","Shade:SpectralStrikes","Membership Card","CCEMRelics:TechnogenicHelmet","CCEMRelics:SoftDrink","CCEMRelics:JestersCrown"],"campfire_rested":0,"item_purchase_floors":[0,0,0,0,37,37,37,37],"current_hp_per_floor":[65,49,43,48,42,38,44,46,46,50,50,43,47,47,47,57,65,58,58,49,48,48,49,49,47,47,46,47,47,49,43,43,12,37,33,33,33,32,32,0,0],"gold":523,"neow_bonus":"","is_daily":false,"chose_seed":false,"campfire_upgraded":4,"win_rate":0.0,"timestamp":1613821072,"path_taken":["M","?","?","M","M","E","M","M","T","M","R","E","M","?","R","BOSS","M","?","?","M","?","E","R","?","T","?","E","M","?","M","R","BOSS","M","?","$","M","?","E"],"items_purchased_type":["Card","Card","Relic","Card","Relic","Relic","Relic","Relic"],"build_version":"2020-12-22","purchased_purges":0,"victory":false,"max_hp_per_floor":[65,65,65,65,65,65,65,65,65,65,65,65,65,65,65,65,65,65,65,49,49,49,49,49,49,49,49,49,49,49,49,49,49,37,37,37,37,37,37,37,37],"card_choices":[{"not_picked":["Shade:Frenzy","Shade:CallWraith","Shade:Haruspicy"],"picked":"SKIP","floor":1.0},{"not_picked":["Shade:FleshToFlesh","Shade:FingerOfDeath"],"picked":"Shade:Carnophage","floor":2.0},{"not_picked":["Shade:Premonition","Shade:ExtraLimbs","Shade:Patience"],"picked":"SKIP","floor":3.0},{"not_picked":["Shade:Frenzy","Shade:GreyBargain"],"picked":"Shade:FleshToFlesh","floor":4.0},{"not_picked":["Shade:FleshToFlesh","Shade:ClawBack"],"picked":"Shade:AblativeArmor","floor":5.0},{"not_picked":["Shade:Tombstone","Shade:CloudOfShrapnel"],"picked":"Shade:FingerOfDeath","floor":6.0},{"not_picked":["Shade:FingerOfDeath","Shade:Brains"],"picked":"Shade:FleshOffering","floor":7.0},{"not_picked":["Shade:GreyBargain","Shade:FuneraryArmor"],"picked":"Shade:WallOfFlesh","floor":8.0},{"not_picked":["Shade:Brains","Shade:BoneShards"],"picked":"Shade:FreshBones","floor":10.0},{"not_picked":["Shade:CommandSoldier","Shade:FreshBones"],"picked":"Shade:ScuttlingHand","floor":12.0},{"not_picked":["Shade:SoulPierce","Shade:Bite_Shade","Shade:PressTheAttack"],"picked":"SKIP","floor":13.0},{"not_picked":["Shade:OneIsEnough","Shade:OfferingToTheBeyond"],"picked":"Shade:LichForm","floor":16.0},{"not_picked":["Shade:AncientSpear","Shade:Bonestorm+1"],"picked":"Shade:SanguineRitual+1","floor":18.0},{"not_picked":["Shade:CoffinDance+1","Shade:Carnophage","Shade:GraveStillness"],"picked":"SKIP","floor":21.0},{"not_picked":["Shade:Bonestorm","Shade:AncientSpear"],"picked":"Shade:SkeletonArmy+1","floor":23.0},{"not_picked":["Shade:ExtraLimbs","Shade:Haruspicy"],"picked":"Shade:Putrefaction","floor":25.0},{"not_picked":["Shade:Premonition+1","Shade:Bonestorm+1"],"picked":"Shade:CallOfTheGrave","floor":27.0},{"not_picked":["Shade:FingerOfDeath","Shade:Trample+1"],"picked":"Shade:Doomsay+1","floor":28.0},{"not_picked":["Shade:BoneShards","Shade:DangerousRitual"],"picked":"Shade:SensePrey+1","floor":29.0},{"not_picked":["Shade:MadHubris+1","Shade:SpontaneousRitual","Shade:FuneraryArmor+1"],"picked":"SKIP","floor":30.0},{"not_picked":["Shade:SkeletonHug","Shade:Trample","Shade:FingerOfDeath+1"],"picked":"SKIP","floor":31.0},{"not_picked":["Shade:MadHubris+1","Shade:DarkOfNight+1"],"picked":"Shade:LoseControl+1","floor":33.0},{"not_picked":["Shade:SanguineRitual+1","Shade:CallWraith+1"],"picked":"Shade:CommandSoldier+1","floor":35},{"not_picked":["Shade:AncientSpear+1","Shade:Doomsay+1","Shade:Premonition+1"],"picked":"SKIP","floor":38}],"player_experience":280936,"relics_obtained":[{"floor":2.0,"key":"conspire:Flyswatter"},{"floor":6.0,"key":"Dream Catcher"},{"floor":12.0,"key":"halation:SelfBoilingWater"},{"floor":19.0,"key":"aspiration:EmptySkull"},{"floor":23.0,"key":"StuffTheSpire:OldFever"},{"floor":26.0,"key":"Toxic Egg 2"},{"floor":28.0,"key":"Bromod:ArcaneUltimatum"}],"event_choices":[{"damage_healed":0.0,"max_hp_gain":0.0,"max_hp_loss":0.0,"gold_gain":100.0,"event_name":"Golden Shrine","player_choice":"Pray","floor":14.0,"gold_loss":0.0,"damage_taken":0.0},{"damage_healed":0.0,"max_hp_gain":0.0,"max_hp_loss":0.0,"gold_gain":0.0,"event_name":"Wheel of Change","player_choice":"Relic","floor":19.0,"gold_loss":0.0,"damage_taken":0.0},{"damage_healed":0.0,"max_hp_gain":0.0,"max_hp_loss":0.0,"gold_gain":0.0,"event_name":"Upgrade Shrine","player_choice":"Upgraded","floor":22.0,"gold_loss":0.0,"damage_taken":0.0,"cards_upgraded":["Shade:SpectralStrikes"]},{"damage_healed":0,"gold_gain":0,"player_choice":"Ignored","damage_taken":0,"max_hp_gain":0,"max_hp_loss":0,"event_name":"Tomb of Lord Red Mask","floor":39,"gold_loss":0}],"is_beta":false,"boss_relics":[{"not_picked":["hubris:HollowSoul","hubris:GrandSneckoEye"],"picked":"halation:LoveArrow"},{"not_picked":["theForsaken:PaleLantern","ChewingGum"],"picked":"Replay:Drink Me"}],"items_purged_floors":[],"is_endless":false,"potions_floor_spawned":[3,6,8,10,13,16,18,27,28,30,33],"killed_by":"Reptomancer","ascension_level":0}}