{"host":"ovivighfa421z0zp","time":1613842095,"event":{"mods":["BaseMod","Colored Map","DeckTracker","Keyboard Shortcuts","Minty Spire (QoL Compilation)","Permanent Neow","Quick Restart","Replay The Spire","StSLib","SuperFastMode","The Cursed"],"gold_per_floor":[119,133,4,15,15,45,56,56,56,72,89,100,100,100,100,231,231,251,231,9,9,9],"floor_reached":21,"language":"KOR","playtime":1073,"items_purged":["TheCursedMod:Strike_TheCursed"],"score":275,"play_id":"30b9d181-2fbe-43c3-bd64-5857826931c8","local_time":"20210221022815","is_ascension_mode":true,"campfire_choices":[{"floor":8,"key":"REST"},{"data":"TheCursedMod:ManaBullet","floor":13,"key":"SMITH"},{"data":"TheCursedMod:CleanUpWorkshop","floor":15,"key":"SMITH"}],"circlet_count":0,"master_deck":["AscendersBane","TheCursedMod:Strike_TheCursed","TheCursedMod:Strike_TheCursed","TheCursedMod:Strike_TheCursed","TheCursedMod:Defend_TheCursed","TheCursedMod:Defend_TheCursed","TheCursedMod:Defend_TheCursed","TheCursedMod:Defend_TheCursed","TheCursedMod:CursedWand","TheCursedMod:CleanUpWorkshop+1","TheCursedMod:Dregs","TheCursedMod:NeowsMight","TheCursedMod:TroublousMinions","TheCursedMod:ManaBullet+1","TheCursedMod:Evocation+1","TheCursedMod:SoulReap","TheCursedMod:SurpriseAttack","TheCursedMod:RapidMovement","TheCursedMod:CursedShiv","TheCursedMod:CursedArmor","TheCursedMod:CursedMace","Injury","TheCursedMod:ForbiddenAlchemy","TheCursedMod:ReleasedStrength","TheCursedMod:CursedSpellbook"],"relics":["TheCursedMod:BlackMagic101","Replay:Bottled Steam","Singing Bowl","Snack Pack","Golden Idol","Black Star","Dream Catcher"],"acts_visited":["Exordium","TheCity"],"potions_floor_usage":[12,16,18,18,18,21,21],"damage_taken":[{"damage":2,"enemies":"Jaw Worm","floor":1,"turns":4},{"damage":5,"enemies":"2 Louse","floor":2,"turns":3},{"damage":0,"enemies":"Cultist","floor":4,"turns":3},{"damage":63,"enemies":"Gremlin Nob","floor":6,"turns":6},{"damage":0,"enemies":"Looter","floor":7,"turns":2},{"damage":2,"enemies":"Large Slime","floor":10,"turns":6},{"damage":0,"enemies":"3 Louse","floor":11,"turns":3},{"damage":0,"enemies":"Lots of Slimes","floor":12,"turns":3},{"damage":44,"enemies":"The Guardian","floor":16,"turns":12},{"damage":52,"enemies":"Shell Parasite","floor":18,"turns":12},{"damage":18,"enemies":"2 Thieves","floor":19,"turns":5},{"damage":50,"enemies":"Snecko","floor":21,"turns":7}],"seed_played":"-5232860008790308261","potions_obtained":[{"floor":4,"key":"Explosive Potion"},{"floor":7,"key":"Strength Potion"},{"floor":10,"key":"Elixir"},{"floor":19,"key":"Regen Potion"}],"is_trial":false,"path_per_floor":["M","M","$","M","?","E","M","R","T","M","M","M","R","?","R","B",null,"M","M","$","M"],"character_chosen":"THE_CURSED","items_purchased":["TheCursedMod:Evocation+1","TheCursedMod:SoulReap","Dream Catcher"],"campfire_rested":1,"item_purchase_floors":[3,3,20],"current_hp_per_floor":[66,61,61,66,59,1,8,31,31,44,53,60,60,60,60,32,66,18,11,11,0,0],"gold":9,"neow_bonus":"ONE_RANDOM_RARE_CARD","is_daily":false,"chose_seed":false,"campfire_upgraded":2,"win_rate":0.0,"timestamp":1613842095,"path_taken":["M","M","$","M","?","E","M","R","T","M","M","M","R","?","R","BOSS","M","M","$","M"],"items_purchased_type":["Card","Card","Relic"],"build_version":"2020-12-22","purchased_purges":1,"victory":false,"max_hp_per_floor":[75,75,75,75,75,75,77,77,77,77,77,77,77,77,77,77,77,77,77,77,77,77],"card_choices":[{"not_picked":["TheCursedMod:Stigma","TheCursedMod:SpreadPlague"],"picked":"TheCursedMod:TroublousMinions","floor":1},{"not_picked":["TheCursedMod:VitalStrike","TheCursedMod:SpitefulStrike"],"picked":"TheCursedMod:ManaBullet","floor":2},{"not_picked":["TheCursedMod:WearCloak","TheCursedMod:CursedMace"],"picked":"TheCursedMod:SurpriseAttack","floor":4},{"not_picked":["TheCursedMod:Obscuration","TheCursedMod:DemonSword"],"picked":"TheCursedMod:RapidMovement","floor":6},{"not_picked":["TheCursedMod:SmokeScreen","TheCursedMod:TroublousMinions","TheCursedMod:Obscuration"],"picked":"Singing Bowl","floor":7},{"not_picked":["TheCursedMod:SoulCrush","TheCursedMod:SmokeScreen"],"picked":"TheCursedMod:CursedShiv","floor":10},{"not_picked":["TheCursedMod:SoulCrush","TheCursedMod:SurpriseAttack"],"picked":"TheCursedMod:CursedArmor","floor":11},{"not_picked":["TheCursedMod:SoulReap","TheCursedMod:SurpriseAttack"],"picked":"TheCursedMod:CursedMace","floor":12},{"not_picked":["TheCursedMod:OutForBlood","TheCursedMod:DemonicPact"],"picked":"TheCursedMod:ForbiddenAlchemy","floor":16},{"not_picked":["TheCursedMod:Torture","TheCursedMod:CircleOfCorruption"],"picked":"TheCursedMod:ReleasedStrength","floor":18},{"not_picked":["TheCursedMod:DoubleShield","TheCursedMod:ManaBullet"],"picked":"TheCursedMod:CursedSpellbook","floor":19}],"player_experience":771685,"relics_obtained":[{"floor":6,"key":"Singing Bowl"},{"floor":9,"key":"Snack Pack"}],"event_choices":[{"damage_healed":0,"gold_gain":0,"player_choice":"Success","damage_taken":7,"relics_obtained":["Replay:Bottled Steam"],"max_hp_gain":0,"max_hp_loss":0,"event_name":"Scrap Ooze","floor":5,"gold_loss":0},{"damage_healed":0,"gold_gain":0,"player_choice":"Take Wound","damage_taken":0,"relics_obtained":["Golden Idol"],"max_hp_gain":0,"max_hp_loss":0,"event_name":"Golden Idol","floor":14,"gold_loss":0,"cards_obtained":["Injury"]}],"is_beta":false,"boss_relics":[{"not_picked":["Empty Cage","Busted Crown"],"picked":"Black Star"}],"items_purged_floors":[20],"is_endless":false,"potions_floor_spawned":[4,7,10,19],"killed_by":"Snecko","ascension_level":10}}