{"host":"s41rn2jhghpwfrvz","time":1613792331,"event":{"mods":["BaseMod","Minty Spire (QoL Compilation)","Quick Restart","Relic Stats","SuperFastMode"],"gold_per_floor":[117,117,129,143,193,206,231,231,231,231,256,268,280,306,306,383,383,394,394,344,269,301,330,330,361,439,456,472,489,516,516,516,590,590,610,626,626,658,658,689,689,702,755,790,806,832,832,866,866,866,866,866,866,118,149,149],"floor_reached":57,"language":"ENG","playtime":1528,"items_purged":["BowlingBash","Quick Slash"],"score":4096,"play_id":"6824f8fd-9c3f-4ce7-9a94-d9aa34e17c2b","local_time":"20210220053851","daily_mods":["SealedDeck","Diverse","DeadlyEvents"],"is_ascension_mode":true,"campfire_choices":[{"data":"Tactician","floor":8,"key":"SMITH"},{"data":"Acrobatics","floor":10,"key":"SMITH"},{"data":"Double Energy","floor":15,"key":"SMITH"},{"data":"Underhanded Strike","floor":24,"key":"SMITH"},{"floor":32,"key":"RECALL"},{"data":"Scrawl","floor":41,"key":"SMITH"},{"data":"Backflip","floor":47,"key":"SMITH"},{"data":"Burning Pact","floor":49,"key":"SMITH"},{"data":"Escape Plan","floor":53,"key":"SMITH"}],"circlet_count":0,"master_deck":["AscendersBane","Escape Plan+1","Beam Cell","Burning Pact+1","Backflip+1","Double Energy+1","Acrobatics+1","Tactician+1","Reflex","Scrawl+1","Grand Finale+1","Well Laid Plans"],"relics":["Burning Blood","Regal Pillow","Akabeko","Bottled Lightning","Oddly Smooth Stone","Coffee Dripper","Toy Ornithopter","HornCleat","Dream Catcher","Charon\u0027s Ashes","Runic Dome","Darkstone Periapt","Paper Frog","Potion Belt","MealTicket","Du-Vu Doll","Bag of Preparation","Strawberry","Cauldron","Blood Vial"],"acts_visited":["Exordium","TheCity","TheBeyond","TheEnding"],"potions_floor_usage":[11,56,56,56,56],"damage_taken":[{"damage":0,"enemies":"Jaw Worm","floor":1,"turns":1},{"damage":0,"enemies":"Small Slimes","floor":3,"turns":2},{"damage":0,"enemies":"Cultist","floor":4,"turns":1},{"damage":9,"enemies":"3 Louse","floor":6,"turns":2},{"damage":7,"enemies":"Lagavulin","floor":7,"turns":3},{"damage":7,"enemies":"3 Sentries","floor":11,"turns":4},{"damage":0,"enemies":"Large Slime","floor":12,"turns":2},{"damage":0,"enemies":"Exordium Thugs","floor":13,"turns":1},{"damage":0,"enemies":"Gremlin Nob","floor":14,"turns":1},{"damage":0,"enemies":"Slime Boss","floor":16,"turns":1},{"damage":0,"enemies":"Spheric Guardian","floor":18,"turns":1},{"damage":0,"enemies":"Slavers","floor":22,"turns":1},{"damage":0,"enemies":"Book of Stabbing","floor":23,"turns":1},{"damage":0,"enemies":"Gremlin Leader","floor":25,"turns":1},{"damage":0,"enemies":"2 Thieves","floor":27,"turns":1},{"damage":0,"enemies":"Cultist and Chosen","floor":28,"turns":1},{"damage":0,"enemies":"Shelled Parasite and Fungi","floor":29,"turns":1},{"damage":0,"enemies":"Book of Stabbing","floor":30,"turns":1},{"damage":0,"enemies":"Champ","floor":33,"turns":1},{"damage":0,"enemies":"Orb Walker","floor":35,"turns":1},{"damage":0,"enemies":"3 Darklings","floor":36,"turns":1},{"damage":0,"enemies":"Giant Head","floor":38,"turns":1},{"damage":0,"enemies":"Nemesis","floor":40,"turns":1},{"damage":0,"enemies":"Jaw Worm Horde","floor":42,"turns":1},{"damage":0,"enemies":"Reptomancer","floor":44,"turns":1},{"damage":0,"enemies":"Maw","floor":45,"turns":1},{"damage":0,"enemies":"Giant Head","floor":46,"turns":1},{"damage":0,"enemies":"Nemesis","floor":48,"turns":1},{"damage":0,"enemies":"Donu and Deca","floor":50,"turns":1},{"damage":0,"enemies":"Awakened One","floor":51,"turns":2},{"damage":0,"enemies":"Shield and Spear","floor":55,"turns":1},{"damage":75,"enemies":"The Heart","floor":56,"turns":4}],"seed_played":"7032978538531154728","potions_obtained":[{"floor":3,"key":"FearPotion"},{"floor":4,"key":"BloodPotion"},{"floor":11,"key":"Regen Potion"},{"floor":14,"key":"Block Potion"},{"floor":22,"key":"PowerPotion"},{"floor":44,"key":"AttackPotion"},{"floor":45,"key":"SkillPotion"},{"floor":54,"key":"PowerPotion"}],"is_trial":true,"path_per_floor":["M","?","M","M","?","M","E","R","T","R","E","M","M","E","R","B",null,"M","?","?","$","E","E","R","E","T","M","M","M","E","?","R","B",null,"M","M","?","E","?","E","R","M","T","E","M","E","R","E","R","B","B",null,"R","$","E","B",null],"character_chosen":"IRONCLAD","items_purchased":["SkillPotion","Strawberry","Cauldron","Blood Vial","Well Laid Plans"],"campfire_rested":0,"item_purchase_floors":[54,54,54,54,54],"current_hp_per_floor":[74,79,80,80,80,77,76,76,76,76,80,80,80,80,80,80,80,80,57,57,57,63,69,69,75,75,81,85,85,85,85,85,85,85,85,85,85,85,85,85,85,85,85,85,85,85,85,85,85,85,85,85,85,92,92,28],"gold":149,"neow_bonus":"","is_daily":false,"chose_seed":false,"campfire_upgraded":8,"win_rate":0.0,"timestamp":1613792331,"path_taken":["M","?","M","M","?","M","E","R","T","R","E","M","M","?","R","BOSS","M","?","?","$","?","E","R","E","T","M","M","?","E","?","R","BOSS","M","M","?","?","?","E","R","M","T","?","M","E","R","E","R","BOSS","BOSS","R","$","E","BOSS"],"items_purchased_type":["Potion","Relic","Relic","Relic","Card"],"build_version":"2020-12-22","purchased_purges":2,"victory":true,"max_hp_per_floor":[75,80,80,80,80,80,80,80,80,80,80,80,80,80,80,80,80,80,85,85,85,85,85,85,85,85,85,85,85,85,85,85,85,85,85,85,85,85,85,85,85,85,85,85,85,85,85,85,85,85,85,85,85,92,92,92],"relic_stats":{"Darkstone Periapt":0,"Blood Vial":0,"Regal Pillow":0,"Dream Catcher":0,"counters":[32,44],"MealTicket":0,"Charon\u0027s Ashes":[150],"Bag of Preparation":[8],"obtain_stats":[{"Darkstone Periapt":38,"Potion Belt":43,"Regal Pillow":7,"Oddly Smooth Stone":14,"Charon\u0027s Ashes":30,"Bag of Preparation":48,"Burning Blood":0,"Akabeko":9,"Du-Vu Doll":46,"Blood Vial":54,"Runic Dome":34,"Cauldron":54,"Dream Catcher":25,"HornCleat":23,"Strawberry":54,"MealTicket":44,"Coffee Dripper":17,"Bottled Lightning":11,"Toy Ornithopter":22,"Paper Frog":40},{"Darkstone Periapt":22,"Potion Belt":24,"Regal Pillow":5,"Oddly Smooth Stone":9,"Charon\u0027s Ashes":18,"Bag of Preparation":28,"Burning Blood":0,"Akabeko":5,"Du-Vu Doll":27,"Blood Vial":30,"Runic Dome":19,"Cauldron":30,"Dream Catcher":14,"HornCleat":13,"Strawberry":30,"MealTicket":25,"Coffee Dripper":10,"Bottled Lightning":6,"Toy Ornithopter":12,"Paper Frog":23},{"Darkstone Periapt":30,"Potion Belt":32,"Regal Pillow":9,"Oddly Smooth Stone":17,"Charon\u0027s Ashes":26,"Bag of Preparation":36,"Burning Blood":0,"Akabeko":9,"Du-Vu Doll":35,"Blood Vial":39,"Runic Dome":27,"Cauldron":39,"Dream Catcher":22,"HornCleat":21,"Strawberry":39,"MealTicket":33,"Coffee Dripper":18,"Bottled Lightning":13,"Toy Ornithopter":20,"Paper Frog":31}],"Burning Blood":59,"Toy Ornithopter":5},"card_choices":[{"not_picked":["Sentinel","Reprogram","Heel Hook"],"picked":"SKIP","floor":1},{"not_picked":["Dropkick","WaveOfTheHand"],"picked":"Reflex","floor":3},{"not_picked":["Deadly Poison","Outmaneuver","Acrobatics"],"picked":"SKIP","floor":4},{"not_picked":["Dodge and Roll","Bloodletting","Steam"],"picked":"SKIP","floor":6},{"not_picked":["PiercingWail","Feed","Protect"],"picked":"SKIP","floor":7},{"not_picked":["White Noise","Backstab","Heel Hook"],"picked":"SKIP","floor":11},{"not_picked":["Dodge and Roll","Melter","BowlingBash"],"picked":"SKIP","floor":12},{"not_picked":["Metallicize","Consecrate","Recycle"],"picked":"SKIP","floor":13},{"not_picked":["Fiend Fire","BowlingBash","Flying Knee"],"picked":"SKIP","floor":14},{"not_picked":["Intimidate","Stack","Beam Cell"],"picked":"SKIP","floor":18},{"not_picked":["Steam","Leap","Protect"],"picked":"SKIP","floor":22},{"not_picked":["Steam","Leap","Protect"],"picked":"SKIP","floor":22},{"not_picked":["Flying Knee","Entrench","Cloak And Dagger"],"picked":"SKIP","floor":23},{"not_picked":["Crescendo","Prostrate"],"picked":"Scrawl","floor":25},{"not_picked":["Acrobatics","WaveOfTheHand","Anger"],"picked":"SKIP","floor":27},{"not_picked":["Genetic Algorithm+1","Tactician","Clothesline"],"picked":"SKIP","floor":28},{"not_picked":["FlurryOfBlows","Cold Snap","Self Repair"],"picked":"SKIP","floor":29},{"not_picked":["PathToVictory","Predator","White Noise"],"picked":"SKIP","floor":30},{"not_picked":["Reaper","Omniscience"],"picked":"Grand Finale","floor":33},{"not_picked":["Quick Slash","Collect","Deadly Poison"],"picked":"SKIP","floor":35},{"not_picked":["Glacier","Crescendo","FlyingSleeves+1"],"picked":"SKIP","floor":36},{"not_picked":["Thunderclap+1","Multi-Cast","ThirdEye+1"],"picked":"SKIP","floor":38},{"not_picked":["Conserve Battery","Dagger Spray","Prepared"],"picked":"SKIP","floor":40},{"not_picked":["Backflip","Halt","Turbo"],"picked":"SKIP","floor":42},{"not_picked":["ReachHeaven","Deadly Poison","Acrobatics"],"picked":"SKIP","floor":44},{"not_picked":["Hologram+1","Thunderclap","Leap"],"picked":"SKIP","floor":45},{"not_picked":["All For One","LikeWater","Burning Pact"],"picked":"SKIP","floor":46},{"not_picked":["Dodge and Roll","Uppercut+1","Outmaneuver+1"],"picked":"SKIP","floor":48},{"not_picked":["Blizzard","Pommel Strike","SandsOfTime"],"picked":"SKIP","floor":55}],"player_experience":1942809,"relics_obtained":[{"floor":7,"key":"Regal Pillow"},{"floor":9,"key":"Akabeko"},{"floor":11,"key":"Bottled Lightning"},{"floor":14,"key":"Oddly Smooth Stone"},{"floor":22,"key":"Toy Ornithopter"},{"floor":23,"key":"HornCleat"},{"floor":25,"key":"Dream Catcher"},{"floor":30,"key":"Charon\u0027s Ashes"},{"floor":38,"key":"Darkstone Periapt"},{"floor":40,"key":"Paper Frog"},{"floor":43,"key":"Potion Belt"},{"floor":44,"key":"MealTicket"},{"floor":46,"key":"Du-Vu Doll"},{"floor":48,"key":"Bag of Preparation"}],"event_choices":[{"damage_healed":0,"gold_gain":0,"player_choice":"Donut","damage_taken":0,"max_hp_gain":5,"max_hp_loss":0,"event_name":"Big Fish","floor":2,"gold_loss":0},{"damage_healed":0,"gold_gain":50,"player_choice":"Pray","damage_taken":0,"max_hp_gain":0,"max_hp_loss":0,"event_name":"Golden Shrine","floor":5,"gold_loss":0},{"damage_healed":0,"gold_gain":0,"player_choice":"Shed Blood","damage_taken":28,"max_hp_gain":5,"max_hp_loss":0,"event_name":"Forgotten Altar","floor":19,"gold_loss":0},{"damage_healed":0,"gold_gain":0,"player_choice":"Bet on Owner","damage_taken":0,"max_hp_gain":0,"max_hp_loss":0,"event_name":"The Joust","floor":20,"gold_loss":50},{"damage_healed":17,"gold_gain":0,"player_choice":"Heal","damage_taken":0,"max_hp_gain":0,"max_hp_loss":0,"event_name":"The Library","floor":31,"gold_loss":0},{"cards_removed":["Underhanded Strike"],"damage_healed":5,"gold_gain":0,"player_choice":"Offered Common","damage_taken":0,"max_hp_gain":0,"max_hp_loss":0,"event_name":"Bonfire Elementals","floor":37,"gold_loss":0},{"cards_removed":["Underhanded Strike"],"damage_healed":5,"gold_gain":0,"player_choice":"Offered Special","damage_taken":0,"max_hp_gain":0,"max_hp_loss":0,"event_name":"Bonfire Elementals","floor":37,"gold_loss":0},{"damage_healed":0,"gold_gain":0,"player_choice":"Forge","damage_taken":0,"max_hp_gain":0,"max_hp_loss":0,"event_name":"Accursed Blacksmith","floor":39,"gold_loss":0,"cards_upgraded":["Grand Finale"]}],"is_beta":false,"boss_relics":[{"not_picked":["Philosopher\u0027s Stone","Astrolabe"],"picked":"Coffee Dripper"},{"not_picked":["Mark of Pain","Fusion Hammer"],"picked":"Runic Dome"}],"items_purged_floors":[21,54],"is_endless":false,"potions_floor_spawned":[3,4,11,12,14,18,22,33,35,38,42,44,45,55],"ascension_level":20}}