{"host":"y76clbnovzmw9ubx","time":1613782793,"event":{"mods":["AchievementEnabler","BaseMod","Minty Spire (QoL Compilation)","Permanent Neow","Relic Stats"],"gold_per_floor":[117,6,6,26,43,43,77,77,129,164,178,178,198,229,241,253,253],"floor_reached":16,"language":"ENG","playtime":2049,"items_purged":[],"score":240,"play_id":"6245aeca-45d9-4e9b-ad16-c31affea08f6","local_time":"20210219195953","is_ascension_mode":true,"campfire_choices":[{"data":"Poisoned Stab","floor":6,"key":"SMITH"},{"data":"Blade Dance","floor":8,"key":"SMITH"},{"floor":12,"key":"REST"},{"floor":15,"key":"REST"}],"circlet_count":0,"master_deck":["AscendersBane","Strike_G","Strike_G","Strike_G","Strike_G","Defend_G","Defend_G","Defend_G","Defend_G","Defend_G","Survivor","Neutralize+1","Blade Dance+1","Cloak And Dagger","Poisoned Stab+1","Slice","Poisoned Stab","Sucker Punch","Cloak And Dagger","Wraith Form v2"],"relics":["Ring of the Snake","Centennial Puzzle","Dream Catcher","Blood Vial","MawBank"],"acts_visited":["Exordium"],"potions_floor_usage":[7,10,10],"damage_taken":[{"damage":8,"enemies":"2 Louse","floor":1,"turns":5},{"damage":0,"enemies":"Small Slimes","floor":4,"turns":3},{"damage":0,"enemies":"Jaw Worm","floor":5,"turns":4},{"damage":14,"enemies":"3 Sentries","floor":7,"turns":5},{"damage":18,"enemies":"Gremlin Nob","floor":10,"turns":4},{"damage":0,"enemies":"2 Fungi Beasts","floor":11,"turns":3},{"damage":1,"enemies":"Lots of Slimes","floor":13,"turns":4},{"damage":15,"enemies":"Lagavulin","floor":14,"turns":5},{"damage":47,"enemies":"Slime Boss","floor":16,"turns":8}],"seed_played":"-8385163588483828260","potions_obtained":[{"floor":4,"key":"Ancient Potion"},{"floor":5,"key":"Energy Potion"},{"floor":7,"key":"Weak Potion"}],"is_trial":false,"path_per_floor":["M","$","?","M","M","R","E","R","T","E","M","R","M","E","R","B"],"character_chosen":"THE_SILENT","items_purchased":["Cloak And Dagger","ColorlessPotion"],"campfire_rested":2,"item_purchase_floors":[2,2],"current_hp_per_floor":[51,51,44,44,44,44,30,30,30,12,14,33,34,21,40,0,0],"gold":253,"neow_bonus":"UPGRADE_CARD","is_daily":false,"chose_seed":false,"campfire_upgraded":2,"win_rate":0.0,"timestamp":1613782793,"path_taken":["M","$","?","M","M","R","E","R","T","E","M","R","M","E","R","BOSS"],"items_purchased_type":["Card","Potion"],"build_version":"2020-12-22","purchased_purges":0,"victory":false,"max_hp_per_floor":[66,66,66,66,66,66,66,66,66,66,66,66,66,66,66,66,66],"relic_stats":{"Blood Vial":8,"Centennial Puzzle":[12],"Dream Catcher":2,"counters":[9,41],"MawBank":24,"obtain_stats":[{"Blood Vial":10,"Centennial Puzzle":7,"Dream Catcher":9,"MawBank":14,"Ring of the Snake":0},{"Blood Vial":5,"Centennial Puzzle":4,"Dream Catcher":4,"MawBank":8,"Ring of the Snake":0},{"Blood Vial":21,"Centennial Puzzle":17,"Dream Catcher":17,"MawBank":33,"Ring of the Snake":0}],"Ring of the Snake":[18]},"card_choices":[{"not_picked":["PiercingWail","Bane"],"picked":"Blade Dance","floor":1},{"not_picked":["Deadly Poison","Acrobatics"],"picked":"Poisoned Stab","floor":4},{"not_picked":["Deadly Poison","Cloak And Dagger","Quick Slash"],"picked":"SKIP","floor":5},{"not_picked":["Burst","Eviscerate"],"picked":"Slice","floor":7},{"not_picked":["Outmaneuver","Acrobatics","Dodge and Roll"],"picked":"SKIP","floor":10},{"not_picked":["Setup","Bane"],"picked":"Poisoned Stab","floor":11},{"not_picked":["Blade Dance","Backflip"],"picked":"Sucker Punch","floor":12},{"not_picked":["Leg Sweep","Catalyst"],"picked":"Cloak And Dagger","floor":13},{"not_picked":["Well Laid Plans","Blade Dance"],"picked":"Wraith Form v2","floor":14}],"player_experience":3263923,"relics_obtained":[{"floor":7,"key":"Centennial Puzzle"},{"floor":9,"key":"Dream Catcher"},{"floor":10,"key":"Blood Vial"},{"floor":14,"key":"MawBank"}],"event_choices":[{"cards_removed":["Strike_G"],"damage_healed":0,"gold_gain":0,"player_choice":"Card Removal","damage_taken":7,"max_hp_gain":0,"max_hp_loss":0,"event_name":"Golden Wing","floor":3,"gold_loss":0}],"is_beta":false,"boss_relics":[],"items_purged_floors":[],"is_endless":false,"potions_floor_spawned":[4,5,7],"killed_by":"Slime Boss","ascension_level":20}}