{"host":"tzwikg9s6mkzv6w0","time":1613806364,"event":{"mods":["BaseMod","Good Game Mod","Minty Spire (QoL Compilation)","Spicy Shops","StSLib"],"gold_per_floor":[109,34,34,49,49,84,100,128,175,18,48,123,156,184,184,261,261,277,202,221,268,18,49,89,153,153,153,153],"floor_reached":27,"language":"ZHS","playtime":757,"items_purged":["Defend_P"],"score":642,"play_id":"988a2dfa-798f-46bb-a051-133454bbcfb8","local_time":"20210220153244","is_ascension_mode":true,"campfire_choices":[{"data":"Eruption","floor":15.0,"key":"SMITH"}],"circlet_count":0,"master_deck":["AscendersBane","Strike_P","Strike_P+1","Strike_P","Defend_P","Eruption+1","Vigilance","Purity","FlurryOfBlows","Adaptation+1","Tantrum+1","FlurryOfBlows","LessonLearned","Halt+1","BowlingBash+1","Wish+1"],"relics":["PureWater","REME:ComplimentaryCards","Pocketwatch","Mercury Hourglass","Bag of Marbles","Lizard Tail","MealTicket","Lantern","Mummified Hand","Odd Mushroom","Astrolabe","Membership Card","TheAbacus","Gremlin Horn","Orichalcum"],"acts_visited":["Exordium","TheCity"],"potions_floor_usage":[],"damage_taken":[{"damage":1.0,"enemies":"Small Slimes","floor":1.0,"turns":3.0},{"damage":2.0,"enemies":"2 Louse","floor":4.0,"turns":2.0},{"damage":37.0,"enemies":"3 Sentries","floor":6.0,"turns":5.0},{"damage":0.0,"enemies":"Jaw Worm","floor":7.0,"turns":1.0},{"damage":0.0,"enemies":"Gremlin Nob","floor":8.0,"turns":2.0},{"damage":12.0,"enemies":"Lagavulin","floor":11.0,"turns":4.0},{"damage":0.0,"enemies":"3 Sentries","floor":13.0,"turns":3.0},{"damage":0.0,"enemies":"The Mushroom Lair","floor":14.0,"turns":2.0},{"damage":25.0,"enemies":"Hexaghost","floor":16.0,"turns":5.0},{"damage":0.0,"enemies":"3 Byrds","floor":18.0,"turns":4.0},{"damage":6.0,"enemies":"2 Thieves","floor":20.0,"turns":4.0},{"damage":13.0,"enemies":"Centurion and Healer","floor":21.0,"turns":3.0},{"damage":23.0,"enemies":"Gremlin Leader","floor":23.0,"turns":3.0},{"damage":0.0,"enemies":"3 Cultists","floor":24.0,"turns":3.0},{"damage":21.0,"enemies":"Slavers","floor":25.0,"turns":2.0},{"damage":6,"enemies":"Book of Stabbing","floor":27,"turns":1}],"seed_played":"7241734160593778908","potions_obtained":[{"floor":6.0,"key":"SteroidPotion"},{"floor":7.0,"key":"Weak Potion"},{"floor":8.0,"key":"ColorlessPotion"},{"floor":14.0,"key":"SteroidPotion"},{"floor":18.0,"key":"DuplicationPotion"},{"floor":20.0,"key":"Strength Potion"}],"is_trial":false,"path_per_floor":["M","$","?","M","?","E","M","E","T","$","E","?","E","?","R","B",null,"M","?","M","M","$","E","M","E","T","E"],"character_chosen":"WATCHER","items_purchased":["Lantern","Membership Card","TheAbacus"],"campfire_rested":0,"item_purchase_floors":[10,22,22],"current_hp_per_floor":[60,60,60,58,47,10,10,10,10,25,13,2,2,2,2,9,49,49,49,43,30,45,22,22,1,1,0,0],"gold":153,"neow_bonus":"ONE_RARE_RELIC","is_daily":false,"chose_seed":false,"campfire_upgraded":1,"win_rate":0.0,"timestamp":1613806364,"path_taken":["M","$","?","M","?","E","M","E","T","$","E","?","E","?","R","BOSS","M","?","M","M","$","E","M","E","T","E"],"items_purchased_type":["Relic","Relic","Relic"],"build_version":"2020-12-22","purchased_purges":1,"victory":false,"max_hp_per_floor":[62,62,62,62,62,62,62,62,62,62,62,62,62,62,62,62,62,62,62,62,62,62,62,62,62,62,62,62],"card_choices":[{"not_picked":["EmptyFist","EmptyBody"],"picked":"FlurryOfBlows","floor":1.0},{"not_picked":["Collect","PathToVictory"],"picked":"Adaptation","floor":4.0},{"not_picked":["EmptyMind","Pray"],"picked":"Tantrum","floor":6.0},{"not_picked":["JustLucky","CutThroughFate","Prostrate"],"picked":"SKIP","floor":7.0},{"not_picked":["Perseverance","FlurryOfBlows","Brilliance"],"picked":"SKIP","floor":8.0},{"not_picked":["JustLucky","CutThroughFate"],"picked":"FlurryOfBlows","floor":11.0},{"not_picked":["WreathOfFlame","Nirvana","FlurryOfBlows"],"picked":"SKIP","floor":13.0},{"not_picked":["PathToVictory","Evaluate"],"picked":"BowlingBash","floor":14.0},{"not_picked":["Wish","Omniscience"],"picked":"LessonLearned","floor":16.0},{"not_picked":["EmptyFist","Evaluate","WreathOfFlame+1"],"picked":"SKIP","floor":18.0},{"not_picked":["BowlingBash","Tantrum+1","Consecrate+1"],"picked":"SKIP","floor":20.0},{"not_picked":["LessonLearned","FollowUp","FlyingSleeves"],"picked":"SKIP","floor":21.0},{"not_picked":["FlurryOfBlows","Establishment","Meditate"],"picked":"SKIP","floor":23.0},{"not_picked":["CrushJoints","PathToVictory","Perseverance"],"picked":"SKIP","floor":24.0},{"not_picked":["CrushJoints","JustLucky","EmptyBody"],"picked":"SKIP","floor":25.0}],"player_experience":165088,"relics_obtained":[{"floor":6.0,"key":"Bag of Marbles"},{"floor":8.0,"key":"Lizard Tail"},{"floor":9.0,"key":"MealTicket"},{"floor":13.0,"key":"Mummified Hand"},{"floor":14.0,"key":"Odd Mushroom"},{"floor":23.0,"key":"Gremlin Horn"},{"floor":25.0,"key":"Orichalcum"}],"event_choices":[{"damage_healed":0.0,"max_hp_gain":0.0,"max_hp_loss":0.0,"gold_gain":0.0,"event_name":"Liars Game","player_choice":"Ignored","floor":3.0,"gold_loss":0.0,"damage_taken":0.0},{"damage_healed":0.0,"max_hp_gain":0.0,"max_hp_loss":0.0,"gold_gain":0.0,"event_name":"Scrap Ooze","player_choice":"Success","floor":5.0,"gold_loss":0.0,"damage_taken":11.0,"relics_obtained":["Mercury Hourglass"]},{"damage_healed":0.0,"max_hp_gain":0.0,"max_hp_loss":0.0,"gold_gain":75.0,"event_name":"World of Goop","player_choice":"Gather Gold","floor":12.0,"gold_loss":0.0,"damage_taken":11.0},{"damage_healed":0.0,"max_hp_gain":0.0,"max_hp_loss":0.0,"gold_gain":0.0,"event_name":"Mushrooms","player_choice":"Fought Mushrooms","floor":14.0,"gold_loss":0.0,"damage_taken":0.0},{"cards_removed":["Strike_P"],"damage_healed":0.0,"max_hp_gain":0.0,"max_hp_loss":0.0,"gold_gain":0.0,"event_name":"Beggar","player_choice":"Gave Gold","floor":19.0,"gold_loss":75.0,"damage_taken":0.0}],"is_beta":false,"boss_relics":[{"not_picked":["Philosopher\u0027s Stone","Coffee Dripper"],"picked":"Astrolabe"}],"items_purged_floors":[2],"is_endless":false,"potions_floor_spawned":[6,7,8,11,14,18,20],"killed_by":"Book of Stabbing","ascension_level":19}}