{"host":"l2lylj0omvglf5x0","time":1613817682,"event":{"mods":["2.2 Compatiblity","BaseMod","Bestiary","Block Reminder","Colored Map","Colored Powertips","Curses Come First","Highlight Path","Keyboard Shortcuts","Minty Spire (QoL Compilation)","Relic Sorter","Relic Stats","Slay the Relics Exporter","StSLib","SuperFastMode"],"gold_per_floor":[116,126,143,156,169,169,200,200,226,238,238,263,263,281,281,281,281],"floor_reached":16,"language":"ENG","playtime":567,"items_purged":[],"score":177,"play_id":"b6e045bd-7a47-46ce-a38d-0a436240c85b","local_time":"20210220114122","is_ascension_mode":true,"campfire_choices":[{"data":"Barricade","floor":6,"key":"SMITH"},{"floor":8,"key":"REST"},{"floor":11,"key":"REST"},{"data":"Body Slam","floor":15,"key":"SMITH"}],"circlet_count":0,"master_deck":["AscendersBane","Strike_R","Strike_R","Strike_R","Strike_R","Strike_R","Defend_R","Defend_R","Defend_R","Defend_R","Bash","Barricade+1","Cleave","Ghostly Armor","Iron Wave","Power Through","Body Slam+1","Clothesline","Pommel Strike"],"relics":["Burning Blood","Potion Belt","Bronze Scales","Ancient Tea Set","CultistMask"],"acts_visited":["Exordium"],"potions_floor_usage":[12,16],"damage_taken":[{"damage":5,"enemies":"Small Slimes","floor":1,"turns":4},{"damage":1,"enemies":"Cultist","floor":2,"turns":4},{"damage":12,"enemies":"Jaw Worm","floor":3,"turns":3},{"damage":9,"enemies":"Lots of Slimes","floor":4,"turns":3},{"damage":21,"enemies":"Blue Slaver","floor":5,"turns":4},{"damage":40,"enemies":"3 Sentries","floor":7,"turns":11},{"damage":13,"enemies":"Exordium Wildlife","floor":10,"turns":4},{"damage":37,"enemies":"Gremlin Nob","floor":12,"turns":5},{"damage":1,"enemies":"2 Fungi Beasts","floor":14,"turns":4},{"damage":33,"enemies":"Slime Boss","floor":16,"turns":3}],"seed_played":"1469752916664121658","potions_obtained":[{"floor":1,"key":"Ancient Potion"},{"floor":5,"key":"Strength Potion"},{"floor":10,"key":"SmokeBomb"},{"floor":14,"key":"BlessingOfTheForge"}],"is_trial":false,"path_per_floor":["M","M","M","M","M","R","E","R","T","M","R","E","?","M","R","B"],"character_chosen":"IRONCLAD","items_purchased":[],"campfire_rested":2,"item_purchase_floors":[],"current_hp_per_floor":[72,72,66,63,48,48,14,35,35,28,49,18,18,23,23,0,0],"gold":281,"neow_bonus":"THREE_RARE_CARDS","is_daily":false,"chose_seed":false,"campfire_upgraded":2,"win_rate":0.0,"timestamp":1613817682,"path_taken":["M","M","M","M","M","R","E","R","T","M","R","E","?","M","R","BOSS"],"items_purchased_type":[],"build_version":"2020-12-22","purchased_purges":0,"victory":false,"max_hp_per_floor":[72,72,72,72,72,72,72,72,72,72,72,72,72,72,72,72,72],"relic_stats":{"counters":[10,45],"Bronze Scales":[27],"obtain_stats":[{"Potion Belt":7,"Bronze Scales":9,"CultistMask":13,"Ancient Tea Set":12,"Burning Blood":0},{"Potion Belt":6,"Bronze Scales":6,"CultistMask":8,"Ancient Tea Set":8,"Burning Blood":0},{"Potion Belt":29,"Bronze Scales":29,"CultistMask":38,"Ancient Tea Set":38,"Burning Blood":0}],"Burning Blood":48},"card_choices":[{"not_picked":["Impervious","Offering"],"picked":"Barricade","floor":0},{"not_picked":["Rampage","Flex"],"picked":"Cleave","floor":1},{"not_picked":["Disarm","Infernal Blade"],"picked":"Ghostly Armor","floor":2},{"not_picked":["Bloodletting","Clothesline"],"picked":"Iron Wave","floor":3},{"not_picked":["Cleave","Sever Soul","Twin Strike"],"picked":"SKIP","floor":4},{"not_picked":["Clash","Iron Wave"],"picked":"Power Through","floor":5},{"not_picked":["Sentinel","Sword Boomerang"],"picked":"Body Slam","floor":7},{"not_picked":["Corruption","Sentinel","Heavy Blade"],"picked":"SKIP","floor":10},{"not_picked":["Searing Blow","Flex"],"picked":"Clothesline","floor":12},{"not_picked":["Twin Strike","Cleave"],"picked":"Pommel Strike","floor":14}],"player_experience":1000663,"relics_obtained":[{"floor":7,"key":"Potion Belt"},{"floor":9,"key":"Bronze Scales"},{"floor":12,"key":"Ancient Tea Set"}],"event_choices":[{"damage_healed":0,"gold_gain":0,"player_choice":"Trade","damage_taken":0,"relics_obtained":["CultistMask"],"max_hp_gain":0,"max_hp_loss":0,"event_name":"FaceTrader","floor":13,"gold_loss":0}],"is_beta":false,"boss_relics":[],"items_purged_floors":[],"is_endless":false,"potions_floor_spawned":[1,5,10,14],"killed_by":"Slime Boss","ascension_level":11}}