{"host":"gkh5j5k5w4qf7k7n","time":1613825171,"event":{"mods":["100% Spire Juice","2.2 Compatiblity","AchievementEnabler","BaseMod","Colored Map","Colored Powertips","GifTheSpireLib","Hermit","Keyboard Shortcuts","Minty Spire (QoL Compilation)","Quick Restart","Replay The Spire","StSLib","SuperFastMode","The Clintock","The Problem Sleuth","TheBandit","¡¼?Úª?ø«¡½REMEMod"],"gold_per_floor":[118,118,128,128,203,203,228,303,303,98,187,187,204,222,222,323,323,347,375,190,213,213,213,228,228,228],"floor_reached":24,"language":"KOR","playtime":1248,"items_purged":["Languid","wariomod:Strike"],"score":309,"play_id":"20f57371-c58d-4308-aa5c-59151a28ec3b","local_time":"20210220214611","is_ascension_mode":true,"campfire_choices":[{"data":"wariomod:Step","floor":6,"key":"SMITH"},{"data":"wariomod:TreasureDig","floor":12,"key":"SMITH"},{"floor":15,"key":"DIG"},{"floor":23,"key":"REST"}],"circlet_count":0,"master_deck":["wariomod:Strike","wariomod:Strike","wariomod:Defend","wariomod:Defend","wariomod:Defend","wariomod:Defend","wariomod:Step+1","wariomod:Leap","REME_ShadowForm","wariomod:SpikeSlash","wariomod:TrekTime","wariomod:WhirlwindBurst","wariomod:TreasureDig+1","Thinking Ahead+1","Apotheosis+1","Discovery+1","wariomod:SmackSlam","wariomod:TreasureDig","wariomod:KeyFinisher+1","wariomod:PayItForwards","wariomod:ImFeelingLucky","Deep Breath+1"],"relics":["wariomod:TheHat","REME_ComplimentaryCards","NeowsBlessing","Ring of Searing","Ring of Peace","REME_ArchaeologicalTools","Golden Egg","ReplayTheSpireMod:ShopPack","Turnip","Replay:Baseball","Ring of Chaos"],"acts_visited":["Exordium","TheCity"],"potions_floor_usage":[21,21,24],"damage_taken":[{"damage":0,"enemies":"Jaw Worm","floor":1,"turns":1},{"damage":0,"enemies":"2 Louse","floor":3,"turns":1},{"damage":0,"enemies":"Gremlin Nob","floor":7,"turns":1},{"damage":10,"enemies":"3 Sentries","floor":11,"turns":4},{"damage":0,"enemies":"Cultist","floor":13,"turns":4},{"damage":0,"enemies":"2 Fungi Beasts","floor":14,"turns":4},{"damage":13,"enemies":"The Guardian","floor":16,"turns":7},{"damage":10,"enemies":"3 Byrds","floor":18,"turns":4},{"damage":11,"enemies":"Spheric Guardian","floor":19,"turns":5},{"damage":7,"enemies":"3 Cultists","floor":21,"turns":5},{"damage":65,"enemies":"Slavers","floor":24,"turns":5}],"seed_played":"6507629430841796550","potions_obtained":[{"floor":11,"key":"EssenceOfSteel"},{"floor":13,"key":"Fire Potion"},{"floor":14,"key":"LiquidMemories"}],"is_trial":false,"path_per_floor":["M","?","M","?","?","R","E","?","T","$","E","R","M","M","R_BF","B",null,"M","M","$","M","?","R","E"],"character_chosen":"THE_BANDIT","items_purchased":["ReplayTheSpireMod:ShopPack","Deep Breath"],"campfire_rested":1,"item_purchase_floors":[10,20],"current_hp_per_floor":[72,72,72,72,61,61,61,53,53,53,43,43,43,43,43,30,68,58,47,47,40,40,64,0,0,0],"gold":228,"neow_bonus":"THREE_ENEMY_KILL","is_daily":false,"chose_seed":false,"campfire_upgraded":2,"win_rate":0.0,"timestamp":1613825171,"path_taken":["M","?","M","?","?","R","E","?","T","$","E","R","M","M","R_BF","BOSS","M","M","$","?","?","R","E"],"items_purchased_type":["Relic","Card"],"build_version":"2020-12-22","purchased_purges":2,"victory":false,"max_hp_per_floor":[80,80,80,80,80,80,80,80,80,80,80,80,80,80,80,80,80,80,80,80,80,80,80,80,80,80],"card_choices":[{"not_picked":["wariomod:Smackflip","wariomod:TheGrandJourney"],"picked":"wariomod:SpikeSlash","floor":1},{"not_picked":["wariomod:ChargeForth","wariomod:EmptyMind"],"picked":"wariomod:WhirlwindBurst","floor":3},{"not_picked":["wariomod:BlastDash","wariomod:TheGrandJourney"],"picked":"wariomod:TreasureDig","floor":7},{"not_picked":["REME_ProfessionalPlagiarism","REME_WheelOfFate"],"picked":"Thinking Ahead","floor":10},{"not_picked":["ReplayTheSpireMod:Uncanny Aura","Replay:Bootleg Shield Generator"],"picked":"Apotheosis","floor":10},{"not_picked":["Survey Options","ReplayTheSpireMod:Trickstab"],"picked":"Discovery","floor":10},{"not_picked":["wariomod:DanceDash","wariomod:AwfulLook"],"picked":"wariomod:SmackSlam","floor":11},{"not_picked":["wariomod:SimpleShield","wariomod:AwfulLook"],"picked":"wariomod:TreasureDig","floor":13},{"not_picked":["wariomod:Game","wariomod:ThatsNotAll","wariomod:Boomsmack"],"picked":"SKIP","floor":14},{"not_picked":["wariomod:Sidestep","wariomod:GodlyGift"],"picked":"wariomod:KeyFinisher","floor":16},{"not_picked":["wariomod:TreasureDig","wariomod:DoubleDip"],"picked":"wariomod:PayItForwards","floor":18},{"not_picked":["wariomod:Goblast","wariomod:Hopshield"],"picked":"wariomod:ImFeelingLucky","floor":19},{"not_picked":["wariomod:Hopshield+1","wariomod:BodyBlock+1","wariomod:SelfImprison"],"picked":"SKIP","floor":21}],"player_experience":823664,"relics_obtained":[{"floor":4,"key":"Ring of Searing"},{"floor":4,"key":"Ring of Peace"},{"floor":7,"key":"REME_ArchaeologicalTools"},{"floor":9,"key":"Golden Egg"},{"floor":11,"key":"Turnip"},{"floor":15,"key":"Replay:Baseball"}],"event_choices":[{"damage_healed":0,"gold_gain":0,"cards_transformed":["wariomod:Strike"],"player_choice":"Change","damage_taken":0,"max_hp_gain":0,"max_hp_loss":0,"event_name":"Living Wall","floor":2,"gold_loss":0,"cards_obtained":["wariomod:TrekTime"]},{"damage_healed":0,"gold_gain":75,"player_choice":"Gather Gold","damage_taken":11,"max_hp_gain":0,"max_hp_loss":0,"event_name":"World of Goop","floor":5,"gold_loss":0},{"damage_healed":0,"gold_gain":75,"player_choice":"Touch","damage_taken":8,"max_hp_gain":0,"max_hp_loss":0,"event_name":"FaceTrader","floor":8,"gold_loss":0}],"is_beta":false,"boss_relics":[{"not_picked":["Calling Bell","Runic Dome"],"picked":"Ring of Chaos"}],"items_purged_floors":[10,20],"is_endless":false,"potions_floor_spawned":[11,13,14,19],"killed_by":"Slavers","ascension_level":7}}