{"host":"d52brwsy6af8zvaq","time":1613863130,"event":{"mods":["AchievementEnabler","BaseMod","Bestiary","Highlight Path","Minty Spire (QoL Compilation)","Quick Restart","Relic Stats","ojb\u0027s Better Paths Mod"],"gold_per_floor":[112,112,127,27,27,27,43,72,72,86,105,105,138,156,156,156,156],"floor_reached":16,"language":"ENG","playtime":417,"items_purged":["Strike_B"],"score":224,"play_id":"7252cf1f-0d4f-4056-aa57-d536c00d65c2","local_time":"20210220161850","is_ascension_mode":true,"campfire_choices":[{"data":"Glacier","floor":6.0,"key":"SMITH"},{"data":"Coolheaded","floor":12,"key":"SMITH"},{"data":"Zap","floor":15,"key":"SMITH"}],"circlet_count":0,"master_deck":["AscendersBane","Strike_B","Strike_B","Defend_B","Defend_B","Defend_B","Defend_B","Zap+1","Dualcast","Glacier+1","Hyperbeam","Defragment+1","Coolheaded+1","Conserve Battery","Cold Snap","Go for the Eyes","Hologram","Self Repair","Beam Cell"],"relics":["Cracked Core","Matryoshka","Eternal Feather","Gremlin Horn","Calipers"],"acts_visited":["Exordium"],"potions_floor_usage":[11,16,16],"damage_taken":[{"damage":2.0,"enemies":"Jaw Worm","floor":1.0,"turns":3.0},{"damage":1.0,"enemies":"Cultist","floor":3.0,"turns":3.0},{"damage":0.0,"enemies":"2 Louse","floor":7.0,"turns":1.0},{"damage":10.0,"enemies":"3 Sentries","floor":8.0,"turns":5.0},{"damage":2,"enemies":"Exordium Wildlife","floor":10,"turns":3},{"damage":0,"enemies":"3 Louse","floor":11,"turns":1},{"damage":29,"enemies":"Gremlin Nob","floor":13,"turns":4},{"damage":5,"enemies":"Red Slaver","floor":14,"turns":4},{"damage":54,"enemies":"Hexaghost","floor":16,"turns":16}],"seed_played":"-3230624973772608189","potions_obtained":[{"floor":1.0,"key":"Explosive Potion"},{"floor":7.0,"key":"ColorlessPotion"},{"floor":10,"key":"LiquidMemories"},{"floor":11,"key":"LiquidMemories"},{"floor":14,"key":"AttackPotion"}],"is_trial":false,"path_per_floor":["M","?","M","$","?","R","M","E","T","M","M","R","E","M","R","B"],"character_chosen":"DEFECT","items_purchased":["Coolheaded"],"campfire_rested":0,"item_purchase_floors":[4],"current_hp_per_floor":[69,69,68,68,68,68,68,58,58,56,56,65,36,38,47,0,0],"gold":156,"neow_bonus":"TEN_PERCENT_HP_BONUS","is_daily":false,"chose_seed":false,"campfire_upgraded":3,"win_rate":0.0,"timestamp":1613863130,"path_taken":["M","?","M","$","?","R","M","E","T","M","?","R","E","M","R","BOSS"],"items_purchased_type":["Card"],"build_version":"2020-12-22","purchased_purges":1,"victory":false,"max_hp_per_floor":[78,78,78,78,78,78,78,78,78,78,78,78,78,78,78,78,78],"relic_stats":{"Gremlin Horn":[1,1],"counters":[9,40],"Eternal Feather":18,"obtain_stats":[{"Matryoshka":8,"Calipers":13,"Gremlin Horn":9,"Eternal Feather":9,"Cracked Core":0},{"Matryoshka":4,"Calipers":7,"Gremlin Horn":4,"Eternal Feather":4,"Cracked Core":0},{"Matryoshka":12,"Calipers":20,"Gremlin Horn":12,"Eternal Feather":12,"Cracked Core":0}]},"card_choices":[{"not_picked":["Force Field","Streamline"],"picked":"Glacier","floor":1.0},{"not_picked":["Turbo","Barrage"],"picked":"Defragment","floor":3.0},{"not_picked":["Sweeping Beam","Stack"],"picked":"Conserve Battery","floor":7.0},{"not_picked":["Streamline","Coolheaded"],"picked":"Cold Snap","floor":8},{"not_picked":["Turbo","Cold Snap"],"picked":"Go for the Eyes","floor":10},{"not_picked":["Darkness","Rebound"],"picked":"Hologram","floor":11},{"not_picked":["Reprogram","Aggregate"],"picked":"Self Repair","floor":13},{"not_picked":["Redo","Steam Power"],"picked":"Beam Cell","floor":14}],"player_experience":2325385,"relics_obtained":[{"floor":8,"key":"Matryoshka"},{"floor":9,"key":"Eternal Feather"},{"floor":9,"key":"Gremlin Horn"},{"floor":13,"key":"Calipers"}],"event_choices":[{"damage_healed":0.0,"max_hp_gain":0.0,"max_hp_loss":0.0,"gold_gain":0.0,"cards_transformed":["Strike_B"],"event_name":"Living Wall","player_choice":"Change","floor":2.0,"gold_loss":0.0,"damage_taken":0.0,"cards_obtained":["Hyperbeam"]},{"damage_healed":0.0,"max_hp_gain":0.0,"max_hp_loss":0.0,"gold_gain":0.0,"event_name":"Upgrade Shrine","player_choice":"Upgraded","floor":5.0,"gold_loss":0.0,"damage_taken":0.0,"cards_upgraded":["Defragment"]}],"is_beta":false,"boss_relics":[],"items_purged_floors":[4],"is_endless":false,"potions_floor_spawned":[1,7,10,11,14],"killed_by":"Hexaghost","ascension_level":20}}