{"host":"5f8yr5jxnqok2jdo","time":1613835089,"event":{"mods":["AchievementEnabler","BaseMod","Better Altar","Better Match","Better Note","Better Skull","Better Third Choice","Block Reminder","Colored Map","Colored Powertips","DeckTracker","Displayed Cursed Tome","Filter the Spire","Googly Eyes","Highlight Path","Key Reminder","Minty Spire (QoL Compilation)","Quick Restart","Rare Cards Sparkle","Relic Sorter","Relic Stats","ShortenTheSpire","Smile Girya","Spire Arcade","Spire Birthday Party","StSLib","Steal the Spire","SuperFastMode","Uncapped","Unceasing Turn Reminder","UnlockEverythingMod","Weighted Paths","everything is the same but u backflip on backflip","slay the spire mod where everything is the same but ironclad has a cowboy hat"],"gold_per_floor":[111,125,136,136,150,20,45,45,72,72,72,72,72,91,91,185,185,204,204,204,129,129,129,129,129],"floor_reached":24,"language":"ENG","playtime":378,"items_purged":["Strike_R"],"score":384,"play_id":"b7e07809-504f-42c2-8782-f8098eaf9a33","local_time":"20210220163129","is_ascension_mode":true,"campfire_choices":[{"floor":8.0,"key":"REST"},{"data":"Perfected Strike","floor":11.0,"key":"SMITH"},{"floor":15,"key":"REST"},{"floor":23,"key":"REST"}],"circlet_count":0,"master_deck":["AscendersBane","Strike_R","Strike_R+1","Defend_R","Defend_R","Defend_R","Defend_R","Bash+1","Perfected Strike+1","Evolve","Whirlwind","Perfected Strike","Dark Embrace","Barricade","Necronomicurse","Writhe"],"relics":["Snecko Eye","Akabeko","Bronze Scales","Toy Ornithopter","Golden Idol","Philosopher\u0027s Stone","Necronomicon","MutagenicStrength","Blood Vial"],"acts_visited":["Exordium","TheCity"],"potions_floor_usage":[16],"damage_taken":[{"damage":10.0,"enemies":"Small Slimes","floor":1.0,"turns":4.0},{"damage":9.0,"enemies":"2 Louse","floor":2.0,"turns":2.0},{"damage":1.0,"enemies":"Cultist","floor":3.0,"turns":3.0},{"damage":9.0,"enemies":"Red Slaver","floor":5.0,"turns":2.0},{"damage":20.0,"enemies":"Lagavulin","floor":7.0,"turns":5.0},{"damage":0,"enemies":"Large Slime","floor":14,"turns":2},{"damage":15,"enemies":"Slime Boss","floor":16,"turns":6},{"damage":17,"enemies":"Shell Parasite","floor":18,"turns":2},{"damage":44,"enemies":"Book of Stabbing","floor":24,"turns":2}],"seed_played":"-8258892266430190486","potions_obtained":[{"floor":7.0,"key":"SneckoOil"},{"floor":14,"key":"Explosive Potion"},{"floor":16,"key":"Strength Potion"}],"is_trial":false,"path_per_floor":["M","M","M","?","M","$","E","R","T","?","R","?","?","M","R","B",null,"M","?","?","?","?","R","E"],"character_chosen":"IRONCLAD","items_purchased":["BloodPotion"],"campfire_rested":3,"item_purchase_floors":[6],"current_hp_per_floor":[58,49,48,27,18,18,13,35,35,28,28,5,5,5,25,15,55,38,17,17,17,17,37,0,0],"gold":129,"neow_bonus":"BOSS_RELIC","is_daily":false,"chose_seed":false,"campfire_upgraded":1,"win_rate":0.0,"timestamp":1613835089,"path_taken":["M","M","M","?","M","$","E","R","T","?","R","?","?","M","R","BOSS","M","?","?","?","?","R","E"],"items_purchased_type":["Potion"],"build_version":"2020-12-22","purchased_purges":1,"victory":false,"max_hp_per_floor":[75,75,75,75,75,75,75,75,75,75,75,75,68,68,68,68,68,68,68,68,68,68,68,68,68],"relic_stats":{"Blood Vial":2,"counters":[9,28],"Golden Idol":27,"Bronze Scales":[21],"Snecko Eye":[39,38,58,53],"Necronomicon":[2],"obtain_stats":[{"Blood Vial":22,"Golden Idol":13,"Bronze Scales":7,"MutagenicStrength":20,"Snecko Eye":0,"Philosopher\u0027s Stone":17,"Necronomicon":19,"Burning Blood":0,"Akabeko":4,"Toy Ornithopter":9},{"Blood Vial":8,"Golden Idol":5,"Bronze Scales":5,"MutagenicStrength":8,"Snecko Eye":0,"Philosopher\u0027s Stone":7,"Necronomicon":8,"Burning Blood":0,"Akabeko":3,"Toy Ornithopter":5},{"Blood Vial":26,"Golden Idol":16,"Bronze Scales":16,"MutagenicStrength":26,"Snecko Eye":0,"Philosopher\u0027s Stone":24,"Necronomicon":26,"Burning Blood":0,"Akabeko":9,"Toy Ornithopter":16}],"Toy Ornithopter":5},"card_choices":[{"not_picked":["Anger","Heavy Blade"],"picked":"Perfected Strike","floor":1.0},{"not_picked":["Warcry","Armaments"],"picked":"Evolve","floor":2.0},{"not_picked":["Ghostly Armor","Uppercut"],"picked":"Whirlwind","floor":3.0},{"not_picked":["Inflame","Entrench","Perfected Strike"],"picked":"SKIP","floor":5.0},{"not_picked":["Inflame","Entrench"],"picked":"Perfected Strike","floor":5.0},{"not_picked":["Wild Strike","Twin Strike"],"picked":"Dark Embrace","floor":7.0},{"not_picked":["Iron Wave","Searing Blow","Anger"],"picked":"SKIP","floor":14},{"not_picked":["Juggernaut","Immolate"],"picked":"Barricade","floor":16},{"not_picked":["Combust","Headbutt+1","Rampage"],"picked":"SKIP","floor":18}],"player_experience":371717,"relics_obtained":[{"floor":7.0,"key":"Bronze Scales"},{"floor":9.0,"key":"Toy Ornithopter"}],"event_choices":[{"damage_healed":0.0,"max_hp_gain":0.0,"max_hp_loss":0.0,"gold_gain":0.0,"event_name":"betterThird:BetterScrap","player_choice":"Relic ","floor":4.0,"gold_loss":0.0,"damage_taken":21.0,"cards_obtained":["Brilliance"]},{"cards_removed":["Strike_R"],"damage_healed":0.0,"max_hp_gain":0.0,"max_hp_loss":0.0,"gold_gain":0.0,"event_name":"Golden Wing","player_choice":"Card Removal","floor":10.0,"gold_loss":0.0,"damage_taken":7.0},{"damage_healed":28.0,"max_hp_gain":0.0,"max_hp_loss":75.0,"gold_gain":0.0,"event_name":"betterThird:BetterShining","player_choice":"Upgrade","floor":12.0,"gold_loss":0.0,"damage_taken":23.0,"cards_upgraded":["Bash","Strike_R"]},{"damage_healed":0.0,"max_hp_gain":0.0,"max_hp_loss":7.0,"gold_gain":0.0,"event_name":"Golden Idol","player_choice":"Lose Max HP","floor":13.0,"gold_loss":0.0,"damage_taken":0.0,"relics_obtained":["Golden Idol"]},{"damage_healed":0,"gold_gain":0,"player_choice":"Obtained Book","damage_taken":21,"max_hp_gain":0,"max_hp_loss":0,"event_name":"Cursed Tome","floor":19,"gold_loss":0},{"damage_healed":0,"gold_gain":0,"player_choice":"Inject Mutagens","damage_taken":0,"relics_obtained":["MutagenicStrength"],"max_hp_gain":0,"max_hp_loss":0,"event_name":"Drug Dealer","floor":20,"gold_loss":0},{"cards_removed":["Strike_R"],"damage_healed":0,"gold_gain":0,"player_choice":"Gave Gold","damage_taken":0,"max_hp_gain":0,"max_hp_loss":0,"event_name":"Beggar","floor":21,"gold_loss":75},{"damage_healed":0,"gold_gain":0,"player_choice":"Opened","damage_taken":0,"relics_obtained":["Blood Vial"],"max_hp_gain":0,"max_hp_loss":0,"event_name":"The Mausoleum","floor":22,"gold_loss":0,"cards_obtained":["Writhe"]}],"is_beta":false,"boss_relics":[{"not_picked":["Black Star","Runic Pyramid"],"picked":"Philosopher\u0027s Stone"}],"items_purged_floors":[6],"is_endless":false,"potions_floor_spawned":[7,14,16],"killed_by":"Book of Stabbing","ascension_level":20}}