{"host":"xsuxkwaivmtd234a","time":1613787106,"event":{"mods":["BaseMod","Bestiary","Colored Map","Filter the Spire","Minty Spire (QoL Compilation)","Relic Stats","StSLib"],"gold_per_floor":[112,123,134,153,153,153,184,150,150,178,236,236,236,270,270,370,370,386,386,400,400,64,64,97,97,121,121,134,150,150,150,150,246,246,265,281,21,21,9,9,24,34,58,58,90,102,137,154,154,154,154,154,8,43,43,43],"floor_reached":55,"language":"ENG","playtime":3324,"items_purged":[],"score":1188,"play_id":"b8bab4c8-a588-43b4-add8-181ed5b866be","local_time":"20210219211146","is_ascension_mode":true,"campfire_choices":[{"floor":6.0,"key":"REST"},{"floor":12.0,"key":"REST"},{"floor":15.0,"key":"REST"},{"data":"Panache","floor":23.0,"key":"SMITH"},{"floor":27.0,"key":"REST"},{"data":"Deadly Poison","floor":32.0,"key":"SMITH"},{"data":"Footwork","floor":40,"key":"SMITH"},{"floor":44,"key":"RECALL"},{"data":"Calculated Gamble","floor":49,"key":"SMITH"},{"data":"Prepared","floor":52,"key":"SMITH"}],"circlet_count":0,"master_deck":["AscendersBane","Strike_G","Strike_G+1","Strike_G+1","Defend_G","Defend_G","Defend_G","Defend_G","Defend_G","Survivor","Neutralize","Bouncing Flask","Backflip","Predator","Terror","Deadly Poison+1","Leg Sweep","Noxious Fumes","Venomology","Eviscerate","Ghostly","Ghostly","Ghostly","Ghostly","Ghostly","Crippling Poison+1","Bane","PiercingWail","Footwork+1","Panache+1","Acrobatics","Caltrops","Ghostly","Venomology","Predator+1","Predator+1","Calculated Gamble+1","Prepared+1","Venomology","PiercingWail","Backstab+1","Crippling Poison+1","Caltrops+1","Acrobatics+1","Sadistic Nature","PiercingWail","PiercingWail+1"],"relics":["Ring of the Serpent","MealTicket","Lantern","Sundial","The Specimen","InkBottle","Letter Opener","Blood Vial","Snecko Eye","Membership Card","Orichalcum","Juzu Bracelet","Bottled Flame","Regal Pillow","Gremlin Horn"],"acts_visited":["Exordium","TheCity","TheBeyond","TheEnding"],"potions_floor_usage":[41,41,42,42,42,45,45,45,46,46,47,47,48,48,50,50,50,50,50,54,54,55,55,55],"damage_taken":[{"damage":0.0,"enemies":"2 Louse","floor":1.0,"turns":4.0},{"damage":7.0,"enemies":"Small Slimes","floor":2.0,"turns":3.0},{"damage":0.0,"enemies":"Cultist","floor":3.0,"turns":3.0},{"damage":26.0,"enemies":"Large Slime","floor":4.0,"turns":9.0},{"damage":11.0,"enemies":"Lagavulin","floor":7.0,"turns":7.0},{"damage":16.0,"enemies":"Gremlin Nob","floor":10.0,"turns":3.0},{"damage":0.0,"enemies":"Lots of Slimes","floor":11.0,"turns":5.0},{"damage":18.0,"enemies":"Lagavulin","floor":14.0,"turns":5.0},{"damage":18.0,"enemies":"Hexaghost","floor":16.0,"turns":8.0},{"damage":28.0,"enemies":"2 Thieves","floor":18.0,"turns":5.0},{"damage":19.0,"enemies":"3 Byrds","floor":20.0,"turns":6.0},{"damage":8.0,"enemies":"Slavers","floor":24.0,"turns":6.0},{"damage":5.0,"enemies":"Centurion and Healer","floor":28.0,"turns":7.0},{"damage":0.0,"enemies":"Snecko","floor":29.0,"turns":4.0},{"damage":0.0,"enemies":"Shelled Parasite and Fungi","floor":30.0,"turns":1.0},{"damage":23.0,"enemies":"Collector","floor":33.0,"turns":12.0},{"damage":14.0,"enemies":"Orb Walker","floor":35.0,"turns":3.0},{"damage":2,"enemies":"3 Darklings","floor":36,"turns":5},{"damage":0,"enemies":"Sphere and 2 Shapes","floor":41,"turns":3},{"damage":0,"enemies":"Maw","floor":42,"turns":5},{"damage":0,"enemies":"Nemesis","floor":45,"turns":7},{"damage":1,"enemies":"3 Darklings","floor":46,"turns":5},{"damage":1,"enemies":"Reptomancer","floor":47,"turns":7},{"damage":0,"enemies":"Transient","floor":48,"turns":5},{"damage":44,"enemies":"Awakened One","floor":50,"turns":13},{"damage":23,"enemies":"Shield and Spear","floor":54,"turns":9},{"damage":26,"enemies":"The Heart","floor":55,"turns":5}],"seed_played":"9139697589075005481","potions_obtained":[{"floor":4.0,"key":"ColorlessPotion"},{"floor":10.0,"key":"ColorlessPotion"},{"floor":11.0,"key":"Block Potion"},{"floor":14.0,"key":"Swift Potion"},{"floor":16.0,"key":"Poison Potion"},{"floor":18.0,"key":"BlessingOfTheForge"},{"floor":20.0,"key":"SmokeBomb"},{"floor":33.0,"key":"CultistPotion"},{"floor":36,"key":"SteroidPotion"}],"is_trial":false,"path_per_floor":["M","M","M","M","?","R","E","?","T","E","M","R","?","E","R","B",null,"M","?","M","?","$","R","E","?","T","R","M","M","M","?","R","B",null,"M","M","$","?","$","R","M","M","T","R","E","M","E","M","R","B",null,"R","$","E","B"],"character_chosen":"THE_SILENT","items_purchased":["Footwork","Panache","GhostInAJar","Membership Card","Orichalcum","Calculated Gamble","Prepared","Sadistic Nature","CultistPotion","PiercingWail"],"campfire_rested":4,"item_purchase_floors":[22,22,22,37,37,37,39,53,53,53],"current_hp_per_floor":[63,56,56,30,16,37,26,26,26,10,10,31,31,13,34,16,57,29,29,10,10,25,25,17,17,17,27,24,26,28,28,28,7,28,16,16,31,31,35,35,35,35,35,35,35,34,34,35,35,3,27,27,35,12,0,0],"gold":43,"neow_bonus":"RANDOM_COMMON_RELIC","is_daily":false,"chose_seed":false,"campfire_upgraded":5,"win_rate":0.0,"timestamp":1613787106,"path_taken":["M","M","M","M","?","R","E","?","T","E","M","R","?","E","R","BOSS","M","?","M","?","$","R","E","?","T","R","M","?","M","?","R","BOSS","M","M","?","?","$","R","M","M","T","R","E","M","E","M","R","BOSS","R","$","E","BOSS"],"items_purchased_type":["Card","Card","Potion","Relic","Relic","Card","Card","Card","Potion","Card"],"build_version":"2020-12-22","purchased_purges":0,"victory":false,"max_hp_per_floor":[70,70,70,70,70,70,70,70,70,70,70,70,70,70,70,70,70,70,35,35,35,35,35,35,35,35,35,35,35,35,35,35,35,35,35,35,35,35,35,35,35,35,35,35,35,35,35,35,35,35,35,35,35,35,35,35],"relic_stats":{"Blood Vial":16,"Regal Pillow":0,"Gremlin Horn":[0,0],"counters":[27,155],"Sundial":[18],"Snecko Eye":[173,174,190,162],"MealTicket":42,"Juzu Bracelet":0,"Letter Opener":[327],"Orichalcum":[162],"obtain_stats":[{"Lantern":7,"Regal Pillow":47,"The Specimen":10,"Gremlin Horn":54,"Juzu Bracelet":38,"Letter Opener":24,"Orichalcum":37,"Blood Vial":26,"Bottled Flame":45,"Sundial":9,"Snecko Eye":34,"MealTicket":0,"Membership Card":37,"InkBottle":14,"Ring of the Serpent":17,"Ring of the Snake":0},{"Lantern":5,"Regal Pillow":23,"The Specimen":6,"Gremlin Horn":26,"Juzu Bracelet":18,"Letter Opener":12,"Orichalcum":18,"Blood Vial":12,"Bottled Flame":21,"Sundial":5,"Snecko Eye":16,"MealTicket":0,"Membership Card":18,"InkBottle":8,"Ring of the Serpent":9,"Ring of the Snake":0},{"Lantern":26,"Regal Pillow":123,"The Specimen":29,"Gremlin Horn":150,"Juzu Bracelet":96,"Letter Opener":64,"Orichalcum":96,"Blood Vial":64,"Bottled Flame":111,"Sundial":26,"Snecko Eye":88,"MealTicket":0,"Membership Card":96,"InkBottle":39,"Ring of the Serpent":47,"Ring of the Snake":0}],"InkBottle":[48]},"card_choices":[{"not_picked":["Deadly Poison","Underhanded Strike"],"picked":"Bouncing Flask","floor":1.0},{"not_picked":["Accuracy","Bane"],"picked":"Infinite Blades","floor":2.0},{"not_picked":["Endless Agony","Choke"],"picked":"Backflip","floor":3.0},{"not_picked":["Eviscerate","Outmaneuver"],"picked":"Predator","floor":4.0},{"not_picked":["Quick Slash","Dodge and Roll"],"picked":"Terror","floor":7.0},{"not_picked":["Finisher","Storm of Steel"],"picked":"Deadly Poison","floor":10.0},{"not_picked":["PiercingWail","Flying Knee"],"picked":"Leg Sweep","floor":11.0},{"not_picked":["Blade Dance","Underhanded Strike"],"picked":"Noxious Fumes","floor":14.0},{"not_picked":["Phantasmal Killer","Doppelganger"],"picked":"Venomology","floor":16.0},{"not_picked":["Setup+1","Slice"],"picked":"Eviscerate","floor":18.0},{"not_picked":["Footwork","Acrobatics"],"picked":"Crippling Poison+1","floor":20.0},{"not_picked":["Distraction","Slice","Accuracy"],"picked":"SKIP","floor":24.0},{"not_picked":["Outmaneuver","PiercingWail"],"picked":"Acrobatics","floor":28.0},{"not_picked":["Prepared","Poisoned Stab+1"],"picked":"Caltrops","floor":29.0},{"not_picked":["Tools of the Trade","Unload"],"picked":"Venomology","floor":33.0},{"not_picked":["Poisoned Stab+1","Deflect+1"],"picked":"Predator+1","floor":35.0},{"not_picked":["Outmaneuver","Flying Knee"],"picked":"Predator+1","floor":36},{"not_picked":["Dagger Spray","Flying Knee+1"],"picked":"Venomology","floor":41},{"not_picked":["Backstab","Infinite Blades"],"picked":"PiercingWail","floor":42},{"not_picked":["Flying Knee+1","Bane+1"],"picked":"Backstab+1","floor":45},{"not_picked":["Prepared","Outmaneuver+1"],"picked":"Crippling Poison+1","floor":46},{"not_picked":["Reflex+1","Acrobatics"],"picked":"Caltrops+1","floor":47},{"not_picked":["Deadly Poison","Malaise"],"picked":"Acrobatics+1","floor":48},{"not_picked":["Infinite Blades+1","Outmaneuver"],"picked":"PiercingWail+1","floor":54}],"player_experience":1314847,"relics_obtained":[{"floor":7.0,"key":"Lantern"},{"floor":9.0,"key":"Sundial"},{"floor":10.0,"key":"The Specimen"},{"floor":14.0,"key":"InkBottle"},{"floor":24.0,"key":"Letter Opener"},{"floor":26.0,"key":"Blood Vial"},{"floor":45,"key":"Bottled Flame"},{"floor":47,"key":"Regal Pillow"},{"floor":54,"key":"Gremlin Horn"}],"event_choices":[{"damage_healed":0.0,"max_hp_gain":0.0,"max_hp_loss":0.0,"gold_gain":0.0,"event_name":"Shining Light","player_choice":"Entered Light","floor":5.0,"gold_loss":0.0,"damage_taken":14.0,"cards_upgraded":["Strike_G","Strike_G"]},{"damage_healed":0.0,"max_hp_gain":0.0,"max_hp_loss":0.0,"gold_gain":0.0,"event_name":"World of Goop","player_choice":"Left Gold","floor":8.0,"gold_loss":34.0,"damage_taken":0.0},{"damage_healed":0.0,"max_hp_gain":0.0,"max_hp_loss":0.0,"gold_gain":0.0,"event_name":"Liars Game","player_choice":"Ignored","floor":13.0,"gold_loss":0.0,"damage_taken":0.0},{"damage_healed":0.0,"max_hp_gain":0.0,"max_hp_loss":35.0,"gold_gain":0.0,"event_name":"Ghosts","player_choice":"Became a Ghost","floor":19.0,"gold_loss":0.0,"damage_taken":0.0,"cards_obtained":["Ghostly","Ghostly","Ghostly","Ghostly","Ghostly"]},{"damage_healed":0.0,"max_hp_gain":0.0,"max_hp_loss":0.0,"gold_gain":0.0,"cards_transformed":["Strike_G","Strike_G"],"event_name":"Drug Dealer","player_choice":"Became Test Subject","floor":21.0,"gold_loss":0.0,"damage_taken":0.0,"cards_obtained":["Bane","PiercingWail"]},{"damage_healed":0.0,"max_hp_gain":0.0,"max_hp_loss":0.0,"gold_gain":0.0,"event_name":"N\u0027loth","player_choice":"Ignored","floor":25.0,"gold_loss":0.0,"damage_taken":0.0},{"damage_healed":0.0,"max_hp_gain":0.0,"max_hp_loss":0.0,"gold_gain":0.0,"event_name":"Duplicator","player_choice":"Copied","floor":31.0,"gold_loss":0.0,"damage_taken":0.0,"cards_obtained":["Ghostly"]},{"cards_removed":["Infinite Blades"],"damage_healed":0,"gold_gain":0,"player_choice":"Gave Card","damage_taken":0,"relics_obtained":["Juzu Bracelet"],"max_hp_gain":0,"max_hp_loss":0,"event_name":"WeMeetAgain","floor":38,"gold_loss":0}],"is_beta":false,"boss_relics":[{"not_picked":["Fusion Hammer","WristBlade"],"picked":"Ring of the Serpent"},{"not_picked":["Velvet Choker","SacredBark"],"picked":"Snecko Eye"}],"items_purged_floors":[],"is_endless":false,"potions_floor_spawned":[4,10,11,14,16,18,20,28,33,36,42,46,54],"killed_by":"The Heart","ascension_level":10}}