{"host":"30jsp143e4v19aze","time":1613810154,"event":{"mods":["BaseMod","Colored Map","Colored Powertips","Curses Come First","DeckTracker","Highlight Path","Minty Spire (QoL Compilation)","Quick Restart","Relic Stats","StSLib","everything is the same but u backflip on backflip","slay the spire mod where everything is the same but ironclad has a cowboy hat"],"gold_per_floor":[209,359,376,389,84,113,113,124,124,151,151,151,11,37,37,113,113,128,28,47,47,66,66,66,66],"floor_reached":24,"language":"ENG","playtime":951,"items_purged":["Doubt","Strike_R"],"score":428,"play_id":"220d7c39-60de-4a00-8217-da5329692216","local_time":"20210220093554","is_ascension_mode":true,"campfire_choices":[{"data":"Wild Strike","floor":7,"key":"SMITH"},{"floor":12,"key":"REST"},{"floor":15,"key":"REST"},{"floor":23,"key":"REST"}],"circlet_count":0,"master_deck":["AscendersBane","Strike_R","Strike_R","Strike_R","Strike_R","Defend_R","Defend_R","Defend_R","Defend_R","Bash","Sword Boomerang","Evolve","Wild Strike+1","Inflame","Panacea","True Grit","Combust","Power Through","Reaper","Feel No Pain","Disarm","Writhe"],"relics":["Burning Blood","Happy Flower","Darkstone Periapt","TungstenRod","Letter Opener","Gremlin Horn","Busted Crown","Oddly Smooth Stone"],"acts_visited":["Exordium","TheCity"],"potions_floor_usage":[6,8,14,22],"damage_taken":[{"damage":9,"enemies":"Small Slimes","floor":1,"turns":4},{"damage":16,"enemies":"Jaw Worm","floor":3,"turns":6},{"damage":1,"enemies":"2 Louse","floor":4,"turns":4},{"damage":24,"enemies":"Gremlin Nob","floor":6,"turns":4},{"damage":18,"enemies":"Lots of Slimes","floor":8,"turns":4},{"damage":25,"enemies":"Lagavulin","floor":10,"turns":6},{"damage":28,"enemies":"3 Sentries","floor":14,"turns":7},{"damage":25,"enemies":"Slime Boss","floor":16,"turns":8},{"damage":26,"enemies":"Chosen","floor":18,"turns":6},{"damage":27,"enemies":"Spheric Guardian","floor":20,"turns":6},{"damage":36,"enemies":"Centurion and Healer","floor":22,"turns":9},{"damage":0,"enemies":"Slavers","floor":24,"turns":1}],"seed_played":"-9144506380924642116","potions_obtained":[{"floor":6,"key":"DuplicationPotion"},{"floor":10,"key":"LiquidBronze"},{"floor":16,"key":"Explosive Potion"},{"floor":22,"key":"LiquidBronze"}],"is_trial":false,"path_per_floor":["M","?","M","M","$","E","R","M","T","E","?","R","$","E","R","B",null,"M","$","M","?","M","R","E"],"character_chosen":"IRONCLAD","items_purchased":["Inflame","SteroidPotion","Panacea","Combust","PowerPotion"],"campfire_rested":3,"item_purchase_floors":[5,5,5,13,13],"current_hp_per_floor":[65,65,55,60,60,42,42,30,30,11,7,29,29,7,29,10,59,45,45,24,30,8,32,32,32],"gold":66,"neow_bonus":"HUNDRED_GOLD","is_daily":false,"chose_seed":false,"campfire_upgraded":1,"win_rate":0.0,"timestamp":1613810154,"path_taken":["M","?","M","M","$","E","R","M","T","E","?","R","?","E","R","BOSS","M","$","M","?","M","R","E"],"items_purchased_type":["Card","Potion","Card","Card","Potion"],"build_version":"2020-12-22","purchased_purges":2,"victory":false,"max_hp_per_floor":[75,75,75,75,75,75,75,75,75,75,75,75,75,75,75,75,75,75,75,75,81,81,81,81,81],"relic_stats":{"Darkstone Periapt":6,"Busted Crown":6,"Happy Flower":[15],"Gremlin Horn":[3,3],"counters":[12,65],"Letter Opener":[35],"obtain_stats":[{"Darkstone Periapt":9,"Busted Crown":17,"Happy Flower":6,"Gremlin Horn":14,"Oddly Smooth Stone":21,"Letter Opener":11,"Burning Blood":0,"TungstenRod":10},{"Darkstone Periapt":5,"Busted Crown":8,"Happy Flower":4,"Gremlin Horn":7,"Oddly Smooth Stone":10,"Letter Opener":6,"Burning Blood":0,"TungstenRod":6},{"Darkstone Periapt":22,"Busted Crown":43,"Happy Flower":18,"Gremlin Horn":35,"Oddly Smooth Stone":55,"Letter Opener":28,"Burning Blood":0,"TungstenRod":28}],"Burning Blood":66,"TungstenRod":34},"card_choices":[{"not_picked":["Perfected Strike","Warcry"],"picked":"Sword Boomerang","floor":1},{"not_picked":["Intimidate","Fire Breathing"],"picked":"Evolve","floor":3},{"not_picked":["Perfected Strike","Evolve"],"picked":"Wild Strike","floor":4},{"not_picked":["Searing Blow","Berserk","Clothesline"],"picked":"SKIP","floor":6},{"not_picked":["Cleave","Wild Strike"],"picked":"True Grit","floor":8},{"not_picked":["Infernal Blade","Flex","Headbutt"],"picked":"SKIP","floor":10},{"not_picked":["Reckless Charge","Heavy Blade"],"picked":"Power Through","floor":14},{"not_picked":["Offering","Immolate"],"picked":"Reaper","floor":16},{"not_picked":[],"picked":"Feel No Pain","floor":18},{"not_picked":[],"picked":"Disarm","floor":20},{"not_picked":["Headbutt"],"picked":"SKIP","floor":22}],"player_experience":3290194,"relics_obtained":[{"floor":6,"key":"Happy Flower"},{"floor":9,"key":"Darkstone Periapt"},{"floor":10,"key":"TungstenRod"},{"floor":14,"key":"Gremlin Horn"}],"event_choices":[{"damage_healed":0,"gold_gain":150,"player_choice":"AGREE","damage_taken":0,"max_hp_gain":0,"max_hp_loss":0,"event_name":"Liars Game","floor":2,"gold_loss":0,"cards_obtained":["Doubt"]},{"damage_healed":0,"gold_gain":0,"player_choice":"Success","damage_taken":5,"relics_obtained":["Letter Opener"],"max_hp_gain":0,"max_hp_loss":0,"event_name":"Scrap Ooze","floor":11,"gold_loss":0},{"damage_healed":0,"gold_gain":0,"player_choice":"Opened","damage_taken":0,"relics_obtained":["Oddly Smooth Stone"],"max_hp_gain":0,"max_hp_loss":0,"event_name":"The Mausoleum","floor":21,"gold_loss":0,"cards_obtained":["Writhe"]}],"is_beta":false,"boss_relics":[{"not_picked":["Runic Pyramid","SacredBark"],"picked":"Busted Crown"}],"items_purged_floors":[5,19],"is_endless":false,"potions_floor_spawned":[6,10,16,22],"killed_by":"Slavers","ascension_level":20}}