{"host":"7gquyva492f4udta","time":1613799693,"event":{"mods":["BaseMod","Minty Spire (QoL Compilation)"],"gold_per_floor":[360,310,310,324,16,44,44,44,71,103,116,150,161,174,174,277,277,287,306,336,347,365,393,410,32,32,32,32,32,51,51,51,149,149,166,180,180,199,48,48,61,76,76,111,125,153,204,224,224,224,224,224,9,34,34,34],"floor_reached":55,"language":"ENG","playtime":4487,"items_purged":["Strike_P","Strike_P"],"score":1070,"play_id":"eaa651e4-85c8-4c7d-a123-b45f28d5a884","local_time":"20210219234133","is_ascension_mode":true,"campfire_choices":[{"floor":7.0,"key":"REST"},{"data":"Eruption","floor":15.0,"key":"SMITH"},{"data":"Establishment","floor":27.0,"key":"SMITH"},{"data":"DeceiveReality","floor":29.0,"key":"SMITH"},{"data":"Blasphemy","floor":32.0,"key":"SMITH"},{"floor":40,"key":"RECALL"},{"floor":49,"key":"REST"},{"floor":52,"key":"REST"}],"circlet_count":0,"master_deck":["Defend_P","Defend_P","Defend_P+1","Defend_P","Eruption+1","Vigilance","ReachHeaven","CutThroughFate+1","FlurryOfBlows+1","Wallop+1","EmptyBody+1","EmptyFist+1","DeceiveReality+1","FollowUp+1","CutThroughFate+1","Establishment+1","Collect+1","SashWhip+1","Evaluate+1","BattleHymn+1","ThirdEye+1","LessonLearned+1","BattleHymn","Study+1","EmptyBody+1","Blasphemy+1","Protect+1","DevaForm+1","Protect+1","FollowUp+1","FlurryOfBlows+1","FlurryOfBlows+1","ClearTheMind","TalkToTheHand+1","Crescendo+1","FollowUp+1","Conclude+1","Wireheading+1","InnerPeace+1","ThirdEye","FlurryOfBlows+1"],"relics":["HolyWater","Thread and Needle","CloakClasp","Molten Egg 2","Oddly Smooth Stone","Prayer Wheel","War Paint","Red Mask","StrikeDummy","Turnip","Kunai","Lizard Tail","White Beast Statue","Fusion Hammer","Pocketwatch","Strawberry","Lantern","Frozen Eye","Happy Flower"],"acts_visited":["Exordium","TheCity","TheBeyond","TheEnding"],"potions_floor_usage":[44,46,48,48,48,48,48,50,50,55],"damage_taken":[{"damage":0.0,"enemies":"Jaw Worm","floor":1.0,"turns":3.0},{"damage":0.0,"enemies":"2 Louse","floor":4.0,"turns":4.0},{"damage":0.0,"enemies":"Lagavulin","floor":6.0,"turns":3.0},{"damage":14.0,"enemies":"3 Sentries","floor":10.0,"turns":3.0},{"damage":0.0,"enemies":"Small Slimes","floor":11.0,"turns":2.0},{"damage":7.0,"enemies":"Lagavulin","floor":12.0,"turns":5.0},{"damage":0.0,"enemies":"Gremlin Gang","floor":13.0,"turns":4.0},{"damage":0.0,"enemies":"3 Louse","floor":14.0,"turns":3.0},{"damage":0.0,"enemies":"Hexaghost","floor":16.0,"turns":9.0},{"damage":2.0,"enemies":"Shell Parasite","floor":18.0,"turns":2.0},{"damage":1.0,"enemies":"2 Thieves","floor":19.0,"turns":4.0},{"damage":0.0,"enemies":"Masked Bandits","floor":20.0,"turns":4.0},{"damage":6.0,"enemies":"Sentry and Sphere","floor":21.0,"turns":7.0},{"damage":8.0,"enemies":"Cultist and Chosen","floor":22.0,"turns":6.0},{"damage":7.0,"enemies":"Gremlin Leader","floor":23.0,"turns":8.0},{"damage":1.0,"enemies":"Snake Plant","floor":24.0,"turns":6.0},{"damage":0.0,"enemies":"Centurion and Healer","floor":30.0,"turns":5.0},{"damage":34.0,"enemies":"Collector","floor":33.0,"turns":8.0},{"damage":9,"enemies":"Orb Walker","floor":35,"turns":7},{"damage":0,"enemies":"3 Darklings","floor":36,"turns":7},{"damage":0,"enemies":"Spire Growth","floor":38,"turns":3},{"damage":0,"enemies":"Transient","floor":41,"turns":5},{"damage":0,"enemies":"Sphere and 2 Shapes","floor":42,"turns":6},{"damage":4,"enemies":"Nemesis","floor":44,"turns":5},{"damage":0,"enemies":"Spire Growth","floor":45,"turns":4},{"damage":7,"enemies":"Reptomancer","floor":46,"turns":5},{"damage":23,"enemies":"Maw","floor":48,"turns":8},{"damage":59,"enemies":"Donu and Deca","floor":50,"turns":11},{"damage":33,"enemies":"Shield and Spear","floor":54,"turns":9},{"damage":110,"enemies":"The Heart","floor":55,"turns":3}],"seed_played":"5887156952557409368","potions_obtained":[{"floor":1.0,"key":"BottledMiracle"},{"floor":4.0,"key":"DistilledChaos"},{"floor":6.0,"key":"Explosive Potion"},{"floor":13.0,"key":"BlessingOfTheForge"},{"floor":20.0,"key":"BottledMiracle"},{"floor":22.0,"key":"GamblersBrew"},{"floor":23.0,"key":"EssenceOfSteel"},{"floor":24.0,"key":"Energy Potion"},{"floor":33.0,"key":"FearPotion"},{"floor":35,"key":"Swift Potion"},{"floor":36,"key":"AttackPotion"},{"floor":38,"key":"EntropicBrew"},{"floor":44,"key":"SteroidPotion"},{"floor":45,"key":"PowerPotion"},{"floor":46,"key":"EssenceOfSteel"},{"floor":48,"key":"Regen Potion"},{"floor":54,"key":"GamblersBrew"}],"is_trial":false,"path_per_floor":["M","?","?","M","$","E","R","?","T","E","M","E","M","M","R","B",null,"M","M","?","M","M","E","M","$","T","R","?","R","M","T","R","B",null,"M","M","?","M","$","R","M","M","T","E","M","E","T","M","R","B",null,"R","$","E","B"],"character_chosen":"WATCHER","items_purchased":["Thread and Needle","Turnip","ClearTheMind","ThirdEye","FlurryOfBlows+1","Frozen Eye"],"campfire_rested":3,"item_purchase_floors":[5,25,39,53,53,53],"current_hp_per_floor":[51,51,44,44,44,44,65,65,65,51,51,44,44,44,44,44,65,63,62,62,56,48,41,40,40,40,40,40,40,40,40,40,6,56,47,47,47,47,47,47,47,47,47,43,43,43,43,20,43,39,69,79,79,46,0,0],"gold":34,"neow_bonus":"TWO_FIFTY_GOLD","is_daily":false,"chose_seed":false,"campfire_upgraded":4,"win_rate":0.0,"timestamp":1613799693,"path_taken":["M","?","?","M","$","E","R","?","T","E","?","E","?","M","R","BOSS","M","M","?","M","M","E","M","$","T","R","?","R","M","?","R","BOSS","M","M","?","M","$","R","M","?","T","E","M","E","?","M","R","BOSS","R","$","E","BOSS"],"items_purchased_type":["Relic","Relic","Card","Card","Card","Relic"],"build_version":"2020-12-22","purchased_purges":2,"victory":false,"max_hp_per_floor":[72,72,72,72,72,72,72,72,72,72,72,72,72,72,72,72,72,72,72,72,72,72,72,72,72,72,72,72,72,72,72,72,72,72,72,72,72,72,72,72,72,72,72,72,72,79,79,79,79,79,79,79,79,79,79,79],"card_choices":[{"not_picked":["CarveReality","InnerPeace"],"picked":"ReachHeaven","floor":1.0},{"not_picked":["JustLucky","Study"],"picked":"CutThroughFate","floor":4.0},{"not_picked":["CrushJoints","Collect"],"picked":"FlurryOfBlows","floor":6.0},{"not_picked":["InnerPeace","CarveReality+1"],"picked":"Wallop+1","floor":10.0},{"not_picked":["Evaluate","PathToVictory"],"picked":"EmptyBody","floor":11.0},{"not_picked":["Evaluate","EmptyBody"],"picked":"EmptyFist+1","floor":11.0},{"not_picked":["Prostrate","Halt"],"picked":"DeceiveReality","floor":12.0},{"not_picked":["EmptyFist+1","ClearTheMind","Swivel"],"picked":"SKIP","floor":13.0},{"not_picked":["Swivel","Consecrate+1","Pray"],"picked":"SKIP","floor":13.0},{"not_picked":["Swivel","Halt"],"picked":"FollowUp+1","floor":14.0},{"not_picked":["Fasting2","MentalFortress"],"picked":"CutThroughFate+1","floor":14.0},{"not_picked":["SpiritShield","Vault"],"picked":"Establishment","floor":16.0},{"not_picked":["Indignation","Wallop+1"],"picked":"Collect+1","floor":18.0},{"not_picked":["DeceiveReality","ForeignInfluence"],"picked":"SashWhip+1","floor":18.0},{"not_picked":["Fasting2","LikeWater"],"picked":"Evaluate+1","floor":19.0},{"not_picked":["Consecrate+1","EmptyFist+1","Prostrate"],"picked":"SKIP","floor":19.0},{"not_picked":["CutThroughFate+1","WindmillStrike+1"],"picked":"BattleHymn+1","floor":20.0},{"not_picked":["BattleHymn","Prostrate"],"picked":"ThirdEye","floor":21.0},{"not_picked":["BowlingBash+1","CarveReality+1","EmptyBody"],"picked":"SKIP","floor":21.0},{"not_picked":["FollowUp+1","Adaptation+1"],"picked":"LessonLearned+1","floor":22.0},{"not_picked":["Evaluate","EmptyFist+1","JustLucky+1"],"picked":"SKIP","floor":22.0},{"not_picked":["FlyingSleeves+1","Evaluate"],"picked":"BattleHymn","floor":23.0},{"not_picked":["MentalFortress","CutThroughFate+1"],"picked":"Study+1","floor":24.0},{"not_picked":["SashWhip+1","Nirvana"],"picked":"EmptyBody+1","floor":24.0},{"not_picked":["FlurryOfBlows+1","Evaluate"],"picked":"Blasphemy","floor":30.0},{"not_picked":["BowlingBash+1","Consecrate+1"],"picked":"Protect","floor":30.0},{"not_picked":["LessonLearned+1","MasterReality"],"picked":"DevaForm","floor":33.0},{"not_picked":["Nirvana+1","ForeignInfluence+1"],"picked":"Protect+1","floor":35},{"not_picked":["CutThroughFate+1","JustLucky+1"],"picked":"FollowUp+1","floor":35},{"not_picked":["EmptyFist+1","Worship"],"picked":"FlurryOfBlows+1","floor":36},{"not_picked":["EmptyFist+1","SignatureMove+1","FlyingSleeves+1"],"picked":"SKIP","floor":36},{"not_picked":["CutThroughFate+1","Consecrate+1"],"picked":"FlurryOfBlows+1","floor":38},{"not_picked":["Prostrate","CrushJoints+1","Consecrate+1"],"picked":"SKIP","floor":38},{"not_picked":["CrushJoints+1","ReachHeaven+1"],"picked":"TalkToTheHand+1","floor":41},{"not_picked":["ClearTheMind+1","FlurryOfBlows+1"],"picked":"Crescendo+1","floor":41},{"not_picked":["FlurryOfBlows+1","Wallop+1"],"picked":"FollowUp+1","floor":42},{"not_picked":["PathToVictory+1","WindmillStrike+1","EmptyFist+1"],"picked":"SKIP","floor":42},{"not_picked":["Wish","Pray"],"picked":"Conclude+1","floor":44},{"not_picked":["Pray","Halt","EmptyBody+1"],"picked":"SKIP","floor":45},{"not_picked":["CrushJoints+1","FlyingSleeves+1","EmptyBody"],"picked":"SKIP","floor":45},{"not_picked":["CrushJoints+1","Consecrate+1"],"picked":"Wireheading+1","floor":46},{"not_picked":["EmptyBody+1","Protect"],"picked":"InnerPeace","floor":48},{"not_picked":["ThirdEye","Prostrate+1","JustLucky+1"],"picked":"SKIP","floor":48},{"not_picked":["Ragnarok+1","EmptyBody","CrushJoints+1"],"picked":"SKIP","floor":54}],"player_experience":293184,"relics_obtained":[{"floor":6.0,"key":"CloakClasp"},{"floor":9.0,"key":"Oddly Smooth Stone"},{"floor":10.0,"key":"Prayer Wheel"},{"floor":12.0,"key":"War Paint"},{"floor":20.0,"key":"Red Mask"},{"floor":23.0,"key":"StrikeDummy"},{"floor":26.0,"key":"Kunai"},{"floor":31.0,"key":"White Beast Statue"},{"floor":44,"key":"Pocketwatch"},{"floor":46,"key":"Strawberry"},{"floor":47,"key":"Lantern"},{"floor":54,"key":"Happy Flower"}],"event_choices":[{"cards_removed":["Strike_P"],"damage_healed":0.0,"max_hp_gain":0.0,"max_hp_loss":0.0,"gold_gain":0.0,"event_name":"The Cleric","player_choice":"Card Removal","floor":2.0,"gold_loss":50.0,"damage_taken":0.0},{"cards_removed":["Strike_P"],"damage_healed":0.0,"max_hp_gain":0.0,"max_hp_loss":0.0,"gold_gain":0.0,"event_name":"Golden Wing","player_choice":"Card Removal","floor":3.0,"gold_loss":0.0,"damage_taken":7.0},{"damage_healed":0.0,"max_hp_gain":0.0,"max_hp_loss":0.0,"gold_gain":0.0,"event_name":"WeMeetAgain","player_choice":"Gave Potion","floor":8.0,"gold_loss":0.0,"damage_taken":0.0,"relics_obtained":["Molten Egg 2"]},{"damage_healed":0.0,"max_hp_gain":0.0,"max_hp_loss":0.0,"gold_gain":0.0,"event_name":"Masked Bandits","player_choice":"Fought Bandits","floor":20.0,"gold_loss":0.0,"damage_taken":0.0},{"damage_healed":0.0,"max_hp_gain":0.0,"max_hp_loss":0.0,"gold_gain":0.0,"event_name":"The Mausoleum","player_choice":"Opened","floor":28.0,"gold_loss":0.0,"damage_taken":0.0,"relics_obtained":["Lizard Tail"]},{"damage_healed":0,"gold_gain":0,"player_choice":"Forge","damage_taken":0,"max_hp_gain":0,"max_hp_loss":0,"event_name":"Accursed Blacksmith","floor":37,"gold_loss":0,"cards_upgraded":["CutThroughFate"]}],"is_beta":false,"boss_relics":[{"not_picked":["Philosopher\u0027s Stone","SacredBark"],"picked":"HolyWater"},{"not_picked":["Runic Dome","Runic Pyramid"],"picked":"Fusion Hammer"}],"items_purged_floors":[25,39],"is_endless":false,"potions_floor_spawned":[1,4,6,13,20,22,23,24,33,35,36,38,41,42,44,45,46,48,54],"killed_by":"The Heart","ascension_level":5}}