{"host":"7hppq3hpkrufijwt","time":1613856306,"event":{"mods":["AchievementEnabler","BaseMod","Colored Powertips","Minty Spire (QoL Compilation)","Quick Restart"],"gold_per_floor":[117,192,206,206,206,234,249,249,275,118,118,132,150,167,167,271,271,290,190,115,126,126,126,157,157,184,184,194,208,208,220,220,315,315,333,333,353,405,415,415,44,61,61,96,115,127,127,147,147,147],"floor_reached":51,"language":"ENG","playtime":3698,"items_purged":["Defend_B","Defend_B","Hologram+1"],"score":651,"play_id":"1a2788f8-0323-4a0f-8f69-560772a258d0","local_time":"20210220222506","is_ascension_mode":false,"campfire_choices":[{"floor":8,"key":"REST"},{"floor":15,"key":"REST"},{"floor":23,"key":"REST"},{"floor":25,"key":"REST"},{"data":"Storm","floor":32,"key":"SMITH"},{"floor":40,"key":"REST"},{"data":"Electrodynamics","floor":47,"key":"SMITH"},{"floor":49,"key":"REST"}],"circlet_count":0,"master_deck":["Zap+1","Dualcast","Undo","Reinforced Body","Doom and Gloom","Sweeping Beam","Electrodynamics","Storm+1","Leap+1","Turbo+1","Meteor Strike","Electrodynamics+1","Force Field+1","Hologram+1","Thinking Ahead","Chill+1","Loop+1","Self Repair+1","Redo"],"relics":["Cracked Core","Pocketwatch","PreservedInsect","Inserter","StoneCalendar","Pen Nib","Nloth\u0027s Gift","Oddly Smooth Stone","Astrolabe","Dead Branch","HornCleat","Meat on the Bone","Smiling Mask"],"acts_visited":["Exordium","TheCity","TheBeyond"],"potions_floor_usage":[16,28,33,35,45],"damage_taken":[{"damage":0,"enemies":"Small Slimes","floor":1,"turns":2},{"damage":1,"enemies":"2 Louse","floor":3,"turns":2},{"damage":11,"enemies":"Gremlin Nob","floor":6,"turns":4},{"damage":0,"enemies":"Cultist","floor":7,"turns":3},{"damage":5,"enemies":"Blue Slaver","floor":12,"turns":3},{"damage":2,"enemies":"Exordium Wildlife","floor":13,"turns":2},{"damage":0,"enemies":"3 Louse","floor":14,"turns":3},{"damage":42,"enemies":"Hexaghost","floor":16,"turns":9},{"damage":10,"enemies":"Chosen","floor":18,"turns":4},{"damage":21,"enemies":"3 Byrds","floor":21,"turns":3},{"damage":21,"enemies":"Book of Stabbing","floor":24,"turns":6},{"damage":30,"enemies":"Snake Plant","floor":28,"turns":4},{"damage":0,"enemies":"3 Cultists","floor":29,"turns":2},{"damage":1,"enemies":"Snecko","floor":31,"turns":4},{"damage":14,"enemies":"Champ","floor":33,"turns":11},{"damage":9,"enemies":"3 Shapes","floor":35,"turns":2},{"damage":5,"enemies":"Orb Walker","floor":37,"turns":4},{"damage":29,"enemies":"2 Orb Walkers","floor":38,"turns":4},{"damage":4,"enemies":"3 Darklings","floor":39,"turns":4},{"damage":0,"enemies":"Transient","floor":42,"turns":5},{"damage":47,"enemies":"Giant Head","floor":44,"turns":7},{"damage":12,"enemies":"Sphere and 2 Shapes","floor":45,"turns":5},{"damage":2,"enemies":"Jaw Worm Horde","floor":46,"turns":3},{"damage":29,"enemies":"Spire Growth","floor":48,"turns":5},{"damage":42,"enemies":"Donu and Deca","floor":50,"turns":7}],"seed_played":"-26393040467852354","potions_obtained":[{"floor":1,"key":"Energy Potion"},{"floor":6,"key":"SmokeBomb"},{"floor":12,"key":"Swift Potion"},{"floor":16,"key":"EssenceOfSteel"},{"floor":24,"key":"Swift Potion"},{"floor":28,"key":"SpeedPotion"},{"floor":29,"key":"Dexterity Potion"},{"floor":39,"key":"EntropicBrew"},{"floor":42,"key":"Regen Potion"}],"is_trial":false,"path_per_floor":["M","?","M","?","?","E","M","R","T","$","?","M","M","M","R","B",null,"M","$","?","M","?","R","E","R","T","?","M","M","?","M","R","B",null,"M","?","M","?","M","R","$","M","T","E","M","M","R","M","R","B",null],"character_chosen":"DEFECT","items_purchased":["Doom and Gloom","HornCleat"],"campfire_rested":6,"item_purchase_floors":[10,41],"current_hp_per_floor":[75,64,63,51,36,25,25,47,47,47,47,42,40,40,62,20,75,65,65,65,44,30,54,33,57,57,57,27,27,27,26,26,12,80,71,71,66,37,33,57,57,57,57,22,36,56,56,49,73,53],"gold":147,"neow_bonus":"REMOVE_CARD","is_daily":false,"chose_seed":false,"campfire_upgraded":2,"win_rate":0.0,"timestamp":1613856306,"path_taken":["M","?","M","?","?","E","M","R","T","$","?","M","M","M","R","BOSS","M","$","?","M","?","R","E","R","T","?","?","M","?","M","R","BOSS","M","?","M","?","M","R","$","M","T","E","M","M","R","?","R","BOSS"],"items_purchased_type":["Card","Relic"],"build_version":"2020-12-22","purchased_purges":3,"victory":true,"max_hp_per_floor":[75,75,75,75,75,75,75,75,75,75,75,75,75,75,75,75,75,75,75,75,75,80,80,80,80,80,80,80,80,80,80,80,80,80,80,80,80,80,80,80,80,80,80,80,80,80,80,80,80,80],"card_choices":[{"not_picked":["Auto Shields","Stack"],"picked":"Undo","floor":1},{"not_picked":["Undo","Go for the Eyes","Hello World"],"picked":"SKIP","floor":3},{"not_picked":["Buffer","Gash"],"picked":"Reinforced Body","floor":6},{"not_picked":["Streamline","Rip and Tear","Steam"],"picked":"SKIP","floor":7},{"not_picked":["Melter","Consume","Leap"],"picked":"SKIP","floor":12},{"not_picked":["Storm","Hologram"],"picked":"Sweeping Beam","floor":13},{"not_picked":["Cold Snap","All For One","Gash"],"picked":"SKIP","floor":14},{"not_picked":["Echo Form","Hyperbeam"],"picked":"Electrodynamics","floor":16},{"not_picked":["Cold Snap+1","Leap"],"picked":"Storm","floor":18},{"not_picked":["Stack+1","Hologram"],"picked":"Leap+1","floor":21},{"not_picked":["Aggregate","Sunder"],"picked":"Turbo+1","floor":24},{"not_picked":["Steam+1","Turbo+1","Recycle"],"picked":"SKIP","floor":28},{"not_picked":["Doom and Gloom","Rip and Tear","Hologram+1"],"picked":"SKIP","floor":29},{"not_picked":["Turbo","Cold Snap"],"picked":"Meteor Strike","floor":31},{"not_picked":["Hyperbeam","Seek"],"picked":"Electrodynamics","floor":33},{"not_picked":["Leap","Steam+1","Rebound"],"picked":"SKIP","floor":35},{"not_picked":["PanicButton","Madness"],"picked":"Thinking Ahead","floor":36},{"not_picked":["Streamline+1","Go for the Eyes","Conserve Battery+1"],"picked":"SKIP","floor":37},{"not_picked":["Force Field+1","Multi-Cast"],"picked":"Chill+1","floor":39},{"not_picked":["Gash+1","Darkness+1"],"picked":"Loop+1","floor":42},{"not_picked":["Lockon","Hyperbeam","Hologram+1"],"picked":"SKIP","floor":44},{"not_picked":["Hologram+1","Barrage"],"picked":"Self Repair+1","floor":45},{"not_picked":["Turbo","Leap"],"picked":"Redo","floor":46},{"not_picked":["Leap","Lockon+1","Hologram+1"],"picked":"SKIP","floor":48}],"player_experience":105949,"relics_obtained":[{"floor":6,"key":"Pocketwatch"},{"floor":9,"key":"PreservedInsect"},{"floor":24,"key":"StoneCalendar"},{"floor":26,"key":"Pen Nib"},{"floor":38,"key":"Dead Branch"},{"floor":43,"key":"Meat on the Bone"},{"floor":44,"key":"Smiling Mask"}],"event_choices":[{"damage_healed":0,"gold_gain":75,"player_choice":"Gather Gold","damage_taken":11,"max_hp_gain":0,"max_hp_loss":0,"event_name":"World of Goop","floor":2,"gold_loss":0},{"damage_healed":0,"gold_gain":0,"player_choice":"Success","damage_taken":12,"relics_obtained":["Happy Flower"],"max_hp_gain":0,"max_hp_loss":0,"event_name":"Scrap Ooze","floor":4,"gold_loss":0},{"damage_healed":0,"gold_gain":0,"player_choice":"Entered Light","damage_taken":15,"max_hp_gain":0,"max_hp_loss":0,"event_name":"Shining Light","floor":5,"gold_loss":0,"cards_upgraded":["Zap","Strike_B"]},{"cards_removed":["Strike_B"],"damage_healed":0,"gold_gain":0,"player_choice":"Forget","damage_taken":0,"max_hp_gain":0,"max_hp_loss":0,"event_name":"Living Wall","floor":11,"gold_loss":0},{"cards_removed":["Strike_B"],"damage_healed":0,"gold_gain":0,"player_choice":"Gave Gold","damage_taken":0,"max_hp_gain":0,"max_hp_loss":0,"event_name":"Beggar","floor":20,"gold_loss":75},{"damage_healed":0,"gold_gain":0,"player_choice":"Shed Blood","damage_taken":19,"max_hp_gain":5,"max_hp_loss":0,"event_name":"Forgotten Altar","floor":22,"gold_loss":0},{"damage_healed":0,"gold_gain":0,"player_choice":"Traded Relic","damage_taken":0,"relics_obtained":["Nloth\u0027s Gift"],"max_hp_gain":0,"max_hp_loss":0,"event_name":"N\u0027loth","floor":27,"relics_lost":["Happy Flower"],"gold_loss":0},{"damage_healed":0,"gold_gain":0,"player_choice":"Opened","damage_taken":0,"relics_obtained":["Oddly Smooth Stone"],"max_hp_gain":0,"max_hp_loss":0,"event_name":"The Mausoleum","floor":30,"gold_loss":0},{"damage_healed":0,"gold_gain":0,"player_choice":"Memory 1","damage_taken":0,"max_hp_gain":0,"max_hp_loss":0,"event_name":"SensoryStone","floor":36,"gold_loss":0},{"damage_healed":0,"gold_gain":0,"player_choice":"Fight","damage_taken":0,"max_hp_gain":0,"max_hp_loss":0,"event_name":"Mysterious Sphere","floor":38,"gold_loss":0}],"is_beta":false,"boss_relics":[{"not_picked":["Runic Dome","Tiny House"],"picked":"Inserter"},{"not_picked":["FrozenCore","Runic Pyramid"],"picked":"Astrolabe"}],"items_purged_floors":[10,19,41],"is_endless":false,"potions_floor_spawned":[1,6,12,13,16,24,28,29,31,39,42,44],"ascension_level":0}}