{"host":"72n3jwtrlpjobydj","time":1613842822,"event":{"mods":["AchievementEnabler","BaseMod","CapriCore","DeckTracker","Hermit","Koishi","KomeijiMod","Lobotomy","Marisa£¨Ùöéë¡¡Øª×âÞÞ£©","Minty Spire (QoL Compilation)","Permanent Neow","StSLib","SuperFastMode","The Cursed","The Hierophant","The Immortal"],"gold_per_floor":[114,127,127,139,59,90,90,106,131,147,147,147,72,91,91,91,91],"floor_reached":16,"language":"KOR","playtime":329,"items_purged":["Consecrate"],"score":107,"play_id":"c5bb7d5f-7338-4fbe-8eb8-7c84a43fd187","local_time":"20210221024022","is_ascension_mode":true,"campfire_choices":[{"floor":7,"key":"REST"},{"floor":11,"key":"REST"},{"floor":15,"key":"REST"}],"circlet_count":0,"master_deck":["Strike_P","Strike_P","Strike_P","Strike_P","Defend_P","Defend_P","Defend_P","Eruption","Vigilance","Adaptation","Adaptation"],"relics":["PureWater","Tiny Chest","Toy Ornithopter","CultistMask"],"acts_visited":["Exordium"],"potions_floor_usage":[6,6,6,10,14],"damage_taken":[{"damage":2,"enemies":"Cultist","floor":1,"turns":3},{"damage":3,"enemies":"2 Louse","floor":2,"turns":2},{"damage":0,"enemies":"Small Slimes","floor":4,"turns":2},{"damage":46,"enemies":"Gremlin Nob","floor":6,"turns":5},{"damage":32,"enemies":"Exordium Thugs","floor":8,"turns":5},{"damage":2,"enemies":"Blue Slaver","floor":10,"turns":3},{"damage":0,"enemies":"Looter","floor":14,"turns":2},{"damage":68,"enemies":"Hexaghost","floor":16,"turns":7}],"seed_played":"-4330093192235204526","potions_obtained":[{"floor":0,"key":"ColorlessPotion"},{"floor":0,"key":"PowerPotion"},{"floor":4,"key":"PowerPotion"},{"floor":8,"key":"SteroidPotion"},{"floor":10,"key":"StancePotion"}],"is_trial":false,"path_per_floor":["M","M","?","M","$","E","R","M","T","M","R","?","$","M","R","B"],"character_chosen":"WATCHER","items_purchased":["Adaptation","Consecrate"],"campfire_rested":3,"item_purchase_floors":[5,5],"current_hp_per_floor":[70,67,67,67,67,21,42,10,10,13,34,34,34,39,60,0,0],"gold":91,"neow_bonus":"THREE_SMALL_POTIONS","is_daily":false,"chose_seed":false,"campfire_upgraded":0,"win_rate":0.0,"timestamp":1613842822,"path_taken":["M","?","?","M","$","E","R","M","T","M","R","?","$","M","R","BOSS"],"items_purchased_type":["Card","Card"],"build_version":"2020-12-22","purchased_purges":1,"victory":false,"max_hp_per_floor":[72,72,72,72,72,72,72,72,72,72,72,72,72,72,72,72,72],"card_choices":[{"not_picked":["FollowUp","Halt","BowlingBash"],"picked":"SKIP","floor":1},{"not_picked":["BowlingBash","Crescendo","Judgement"],"picked":"SKIP","floor":2},{"not_picked":["Consecrate","Swivel","ThirdEye"],"picked":"SKIP","floor":4},{"not_picked":["ThirdEye","EmptyMind"],"picked":"Adaptation","floor":6},{"not_picked":["EmptyFist","Crescendo","FollowUp"],"picked":"SKIP","floor":8},{"not_picked":["Consecrate","Adaptation","BowlingBash"],"picked":"SKIP","floor":10},{"not_picked":["Consecrate","EmptyBody","CutThroughFate"],"picked":"SKIP","floor":14}],"player_experience":106409,"relics_obtained":[{"floor":6,"key":"Tiny Chest"},{"floor":9,"key":"Toy Ornithopter"}],"event_choices":[{"cards_removed":["Defend_P"],"damage_healed":0,"gold_gain":0,"player_choice":"Forget","damage_taken":0,"max_hp_gain":0,"max_hp_loss":0,"event_name":"Living Wall","floor":3,"gold_loss":0},{"damage_healed":0,"gold_gain":0,"player_choice":"Trade","damage_taken":0,"relics_obtained":["CultistMask"],"max_hp_gain":0,"max_hp_loss":0,"event_name":"FaceTrader","floor":12,"gold_loss":0}],"is_beta":false,"boss_relics":[],"items_purged_floors":[13],"is_endless":false,"potions_floor_spawned":[4,8,10],"killed_by":"Hexaghost","ascension_level":1}}