{"host":"epmvf5u7so8a7bmi","time":1613823145,"event":{"mods":["BaseMod","Colored Map","Colored Powertips","Downfall","Minty Spire (QoL Compilation)","StSLib"],"gold_per_floor":[99,111,111,130,230,130,130,130,163,186,205,205,232,273,293,293,293,293],"floor_reached":16,"language":"ENG","playtime":944,"items_purged":[],"score":112,"play_id":"ed11d3be-19be-4591-ac47-22902131ddee","local_time":"20210220121225","is_ascension_mode":false,"campfire_choices":[{"floor":1,"key":"RECALL"},{"data":"hexamod:Float","floor":6,"key":"SMITH"},{"data":"hexamod:GhostflameBarrier","floor":8,"key":"SMITH"}],"circlet_count":0,"master_deck":["hexamod:Strike+1","hexamod:Defend","hexamod:Defend","hexamod:Defend","hexamod:Sear","hexamod:Float+1","hexamod:StepThrough+1","hexamod:GhostflameBarrier+1","hexamod:SecondSeal","hexamod:SpectersWail","hexamod:RecurringNightmare","Injury","hexamod:ExtraCrispy","hexamod:EtherealExpedition","hexamod:FirstSeal"],"relics":["hexamod:SpiritBrand","Potion Belt","downfall:HeartBlessingRed","Nunchaku","Whetstone","Shovel"],"acts_visited":["Exordium"],"potions_floor_usage":[5,14,14,14,16],"damage_taken":[{"damage":1,"enemies":"Jaw Worm","floor":2,"turns":3},{"damage":0,"enemies":"2 Louse","floor":4,"turns":3},{"damage":32,"enemies":"downfall:LadyInBlue","floor":5,"turns":12},{"damage":21,"enemies":"Lagavulin","floor":9,"turns":8},{"damage":0,"enemies":"Cultist","floor":10,"turns":3},{"damage":0,"enemies":"2 Fungi Beasts","floor":11,"turns":3},{"damage":3,"enemies":"Red Slaver","floor":13,"turns":3},{"damage":21,"enemies":"3 Sentries","floor":14,"turns":12},{"damage":3,"enemies":"Lots of Slimes","floor":15,"turns":4},{"damage":23,"enemies":"IC_STATUS_ARCHETYPE","floor":16,"turns":8}],"seed_played":"-3420528780090808983","potions_obtained":[{"floor":2,"key":"DuplicationPotion"},{"floor":5,"key":"FairyPotion"},{"floor":5,"key":"SkillPotion"},{"floor":5,"key":"LiquidBronze"},{"floor":5,"key":"BlessingOfTheForge"},{"floor":13,"key":"SneckoOil"}],"is_trial":false,"path_per_floor":["R","M","?","M","?","R","T","R","E","M","M","?","M","E","M","B"],"character_chosen":"THE_SPIRIT","items_purchased":[],"campfire_rested":0,"item_purchase_floors":[],"current_hp_per_floor":[77,76,76,76,44,44,44,44,23,23,23,23,20,23,20,0,0,0],"gold":293,"neow_bonus":"TEN_PERCENT_HP_BONUS","is_daily":false,"chose_seed":false,"campfire_upgraded":2,"win_rate":0.0,"timestamp":1613823145,"path_taken":["R","M","?","M","?","R","T","R","E","M","?","?","M","E","M","BOSS"],"items_purchased_type":[],"build_version":"2020-12-22","purchased_purges":0,"victory":false,"max_hp_per_floor":[77,77,77,77,77,77,77,77,77,77,77,77,77,77,77,77,77,77],"card_choices":[{"not_picked":["hexamod:DynamicBlow","hexamod:Incineration"],"picked":"hexamod:StepThrough","floor":2},{"not_picked":["hexamod:BacktrackSmack","hexamod:GhostShield","hexamod:SwordOfDarkness"],"picked":"SKIP","floor":4},{"not_picked":["hexamod:Hexaguard","hexamod:NightmareGuise"],"picked":"hexamod:GhostflameBarrier","floor":5},{"not_picked":["hexamod:NightmareGuise","hexamod:Hexaguard"],"picked":"hexamod:SecondSeal","floor":9},{"not_picked":["hexamod:GhostflameInferno","hexamod:EtherealExpedition"],"picked":"hexamod:SpectersWail","floor":10},{"not_picked":["hexamod:BacktrackSmack","hexamod:ThermalTransfer"],"picked":"hexamod:RecurringNightmare","floor":11},{"not_picked":["hexamod:BurningTouch","hexamod:BacktrackSmack"],"picked":"hexamod:ExtraCrispy","floor":13},{"not_picked":["hexamod:UnleashSpirits","hexamod:SwordOfDarkness"],"picked":"hexamod:EtherealExpedition","floor":14},{"not_picked":["hexamod:HeatMetal","hexamod:ThermalTransfer"],"picked":"hexamod:FirstSeal","floor":15}],"player_experience":192452,"relics_obtained":[{"floor":5,"key":"Potion Belt"},{"floor":7,"key":"Nunchaku"},{"floor":9,"key":"Whetstone"},{"floor":14,"key":"Shovel"}],"event_choices":[{"cards_removed":["hexamod:Strike"],"damage_healed":0,"gold_gain":0,"player_choice":"Card Removal","damage_taken":0,"max_hp_gain":0,"max_hp_loss":0,"event_name":"The Cleric","floor":3,"gold_loss":0}],"is_beta":false,"boss_relics":[],"items_purged_floors":[],"is_endless":false,"potions_floor_spawned":[2,5,13],"killed_by":"IC_STATUS_ARCHETYPE","ascension_level":0}}