{"host":"2e5gbsni44p3458r","time":1613807025,"event":{"mods":["BaseMod","Colored Map","Downfall","Hermit","Minty Spire (QoL Compilation)","Replay The Spire","StSLib","The Cursed"],"gold_per_floor":[99,99,99,99,99,99,126,126,161,188,73,136,168,184,201,300,300,300,312,312,325,325,129,184,84,94,109,109,277,303,303,303,303,319,422,422,322,334,352,352,277,322,322,322,332,359,409,429,329,362,382,382,382,407,82,82,82,82],"floor_reached":59,"language":"ENG","playtime":3340,"items_purged":["Languid","Spreading Infection","Slimebound:Tackle","Slimebound:Defend_Slimebound","Slimebound:Defend_Slimebound"],"score":1718,"play_id":"c4cdc885-0b7a-4b18-93ff-8eea2fefd410","local_time":"20210220164345","is_ascension_mode":true,"campfire_choices":[{"data":"Slimebound:Split","floor":6,"key":"SMITH"},{"data":"Slimebound:RainOfGoop","floor":8,"key":"SMITH"},{"floor":18,"key":"RECALL"},{"data":"Slimebound:DivideAndConquer","floor":25,"key":"SMITH"},{"data":"Slimebound:LeadByExample","floor":37,"key":"SMITH"},{"data":"Slimebound:RainOfGoop","floor":49,"key":"SMITH"},{"data":"expansioncontent:StudyTheSpire","floor":56,"key":"SMITH"},{"data":"Slimebound:Teamwork","floor":56,"key":"SMITH"}],"circlet_count":0,"master_deck":["Slimebound:Strike_Slimebound","Slimebound:Strike_Slimebound","Slimebound:Defend_Slimebound","Slimebound:Split+1","Slimebound:RainOfGoop+1","Slimebound:DivideAndConquer+1","Slimebound:SlimeSpikes+1","Slimebound:GoopSpray","Slimebound:LeadByExample+1","Slimebound:PressTheAttack","Slimebound:Darklings+1","Slimebound:SplitSpecialist","Slimebound:RainOfGoop+1","Slimebound:SlimeSpikes","Slimebound:SlimeSpikes","Slimebound:Teamwork+1","Slimebound:GoopSpray+1","Slimebound:FirmFortitude","expansioncontent:StudyTheSpire+1"],"relics":["Slimebound:AbsorbEndCombat","downfall:HeartsMalice","Durian","ReplayTheSpireMod:Ring of Exchange","Ring of Searing","Nunchaku","Ancient Tea Set","Odd Mushroom","Replay:Mystery Machine","Strawberry","Coffee Dripper","Blue Candle","War Paint","downfall:HeartBlessingRed","Happy Flower","Membership Card","downfall:HeartBlessingGreen","Counterbalance","Bird Faced Urn","Slimebound:PotencyRelic","downfall:HeartBlessingBlue","Replay:Arrowhead","Pen Nib","Oddly Smooth Stone"],"acts_visited":["Exordium","TheCity","TheBeyond","TheEnding"],"potions_floor_usage":[13,16,30,38,52,52,58,58,58],"damage_taken":[{"damage":0,"enemies":"2 Louse","floor":2,"turns":1},{"damage":0,"enemies":"Small Slimes","floor":4,"turns":1},{"damage":0,"enemies":"Gremlin Nob","floor":9,"turns":1},{"damage":22,"enemies":"The Mushroom Lair","floor":10,"turns":4},{"damage":6,"enemies":"downfall:FleeingMerchant","floor":11,"turns":4},{"damage":3,"enemies":"3 Sentries","floor":12,"turns":3},{"damage":5,"enemies":"Lagavulin","floor":13,"turns":3},{"damage":2,"enemies":"Cultist","floor":14,"turns":4},{"damage":7,"enemies":"Large Slime","floor":15,"turns":3},{"damage":12,"enemies":"DF_ARCHETYPE_STREAMLINE","floor":16,"turns":5},{"damage":5,"enemies":"Chosen","floor":19,"turns":2},{"damage":20,"enemies":"Shell Parasite","floor":21,"turns":5},{"damage":4,"enemies":"downfall:FleeingMerchant","floor":23,"turns":4},{"damage":0,"enemies":"Chosen and Byrds","floor":26,"turns":3},{"damage":12,"enemies":"3 Cultists","floor":27,"turns":4},{"damage":0,"enemies":"downfall:FleeingMerchant","floor":29,"turns":2},{"damage":5,"enemies":"Book of Stabbing","floor":30,"turns":4},{"damage":1,"enemies":"Cultist and Chosen","floor":34,"turns":6},{"damage":19,"enemies":"IC_MUSHROOM_ARCHETYPE","floor":35,"turns":6},{"damage":26,"enemies":"3 Darklings","floor":38,"turns":5},{"damage":0,"enemies":"Orb Walker","floor":39,"turns":2},{"damage":32,"enemies":"2 Orb Walkers","floor":42,"turns":5},{"damage":0,"enemies":"Spire Growth","floor":45,"turns":2},{"damage":0,"enemies":"Giant Head","floor":46,"turns":6},{"damage":0,"enemies":"Giant Head","floor":47,"turns":3},{"damage":0,"enemies":"4 Shapes","floor":48,"turns":3},{"damage":0,"enemies":"R_Hoarder","floor":50,"turns":6},{"damage":5,"enemies":"Writhing Mass","floor":51,"turns":4},{"damage":0,"enemies":"SI_POISON_ARCHETYPE","floor":52,"turns":5},{"damage":35,"enemies":"downfall:CharBossMerchant","floor":54,"turns":4},{"damage":2,"enemies":"downfall:NeowBoss","floor":57,"turns":10},{"damage":0,"enemies":"downfall:NeowBossFinal","floor":58,"turns":8}],"seed_played":"6052222196724531455","potions_obtained":[{"floor":9,"key":"champ:CounterPotion"},{"floor":12,"key":"Slimebound:SlimyTonguePotion"},{"floor":14,"key":"Ancient Potion"},{"floor":15,"key":"SteroidPotion"},{"floor":16,"key":"Guardian:BlockOnCardUsePotion"},{"floor":30,"key":"Fire Potion"},{"floor":38,"key":"Fruit Juice"},{"floor":42,"key":"Flashbang"},{"floor":54,"key":"SkillPotion"}],"is_trial":false,"path_per_floor":["R_BF","M","?","M","?","R","T","R","E","?","$","?","E","M","M","B",null,"R","M","?","M","?","$","T","R","M","M","?","$","E","PTL","PTL","?","M","B",null,"R","M","M","?","$","?","T","?","M","E","?","M","R","E","M","B",null,"E","$","R","B","B",null],"character_chosen":"SLIMEBOUND","items_purchased":["Slimebound:PressTheAttack","Slimebound:SplitSpecialist","Slimebound:RainOfGoop","Ancient Potion","SpeedPotion","Oddly Smooth Stone","expansioncontent:StudyTheSpire"],"campfire_rested":0,"item_purchase_floors":[11,23,29,55,55,55,55],"current_hp_per_floor":[63,63,63,63,63,63,63,63,63,49,51,52,56,58,51,43,77,77,76,71,55,41,45,45,45,49,41,41,43,46,46,46,46,49,38,82,82,65,65,65,65,35,35,35,35,43,45,55,65,67,70,74,97,66,66,66,80,88],"gold":82,"neow_bonus":"THREE_ENEMY_KILL","is_daily":false,"chose_seed":false,"campfire_upgraded":7,"win_rate":0.0,"timestamp":1613807025,"path_taken":["R_BF","M","?","?","?","R","T","R","E","?","?","?","E","M","M","BOSS","R","M","?","M","?","$","T","R","M","M","?","$","E","PTL","PTL","?","M","BOSS","R","M","M","?","$","?","T","?","?","E","?","M","R","E","M","BOSS","E","$","R","BOSS","BOSS"],"items_purchased_type":["Card","Card","Card","Potion","Potion","Relic","Card"],"build_version":"2020-12-22","purchased_purges":5,"victory":true,"max_hp_per_floor":[70,70,70,70,70,70,70,70,70,70,70,70,77,77,77,77,77,77,77,77,77,82,82,82,82,82,82,82,82,82,82,82,82,82,82,82,82,87,87,87,87,87,87,87,87,87,87,87,97,97,97,97,97,97,97,97,97,97],"card_choices":[{"not_picked":["Slimebound:Grow","Slimebound:SlimeSpikes"],"picked":"Slimebound:RainOfGoop","floor":2},{"not_picked":["Slimebound:AcidTongue","Slimebound:SplitMire","Slimebound:Prepare"],"picked":"SKIP","floor":4},{"not_picked":["Slimebound:HauntingLick","Slimebound:ComboTackle","Slimebound:Replication"],"picked":"SKIP","floor":9},{"not_picked":["Slimebound:Equalize","Slimebound:PressTheAttack"],"picked":"Slimebound:GoopSpray","floor":10},{"not_picked":["Slimebound:SlimeTap","Slimebound:Dissolve"],"picked":"Slimebound:LeadByExample","floor":11},{"not_picked":["Slimebound:PrepareCrush","Slimebound:RejuvenatingLick","Slimebound:ComboTackle"],"picked":"SKIP","floor":13},{"not_picked":["Slimebound:SplitAcid","Slimebound:GoopTackle"],"picked":"Slimebound:GoopSpray","floor":14},{"not_picked":["Slimebound:SplitBruiser","Slimebound:Schlurp","Slimebound:HauntingLick"],"picked":"SKIP","floor":15},{"not_picked":["Slimebound:RallyTheTroops","Slimebound:MassRepurpose"],"picked":"Slimebound:Darklings","floor":16},{"not_picked":["Slimebound:LeechEnergy","Slimebound:Prepare","Slimebound:SplitLeeching"],"picked":"SKIP","floor":19},{"not_picked":["Slimebound:FlameTackle+1","Slimebound:SplitLeeching","Slimebound:LivingWall"],"picked":"SKIP","floor":21},{"not_picked":["Slimebound:SplitLeeching","Slimebound:SplitMire+1","Slimebound:ViciousTackle+1"],"picked":"SKIP","floor":23},{"not_picked":["Slimebound:ServeAndProtect","Slimebound:SamplingLick","Slimebound:GoopTackle+1"],"picked":"SKIP","floor":26},{"not_picked":["Slimebound:Recollect+1","Slimebound:MegaLick+1","Slimebound:ItLooksTasty+1"],"picked":"SKIP","floor":27},{"not_picked":["Slimebound:ForwardTackle","Slimebound:HungryTackle","Slimebound:BestDefense"],"picked":"SKIP","floor":29},{"not_picked":["Slimebound:RejuvenatingLick+1","Slimebound:Darklings"],"picked":"Slimebound:SlimeSpikes","floor":30},{"not_picked":["Slimebound:SplitLeeching+1","Slimebound:SplitBruiser","Slimebound:ItLooksTasty"],"picked":"SKIP","floor":34},{"not_picked":["Slimebound:OneTwoCombo","Slimebound:WasteNot"],"picked":"Slimebound:Teamwork","floor":35},{"not_picked":["Slimebound:ViciousTackle","Slimebound:FinishingTackle+1","Slimebound:SlimeSpikes"],"picked":"SKIP","floor":38},{"not_picked":["Slimebound:FinishingTackle","Slimebound:ComboTackle+1","Slimebound:SplitBruiser+1"],"picked":"SKIP","floor":39},{"not_picked":["Slimebound:ViciousTackle","Slimebound:RollThrough+1"],"picked":"Slimebound:GoopSpray+1","floor":42},{"not_picked":["Slimebound:Dissolve+1","Slimebound:HauntingLick+1","Slimebound:SplitMire+1"],"picked":"SKIP","floor":45},{"not_picked":["Slimebound:ItLooksTasty","Slimebound:SlimeSpikes"],"picked":"Slimebound:FirmFortitude","floor":46},{"not_picked":["Slimebound:FinishingTackle","Slimebound:Gluttony","Slimebound:Nibble+1"],"picked":"SKIP","floor":48},{"not_picked":["Slimebound:SlimeTap+1","Slimebound:ComboTackle+1","Slimebound:ForwardTackle+1"],"picked":"SKIP","floor":50},{"not_picked":["Slimebound:MegaLick","Slimebound:SplitAcid","Slimebound:LevelUp"],"picked":"SKIP","floor":51},{"not_picked":["Slimebound:PressTheAttack","Slimebound:ComboTackle","Slimebound:SplitBruiser+1"],"picked":"SKIP","floor":54}],"player_experience":826782,"relics_obtained":[{"floor":5,"key":"ReplayTheSpireMod:Ring of Exchange"},{"floor":5,"key":"Ring of Searing"},{"floor":7,"key":"Nunchaku"},{"floor":9,"key":"Ancient Tea Set"},{"floor":10,"key":"Odd Mushroom"},{"floor":13,"key":"Strawberry"},{"floor":24,"key":"War Paint"},{"floor":30,"key":"Happy Flower"},{"floor":42,"key":"Counterbalance"},{"floor":46,"key":"Bird Faced Urn"},{"floor":47,"key":"Slimebound:PotencyRelic"},{"floor":50,"key":"Replay:Arrowhead"},{"floor":54,"key":"Pen Nib"}],"event_choices":[{"damage_healed":0,"gold_gain":0,"player_choice":"Success","damage_taken":7,"relics_obtained":["Durian"],"max_hp_gain":0,"max_hp_loss":0,"event_name":"Scrap Ooze","floor":1,"gold_loss":0},{"damage_healed":0,"gold_gain":0,"player_choice":"Fought Mushrooms","damage_taken":0,"max_hp_gain":0,"max_hp_loss":0,"event_name":"Mushrooms","floor":10,"gold_loss":0},{"damage_healed":0,"gold_gain":0,"player_choice":"Read","damage_taken":0,"max_hp_gain":0,"max_hp_loss":0,"event_name":"The Library","floor":33,"gold_loss":0,"cards_obtained":["Slimebound:SlimeSpikes"]},{"cards_removed":["Slimebound:GoopSpray"],"damage_healed":0,"gold_gain":0,"player_choice":"Removed Skill","damage_taken":0,"max_hp_gain":0,"max_hp_loss":0,"event_name":"Falling","floor":40,"gold_loss":0},{"damage_healed":0,"gold_gain":0,"player_choice":"Fight","damage_taken":0,"max_hp_gain":0,"max_hp_loss":0,"event_name":"Mysterious Sphere","floor":42,"gold_loss":0}],"is_beta":false,"boss_relics":[{"not_picked":["OrangePellets","sneckomod:SneckoTalon"],"picked":"Coffee Dripper"},{"not_picked":["ReplayTheSpireMod:ShopPack","ClockworkSouvenir"],"picked":"Membership Card"}],"items_purged_floors":[11,23,29,41,55],"is_endless":false,"potions_floor_spawned":[9,12,14,15,16,19,21,30,34,38,42,46,50,54],"ascension_level":4}}