{"host":"sfkslwp4t49i7lrt","time":1613818080,"event":{"mods":["100% Spire Juice","Act Like it!","BaseMod","Bestiary","Block Reminder","Downfall","Friendly Minions","Gensokyo","Highlight Path","Jorbs\u0027s Wanderer Trilogy","Lobotomy","Marisa????????","Minty Spire (QoL Compilation)","Relic Stats","Spire Arcade","StSLib","The Servant 0.9.4","Wide Potions","everything is the same but u backflip on backflip","slay the spire mod where everything is the same but ironclad has a cowboy hat"],"gold_per_floor":[115,10,23,23,42,42,42,42,65,78,96,177,102,112,112,112,112],"floor_reached":16,"language":"ENG","playtime":462,"items_purged":["Strike_G"],"score":92,"play_id":"6bc94ebd-08b0-456b-939e-f6d43a58b2a0","local_time":"20210220174800","is_ascension_mode":false,"campfire_choices":[{"data":"Bouncing Flask","floor":6,"key":"SMITH"},{"data":"All Out Attack","floor":8,"key":"SMITH"},{"data":"Blade Dance","floor":15,"key":"SMITH"}],"circlet_count":0,"master_deck":["Strike_G","Strike_G","Strike_G","Defend_G","Defend_G","Defend_G","Defend_G","Defend_G","Survivor","Neutralize","OldLady","Blur","Bouncing Flask+1","Predator","Cloak And Dagger","All Out Attack+1","Burst","Backflip","UniverseFragment","Blade Dance+1"],"relics":["Ring of the Snake","CogitoBucket","Vajra","Bottled Flame","FleshIdol"],"acts_visited":["Exordium"],"potions_floor_usage":[14,16],"damage_taken":[{"damage":3,"enemies":"Cultist","floor":1,"turns":5},{"damage":0,"enemies":"Small Slimes","floor":3,"turns":4},{"damage":2,"enemies":"Jaw Worm","floor":5,"turns":2},{"damage":2,"enemies":"Blue Slaver","floor":10,"turns":2},{"damage":0,"enemies":"Lots of Slimes","floor":11,"turns":1},{"damage":35,"enemies":"Exordium Wildlife","floor":14,"turns":7},{"damage":31,"enemies":"Slime Boss","floor":16,"turns":5}],"seed_played":"-2819243072235338905","potions_obtained":[{"floor":3,"key":"Energy Potion"},{"floor":10,"key":"LiquidBronze"}],"is_trial":false,"path_per_floor":["M","$","M","$","M","R","?","R","T","M","M","T","$","M","R","B"],"character_chosen":"THE_SILENT","items_purchased":["Bouncing Flask","Predator"],"campfire_rested":0,"item_purchase_floors":[2,2],"current_hp_per_floor":[67,67,67,67,65,65,65,65,65,63,63,63,63,28,28,0,0],"gold":112,"neow_bonus":"","is_daily":false,"chose_seed":false,"campfire_upgraded":3,"win_rate":0.0,"timestamp":1613818080,"path_taken":["M","?","M","$","?","R","?","R","T","M","M","?","?","?","R","BOSS"],"items_purchased_type":["Card","Card"],"build_version":"2020-12-22","purchased_purges":1,"victory":false,"max_hp_per_floor":[70,70,70,70,70,70,70,70,70,70,70,70,70,70,70,70,70],"relic_stats":{"counters":[8,27],"obtain_stats":[{"CogitoBucket":0,"Bottled Flame":12,"Vajra":9,"FleshIdol":14,"Ring of the Snake":0},{"CogitoBucket":0,"Bottled Flame":5,"Vajra":3,"FleshIdol":7,"Ring of the Snake":0},{"CogitoBucket":0,"Bottled Flame":14,"Vajra":11,"FleshIdol":22,"Ring of the Snake":0}],"Ring of the Snake":[16]},"card_choices":[{"not_picked":["Freischutz","MHz"],"picked":"OldLady","floor":1},{"not_picked":["Acrobatics","Prepared"],"picked":"Blur","floor":1},{"not_picked":["Slice","Quick Slash"],"picked":"Cloak And Dagger","floor":3},{"not_picked":["Backflip","Slice"],"picked":"All Out Attack","floor":5},{"not_picked":["Flying Knee","Finisher"],"picked":"Burst","floor":10},{"not_picked":["Setup","Flying Knee"],"picked":"Backflip","floor":11},{"not_picked":["WallGazer","LittleHelper"],"picked":"UniverseFragment","floor":14},{"not_picked":["Flechettes","Reflex"],"picked":"Blade Dance","floor":14}],"player_experience":479854,"relics_obtained":[{"floor":9,"key":"Vajra"},{"floor":12,"key":"Bottled Flame"}],"event_choices":[{"cards_removed":["Strike_G"],"damage_healed":0,"gold_gain":0,"player_choice":"Forget","damage_taken":0,"max_hp_gain":0,"max_hp_loss":0,"event_name":"Living Wall","floor":7,"gold_loss":0}],"is_beta":false,"boss_relics":[],"items_purged_floors":[13],"is_endless":false,"potions_floor_spawned":[3,5,10],"killed_by":"Slime Boss","ascension_level":0}}