{"host":"en4narc5947t7k9n","time":1613816571,"event":{"mods":["AchievementEnabler","BaseMod","Colored Map","Minty Spire (QoL Compilation)","SuperFastMode"],"gold_per_floor":[117,127,127,140,159,159,159,186,186,206,216,228,150,160,160,160,160],"floor_reached":16,"language":"KOR","playtime":738,"items_purged":[],"score":106,"play_id":"d46fdf0a-aa1d-4350-acfa-43bcd55ea4d9","local_time":"20210220192251","is_ascension_mode":false,"campfire_choices":[{"floor":6,"key":"RECALL"},{"data":"Self Repair","floor":15,"key":"SMITH"}],"circlet_count":0,"master_deck":["Strike_B","Strike_B","Strike_B","Strike_B","Defend_B","Defend_B","Defend_B","Defend_B","Zap","Dualcast","Lockon","Beam Cell","Ball Lightning","Self Repair+1","Leap","Compile Driver","Rebound","Streamline","BootSequence","Loop"],"relics":["Cracked Core","NeowsBlessing","Mango"],"acts_visited":["Exordium"],"potions_floor_usage":[8,16,16],"damage_taken":[{"damage":0,"enemies":"Jaw Worm","floor":1,"turns":1},{"damage":0,"enemies":"Cultist","floor":2,"turns":1},{"damage":0,"enemies":"Small Slimes","floor":4,"turns":1},{"damage":11,"enemies":"Gremlin Gang","floor":5,"turns":3},{"damage":57,"enemies":"3 Sentries","floor":8,"turns":9},{"damage":7,"enemies":"Blue Slaver","floor":10,"turns":3},{"damage":10,"enemies":"Exordium Wildlife","floor":11,"turns":3},{"damage":12,"enemies":"Large Slime","floor":12,"turns":5},{"damage":11,"enemies":"Gremlin Gang","floor":14,"turns":5},{"damage":33,"enemies":"Hexaghost","floor":16,"turns":7}],"seed_played":"-715531476139844496","potions_obtained":[{"floor":1,"key":"PowerPotion"},{"floor":4,"key":"EssenceOfSteel"},{"floor":11,"key":"SteroidPotion"}],"is_trial":false,"path_per_floor":["M","M","$","M","M","R","?","E","T","M","M","M","$","M","R","B"],"character_chosen":"DEFECT","items_purchased":["BootSequence"],"campfire_rested":0,"item_purchase_floors":[13],"current_hp_per_floor":[75,75,75,75,64,64,75,39,39,39,36,31,31,27,27,0,0],"gold":160,"neow_bonus":"THREE_ENEMY_KILL","is_daily":false,"chose_seed":false,"campfire_upgraded":1,"win_rate":0.0,"timestamp":1613816571,"path_taken":["M","M","$","M","M","R","?","E","T","?","M","M","$","M","R","BOSS"],"items_purchased_type":["Card"],"build_version":"2020-12-22","purchased_purges":0,"victory":false,"max_hp_per_floor":[75,75,75,75,75,75,75,89,89,89,89,89,89,89,89,89,89],"card_choices":[{"not_picked":["Static Discharge","Skim"],"picked":"Lockon","floor":1},{"not_picked":["Cold Snap","Steam"],"picked":"Beam Cell","floor":2},{"not_picked":["Redo","Streamline"],"picked":"Ball Lightning","floor":4},{"not_picked":["Hello World","Chaos"],"picked":"Self Repair","floor":5},{"not_picked":["Coolheaded","Chaos"],"picked":"Leap","floor":8},{"not_picked":["Chaos","Gash"],"picked":"Compile Driver","floor":10},{"not_picked":["Cold Snap","Coolheaded"],"picked":"Rebound","floor":11},{"not_picked":["Fusion","Compile Driver"],"picked":"Streamline","floor":12},{"not_picked":["Steam","Undo"],"picked":"Loop","floor":14}],"player_experience":102890,"relics_obtained":[{"floor":8,"key":"Mango"}],"event_choices":[{"damage_healed":11,"gold_gain":0,"player_choice":"Full Heal","damage_taken":0,"max_hp_gain":0,"max_hp_loss":0,"event_name":"Wheel of Change","floor":7,"gold_loss":0}],"is_beta":false,"boss_relics":[],"items_purged_floors":[],"is_endless":false,"potions_floor_spawned":[1,4,11],"killed_by":"Hexaghost","ascension_level":0}}