{"host":"43wsnxh97mgjl5zw","time":1613838672,"event":{"mods":["Aspiration","BaseMod","Colored Map","Colored Powertips","Conspire","Downfall","Halation","Hubris","Minty Spire (QoL Compilation)","Quick Restart","Rare Cards Sparkle","Relic Sorter","Reliquary","Replay The Spire","StSLib"],"gold_per_floor":[118,201,201,201,201,227,16,43,43,61,61,75,93,139,139,210,210,227,16,36,36,54,79,79,105,105,118,118,137,59,72,72,168,168,189,189,189,189,189,217,217,227,252,266,293,333,346,11,11,20,20],"floor_reached":50,"language":"ENG","playtime":2107,"items_purged":[],"score":1550,"play_id":"4c41b3d8-c28b-4abb-8e0b-7a77aae4b42a","local_time":"20210220183112","is_ascension_mode":true,"campfire_choices":[{"data":"ReplayTheSpireMod:Corrosion Curse","floor":15.0,"key":"SMITH"},{"data":"Demon Form","floor":24.0,"key":"SMITH"},{"data":"ReplayTheSpireMod:Corrosion Curse+1","floor":32.0,"key":"SMITH"},{"data":"ReplayTheSpireMod:Corrosion Curse+2","floor":41.0,"key":"SMITH"},{"floor":49,"key":"RECALL"}],"circlet_count":0,"master_deck":["AscendersBane","Strike_R+1","Strike_R","Strike_R","Strike_R","Strike_R","Defend_R","Defend_R","Defend_R+1","Bash","Perfected Strike","Fire Breathing","Injury","ReplayTheSpireMod:Corrosion Curse+3","Feed+1","Iron Wave+1","Iron Wave+1","hubris:StunningStrike+1","Whirlwind+1","Perfected Strike+1","Perfected Strike+1","Demon Form+1","hubris:ReadiedAction","Uppercut+1","downfall:Bewildered","Disarm","Impervious","Seeing Red+1","Evolve","Shrug It Off+1","Iron Wave+1","ReplayTheSpireMod:Stacked"],"relics":["Burning Blood","NeowsBlessing","Boot","Molten Egg 2","reliquary:RoseTintedGlasses","conspire:InfiniteJournal","hubris:SphereOfDissonance","ReplayTheSpireMod:Ninjato","Coffee Dripper","Bag of Marbles","aspiration:RitualStick","conspire:GiftBox","halation:IllGainedPizza","reliquary:BoilingFlask","sneckomod:BabySnecko","halation:StarCompass","Self Forming Clay","Regal Pillow","reliquary:Spinner","Replay:Baseball","Strange Spoon","Anchor"],"acts_visited":["Exordium","TheCity","TheBeyond"],"potions_floor_usage":[42,46,47],"damage_taken":[{"damage":0.0,"enemies":"Small Slimes","floor":1.0,"turns":1.0},{"damage":0.0,"enemies":"Lagavulin","floor":6.0,"turns":1.0},{"damage":0.0,"enemies":"Gremlin Nob","floor":8.0,"turns":1.0},{"damage":11.0,"enemies":"Jaw Worm","floor":10.0,"turns":5.0},{"damage":4.0,"enemies":"conspire:RoseBush","floor":12.0,"turns":5.0},{"damage":0.0,"enemies":"2 Fungi Beasts","floor":13.0,"turns":2.0},{"damage":44.0,"enemies":"Fading Forest","floor":16.0,"turns":13.0},{"damage":18.0,"enemies":"conspire:FuzzyDice","floor":18.0,"turns":5.0},{"damage":0.0,"enemies":"Spheric Guardian","floor":20.0,"turns":4.0},{"damage":0.0,"enemies":"Snake Plant","floor":22.0,"turns":2.0},{"damage":35.0,"enemies":"Slavers","floor":23.0,"turns":6.0},{"damage":15.0,"enemies":"conspire:SneckoGhost","floor":25.0,"turns":5.0},{"damage":9.0,"enemies":"conspire:HollyBat","floor":27.0,"turns":7.0},{"damage":15.0,"enemies":"3 Cultists","floor":29.0,"turns":4.0},{"damage":2.0,"enemies":"Sentry and Sphere","floor":31.0,"turns":3.0},{"damage":43.0,"enemies":"Pondfish","floor":33.0,"turns":8.0},{"damage":2.0,"enemies":"Orb Walker","floor":35.0,"turns":2.0},{"damage":28.0,"enemies":"Reptomancer","floor":40.0,"turns":4.0},{"damage":0,"enemies":"3 Darklings","floor":42,"turns":1},{"damage":0,"enemies":"Spire Growth","floor":44,"turns":4},{"damage":21,"enemies":"4 Shapes","floor":45,"turns":6},{"damage":6,"enemies":"R_Hoarder","floor":46,"turns":7},{"damage":16,"enemies":"3 Darklings","floor":47,"turns":3},{"damage":50,"enemies":"hubris:GrandSnecko","floor":50,"turns":6}],"seed_played":"-291417557735800030","potions_obtained":[{"floor":6.0,"key":"Ancient Potion"},{"floor":20.0,"key":"conspire:TimeTravelPotion"},{"floor":22.0,"key":"Energy Potion"},{"floor":27.0,"key":"FairyPotion"},{"floor":33.0,"key":"bronze:BurnAndBuffPotion"},{"floor":35.0,"key":"SneckoOil"},{"floor":42,"key":"AttackPotion"},{"floor":47,"key":"Dexterity Potion"}],"is_trial":false,"path_per_floor":["M","?","?","$","?","E","$","E","T","M","?","M","M","T","R","B",null,"M","$","M","?","M","E","R","E","T","M","?","M","$","M","R","B",null,"M","?","?","?","T","E","R","M","T","M","M","E","M","$","R","B"],"character_chosen":"IRONCLAD","items_purchased":["Feed+1","Block Potion","Bag of Marbles","Perfected Strike+1","Impervious","Strange Spoon","Anchor"],"campfire_rested":0,"item_purchase_floors":[7,7,19,19,30,48,48],"current_hp_per_floor":[74,50,27,27,27,33,33,39,39,34,23,29,39,39,39,13,66,54,54,60,39,49,24,24,15,15,16,16,11,11,19,19,13,81,85,85,85,85,85,63,63,69,69,75,60,60,50,50,50,0,0],"gold":20,"neow_bonus":"THREE_ENEMY_KILL","is_daily":false,"chose_seed":false,"campfire_upgraded":4,"win_rate":0.0,"timestamp":1613838672,"path_taken":["M","?","?","$","?","E","$","E","T","M","?","M","?","?","R","BOSS","M","$","M","?","M","E","R","E","T","M","?","?","?","M","R","BOSS","M","?","?","?","?","E","R","M","T","M","M","E","?","?","R","BOSS"],"items_purchased_type":["Card","Potion","Relic","Card","Card","Relic","Relic"],"build_version":"2020-12-22","purchased_purges":0,"victory":false,"max_hp_per_floor":[75,75,75,75,75,75,75,75,75,75,75,79,83,83,83,83,83,83,83,83,83,87,91,91,91,91,95,95,99,99,103,103,103,103,103,103,103,103,103,103,103,103,103,103,103,103,103,103,103,103,103],"card_choices":[{"not_picked":["Sword Boomerang","Havoc"],"picked":"Perfected Strike","floor":1.0},{"not_picked":["Heavy Blade","hubris:ReadiedAction"],"picked":"Fire Breathing","floor":2.0},{"not_picked":["Fiend Fire+1","Rage"],"picked":"ReplayTheSpireMod:Corrosion Curse","floor":6.0},{"not_picked":["Flex","Clash+1","Heavy Blade+1"],"picked":"SKIP","floor":8.0},{"not_picked":["hubris:SharpeningStone","Flex"],"picked":"Iron Wave+1","floor":10.0},{"not_picked":["Anger+1","Entrench","hubris:ReadiedAction"],"picked":"SKIP","floor":12.0},{"not_picked":["Spot Weakness","Dropkick+1"],"picked":"Iron Wave+1","floor":13.0},{"not_picked":["Hemogenesis+1","Reaper+1"],"picked":"hubris:StunningStrike+1","floor":16.0},{"not_picked":["Havoc","ReplayTheSpireMod:Corrosion Curse"],"picked":"Whirlwind+1","floor":18.0},{"not_picked":["Warcry","Rupture","Reckless Charge+1"],"picked":"SKIP","floor":20.0},{"not_picked":["Dark Embrace","ReplayTheSpireMod:Strike From Hell+1"],"picked":"Perfected Strike+1","floor":22.0},{"not_picked":["Feed+1","Eclipse"],"picked":"Demon Form","floor":23.0},{"not_picked":["conspire:HitWhereItHurts+1","ReplayTheSpireMod:Strike From Hell+1"],"picked":"hubris:ReadiedAction","floor":23.0},{"not_picked":["Replay:Many Hands","Reckless Charge+1","Flex"],"picked":"SKIP","floor":25.0},{"not_picked":["Warcry","Fire Breathing+1"],"picked":"Uppercut+1","floor":27.0},{"not_picked":["Sword Boomerang+1","Clash+1"],"picked":"Disarm","floor":29.0},{"not_picked":["Run Through+1","Wild Strike+1","Flex"],"picked":"SKIP","floor":31.0},{"not_picked":["Thunderclap+1","Iron Wave+1"],"picked":"Seeing Red+1","floor":35.0},{"not_picked":["hubris:SharpeningStone+1","Infernal Blade","Spot Weakness"],"picked":"SKIP","floor":40.0},{"not_picked":["ReplayTheSpireMod:Strike From Hell+1","Carnage+1"],"picked":"Evolve","floor":42},{"not_picked":["Thunderclap+1","Headbutt+1"],"picked":"Shrug It Off+1","floor":44},{"not_picked":["conspire:ExplosiveBarrier","Cleave+1","hubris:ReadiedAction+1"],"picked":"SKIP","floor":45},{"not_picked":["True Grit","Warcry"],"picked":"Iron Wave+1","floor":46},{"not_picked":["Warcry","Sword Boomerang+1"],"picked":"ReplayTheSpireMod:Stacked","floor":47}],"player_experience":1268910,"relics_obtained":[{"floor":2.0,"key":"Boot"},{"floor":6.0,"key":"reliquary:RoseTintedGlasses"},{"floor":8.0,"key":"conspire:InfiniteJournal"},{"floor":9.0,"key":"hubris:SphereOfDissonance"},{"floor":23.0,"key":"conspire:GiftBox"},{"floor":25.0,"key":"halation:IllGainedPizza"},{"floor":26.0,"key":"reliquary:BoilingFlask"},{"floor":39.0,"key":"Self Forming Clay"},{"floor":40.0,"key":"Regal Pillow"},{"floor":43,"key":"reliquary:Spinner"},{"floor":46,"key":"Replay:Baseball"}],"event_choices":[{"damage_healed":0.0,"max_hp_gain":0.0,"max_hp_loss":0.0,"gold_gain":0.0,"event_name":"Shining Light","player_choice":"Entered Light","floor":3.0,"gold_loss":0.0,"damage_taken":23.0,"cards_upgraded":["Defend_R","Strike_R"]},{"damage_healed":0.0,"max_hp_gain":0.0,"max_hp_loss":0.0,"gold_gain":0.0,"event_name":"Scrap Ooze","player_choice":"Success","floor":11.0,"gold_loss":0.0,"damage_taken":11.0,"relics_obtained":["ReplayTheSpireMod:Ninjato"]},{"cards_removed":["Defend_R"],"damage_healed":0.0,"max_hp_gain":0.0,"max_hp_loss":0.0,"gold_gain":0.0,"event_name":"Falling","player_choice":"Removed Skill","floor":38.0,"gold_loss":0.0,"damage_taken":0.0}],"is_beta":false,"boss_relics":[{"not_picked":["SlaversCollar","Astrolabe"],"picked":"Coffee Dripper"},{"not_picked":["conspire:SlowCooker","aspiration:RitualDagger","Fusion Hammer"]}],"items_purged_floors":[],"is_endless":false,"potions_floor_spawned":[6,10,20,22,27,33,35,42,47],"killed_by":"hubris:GrandSnecko","ascension_level":20}}