{"host":"jx3f6ezc0g3s9edc","time":1613791576,"event":{"mods":["AchievementEnabler","BaseMod","Bestiary","Colored Map","Highlight Path","Minty Spire (QoL Compilation)","StSLib"],"gold_per_floor":[119,130,149,27,27,27,2,2,2,33,33,33,133,166,166,289,289,274,299,324,344,344,344,344,344],"floor_reached":24,"language":"ENG","playtime":1259,"items_purged":["Strike_B"],"score":286,"play_id":"32b7ae2f-34ba-43d1-b53c-4775c00a1d05","local_time":"20210219222616","is_ascension_mode":true,"campfire_choices":[{"data":"Dualcast","floor":6.0,"key":"SMITH"},{"floor":12,"key":"REST"},{"floor":15,"key":"REST"},{"floor":23,"key":"REST"}],"circlet_count":0,"master_deck":["Strike_B","Strike_B","Defend_B","Defend_B","Defend_B","Defend_B","Zap","Dualcast+1","Stack","Gash","Gash","FTL","Beam Cell","Streamline","Coolheaded","Echo Form","Chaos+1","Hologram","Defragment"],"relics":["Cracked Core","Golden Idol","Potion Belt","Ornamental Fan","Oddly Smooth Stone","Nuclear Battery","Enchiridion"],"acts_visited":["Exordium","TheCity"],"potions_floor_usage":[16,20,21,24],"damage_taken":[{"damage":8.0,"enemies":"Small Slimes","floor":1.0,"turns":4.0},{"damage":1.0,"enemies":"Cultist","floor":2.0,"turns":3.0},{"damage":0.0,"enemies":"2 Louse","floor":3.0,"turns":3.0},{"damage":36.0,"enemies":"Gremlin Nob","floor":10.0,"turns":4.0},{"damage":14,"enemies":"Lagavulin","floor":14,"turns":5},{"damage":15,"enemies":"The Guardian","floor":16,"turns":9},{"damage":11,"enemies":"2 Thieves","floor":18,"turns":4},{"damage":6,"enemies":"3 Byrds","floor":19,"turns":5},{"damage":3,"enemies":"Sentry and Sphere","floor":20,"turns":6},{"damage":17,"enemies":"Snecko","floor":21,"turns":4},{"damage":38,"enemies":"Slavers","floor":24,"turns":2}],"seed_played":"-7386197761713943743","potions_obtained":[{"floor":1.0,"key":"Swift Potion"},{"floor":2.0,"key":"LiquidBronze"},{"floor":5.0,"key":"Fruit Juice"},{"floor":5.0,"key":"PowerPotion"},{"floor":5.0,"key":"EssenceOfDarkness"},{"floor":14,"key":"Explosive Potion"},{"floor":18,"key":"Block Potion"},{"floor":19,"key":"DistilledChaos"},{"floor":21,"key":"SkillPotion"}],"is_trial":false,"path_per_floor":["M","M","M","$","?","R","$","?","T","E","?","R","?","E","R","B",null,"M","M","M","M","?","R","E"],"character_chosen":"DEFECT","items_purchased":["Beam Cell","Streamline"],"campfire_rested":3,"item_purchase_floors":[4,7],"current_hp_per_floor":[60,59,59,59,64,64,64,64,64,28,28,50,50,36,58,43,66,55,49,46,29,13,35,0,0],"gold":344,"neow_bonus":"TRANSFORM_CARD","is_daily":false,"chose_seed":false,"campfire_upgraded":1,"win_rate":0.0,"timestamp":1613791576,"path_taken":["M","M","M","$","?","R","?","?","T","E","?","R","?","E","R","BOSS","M","M","M","?","?","R","E"],"items_purchased_type":["Card","Card"],"build_version":"2020-12-22","purchased_purges":1,"victory":false,"max_hp_per_floor":[75,75,75,75,80,80,80,74,74,74,74,74,74,74,74,74,74,74,74,74,74,74,74,74,74],"card_choices":[{"not_picked":["Chaos","Streamline"],"picked":"Gash","floor":1.0},{"not_picked":["Force Field","Go for the Eyes"],"picked":"Gash","floor":2.0},{"not_picked":["Go for the Eyes","Sweeping Beam"],"picked":"FTL","floor":3.0},{"not_picked":["BootSequence","Skim","Rip and Tear"],"picked":"SKIP","floor":10.0},{"not_picked":["Capacitor","Turbo"],"picked":"Coolheaded","floor":14},{"not_picked":["Biased Cognition","Reboot"],"picked":"Echo Form","floor":16},{"not_picked":["Stack","Tempest"],"picked":"Chaos+1","floor":18},{"not_picked":["Sunder+1","BootSequence"],"picked":"Hologram","floor":19},{"not_picked":["Redo","Steam"],"picked":"Defragment","floor":20},{"not_picked":["Fusion","Storm+1","Turbo"],"picked":"SKIP","floor":21}],"player_experience":894604,"relics_obtained":[{"floor":9.0,"key":"Potion Belt"},{"floor":10.0,"key":"Ornamental Fan"},{"floor":14,"key":"Oddly Smooth Stone"},{"floor":22,"key":"Enchiridion"}],"event_choices":[{"damage_healed":0.0,"max_hp_gain":0.0,"max_hp_loss":0.0,"gold_gain":0.0,"event_name":"Lab","player_choice":"Got Potions","floor":5.0,"gold_loss":0.0,"damage_taken":0.0},{"damage_healed":0.0,"max_hp_gain":0.0,"max_hp_loss":6.0,"gold_gain":0.0,"event_name":"Golden Idol","player_choice":"Lose Max HP","floor":8.0,"gold_loss":0.0,"damage_taken":0.0,"relics_obtained":["Golden Idol"]},{"damage_healed":0,"gold_gain":0,"player_choice":"Ignored","damage_taken":0,"max_hp_gain":0,"max_hp_loss":0,"event_name":"Shining Light","floor":11,"gold_loss":0},{"damage_healed":0,"gold_gain":100,"player_choice":"Pray","damage_taken":0,"max_hp_gain":0,"max_hp_loss":0,"event_name":"Golden Shrine","floor":13,"gold_loss":0},{"damage_healed":0,"gold_gain":0,"player_choice":"Obtained Book","damage_taken":16,"max_hp_gain":0,"max_hp_loss":0,"event_name":"Cursed Tome","floor":22,"gold_loss":0}],"is_beta":false,"boss_relics":[{"not_picked":["Velvet Choker","Calling Bell"],"picked":"Nuclear Battery"}],"items_purged_floors":[4],"is_endless":false,"potions_floor_spawned":[1,2,14,18,19,21],"killed_by":"Slavers","ascension_level":8}}