{"host":"2pmmafybkq7zb6na","time":1613828723,"event":{"mods":["AchievementEnabler","BaseMod","Colored Map","Highlight Path","Keyboard Shortcuts","Minty Spire (QoL Compilation)","Quick Restart","StSLib","SuperFastMode"],"gold_per_floor":[112,112,130,130,145,145,170,170,170,195,195,195,213,238,238,342,342,356,371,371,286,211,231,131,131,131,131,158,177,210,220,220,319,319,338,56,56,70,70,101,120,151,175,175,175],"floor_reached":44,"language":"KOR","playtime":1676,"items_purged":["Reaper","Blood for Blood","Wild Strike"],"score":743,"play_id":"877368bb-80f7-49be-8e96-c3337a345e74","local_time":"20210220224523","is_ascension_mode":true,"campfire_choices":[{"data":"Bash","floor":6.0,"key":"SMITH"},{"data":"Wild Strike","floor":8.0,"key":"SMITH"},{"floor":11.0,"key":"REST"},{"data":"Battle Trance","floor":15.0,"key":"SMITH"},{"data":"Double Tap","floor":25,"key":"SMITH"},{"data":"Flame Barrier","floor":27,"key":"SMITH"},{"data":"Offering","floor":32,"key":"SMITH"}],"circlet_count":0,"master_deck":["Bash+1","Flex","Battle Trance+1","Wild Strike+1","Feed+1","Flame Barrier+1","Double Tap+1","Headbutt","Rampage","Body Slam","Bloodletting","Flex","Offering+1","Whirlwind+1","Shockwave+1","Warcry","Shrug It Off+1","Apotheosis","True Grit+1","Second Wind"],"relics":["Burning Blood","Letter Opener","HornCleat","Question Card","Paper Frog","Pandora\u0027s Box","Nunchaku","Gambling Chip","Bottled Lightning","Black Star","ClockworkSouvenir","Pantograph","Frozen Egg 2","Lantern","Self Forming Clay","Centennial Puzzle"],"acts_visited":["Exordium","TheCity","TheBeyond"],"potions_floor_usage":[16,16,30,33,33,42],"damage_taken":[{"damage":9.0,"enemies":"Jaw Worm","floor":1.0,"turns":3.0},{"damage":2.0,"enemies":"2 Louse","floor":3.0,"turns":2.0},{"damage":1.0,"enemies":"Cultist","floor":5.0,"turns":4.0},{"damage":40.0,"enemies":"Lagavulin","floor":7.0,"turns":4.0},{"damage":18.0,"enemies":"Gremlin Nob","floor":10.0,"turns":4.0},{"damage":3.0,"enemies":"Exordium Wildlife","floor":13.0,"turns":3.0},{"damage":36.0,"enemies":"Lagavulin","floor":14.0,"turns":6.0},{"damage":25,"enemies":"Hexaghost","floor":16,"turns":10},{"damage":6,"enemies":"Shell Parasite","floor":18,"turns":1},{"damage":3,"enemies":"3 Byrds","floor":19,"turns":2},{"damage":16,"enemies":"Cultist and Chosen","floor":23,"turns":4},{"damage":9,"enemies":"Gremlin Leader","floor":28,"turns":2},{"damage":3,"enemies":"Snake Plant","floor":29,"turns":2},{"damage":9,"enemies":"Slavers","floor":30,"turns":1},{"damage":6,"enemies":"Centurion and Healer","floor":31,"turns":2},{"damage":30,"enemies":"Automaton","floor":33,"turns":5},{"damage":6,"enemies":"Orb Walker","floor":35,"turns":1},{"damage":14,"enemies":"3 Shapes","floor":38,"turns":1},{"damage":10,"enemies":"Nemesis","floor":40,"turns":3},{"damage":9,"enemies":"3 Darklings","floor":41,"turns":1},{"damage":42,"enemies":"Reptomancer","floor":42,"turns":6},{"damage":34,"enemies":"Giant Head","floor":44,"turns":5}],"seed_played":"8375570746706730103","potions_obtained":[{"floor":5.0,"key":"Dexterity Potion"},{"floor":13.0,"key":"ColorlessPotion"},{"floor":19,"key":"Swift Potion"},{"floor":28,"key":"HeartOfIron"},{"floor":30,"key":"Explosive Potion"},{"floor":33,"key":"FearPotion"},{"floor":38,"key":"PowerPotion"},{"floor":40,"key":"Energy Potion"}],"is_trial":false,"path_per_floor":["M","?","M","?","M","R","E","R","T","E","R","?","M","E","R","B",null,"M","M","?","?","$","M","$","R","T","R","E","M","E","M","R","B",null,"M","$","?","M","$","E","M","E","T","E"],"character_chosen":"IRONCLAD","items_purchased":["ClockworkSouvenir"],"campfire_rested":1,"item_purchase_floors":[36],"current_hp_per_floor":[77,82,85,85,85,85,51,51,51,39,64,64,71,45,45,26,76,80,83,83,83,83,73,73,73,73,73,70,73,70,70,70,46,84,84,84,84,76,76,72,69,33,33,0,0],"gold":175,"neow_bonus":"ONE_RANDOM_RARE_CARD","is_daily":false,"chose_seed":false,"campfire_upgraded":6,"win_rate":0.0,"timestamp":1613828723,"path_taken":["M","?","M","?","?","R","E","R","T","E","R","?","M","E","R","BOSS","M","?","?","?","$","M","$","R","T","R","E","M","E","M","R","BOSS","M","$","?","M","$","E","M","E","T","E"],"items_purchased_type":["Relic"],"build_version":"2020-12-22","purchased_purges":3,"victory":false,"max_hp_per_floor":[80,85,85,85,85,85,85,85,85,85,85,85,89,93,93,93,93,97,97,97,97,97,97,97,97,97,97,97,97,97,97,97,97,97,97,97,97,97,97,97,97,97,97,97,97],"card_choices":[{"not_picked":["Perfected Strike","Clothesline"],"picked":"Flex","floor":1.0},{"not_picked":["Iron Wave","Heavy Blade","Sword Boomerang"],"picked":"SKIP","floor":3.0},{"not_picked":["Rage","Pommel Strike"],"picked":"Battle Trance","floor":5.0},{"not_picked":["Anger","Juggernaut"],"picked":"Wild Strike","floor":7.0},{"not_picked":["Double Tap","Perfected Strike"],"picked":"Feed","floor":10.0},{"not_picked":["Iron Wave","Sword Boomerang","Body Slam","Clothesline"],"picked":"SKIP","floor":13.0},{"not_picked":["Fiend Fire","Pommel Strike","Clash"],"picked":"Flame Barrier","floor":14.0},{"not_picked":["Limit Break","Bludgeon","Demon Form"],"picked":"Double Tap","floor":16},{"not_picked":["Sword Boomerang","Wild Strike+1","Thunderclap+1"],"picked":"Whirlwind+1","floor":18},{"not_picked":["Rage+1","True Grit+1","Hemokinesis"],"picked":"Shockwave+1","floor":19},{"not_picked":["Twin Strike","Uppercut","Sword Boomerang"],"picked":"Warcry","floor":23},{"not_picked":["Twin Strike","Pommel Strike+1","Shrug It Off","Havoc+1"],"picked":"SKIP","floor":28},{"not_picked":["Warcry+1","Battle Trance","Entrench","Burning Pact+1"],"picked":"SKIP","floor":29},{"not_picked":["Rampage","Fiend Fire","Warcry","Wild Strike+1"],"picked":"SKIP","floor":30},{"not_picked":["Combust","Heavy Blade+1","Body Slam"],"picked":"Shrug It Off+1","floor":31},{"not_picked":["Clash+1","Havoc+1","Headbutt","Body Slam+1"],"picked":"SKIP","floor":35},{"not_picked":["Jack Of All Trades","Swift Strike","Chrysalis"],"picked":"Apotheosis","floor":37},{"not_picked":["Battle Trance","Sword Boomerang+1","Twin Strike"],"picked":"True Grit+1","floor":38},{"not_picked":["Pummel+1","Clash","Spot Weakness"],"picked":"Second Wind","floor":40},{"not_picked":["Twin Strike+1","Dropkick+1","Wild Strike","Flex"],"picked":"SKIP","floor":41},{"not_picked":["Iron Wave","Bloodletting","Perfected Strike","Havoc"],"picked":"SKIP","floor":42}],"player_experience":148315,"relics_obtained":[{"floor":7.0,"key":"Letter Opener"},{"floor":9.0,"key":"HornCleat"},{"floor":10.0,"key":"Question Card"},{"floor":14.0,"key":"Paper Frog"},{"floor":28,"key":"Gambling Chip"},{"floor":30,"key":"Bottled Lightning"},{"floor":40,"key":"Pantograph"},{"floor":40,"key":"Frozen Egg 2"},{"floor":42,"key":"Lantern"},{"floor":42,"key":"Self Forming Clay"},{"floor":43,"key":"Centennial Puzzle"}],"event_choices":[{"damage_healed":0.0,"max_hp_gain":5.0,"max_hp_loss":0.0,"gold_gain":0.0,"event_name":"Big Fish","player_choice":"Donut","floor":2.0,"gold_loss":0.0,"damage_taken":0.0},{"cards_removed":["Strike_R"],"damage_healed":0.0,"max_hp_gain":0.0,"max_hp_loss":0.0,"gold_gain":0.0,"event_name":"Purifier","player_choice":"Purged","floor":4.0,"gold_loss":0.0,"damage_taken":0.0},{"damage_healed":0.0,"max_hp_gain":0.0,"max_hp_loss":0.0,"gold_gain":0.0,"event_name":"Upgrade Shrine","player_choice":"Upgraded","floor":12.0,"gold_loss":0.0,"damage_taken":0.0,"cards_upgraded":["Feed"]},{"damage_healed":0,"gold_gain":0,"cards_transformed":["Bludgeon","Fiend Fire"],"player_choice":"Became Test Subject","damage_taken":0,"max_hp_gain":0,"max_hp_loss":0,"event_name":"Drug Dealer","floor":20,"gold_loss":0,"cards_obtained":["Reaper","Blood for Blood"]},{"damage_healed":0,"gold_gain":0,"player_choice":"Obtained Relic","damage_taken":0,"relics_obtained":["Nunchaku"],"max_hp_gain":0,"max_hp_loss":0,"event_name":"Addict","floor":21,"gold_loss":85},{"damage_healed":0,"gold_gain":0,"player_choice":"Memory 1","damage_taken":0,"max_hp_gain":0,"max_hp_loss":0,"event_name":"SensoryStone","floor":37,"gold_loss":0}],"is_beta":false,"boss_relics":[{"not_picked":["Runic Dome","Busted Crown"],"picked":"Pandora\u0027s Box"},{"not_picked":["Fusion Hammer","Black Blood"],"picked":"Black Star"}],"items_purged_floors":[22,24,36],"is_endless":false,"potions_floor_spawned":[5,13,19,28,30,33,38,40],"killed_by":"Giant Head","ascension_level":5}}