{"host":"1vy6j31128f61x2z","time":1613784173,"event":{"mods":["AchievementEnabler","BaseMod","Colored Powertips","Minty Spire (QoL Compilation)","Permanent Neow"],"gold_per_floor":[114,130,146,160,170,201,211,236,260,292,292,467,467,478,478,573,573,584,584,213,233,244,244,270,285,285,92,92,92,121,46,46,148,148,163,176,226,226,226,260,273,308,308,22,22,54,54,54,54,54],"floor_reached":51,"language":"ENG","playtime":2935,"items_purged":["Strike_B"],"score":1173,"play_id":"d56b71cc-9790-4b5e-b212-8317cbea48d2","local_time":"20210219202253","is_ascension_mode":true,"campfire_choices":[{"data":"Zap","floor":11,"key":"SMITH"},{"data":"Dualcast","floor":15,"key":"SMITH"},{"data":"Electrodynamics","floor":23,"key":"SMITH"},{"floor":29,"key":"REST"},{"data":"Defragment","floor":32,"key":"SMITH"},{"data":"Meteor Strike","floor":45,"key":"SMITH"},{"data":"Rainbow","floor":47,"key":"SMITH"},{"data":"Scrape","floor":49,"key":"SMITH"}],"circlet_count":0,"master_deck":["Strike_B","Strike_B","Defend_B","Defend_B","Defend_B","Defend_B","Zap+1","Dualcast+1","Cold Snap+1","Rainbow+1","Compile Driver+1","Conserve Battery","Ball Lightning","Leap","Electrodynamics+1","Recycle","Sunder+1","Defragment+1","Meteor Strike+1","Scrape+1","Defragment","Double Energy+1","Defragment+1"],"relics":["Runic Pyramid","Bottled Lightning","Ornamental Fan","Whetstone","Bag of Preparation","Snecko Eye","PreservedInsect","Regal Pillow","Bronze Scales","Bag of Marbles","Toolbox","MutagenicStrength","Strawberry","Philosopher\u0027s Stone","Calipers","Pen Nib","Mummified Hand","Sundial","Incense Burner","Mercury Hourglass"],"acts_visited":["Exordium","TheCity","TheBeyond"],"potions_floor_usage":[8,18,21,33,33,33,50,50,50],"damage_taken":[{"damage":5,"enemies":"2 Louse","floor":1,"turns":3},{"damage":0,"enemies":"Small Slimes","floor":2,"turns":4},{"damage":0,"enemies":"Cultist","floor":3,"turns":4},{"damage":5,"enemies":"3 Louse","floor":4,"turns":4},{"damage":8,"enemies":"Large Slime","floor":5,"turns":4},{"damage":13,"enemies":"3 Sentries","floor":6,"turns":7},{"damage":9,"enemies":"Blue Slaver","floor":7,"turns":4},{"damage":13,"enemies":"Gremlin Nob","floor":8,"turns":4},{"damage":3,"enemies":"3 Sentries","floor":10,"turns":6},{"damage":0,"enemies":"3 Louse","floor":14,"turns":3},{"damage":0,"enemies":"The Guardian","floor":16,"turns":10},{"damage":0,"enemies":"Spheric Guardian","floor":18,"turns":4},{"damage":2,"enemies":"3 Byrds","floor":21,"turns":3},{"damage":6,"enemies":"3 Cultists","floor":22,"turns":4},{"damage":39,"enemies":"Book of Stabbing","floor":24,"turns":5},{"damage":0,"enemies":"Cultist and Chosen","floor":25,"turns":4},{"damage":0,"enemies":"Gremlin Leader","floor":30,"turns":2},{"damage":26,"enemies":"Champ","floor":33,"turns":11},{"damage":3,"enemies":"Orb Walker","floor":35,"turns":2},{"damage":0,"enemies":"3 Shapes","floor":36,"turns":2},{"damage":0,"enemies":"Mind Bloom Boss Battle","floor":37,"turns":3},{"damage":0,"enemies":"Giant Head","floor":40,"turns":5},{"damage":0,"enemies":"Spire Growth","floor":41,"turns":3},{"damage":0,"enemies":"Reptomancer","floor":42,"turns":2},{"damage":0,"enemies":"Nemesis","floor":46,"turns":1},{"damage":7,"enemies":"Awakened One","floor":50,"turns":5}],"seed_played":"-2196652232070684218","potions_obtained":[{"floor":2,"key":"SpeedPotion"},{"floor":4,"key":"Weak Potion"},{"floor":8,"key":"EssenceOfSteel"},{"floor":10,"key":"Energy Potion"},{"floor":14,"key":"Block Potion"},{"floor":25,"key":"EntropicBrew"},{"floor":30,"key":"Regen Potion"},{"floor":37,"key":"EssenceOfDarkness"},{"floor":42,"key":"PotionOfCapacity"}],"is_trial":false,"path_per_floor":["M","M","M","M","M","E","M","E","T","E","R","?","?","M","R","B",null,"M","?","$","M","M","R","E","M","T","$","?","R","E","?","R","B",null,"M","M","?","?","?","E","M","E","T","$","R","E","R","$","R","B",null],"character_chosen":"DEFECT","items_purchased":["PreservedInsect","Regal Pillow","Toolbox","Defragment","Incense Burner"],"campfire_rested":1,"item_purchase_floors":[20,20,27,27,44],"current_hp_per_floor":[70,70,70,65,57,44,35,22,22,19,19,19,12,12,12,12,59,59,64,64,62,56,56,17,17,17,17,17,54,61,61,61,50,74,71,71,71,71,71,71,71,71,71,71,71,71,71,71,71,64],"gold":54,"neow_bonus":"BOSS_RELIC","is_daily":false,"chose_seed":false,"campfire_upgraded":7,"win_rate":0.0,"timestamp":1613784173,"path_taken":["M","M","M","M","M","E","M","E","T","E","R","?","?","M","R","BOSS","M","?","$","M","?","R","E","M","T","$","?","R","E","?","R","BOSS","M","M","?","?","?","E","?","E","T","?","R","E","R","$","R","BOSS"],"items_purchased_type":["Relic","Relic","Relic","Card","Relic"],"build_version":"2020-12-22","purchased_purges":1,"victory":true,"max_hp_per_floor":[75,75,75,75,75,75,75,75,75,75,75,75,75,75,75,75,75,75,75,75,75,75,75,75,75,75,75,75,75,82,82,82,82,82,82,82,82,82,82,82,82,82,82,82,82,82,82,82,82,82],"card_choices":[{"not_picked":["Streamline","Gash"],"picked":"Steam","floor":1},{"not_picked":["Hologram","Barrage","Redo"],"picked":"SKIP","floor":2},{"not_picked":["Steam Power","White Noise"],"picked":"Cold Snap","floor":3},{"not_picked":["Steam","Compile Driver"],"picked":"Rainbow","floor":4},{"not_picked":["Turbo","Sweeping Beam"],"picked":"Compile Driver","floor":5},{"not_picked":["Force Field","Cold Snap","Go for the Eyes"],"picked":"SKIP","floor":6},{"not_picked":["Streamline","Melter"],"picked":"Conserve Battery","floor":7},{"not_picked":["Aggregate","Storm"],"picked":"Ball Lightning","floor":8},{"not_picked":["Beam Cell","Compile Driver"],"picked":"Leap","floor":10},{"not_picked":["Auto Shields","Ball Lightning","Compile Driver"],"picked":"SKIP","floor":14},{"not_picked":["Reboot","Machine Learning"],"picked":"Electrodynamics","floor":16},{"not_picked":["Go for the Eyes","Capacitor"],"picked":"Recycle","floor":18},{"not_picked":["Turbo","Go for the Eyes"],"picked":"Sunder+1","floor":21},{"not_picked":["BootSequence","Gash","Turbo"],"picked":"SKIP","floor":22},{"not_picked":["Machine Learning","Hologram","Stack+1"],"picked":"SKIP","floor":24},{"not_picked":["Conserve Battery","Ball Lightning+1","Reprogram+1"],"picked":"SKIP","floor":25},{"not_picked":["Auto Shields","Streamline+1","Steam"],"picked":"SKIP","floor":30},{"not_picked":["Fission","Core Surge"],"picked":"Meteor Strike","floor":33},{"not_picked":["Cold Snap","Conserve Battery"],"picked":"Scrape","floor":35},{"not_picked":["Go for the Eyes","Rebound"],"picked":"Defragment","floor":36},{"not_picked":["Cold Snap","Hello World"],"picked":"Double Energy+1","floor":40},{"not_picked":["Coolheaded+1","Leap","Ball Lightning"],"picked":"SKIP","floor":41},{"not_picked":["Loop","Auto Shields"],"picked":"Defragment+1","floor":42},{"not_picked":["Chill+1","Heatsinks","Sunder"],"picked":"SKIP","floor":46}],"player_experience":87513,"relics_obtained":[{"floor":6,"key":"Bottled Lightning"},{"floor":8,"key":"Ornamental Fan"},{"floor":9,"key":"Whetstone"},{"floor":10,"key":"Bag of Preparation"},{"floor":24,"key":"Bronze Scales"},{"floor":26,"key":"Bag of Marbles"},{"floor":30,"key":"Strawberry"},{"floor":37,"key":"Calipers"},{"floor":40,"key":"Pen Nib"},{"floor":42,"key":"Mummified Hand"},{"floor":43,"key":"Sundial"},{"floor":46,"key":"Mercury Hourglass"}],"event_choices":[{"damage_healed":0,"gold_gain":175,"player_choice":"AGREE","damage_taken":0,"max_hp_gain":0,"max_hp_loss":0,"event_name":"Liars Game","floor":12,"gold_loss":0,"cards_obtained":["Doubt"]},{"cards_removed":["Doubt"],"damage_healed":0,"gold_gain":0,"player_choice":"Card Removal","damage_taken":7,"max_hp_gain":0,"max_hp_loss":0,"event_name":"Golden Wing","floor":13,"gold_loss":0},{"cards_removed":["Steam"],"damage_healed":5,"gold_gain":0,"player_choice":"Offered Common","damage_taken":0,"max_hp_gain":0,"max_hp_loss":0,"event_name":"Bonfire Elementals","floor":19,"gold_loss":0},{"cards_removed":["Steam"],"damage_healed":5,"gold_gain":0,"player_choice":"Offered Special","damage_taken":0,"max_hp_gain":0,"max_hp_loss":0,"event_name":"Bonfire Elementals","floor":19,"gold_loss":0},{"damage_healed":0,"gold_gain":0,"player_choice":"Inject Mutagens","damage_taken":0,"relics_obtained":["MutagenicStrength"],"max_hp_gain":0,"max_hp_loss":0,"event_name":"Drug Dealer","floor":28,"gold_loss":0},{"cards_removed":["Strike_B"],"damage_healed":0,"gold_gain":0,"player_choice":"Gave Gold","damage_taken":0,"max_hp_gain":0,"max_hp_loss":0,"event_name":"Beggar","floor":31,"gold_loss":75},{"damage_healed":0,"gold_gain":0,"player_choice":"Fight","damage_taken":0,"max_hp_gain":0,"max_hp_loss":0,"event_name":"MindBloom","floor":37,"gold_loss":0},{"damage_healed":0,"gold_gain":0,"player_choice":"Ignored","damage_taken":0,"max_hp_gain":0,"max_hp_loss":0,"event_name":"Tomb of Lord Red Mask","floor":38,"gold_loss":0},{"damage_healed":0,"gold_gain":0,"player_choice":"Bought 0 Potions","damage_taken":0,"max_hp_gain":0,"max_hp_loss":0,"event_name":"The Woman in Blue","floor":39,"gold_loss":0}],"is_beta":false,"boss_relics":[{"not_picked":["Coffee Dripper","Black Star"],"picked":"Snecko Eye"},{"not_picked":["Calling Bell","Nuclear Battery"],"picked":"Philosopher\u0027s Stone"}],"items_purged_floors":[20],"is_endless":false,"potions_floor_spawned":[2,4,8,10,14,16,25,30,37,41,42],"ascension_level":5}}