{"host":"0ueeacaatm8t6jyh","time":1613825203,"event":{"mods":["AchievementEnabler","BaseMod","Colored Powertips","Minty Spire (QoL Compilation)","Quick Restart","Rare Cards Sparkle","Shop Mod","StSLib"],"gold_per_floor":[115,115,40,90,103,118,144,144,144,144,157,157,157],"floor_reached":12,"language":"ZHS","playtime":211,"items_purged":["Strike_B"],"score":144,"play_id":"7abc546d-24fa-4599-8cec-9ff92fe79bcb","local_time":"20210220204643","is_ascension_mode":true,"campfire_choices":[{"data":"Thunder Strike","floor":8,"key":"SMITH"},{"data":"Dualcast","floor":10,"key":"SMITH"}],"circlet_count":0,"master_deck":["AscendersBane","Strike_B","Strike_B+1","Strike_B+1","Defend_B","Defend_B","Defend_B","Defend_B","Zap","Dualcast+1","Blizzard","Hologram","Thunder Strike+1"],"relics":["Cracked Core","NeowsBlessing","Frozen Egg 2","Whetstone","Molten Egg 2"],"acts_visited":["Exordium"],"potions_floor_usage":[7,11],"damage_taken":[{"damage":0.0,"enemies":"2 Louse","floor":1.0,"turns":1.0},{"damage":0.0,"enemies":"Cultist","floor":5.0,"turns":1.0},{"damage":0.0,"enemies":"Jaw Worm","floor":6.0,"turns":1.0},{"damage":20,"enemies":"Lagavulin","floor":7,"turns":6},{"damage":15,"enemies":"Exordium Wildlife","floor":11,"turns":3},{"damage":37,"enemies":"Gremlin Nob","floor":12,"turns":3}],"seed_played":"7797477184088526589","potions_obtained":[{"floor":1.0,"key":"SteroidPotion"},{"floor":5.0,"key":"Fire Potion"}],"is_trial":false,"path_per_floor":["M","?","$","?","M","M","E","R","T","R","M","E"],"character_chosen":"DEFECT","items_purchased":[],"campfire_rested":0,"item_purchase_floors":[],"current_hp_per_floor":[64,59,59,59,59,59,39,39,39,39,24,0,0],"gold":157,"neow_bonus":"THREE_ENEMY_KILL","is_daily":false,"chose_seed":false,"campfire_upgraded":2,"win_rate":0.0,"timestamp":1613825203,"path_taken":["M","?","$","?","?","M","E","R","T","R","?","E"],"items_purchased_type":[],"build_version":"2020-12-22","purchased_purges":1,"victory":false,"max_hp_per_floor":[71,71,71,71,71,71,71,71,71,71,71,71,71],"card_choices":[{"not_picked":["Streamline","Gash"],"picked":"Blizzard","floor":1.0},{"not_picked":["Turbo","Barrage"],"picked":"Hologram","floor":5.0},{"not_picked":["Scrape","Force Field"],"picked":"Thunder Strike","floor":6.0},{"not_picked":["Chill","Steam","Turbo"],"picked":"SKIP","floor":7},{"not_picked":["Redo","Conserve Battery","Steam"],"picked":"SKIP","floor":11}],"player_experience":568562,"relics_obtained":[{"floor":7,"key":"Whetstone"},{"floor":9,"key":"Molten Egg 2"}],"event_choices":[{"damage_healed":0.0,"max_hp_gain":0.0,"max_hp_loss":0.0,"gold_gain":0.0,"event_name":"Scrap Ooze","player_choice":"Success","floor":2.0,"gold_loss":0.0,"damage_taken":5.0,"relics_obtained":["Frozen Egg 2"]},{"damage_healed":0.0,"max_hp_gain":0.0,"max_hp_loss":0.0,"gold_gain":50.0,"event_name":"Golden Shrine","player_choice":"Pray","floor":4.0,"gold_loss":0.0,"damage_taken":0.0}],"is_beta":false,"boss_relics":[],"items_purged_floors":[3],"is_endless":false,"potions_floor_spawned":[1,5],"killed_by":"Gremlin Nob","ascension_level":17}}