{"host":"sxnl403xm2xmiyj1","time":1613828765,"event":{"mods":["BaseMod","Colored Map","Keyboard Shortcuts","Koishi","Minty Spire (QoL Compilation)","Quick Restart","StSLib","SuperFastMode"],"gold_per_floor":[113,132,147,165,182,182,23,23,23,23,38,73,84,104,104,104,104],"floor_reached":16,"language":"KOR","playtime":347,"items_purged":[],"score":201,"play_id":"3726cfbc-b264-4729-826c-239728154165","local_time":"20210220224605","is_ascension_mode":true,"campfire_choices":[{"data":"Koishi:TerrifyingSpectre","floor":6,"key":"SMITH"},{"floor":8,"key":"REST"},{"data":"Koishi:Untouchable","floor":10,"key":"SMITH"},{"floor":15,"key":"REST"}],"circlet_count":0,"master_deck":["AscendersBane","Koishi:BasicStrike","Koishi:BasicStrike","Koishi:BasicStrike","Koishi:BasicStrike","Koishi:BasicDefend","Koishi:BasicDefend","Koishi:BasicDefend","Koishi:BasicDefend","Koishi:Provoke","Koishi:HauntingSlash","Koishi:YoukaiPolygraph","Koishi:UnconsciousUrges","Koishi:TerrifyingSpectre+1","Koishi:ParalyzingFear","Koishi:TraumaticStroke","Koishi:Untouchable+1","Koishi:JumpScare","Koishi:ParalyzingFear","Koishi:BloodcurdlingScream"],"relics":["Koishi:ImaginaryFriend","NeowsBlessing","HornCleat","Bottled Lightning"],"acts_visited":["Exordium"],"potions_floor_usage":[12,13,16],"damage_taken":[{"damage":0,"enemies":"Cultist","floor":1,"turns":1},{"damage":0,"enemies":"Small Slimes","floor":2,"turns":1},{"damage":0,"enemies":"2 Louse","floor":3,"turns":1},{"damage":13,"enemies":"2 Fungi Beasts","floor":4,"turns":5},{"damage":22,"enemies":"Gremlin Gang","floor":5,"turns":6},{"damage":10,"enemies":"Exordium Wildlife","floor":11,"turns":10},{"damage":23,"enemies":"Gremlin Nob","floor":12,"turns":6},{"damage":0,"enemies":"2 Fungi Beasts","floor":13,"turns":6},{"damage":4,"enemies":"Large Slime","floor":14,"turns":5},{"damage":26,"enemies":"Slime Boss","floor":16,"turns":8}],"seed_played":"-1924015177369006135","potions_obtained":[{"floor":1,"key":"CultistPotion"},{"floor":12,"key":"EssenceOfSteel"},{"floor":14,"key":"Swift Potion"}],"is_trial":false,"path_per_floor":["M","M","M","M","M","R","$","R","T","R","M","E","M","M","R","B"],"character_chosen":"KOISHI","items_purchased":["Koishi:TraumaticStroke","Koishi:Untouchable"],"campfire_rested":2,"item_purchase_floors":[7,7],"current_hp_per_floor":[51,51,51,39,19,19,19,36,36,36,28,9,12,11,28,2,2],"gold":104,"neow_bonus":"THREE_ENEMY_KILL","is_daily":false,"chose_seed":false,"campfire_upgraded":2,"win_rate":0.0,"timestamp":1613828765,"path_taken":["M","?","?","M","M","R","$","R","T","R","M","E","M","?","R","BOSS"],"items_purchased_type":["Card","Card"],"build_version":"2020-12-22","purchased_purges":0,"victory":false,"max_hp_per_floor":[57,57,57,57,57,57,57,57,57,57,57,57,57,57,57,57,57],"card_choices":[{"not_picked":["Koishi:MindNumbingTerror","Koishi:HeartfeltFancy"],"picked":"Koishi:YoukaiPolygraph","floor":1},{"not_picked":["Koishi:UnconsciousUprising","Koishi:HeartAttack"],"picked":"Koishi:UnconsciousUrges","floor":2},{"not_picked":["Koishi:SubterraneanRose","Koishi:FleetingPhantom"],"picked":"Koishi:TerrifyingSpectre","floor":3},{"not_picked":["Koishi:StrangeCloudFist","Koishi:HeartfeltFancy"],"picked":"Koishi:ParalyzingFear","floor":4},{"not_picked":["Koishi:Jaunt","Koishi:GhostParty","Koishi:ReflexRadar"],"picked":"SKIP","floor":5},{"not_picked":["Koishi:HeartfeltFancy","Koishi:Jaunt"],"picked":"Koishi:JumpScare","floor":11},{"not_picked":["Koishi:UnansweredLove","Koishi:HeartfeltFancy","Koishi:IdleWhim"],"picked":"SKIP","floor":12},{"not_picked":["Koishi:RacingHeart","Koishi:FleetingPhantom"],"picked":"Koishi:ParalyzingFear","floor":13},{"not_picked":["Koishi:LastRemote","Koishi:DNAsFlaw"],"picked":"Koishi:BloodcurdlingScream","floor":14}],"player_experience":283510,"relics_obtained":[{"floor":9,"key":"HornCleat"},{"floor":12,"key":"Bottled Lightning"}],"event_choices":[],"is_beta":false,"boss_relics":[],"items_purged_floors":[],"is_endless":false,"potions_floor_spawned":[1,12,14],"killed_by":"Slime Boss","ascension_level":18}}