{"host":"tzyzz5n7hg2ni9q2","time":1613842718,"event":{"mods":["BaseMod","Minty Spire (QoL Compilation)","Quick Restart"],"gold_per_floor":[13,23,23,37,51,51,62,62,62,72,86,86,119,133,133,210,260,250,282,139,159,15,15,44,20,94,94,94,110,35,50,50,129,129,140,240,258,158,177,212,212,242,242,242,255,1,1,30,30,30],"floor_reached":51,"language":"ENG","playtime":2710,"items_purged":["Strike_R","Bash"],"score":1398,"play_id":"5086a567-43b5-4b21-b558-761ee8e3e00b","local_time":"20210220183838","is_ascension_mode":true,"campfire_choices":[{"data":"True Grit","floor":6.0,"key":"SMITH"},{"data":"Shrug It Off","floor":8.0,"key":"SMITH"},{"data":"Body Slam","floor":12.0,"key":"SMITH"},{"data":"Barricade","floor":15.0,"key":"SMITH"},{"data":"Entrench","floor":23.0,"key":"SMITH"},{"data":"Seeing Red","floor":28.0,"key":"SMITH"},{"data":"Seeing Red","floor":32.0,"key":"SMITH"},{"floor":44,"key":"REST"},{"floor":47,"key":"REST"},{"floor":49,"key":"RECALL"}],"circlet_count":0,"master_deck":["AscendersBane","Strike_R","Strike_R","Strike_R","Strike_R","Defend_R","Defend_R","Defend_R","Defend_R+1","True Grit+1","Shrug It Off+1","Pommel Strike","Cleave","Offering","Body Slam+1","Whirlwind","Juggernaut","Entrench+1","Barricade+1","Disarm","Impervious","Seeing Red+1","Seeing Red+1","Battle Trance","Shrug It Off","Shrug It Off+1","True Grit+1"],"relics":["Burning Blood","Prayer Wheel","Question Card","Sundial","Centennial Puzzle","Tiny House","Red Mask","Ancient Tea Set","Lee\u0027s Waffle","PreservedInsect","Fusion Hammer","Molten Egg 2","Potion Belt","Strawberry","Kunai","Boot"],"acts_visited":["Exordium","TheCity","TheBeyond"],"potions_floor_usage":[50,50,50,50,50,50],"damage_taken":[{"damage":1.0,"enemies":"Cultist","floor":1.0,"turns":4.0},{"damage":1.0,"enemies":"Small Slimes","floor":2.0,"turns":5.0},{"damage":0.0,"enemies":"Jaw Worm","floor":4.0,"turns":5.0},{"damage":0.0,"enemies":"2 Fungi Beasts","floor":5.0,"turns":4.0},{"damage":6.0,"enemies":"Exordium Wildlife","floor":7.0,"turns":2.0},{"damage":10.0,"enemies":"Red Slaver","floor":10.0,"turns":4.0},{"damage":11.0,"enemies":"Lots of Slimes","floor":11.0,"turns":2.0},{"damage":27.0,"enemies":"Lagavulin","floor":13.0,"turns":7.0},{"damage":0.0,"enemies":"Looter","floor":14.0,"turns":3.0},{"damage":6.0,"enemies":"The Guardian","floor":16.0,"turns":13.0},{"damage":9.0,"enemies":"2 Thieves","floor":18.0,"turns":4.0},{"damage":47.0,"enemies":"Masked Bandits","floor":19.0,"turns":11.0},{"damage":19.0,"enemies":"Spheric Guardian","floor":21.0,"turns":5.0},{"damage":6.0,"enemies":"Gremlin Leader","floor":24.0,"turns":10.0},{"damage":6.0,"enemies":"Snake Plant","floor":29.0,"turns":6.0},{"damage":29.0,"enemies":"3 Cultists","floor":31.0,"turns":8.0},{"damage":41.0,"enemies":"Automaton","floor":33.0,"turns":10.0},{"damage":6.0,"enemies":"3 Shapes","floor":35.0,"turns":5.0},{"damage":12.0,"enemies":"3 Darklings","floor":37.0,"turns":9.0},{"damage":20.0,"enemies":"Maw","floor":39.0,"turns":9.0},{"damage":56.0,"enemies":"Giant Head","floor":40.0,"turns":11.0},{"damage":44,"enemies":"Reptomancer","floor":42,"turns":6},{"damage":14,"enemies":"Jaw Worm Horde","floor":45,"turns":4},{"damage":6,"enemies":"Giant Head","floor":48,"turns":5},{"damage":12,"enemies":"Donu and Deca","floor":50,"turns":10}],"seed_played":"8432356693088240826","potions_obtained":[{"floor":2.0,"key":"FearPotion"},{"floor":5.0,"key":"SteroidPotion"},{"floor":7.0,"key":"Weak Potion"},{"floor":11.0,"key":"Block Potion"},{"floor":17.0,"key":"LiquidMemories"},{"floor":24.0,"key":"BlessingOfTheForge"},{"floor":33.0,"key":"SkillPotion"},{"floor":37.0,"key":"Regen Potion"},{"floor":40.0,"key":"EntropicBrew"},{"floor":45,"key":"Dexterity Potion"}],"is_trial":false,"path_per_floor":["M","M","?","M","M","R","M","R","T","M","M","R","E","M","R","B",null,"M","?","$","M","$","R","E","$","T","?","R","M","$","M","R","B",null,"M","?","M","$","M","E","?","E","T","R","M","$","R","E","R","B",null],"character_chosen":"IRONCLAD","items_purchased":["Ancient Tea Set","Lee\u0027s Waffle","Shrug It Off","Kunai"],"campfire_rested":2,"item_purchase_floors":[20,22,25,46],"current_hp_per_floor":[77,80,55,61,67,67,67,67,67,63,58,58,37,43,43,43,76,73,32,32,19,92,92,92,92,92,74,74,74,74,51,51,16,77,77,77,71,71,57,7,85,47,54,81,73,73,92,92,92,92],"gold":30,"neow_bonus":"ONE_RARE_RELIC","is_daily":false,"chose_seed":false,"campfire_upgraded":7,"win_rate":0.0,"timestamp":1613842718,"path_taken":["M","?","?","M","M","R","M","R","T","M","M","R","E","M","R","BOSS","M","?","$","M","$","R","E","$","T","?","R","M","?","M","R","BOSS","M","?","M","$","?","E","?","E","T","R","M","?","R","E","R","BOSS"],"items_purchased_type":["Relic","Relic","Card","Relic"],"build_version":"2020-12-22","purchased_purges":2,"victory":true,"max_hp_per_floor":[80,80,80,80,80,80,80,80,80,80,80,80,80,80,80,80,85,85,85,85,85,92,92,92,92,92,97,97,97,97,97,97,97,97,97,97,97,97,97,97,85,85,92,92,92,92,92,92,92,92],"card_choices":[{"not_picked":["Havoc","Pommel Strike"],"picked":"True Grit","floor":1.0},{"not_picked":["Sword Boomerang","Havoc"],"picked":"Shrug It Off","floor":1.0},{"not_picked":["Evolve","Clash"],"picked":"Pommel Strike","floor":2.0},{"not_picked":["Combust","Flex"],"picked":"Cleave","floor":2.0},{"not_picked":["Bludgeon","Anger","Armaments","Havoc"],"picked":"SKIP","floor":4.0},{"not_picked":["Power Through","Dropkick","Havoc","Clothesline"],"picked":"SKIP","floor":4.0},{"not_picked":["Body Slam","Thunderclap","Ghostly Armor"],"picked":"Offering","floor":5.0},{"not_picked":["Iron Wave","Flame Barrier","Pommel Strike","Anger"],"picked":"SKIP","floor":5.0},{"not_picked":["Wild Strike","Thunderclap","Iron Wave","Dropkick"],"picked":"SKIP","floor":7.0},{"not_picked":["Evolve","Clothesline","Dual Wield","Warcry"],"picked":"SKIP","floor":7.0},{"not_picked":["Rage","Rampage","Ghostly Armor"],"picked":"Body Slam","floor":10.0},{"not_picked":["Cleave","Warcry","Clothesline"],"picked":"Whirlwind","floor":10.0},{"not_picked":["Combust","Metallicize","Iron Wave"],"picked":"Juggernaut","floor":11.0},{"not_picked":["Sword Boomerang","Heavy Blade","Headbutt"],"picked":"Entrench","floor":11.0},{"not_picked":["Clothesline","Spot Weakness","Perfected Strike"],"picked":"Barricade","floor":13.0},{"not_picked":["Pummel","Ghostly Armor","Spot Weakness"],"picked":"Disarm","floor":14.0},{"not_picked":["True Grit","Cleave","Armaments","Intimidate"],"picked":"SKIP","floor":14.0},{"not_picked":["Reaper","Feed","Barricade"],"picked":"Impervious","floor":16.0},{"not_picked":["Flex","Sentinel","Perfected Strike"],"picked":"Seeing Red","floor":18.0},{"not_picked":["Body Slam","True Grit","Sword Boomerang","Havoc"],"picked":"SKIP","floor":18.0},{"not_picked":["Burning Pact","Thunderclap","Pommel Strike"],"picked":"Seeing Red","floor":19.0},{"not_picked":["Clothesline","Brutality","Clash"],"picked":"Battle Trance","floor":21.0},{"not_picked":["Rage","Clash+1","Thunderclap+1","Evolve"],"picked":"SKIP","floor":21.0},{"not_picked":["Cleave","Disarm","Headbutt","Heavy Blade"],"picked":"SKIP","floor":24.0},{"not_picked":["Heavy Blade","Thunderclap","Carnage","Headbutt"],"picked":"SKIP","floor":29.0},{"not_picked":["Fire Breathing+1","Whirlwind","Metallicize","Hemokinesis"],"picked":"SKIP","floor":29.0},{"not_picked":["Disarm","Flex","Blood for Blood","Wild Strike+1"],"picked":"SKIP","floor":31.0},{"not_picked":["Body Slam","Clash","Thunderclap","Reckless Charge"],"picked":"SKIP","floor":31.0},{"not_picked":["Body Slam","Twin Strike+1","Clash"],"picked":"Shrug It Off+1","floor":35.0},{"not_picked":["Sword Boomerang","Wild Strike","Blood for Blood","Twin Strike"],"picked":"SKIP","floor":35.0},{"not_picked":["Cleave","Havoc+1","Battle Trance"],"picked":"True Grit+1","floor":37.0},{"not_picked":["Hemokinesis+1","Rage","Flex","Feed"],"picked":"SKIP","floor":37.0},{"not_picked":["Flex+1","Second Wind","Anger+1","Clothesline+1"],"picked":"SKIP","floor":39.0},{"not_picked":["Headbutt+1","Carnage","Clothesline+1","Body Slam+1"],"picked":"SKIP","floor":39.0},{"not_picked":["Intimidate","Armaments","Clash+1","Headbutt+1"],"picked":"SKIP","floor":40.0},{"not_picked":["Spot Weakness+1","Wild Strike+1","Reaper+1","Flex+1"],"picked":"SKIP","floor":42},{"not_picked":["Headbutt+1","Havoc","Thunderclap+1","Shrug It Off"],"picked":"SKIP","floor":45},{"not_picked":["Flame Barrier+1","Thunderclap+1","Headbutt+1","Searing Blow+1"],"picked":"SKIP","floor":45},{"not_picked":["Pommel Strike+1","Exhume","Flex+1","Second Wind+1"],"picked":"SKIP","floor":48}],"player_experience":314569,"relics_obtained":[{"floor":9.0,"key":"Sundial"},{"floor":13.0,"key":"Centennial Puzzle"},{"floor":19.0,"key":"Red Mask"},{"floor":24.0,"key":"PreservedInsect"},{"floor":40.0,"key":"Molten Egg 2"},{"floor":42,"key":"Potion Belt"},{"floor":43,"key":"Strawberry"},{"floor":48,"key":"Boot"}],"event_choices":[{"damage_healed":0.0,"max_hp_gain":0.0,"max_hp_loss":0.0,"gold_gain":0.0,"event_name":"Scrap Ooze","player_choice":"Success","floor":3.0,"gold_loss":0.0,"damage_taken":25.0,"relics_obtained":["Question Card"]},{"damage_healed":0.0,"max_hp_gain":0.0,"max_hp_loss":0.0,"gold_gain":0.0,"event_name":"Masked Bandits","player_choice":"Fought Bandits","floor":19.0,"gold_loss":0.0,"damage_taken":0.0},{"damage_healed":0.0,"max_hp_gain":5.0,"max_hp_loss":0.0,"gold_gain":0.0,"event_name":"Forgotten Altar","player_choice":"Shed Blood","floor":27.0,"gold_loss":0.0,"damage_taken":23.0},{"damage_healed":0.0,"max_hp_gain":0.0,"max_hp_loss":0.0,"gold_gain":100.0,"event_name":"Golden Shrine","player_choice":"Pray","floor":36.0,"gold_loss":0.0,"damage_taken":0.0},{"damage_healed":85.0,"max_hp_gain":0.0,"max_hp_loss":12.0,"gold_gain":0.0,"event_name":"The Moai Head","player_choice":"Heal","floor":41.0,"gold_loss":0.0,"damage_taken":0.0}],"is_beta":false,"boss_relics":[{"not_picked":["Coffee Dripper","Ectoplasm"],"picked":"Tiny House"},{"not_picked":["Black Star","Black Blood"],"picked":"Fusion Hammer"}],"items_purged_floors":[30,38],"is_endless":false,"potions_floor_spawned":[2,5,7,11,14,18,24,33,37,40,45],"ascension_level":13}}