{"host":"sav7uxregyirlf69","time":1613794864,"event":{"mods":["AchievementEnabler","BaseMod","Colored Map","DeckTracker","Keyboard Shortcuts","Minty Spire (QoL Compilation)","READ ME - Guardian Mod","StSLib","SuperFastMode"],"gold_per_floor":[15,30,49,69,69,69,30,43,43,60,92,105,105,105,105,176,176,186,186,202,219,235,235,235,235,235],"floor_reached":25,"language":"KOR","playtime":424,"items_purged":[],"score":414,"play_id":"4f24bcd5-ab36-49e7-abce-225e6f3c1511","local_time":"20210220132104","is_ascension_mode":true,"campfire_choices":[{"data":"Carnage","floor":6.0,"key":"SMITH"},{"data":"Inflame","floor":13.0,"key":"SMITH"},{"data":"Bash","floor":15.0,"key":"SMITH"},{"data":"Entrench","floor":23.0,"key":"SMITH"}],"circlet_count":0,"master_deck":["AscendersBane","Strike_R","Strike_R","Strike_R","Strike_R","Defend_R","Defend_R","Defend_R","Defend_R","Bash+1","Carnage+1","Whirlwind","Power Through","Ghostly Armor","Rage","Inflame+1","Fiend Fire","Entrench+1","Ghostly","Ghostly","Ghostly"],"relics":["Burning Blood","Calipers","Paper Frog","Dream Catcher","Sozu"],"acts_visited":["Exordium","TheCity"],"potions_floor_usage":[25],"damage_taken":[{"damage":12.0,"enemies":"Cultist","floor":1.0,"turns":4.0},{"damage":7.0,"enemies":"Small Slimes","floor":2.0,"turns":3.0},{"damage":6.0,"enemies":"2 Louse","floor":3.0,"turns":2.0},{"damage":16.0,"enemies":"Blue Slaver","floor":4.0,"turns":4.0},{"damage":0.0,"enemies":"Lots of Slimes","floor":8.0,"turns":1.0},{"damage":18.0,"enemies":"Large Slime","floor":10.0,"turns":8.0},{"damage":20.0,"enemies":"3 Sentries","floor":11.0,"turns":9.0},{"damage":11.0,"enemies":"Blue Slaver","floor":12.0,"turns":4.0},{"damage":29.0,"enemies":"Slime Boss","floor":16.0,"turns":9.0},{"damage":13.0,"enemies":"3 Byrds","floor":18.0,"turns":5.0},{"damage":6.0,"enemies":"Spheric Guardian","floor":20.0,"turns":3.0},{"damage":19.0,"enemies":"Snecko","floor":21.0,"turns":5.0},{"damage":55.0,"enemies":"Shelled Parasite and Fungi","floor":22.0,"turns":8.0},{"damage":38,"enemies":"Book of Stabbing","floor":25,"turns":7}],"seed_played":"2982537625362782267","potions_obtained":[{"floor":1.0,"key":"Ancient Potion"},{"floor":4.0,"key":"GamblersBrew"},{"floor":10.0,"key":"SteroidPotion"},{"floor":11.0,"key":"GamblersBrew"},{"floor":16.0,"key":"PowerPotion"}],"is_trial":false,"path_per_floor":["M","M","M","M","?","R","$","M","T","M","E","M","R","?","R","B",null,"M","?","M","M","M","R","?","E"],"character_chosen":"IRONCLAD","items_purchased":["Ghostly Armor"],"campfire_rested":0,"item_purchase_floors":[7],"current_hp_per_floor":[62,61,61,51,51,51,51,57,57,48,37,35,35,63,63,40,73,69,97,97,84,35,35,35,0,0],"gold":235,"neow_bonus":"ONE_RARE_RELIC","is_daily":false,"chose_seed":false,"campfire_upgraded":4,"win_rate":0.0,"timestamp":1613794864,"path_taken":["M","M","?","M","?","R","?","M","T","M","E","M","R","?","R","BOSS","M","?","M","?","M","R","?","E"],"items_purchased_type":["Card"],"build_version":"2020-12-22","purchased_purges":0,"victory":false,"max_hp_per_floor":[75,75,75,75,75,75,75,75,75,78,81,84,84,84,84,84,84,87,97,97,97,97,97,48,48,48],"card_choices":[{"not_picked":["Disarm","Perfected Strike","Headbutt"],"picked":"SKIP","floor":1.0},{"not_picked":["Rampage","Anger"],"picked":"Carnage","floor":2.0},{"not_picked":["Hemokinesis","Dropkick"],"picked":"Whirlwind","floor":3.0},{"not_picked":["Sword Boomerang","Headbutt"],"picked":"Power Through","floor":4.0},{"not_picked":["Rupture","Flex","Thunderclap"],"picked":"SKIP","floor":8.0},{"not_picked":["Intimidate","Metallicize"],"picked":"Rage","floor":10.0},{"not_picked":["Havoc","Thunderclap","Juggernaut"],"picked":"SKIP","floor":11.0},{"not_picked":["Perfected Strike","Sever Soul"],"picked":"Inflame","floor":12.0},{"not_picked":["Immolate","Brutality"],"picked":"Fiend Fire","floor":16.0},{"not_picked":["Iron Wave","Flex","True Grit"],"picked":"SKIP","floor":18.0},{"not_picked":["Rage","Iron Wave","Armaments"],"picked":"SKIP","floor":20.0},{"not_picked":["Clothesline","Metallicize"],"picked":"Entrench","floor":21.0},{"not_picked":["Heavy Blade","Anger","Sword Boomerang"],"picked":"SKIP","floor":22.0}],"player_experience":1630533,"relics_obtained":[{"floor":9.0,"key":"Paper Frog"},{"floor":11.0,"key":"Dream Catcher"}],"event_choices":[{"damage_healed":0.0,"max_hp_gain":0.0,"max_hp_loss":0.0,"gold_gain":0.0,"cards_transformed":["Strike_R"],"event_name":"Transmorgrifier","player_choice":"Transformed","floor":5.0,"gold_loss":0.0,"damage_taken":0.0,"cards_obtained":["Feed"]},{"damage_healed":28.0,"max_hp_gain":0.0,"max_hp_loss":0.0,"gold_gain":0.0,"event_name":"Big Fish","player_choice":"Banana","floor":14.0,"gold_loss":0.0,"damage_taken":0.0},{"cards_removed":["Feed"],"damage_healed":18.0,"max_hp_gain":10.0,"max_hp_loss":0.0,"gold_gain":0.0,"event_name":"Bonfire Elementals","player_choice":"Offered Rare","floor":19.0,"gold_loss":0.0,"damage_taken":0.0},{"damage_healed":0.0,"max_hp_gain":0.0,"max_hp_loss":49.0,"gold_gain":0.0,"event_name":"Ghosts","player_choice":"Became a Ghost","floor":24.0,"gold_loss":0.0,"damage_taken":0.0,"cards_obtained":["Ghostly","Ghostly","Ghostly"]}],"is_beta":false,"boss_relics":[{"not_picked":["Calling Bell","Busted Crown"],"picked":"Sozu"}],"items_purged_floors":[],"is_endless":false,"potions_floor_spawned":[1,4,10,11,16,20,21,22],"killed_by":"Book of Stabbing","ascension_level":20}}