{"host":"30jsp143e4v19aze","time":1613809198,"event":{"mods":["BaseMod","Colored Map","Colored Powertips","Curses Come First","DeckTracker","Highlight Path","Minty Spire (QoL Compilation)","Quick Restart","Relic Stats","StSLib","everything is the same but u backflip on backflip","slay the spire mod where everything is the same but ironclad has a cowboy hat"],"gold_per_floor":[14,32,51,51,61,61,91,91,91,10,10,43,43,75,75,152,152,171,171,171,171,8,35,35,69,81,128,140,164,206,231,243,255,255],"floor_reached":33,"language":"ENG","playtime":979,"items_purged":["Strike_R+1"],"score":678,"play_id":"4775ca49-9612-4a80-a591-29a2c0e7db7b","local_time":"20210220091958","is_ascension_mode":true,"campfire_choices":[{"data":"Whirlwind","floor":6,"key":"SMITH"},{"data":"Bash","floor":11,"key":"SMITH"},{"data":"Shockwave","floor":13,"key":"SMITH"},{"data":"Hemokinesis","floor":15,"key":"SMITH"},{"data":"Fiend Fire","floor":24,"key":"SMITH"},{"floor":28,"key":"REST"},{"data":"Feel No Pain","floor":32,"key":"SMITH"}],"circlet_count":0,"master_deck":["AscendersBane","Strike_R+1","Strike_R+1","Strike_R+1","Strike_R+1","Defend_R+1","Defend_R+1","Defend_R+1","Defend_R+1","Bash+1","Master of Strategy","Whirlwind+1","Clothesline","Shrug It Off","Pommel Strike+1","Disarm","Evolve","Shockwave+1","Hemokinesis+1","Fiend Fire+1","True Grit","Ghostly","Ghostly","Ghostly","Feel No Pain+1","Pummel"],"relics":["Burning Blood","StrikeDummy","Art of War","Letter Opener","Pear","Pantograph","Snecko Eye","MutagenicStrength","Smiling Mask","MawBank","Paper Frog","HornCleat","Self Forming Clay"],"acts_visited":["Exordium","TheCity"],"potions_floor_usage":[25,27,30,33],"damage_taken":[{"damage":1,"enemies":"Cultist","floor":1,"turns":3},{"damage":7,"enemies":"Jaw Worm","floor":2,"turns":3},{"damage":17,"enemies":"Small Slimes","floor":3,"turns":4},{"damage":7,"enemies":"2 Fungi Beasts","floor":5,"turns":3},{"damage":27,"enemies":"Lagavulin","floor":7,"turns":7},{"damage":24,"enemies":"Gremlin Nob","floor":12,"turns":4},{"damage":11,"enemies":"Lagavulin","floor":14,"turns":6},{"damage":16,"enemies":"Slime Boss","floor":16,"turns":7},{"damage":10,"enemies":"Shell Parasite","floor":18,"turns":2},{"damage":18,"enemies":"Book of Stabbing","floor":23,"turns":6},{"damage":12,"enemies":"Gremlin Leader","floor":25,"turns":5},{"damage":16,"enemies":"Book of Stabbing","floor":27,"turns":4},{"damage":0,"enemies":"Chosen","floor":29,"turns":3},{"damage":6,"enemies":"Slavers","floor":30,"turns":4},{"damage":11,"enemies":"Centurion and Healer","floor":31,"turns":4},{"damage":67,"enemies":"Collector","floor":33,"turns":8}],"seed_played":"7829819002785156126","potions_obtained":[{"floor":3,"key":"Fire Potion"},{"floor":5,"key":"ElixirPotion"},{"floor":12,"key":"DuplicationPotion"},{"floor":25,"key":"SkillPotion"},{"floor":30,"key":"AttackPotion"}],"is_trial":false,"path_per_floor":["M","M","M","T","M","R","E","?","T","$","R","E","R","E","R","B",null,"M","?","?","?","$","E","R","E","T","E","R","M","E","M","R","B"],"character_chosen":"IRONCLAD","items_purchased":["Evolve","Feel No Pain"],"campfire_rested":1,"item_purchase_floors":[10,22],"current_hp_per_floor":[73,72,61,61,60,60,39,39,39,39,39,31,31,26,26,41,74,70,70,70,42,42,30,30,24,24,14,26,32,32,27,27,0,0],"gold":255,"neow_bonus":"RANDOM_COLORLESS_2","is_daily":false,"chose_seed":false,"campfire_upgraded":6,"win_rate":0.0,"timestamp":1613809198,"path_taken":["M","M","?","?","M","R","E","?","T","?","R","E","R","E","R","BOSS","M","?","?","?","$","E","R","E","T","E","R","?","E","M","R","BOSS"],"items_purchased_type":["Card","Card"],"build_version":"2020-12-22","purchased_purges":1,"victory":false,"max_hp_per_floor":[75,75,75,75,75,75,75,75,75,75,75,85,85,85,85,85,85,85,85,85,42,42,42,42,42,42,42,42,42,42,42,42,42,42],"relic_stats":{"counters":[16,73],"Self Forming Clay":[18],"Pantograph":40,"Snecko Eye":[71,52,63,65],"Art of War":[4],"Letter Opener":[25],"Smiling Mask":0,"MawBank":96,"obtain_stats":[{"Pear":12,"Self Forming Clay":30,"Letter Opener":9,"Smiling Mask":23,"MawBank":25,"Burning Blood":0,"HornCleat":27,"Pantograph":14,"MutagenicStrength":19,"Snecko Eye":17,"Art of War":7,"StrikeDummy":4,"Paper Frog":26},{"Pear":6,"Self Forming Clay":14,"Letter Opener":5,"Smiling Mask":10,"MawBank":11,"Burning Blood":0,"HornCleat":12,"Pantograph":7,"MutagenicStrength":9,"Snecko Eye":8,"Art of War":5,"StrikeDummy":3,"Paper Frog":11},{"Pear":24,"Self Forming Clay":61,"Letter Opener":20,"Smiling Mask":45,"MawBank":50,"Burning Blood":0,"HornCleat":54,"Pantograph":30,"MutagenicStrength":39,"Snecko Eye":37,"Art of War":20,"StrikeDummy":10,"Paper Frog":50}],"Burning Blood":90},"card_choices":[{"not_picked":["Chrysalis","Secret Weapon"],"picked":"Master of Strategy","floor":0},{"not_picked":["Infernal Blade","Iron Wave"],"picked":"Whirlwind","floor":1},{"not_picked":["Havoc","Battle Trance"],"picked":"Clothesline","floor":2},{"not_picked":["Second Wind","Headbutt"],"picked":"Shrug It Off","floor":3},{"not_picked":["Infernal Blade","Armaments"],"picked":"Pommel Strike","floor":5},{"not_picked":["Berserk","Pommel Strike"],"picked":"Disarm","floor":7},{"not_picked":["Warcry","Twin Strike"],"picked":"Shockwave","floor":12},{"not_picked":["Flex","Sentinel"],"picked":"Hemokinesis","floor":14},{"not_picked":["Corruption","Offering"],"picked":"Fiend Fire","floor":16},{"not_picked":["Shockwave","Sword Boomerang+1"],"picked":"True Grit","floor":18},{"not_picked":["True Grit","Body Slam","Iron Wave"],"picked":"SKIP","floor":23},{"not_picked":["Flex","Berserk","Clothesline+1"],"picked":"SKIP","floor":25},{"not_picked":["Warcry","Armaments","Clothesline"],"picked":"SKIP","floor":27},{"not_picked":["Clothesline","Twin Strike+1","Flex"],"picked":"SKIP","floor":29},{"not_picked":["Clothesline","Armaments","Ghostly Armor"],"picked":"SKIP","floor":30},{"not_picked":["Cleave","Clash"],"picked":"Pummel","floor":31}],"player_experience":3290194,"relics_obtained":[{"floor":4,"key":"StrikeDummy"},{"floor":7,"key":"Art of War"},{"floor":9,"key":"Letter Opener"},{"floor":12,"key":"Pear"},{"floor":14,"key":"Pantograph"},{"floor":23,"key":"Smiling Mask"},{"floor":25,"key":"MawBank"},{"floor":26,"key":"Paper Frog"},{"floor":27,"key":"HornCleat"},{"floor":30,"key":"Self Forming Clay"}],"event_choices":[{"damage_healed":0,"gold_gain":0,"player_choice":"Grow","damage_taken":0,"max_hp_gain":0,"max_hp_loss":0,"event_name":"Living Wall","floor":8,"gold_loss":0,"cards_upgraded":["Pommel Strike"]},{"damage_healed":0,"gold_gain":0,"player_choice":"Inject Mutagens","damage_taken":0,"relics_obtained":["MutagenicStrength"],"max_hp_gain":0,"max_hp_loss":0,"event_name":"Drug Dealer","floor":19,"gold_loss":0},{"damage_healed":0,"gold_gain":0,"player_choice":"Simplicity","damage_taken":0,"max_hp_gain":0,"max_hp_loss":0,"event_name":"Back to Basics","floor":20,"gold_loss":0,"cards_upgraded":["Strike_R","Strike_R","Strike_R","Strike_R","Strike_R","Defend_R","Defend_R","Defend_R","Defend_R"]},{"damage_healed":0,"gold_gain":0,"player_choice":"Became a Ghost","damage_taken":0,"max_hp_gain":0,"max_hp_loss":43,"event_name":"Ghosts","floor":21,"gold_loss":0,"cards_obtained":["Ghostly","Ghostly","Ghostly"]}],"is_beta":false,"boss_relics":[{"not_picked":["Coffee Dripper","Runic Pyramid"],"picked":"Snecko Eye"}],"items_purged_floors":[22],"is_endless":false,"potions_floor_spawned":[3,5,12,14,16,18,25,30],"killed_by":"Collector","ascension_level":20}}