{"host":"9rxgn077cyjlend4","time":1613857867,"event":{"mods":["BaseMod","Minty Spire (QoL Compilation)","StSLib"],"gold_per_floor":[20,20,20,37,37,37,71,71,71,83,124,136,113,136,148,231,243,272,284,321,258,270,282,16,46,128,156,3,3,20,20,20,20,20],"floor_reached":33,"language":"ENG","playtime":1105,"items_purged":["Defend_G"],"score":568,"play_id":"f53ec70c-3529-4ed3-a0f9-26991fbc973b","local_time":"20210220215107","is_ascension_mode":true,"campfire_choices":[{"data":"Die Die Die","floor":6,"key":"SMITH"},{"data":"1","floor":8,"key":"LIFT"},{"data":"2","floor":10,"key":"LIFT"},{"data":"3","floor":12,"key":"LIFT"},{"data":"Skewer","floor":15,"key":"SMITH"},{"data":"Venomology","floor":23,"key":"SMITH"},{"data":"Blade Dance","floor":29,"key":"SMITH"},{"floor":32,"key":"REST"}],"circlet_count":0,"master_deck":["AscendersBane","Defend_G+1","Defend_G+1","Defend_G+1","Survivor","Neutralize+1","Die Die Die+1","Dagger Spray+1","Blade Dance+1","Poisoned Stab","Deadly Poison","Skewer+1","Venomology+1","Outmaneuver+1","Bite","Bite","Bite","Bite","Bite","Backflip","PiercingWail+1","Accuracy+1"],"relics":["Ring of the Snake","Girya","MawBank","Toy Ornithopter","Runic Pyramid","Red Mask","Lantern","Sundial","InkBottle","Pen Nib","Membership Card"],"acts_visited":["Exordium","TheCity"],"potions_floor_usage":[16,18,25,25,27,33,33],"damage_taken":[{"damage":3,"enemies":"Small Slimes","floor":1,"turns":4},{"damage":0,"enemies":"Jaw Worm","floor":4,"turns":4},{"damage":4,"enemies":"3 Sentries","floor":7,"turns":4},{"damage":8,"enemies":"Gremlin Nob","floor":11,"turns":3},{"damage":0,"enemies":"2 Louse","floor":14,"turns":1},{"damage":10,"enemies":"Hexaghost","floor":16,"turns":9},{"damage":0,"enemies":"2 Thieves","floor":18,"turns":2},{"damage":28,"enemies":"Masked Bandits","floor":20,"turns":4},{"damage":17,"enemies":"Book of Stabbing","floor":25,"turns":5},{"damage":0,"enemies":"Gremlin Leader","floor":27,"turns":3},{"damage":24,"enemies":"Shell Parasite","floor":30,"turns":3},{"damage":35,"enemies":"Champ","floor":33,"turns":9}],"seed_played":"2572003014231595393","potions_obtained":[{"floor":11,"key":"EssenceOfSteel"},{"floor":16,"key":"DistilledChaos"},{"floor":18,"key":"AttackPotion"},{"floor":27,"key":"CunningPotion"},{"floor":30,"key":"SteroidPotion"}],"is_trial":false,"path_per_floor":["M","?","?","M","?","R","E","R","T","R","E","R","?","M","R","B",null,"M","?","?","?","?","R","$","E","T","E","$","R","M","?","R","B"],"character_chosen":"THE_SILENT","items_purchased":["Backflip","Lantern","Membership Card"],"campfire_rested":1,"item_purchase_floors":[24,24,28],"current_hp_per_floor":[56,56,49,49,29,29,25,25,25,25,17,17,33,33,33,28,57,62,46,24,24,13,13,13,24,24,37,37,37,19,19,34,15,15],"gold":20,"neow_bonus":"THREE_RARE_CARDS","is_daily":false,"chose_seed":false,"campfire_upgraded":4,"win_rate":0.0,"timestamp":1613857867,"path_taken":["M","?","?","M","?","R","E","R","T","R","E","R","?","M","R","BOSS","M","?","?","?","?","R","$","E","T","E","?","R","?","?","R","BOSS"],"items_purchased_type":["Card","Relic","Relic"],"build_version":"2020-12-22","purchased_purges":1,"victory":false,"max_hp_per_floor":[66,66,66,66,66,66,66,66,66,66,66,66,66,66,66,66,66,66,46,46,46,51,51,51,51,51,51,51,51,51,51,51,51,51],"card_choices":[{"not_picked":["Bullet Time","Unload"],"picked":"Die Die Die","floor":0},{"not_picked":["Deflect","Bane"],"picked":"Dagger Spray","floor":1},{"not_picked":["Bane","Concentrate"],"picked":"Blade Dance","floor":4},{"not_picked":["Heel Hook","Quick Slash"],"picked":"Poisoned Stab","floor":7},{"not_picked":["Dagger Throw","Slice"],"picked":"Deadly Poison","floor":11},{"not_picked":["Bane","Flying Knee"],"picked":"Skewer","floor":14},{"not_picked":["Burst","Corpse Explosion"],"picked":"Venomology","floor":16},{"not_picked":["Quick Slash","Deadly Poison"],"picked":"Outmaneuver+1","floor":18},{"not_picked":["Sucker Punch","Deflect","Prepared"],"picked":"SKIP","floor":25},{"not_picked":["Grand Finale","Blade Dance"],"picked":"PiercingWail+1","floor":27},{"not_picked":["Dagger Throw","Dash"],"picked":"Accuracy+1","floor":30}],"player_experience":680293,"relics_obtained":[{"floor":7,"key":"Girya"},{"floor":9,"key":"MawBank"},{"floor":11,"key":"Toy Ornithopter"},{"floor":20,"key":"Red Mask"},{"floor":25,"key":"Sundial"},{"floor":26,"key":"InkBottle"},{"floor":27,"key":"Pen Nib"}],"event_choices":[{"damage_healed":0,"gold_gain":0,"player_choice":"Grow","damage_taken":0,"max_hp_gain":0,"max_hp_loss":0,"event_name":"Living Wall","floor":2,"gold_loss":0,"cards_upgraded":["Neutralize"]},{"cards_removed":["Strike_G"],"damage_healed":0,"gold_gain":0,"player_choice":"Card Removal","damage_taken":7,"max_hp_gain":0,"max_hp_loss":0,"event_name":"Golden Wing","floor":3,"gold_loss":0},{"damage_healed":0,"gold_gain":0,"player_choice":"Entered Light","damage_taken":20,"max_hp_gain":0,"max_hp_loss":0,"event_name":"Shining Light","floor":5,"gold_loss":0,"cards_upgraded":["Dagger Spray","Defend_G"]},{"damage_healed":16,"gold_gain":0,"player_choice":"Healed","damage_taken":0,"max_hp_gain":0,"max_hp_loss":0,"event_name":"The Cleric","floor":13,"gold_loss":35},{"damage_healed":0,"gold_gain":0,"player_choice":"Became a vampire","damage_taken":0,"max_hp_gain":0,"max_hp_loss":20,"event_name":"Vampires","floor":19,"gold_loss":0,"cards_obtained":["Bite","Bite","Bite","Bite","Bite"]},{"damage_healed":0,"gold_gain":0,"player_choice":"Fought Bandits","damage_taken":0,"max_hp_gain":0,"max_hp_loss":0,"event_name":"Masked Bandits","floor":20,"gold_loss":0},{"cards_removed":["Defend_G"],"damage_healed":0,"gold_gain":0,"player_choice":"Gave Gold","damage_taken":0,"max_hp_gain":0,"max_hp_loss":0,"event_name":"Beggar","floor":21,"gold_loss":75},{"damage_healed":0,"gold_gain":0,"player_choice":"Shed Blood","damage_taken":16,"max_hp_gain":5,"max_hp_loss":0,"event_name":"Forgotten Altar","floor":22,"gold_loss":0},{"damage_healed":0,"gold_gain":0,"player_choice":"Simplicity","damage_taken":0,"max_hp_gain":0,"max_hp_loss":0,"event_name":"Back to Basics","floor":31,"gold_loss":0,"cards_upgraded":["Defend_G","Defend_G"]}],"is_beta":false,"boss_relics":[{"not_picked":["Tiny House","Runic Dome"],"picked":"Runic Pyramid"}],"items_purged_floors":[24],"is_endless":false,"potions_floor_spawned":[11,16,18,27,30],"killed_by":"Champ","ascension_level":15}}