{"host":"eaiphzh066bwqdh7","time":1613849623,"event":{"mods":["AchievementEnabler","Aspiration","BaseMod","Better Note","Better Third Choice","Colored Powertips","Curses Come First","GifTheSpireLib","Halation","Highlight Path","Hubris","Infinite Spire","Minty Spire (QoL Compilation)","Quick Restart","Reliquary","Replay The Spire","StSLib","Stuff the Spire"],"gold_per_floor":[111,111,111,74,24,24,62,79,79,79,100,100,115,115,115,218,218,241,266,46,68,94,94,111,111,111,111,126,126,157,157,157,258,258,272,288,288,288,288,288,299,299,325,325,357,357,382,416,416,424,424],"floor_reached":50,"language":"ENG","playtime":1513,"items_purged":["Strike_P","Strike_P"],"score":707,"play_id":"3d2f5ba2-6972-411c-bebf-27eb453b0673","local_time":"20210220143343","is_ascension_mode":true,"campfire_choices":[{"data":"Vigilance","floor":6,"key":"SMITH"},{"floor":10,"key":"REST"},{"data":"TalkToTheHand","floor":12,"key":"SMITH"},{"floor":15,"key":"REST"},{"floor":23,"key":"REST"},{"floor":25,"key":"REST"},{"floor":29,"key":"REST"},{"floor":32,"key":"REST"},{"floor":40,"key":"REST"},{"floor":42,"key":"REST"},{"data":"Judgement","floor":44,"key":"SMITH"},{"floor":49,"key":"REST"}],"circlet_count":0,"master_deck":["Strike_P","Strike_P","Defend_P","Defend_P+1","Eruption","Vigilance+1","PathToVictory+1","Prostrate","Prostrate+1","TalkToTheHand+1","PathToVictory","Prostrate","Wallop+1","Judgement+1","Vault","hubris:Fate","TalkToTheHand+1","PathToVictory+1","Alpha+1","Protect+1","Prostrate+1"],"relics":["PureWater","halation:IllGainedPizza","halation:PinkSoulGem","Potion Belt","reliquary:TuningFork","reliquary:ThirdArm","Sling","Smiling Mask","hubris:Stopwatch","Strange Spoon","Onion Ring","hubris:Towel","aspiration:PoetsPen_weak","hubris:Icosahedron","StuffTheSpire:GreaterSneckoEye","War Paint","infinitespire:BottledMercury","Bottled Flame"],"acts_visited":["Exordium","TheCity","TheBeyond"],"potions_floor_usage":[11,30,30,33,33,48,48,50],"damage_taken":[{"damage":4,"enemies":"2 Louse","floor":1,"turns":2},{"damage":10,"enemies":"Replay:BlueRogue","floor":7,"turns":6},{"damage":0,"enemies":"Jaw Worm","floor":8,"turns":3},{"damage":0,"enemies":"Small Slimes","floor":11,"turns":2},{"damage":21,"enemies":"Exordium Thugs","floor":13,"turns":4},{"damage":53,"enemies":"Fading Forest","floor":16,"turns":11},{"damage":10,"enemies":"Shell Parasite","floor":18,"turns":3},{"damage":26,"enemies":"2 Thieves","floor":19,"turns":4},{"damage":10,"enemies":"Snake Plant","floor":21,"turns":4},{"damage":16,"enemies":"3 Cultists","floor":22,"turns":6},{"damage":0,"enemies":"Chosen and Byrds","floor":24,"turns":3},{"damage":7,"enemies":"Cultist and Chosen","floor":28,"turns":4},{"damage":0,"enemies":"Replay:Snechameleon","floor":30,"turns":3},{"damage":20,"enemies":"Collector","floor":33,"turns":10},{"damage":8,"enemies":"Orb Walker","floor":35,"turns":4},{"damage":1,"enemies":"3 Shapes","floor":36,"turns":3},{"damage":11,"enemies":"Jaw Worm Horde","floor":41,"turns":3},{"damage":24,"enemies":"R_Hoarder","floor":45,"turns":3},{"damage":3,"enemies":"Spire Growth","floor":47,"turns":6},{"damage":0,"enemies":"Nemesis","floor":48,"turns":4},{"damage":80,"enemies":"Time Eater","floor":50,"turns":4}],"seed_played":"-7084194232403616454","potions_obtained":[{"floor":8,"key":"Ambrosia"},{"floor":11,"key":"StancePotion"},{"floor":18,"key":"Dexterity Potion"},{"floor":24,"key":"Reflective Coating"},{"floor":28,"key":"SneckoOil"},{"floor":30,"key":"StancePotion"},{"floor":33,"key":"EssenceOfSteel"},{"floor":41,"key":"BlessingOfTheForge"},{"floor":45,"key":"CultistPotion"}],"is_trial":false,"path_per_floor":["M","?","?","$","?","R","E","M","T","R","M","R","M","?","R","B",null,"M","M","$","M","M","R","M","R","T","AVR","M","R","E","?","R","B",null,"M","M","?","AVR","?","R","M","R","T","R","E","?","M","E","R","B"],"character_chosen":"WATCHER","items_purchased":["Prostrate","Sling"],"campfire_rested":9,"item_purchase_floors":[4,20],"current_hp_per_floor":[68,68,68,68,68,68,58,58,58,72,72,72,51,51,72,29,72,62,36,36,26,10,31,31,52,52,52,45,66,66,66,72,52,72,64,63,63,63,43,64,53,72,72,72,48,48,45,45,66,0,0],"gold":424,"neow_bonus":"RANDOM_COMMON_RELIC","is_daily":false,"chose_seed":false,"campfire_upgraded":3,"win_rate":0.0,"timestamp":1613849623,"path_taken":["M","?","?","?","?","R","E","M","T","R","M","R","M","?","R","BOSS","M","M","$","M","M","R","M","R","T","AVR","M","R","E","?","R","BOSS","M","M","?","AVR","?","R","M","R","T","R","E","?","M","E","R","BOSS"],"items_purchased_type":["Card","Relic"],"build_version":"2020-12-22","purchased_purges":2,"victory":false,"max_hp_per_floor":[72,72,72,72,72,72,72,72,72,72,72,72,72,72,72,72,72,72,72,72,72,72,72,72,72,72,72,72,72,72,72,72,72,72,72,72,72,72,72,72,72,72,72,72,72,72,72,72,72,72,72],"card_choices":[{"not_picked":["Protect","BowlingBash"],"picked":"PathToVictory","floor":1},{"not_picked":["Wireheading","Meditate"],"picked":"TalkToTheHand","floor":7},{"not_picked":["BattleHymn","Protect"],"picked":"PathToVictory","floor":8},{"not_picked":["Sanctity","CrushJoints","FollowUp"],"picked":"SKIP","floor":11},{"not_picked":["Meditate","Replay:Hum","FollowUp"],"picked":"SKIP","floor":13},{"not_picked":["Collect","FearNoEvil"],"picked":"Prostrate","floor":18},{"not_picked":["Replay:Cycle","Evaluate"],"picked":"Wallop+1","floor":19},{"not_picked":["FollowUp","LikeWater"],"picked":"Judgement","floor":21},{"not_picked":["Nirvana","Study","Consecrate"],"picked":"SKIP","floor":22},{"not_picked":["Protect","FlyingSleeves+1"],"picked":"Vault","floor":24},{"not_picked":["ForeignInfluence","FlyingSleeves+1"],"picked":"TalkToTheHand+1","floor":28},{"not_picked":["CutThroughFate","LikeWater+1"],"picked":"PathToVictory+1","floor":30},{"not_picked":["MasterReality","Replay:LoomingThreat"],"picked":"Alpha","floor":33},{"not_picked":["Evaluate","ThirdEye"],"picked":"Protect+1","floor":35},{"not_picked":["Swivel","ClearTheMind+1","BowlingBash+1"],"picked":"SKIP","floor":36},{"not_picked":["ThirdEye+1","CrushJoints","Replay:Battleflow"],"picked":"SKIP","floor":41},{"not_picked":["Replay:ManipulateFuture","Omniscience"],"picked":"Prostrate+1","floor":45},{"not_picked":["DeceiveReality+1","Replay:ManipulateFuture","FlurryOfBlows"],"picked":"SKIP","floor":47},{"not_picked":["LikeWater+1","ReachHeaven+1","WreathOfFlame"],"picked":"SKIP","floor":48}],"player_experience":335048,"relics_obtained":[{"floor":7,"key":"Potion Belt"},{"floor":9,"key":"reliquary:TuningFork"},{"floor":26,"key":"Smiling Mask"},{"floor":30,"key":"Onion Ring"},{"floor":39,"key":"StuffTheSpire:GreaterSneckoEye"},{"floor":43,"key":"War Paint"},{"floor":45,"key":"infinitespire:BottledMercury"},{"floor":48,"key":"Bottled Flame"}],"event_choices":[{"cards_removed":["Defend_P"],"damage_healed":0,"gold_gain":0,"player_choice":"Card Removal","damage_taken":0,"max_hp_gain":0,"max_hp_loss":0,"event_name":"The Cleric","floor":5,"gold_loss":50},{"cards_removed":["Defend_P"],"damage_healed":0,"gold_gain":0,"player_choice":"Offered Basic","damage_taken":0,"max_hp_gain":0,"max_hp_loss":0,"event_name":"Bonfire Elementals","floor":14,"gold_loss":0},{"damage_healed":0,"gold_gain":0,"player_choice":"Forge","damage_taken":0,"max_hp_gain":0,"max_hp_loss":0,"event_name":"Accursed Blacksmith","floor":46,"gold_loss":0,"cards_upgraded":["Alpha"]}],"is_beta":false,"boss_relics":[{"not_picked":["infinitespire:Cupcake","Replay:Drink Me"],"picked":"reliquary:ThirdArm"},{"not_picked":["ChewingGum","reliquary:WritOfMandamus"],"picked":"aspiration:PoetsPen_weak"}],"items_purged_floors":[20,27],"is_endless":false,"potions_floor_spawned":[8,11,18,24,28,30,33,41,45,48],"killed_by":"Time Eater","ascension_level":4}}