{"host":"6qo42zgaknezulyg","time":1613786460,"event":{"mods":["2.2 Compatiblity","BaseMod","Better Altar","Colored Map","Faster Ascension Climbing","Highlight Path","Keyboard Shortcuts","Minty Spire (QoL Compilation)","Permanent Neow","Quick Restart","Shapeshifter Mod","StSLib","SuperFastMode"],"gold_per_floor":[16,29,47,59,76,76,1,1,1,13,26,101,129,143,143,218,218,235,235,245,262,276,276,304,304,304,304,337,337,237,162,162,236,236,248,248,258,258,258,258,291,91,91,107,107,152,162,6,6,6,6],"floor_reached":52,"language":"ENG","playtime":2090,"items_purged":["StSShapeShifter:ShapeShifter_Strike","StSShapeShifter:ShapeShifter_Strike","StSShapeShifter:ShapeShifter_Strike"],"score":1894,"play_id":"5085cbb8-751b-44ca-acca-bbc03d22b263","local_time":"20210220110100","is_ascension_mode":true,"campfire_choices":[{"floor":6.0,"key":"REST"},{"floor":15.0,"key":"REST"},{"floor":23.0,"key":"REST"},{"data":"StSShapeShifter:RitualOfTheExtinct","floor":25.0,"key":"SMITH"},{"data":"StSShapeShifter:DragonForm","floor":27.0,"key":"SMITH"},{"floor":29.0,"key":"REST"},{"data":"StSShapeShifter:BurrBomb","floor":32.0,"key":"SMITH"},{"data":"StSShapeShifter:DragonForm","floor":40.0,"key":"SMITH"},{"data":"StSShapeShifter:BulwarkOfDiscovery","floor":45.0,"key":"SMITH"},{"floor":49.0,"key":"REST"}],"circlet_count":0,"master_deck":["AscendersBane","StSShapeShifter:ShapeShifter_Strike","StSShapeShifter:ShapeShifter_Defend","StSShapeShifter:ShapeShifter_Defend","StSShapeShifter:ShapeShifter_Defend","StSShapeShifter:ShapeShifter_Defend","StSShapeShifter:ShapeShifter_Defend","StSShapeShifter:BurrBomb+1","StSShapeShifter:Mystical_Branch","StSShapeShifter:Bonk","StSShapeShifter:MagicMushrooms","StSShapeShifter:DragonForm+1","StSShapeShifter:Summon_Mountains","StSShapeShifter:RitualOfTheExtinct+1","StSShapeShifter:DragonForm+1","StSShapeShifter:ThornToss+1","StSShapeShifter:BulwarkOfDiscovery+1","StSShapeShifter:RitualOfTheExtinct+1"],"relics":["StSShapeShifter:AnimalHeart","StSShapeShifter:TheShapeShiftersMagnolia","FaceOfCleric","White Beast Statue","PreservedInsect","Velvet Choker","Bird Faced Urn","StSShapeShifter:LoyalLobster","Molten Egg 2","Ornamental Fan","SlaversCollar","Dead Branch","InkBottle","TungstenRod"],"acts_visited":["Exordium","TheCity","TheBeyond"],"potions_floor_usage":[51,51],"damage_taken":[{"damage":1.0,"enemies":"Cultist","floor":1.0,"turns":3.0},{"damage":5.0,"enemies":"Small Slimes","floor":2.0,"turns":3.0},{"damage":7.0,"enemies":"Jaw Worm","floor":3.0,"turns":3.0},{"damage":28.0,"enemies":"Exordium Thugs","floor":4.0,"turns":4.0},{"damage":7.0,"enemies":"Looter","floor":5.0,"turns":3.0},{"damage":0.0,"enemies":"2 Fungi Beasts","floor":10.0,"turns":3.0},{"damage":9.0,"enemies":"Blue Slaver","floor":11.0,"turns":4.0},{"damage":10.0,"enemies":"Lagavulin","floor":13.0,"turns":6.0},{"damage":9.0,"enemies":"Red Slaver","floor":14.0,"turns":2.0},{"damage":25.0,"enemies":"The Guardian","floor":16.0,"turns":11.0},{"damage":9.0,"enemies":"Spheric Guardian","floor":18.0,"turns":4.0},{"damage":0.0,"enemies":"Chosen","floor":20.0,"turns":3.0},{"damage":21.0,"enemies":"Centurion and Healer","floor":21.0,"turns":6.0},{"damage":3.0,"enemies":"Snake Plant","floor":22.0,"turns":3.0},{"damage":24.0,"enemies":"Slavers","floor":24.0,"turns":5.0},{"damage":5.0,"enemies":"Book of Stabbing","floor":28.0,"turns":2.0},{"damage":32.0,"enemies":"Champ","floor":33.0,"turns":7.0},{"damage":0.0,"enemies":"Orb Walker","floor":35.0,"turns":1.0},{"damage":17.0,"enemies":"3 Darklings","floor":37.0,"turns":4.0},{"damage":0.0,"enemies":"Giant Head","floor":41.0,"turns":4.0},{"damage":0.0,"enemies":"Sphere and 2 Shapes","floor":44.0,"turns":4.0},{"damage":1.0,"enemies":"2 Orb Walkers","floor":46.0,"turns":3.0},{"damage":4.0,"enemies":"Transient","floor":47.0,"turns":3.0},{"damage":41.0,"enemies":"Time Eater","floor":50.0,"turns":9.0},{"damage":20,"enemies":"Donu and Deca","floor":51,"turns":10}],"seed_played":"33667498932938537","potions_obtained":[{"floor":2.0,"key":"Explosive Potion"},{"floor":4.0,"key":"SneckoOil"},{"floor":10.0,"key":"Fire Potion"},{"floor":11.0,"key":"Strength Potion"},{"floor":14.0,"key":"Strength Potion"},{"floor":16.0,"key":"AttackPotion"},{"floor":18.0,"key":"StSShapeShifter:PolyBeastPotion"},{"floor":20.0,"key":"Weak Potion"},{"floor":21.0,"key":"StSShapeShifter:PolyBeastPotion"},{"floor":22.0,"key":"Weak Potion"},{"floor":24.0,"key":"SkillPotion"},{"floor":28.0,"key":"Strength Potion"},{"floor":33.0,"key":"ColorlessPotion"},{"floor":35.0,"key":"PowerPotion"},{"floor":41.0,"key":"Dexterity Potion"}],"is_trial":false,"path_per_floor":["M","M","M","M","M","R","$","?","T","M","M","?","E","M","R","B",null,"M","?","M","M","M","R","E","R","T","R","E","R","$","?","R","B",null,"M","?","M","?","?","R","E","$","T","M","R","?","M","$","R","B","B",null],"character_chosen":"SHAPESHIFTER","items_purchased":["StSShapeShifter:BulwarkOfDiscovery","StSShapeShifter:RitualOfTheExtinct+1"],"campfire_rested":5,"item_purchase_floors":[42,48],"current_hp_per_floor":[65,60,53,25,18,39,39,39,39,40,32,21,12,4,27,3,59,51,51,54,34,32,56,33,33,33,33,29,53,53,53,53,22,68,69,69,53,53,53,53,54,54,54,59,59,61,60,60,80,39,28],"gold":6,"neow_bonus":"THREE_RARE_CARDS","is_daily":false,"chose_seed":false,"campfire_upgraded":5,"win_rate":0.0,"timestamp":1613786460,"path_taken":["M","M","M","M","M","R","$","?","T","?","M","?","E","M","R","BOSS","M","?","M","M","?","R","E","R","T","R","E","R","$","?","R","BOSS","M","?","M","?","?","R","E","$","T","?","R","?","M","$","R","BOSS","BOSS"],"items_purchased_type":["Card","Card"],"build_version":"2020-12-22","purchased_purges":3,"victory":true,"max_hp_per_floor":[73,73,73,73,73,73,73,73,73,74,75,75,76,77,77,78,78,79,79,80,81,82,82,83,83,83,83,83,83,83,83,83,83,83,83,83,84,80,80,80,80,80,80,80,80,80,80,80,80,80,79],"card_choices":[{"not_picked":["StSShapeShifter:Autumn","StSShapeShifter:PowerShifter"],"picked":"StSShapeShifter:BurrBomb","floor":0.0},{"not_picked":["StSShapeShifter:ShiftingStrike","StSShapeShifter:AdaptiveStrikes"],"picked":"StSShapeShifter:Mystical_Branch","floor":1.0},{"not_picked":["StSShapeShifter:ThornToss","StSShapeShifter:Ensconce","StSShapeShifter:TopazSkin"],"picked":"SKIP","floor":2.0},{"not_picked":["StSShapeShifter:BulwarkOfDiscovery","StSShapeShifter:BaskInBloom"],"picked":"StSShapeShifter:Bonk","floor":3.0},{"not_picked":["StSShapeShifter:Sapling","StSShapeShifter:FesteringBite","StSShapeShifter:BloomingSlash"],"picked":"SKIP","floor":4.0},{"not_picked":["StSShapeShifter:Roar","StSShapeShifter:Guard"],"picked":"StSShapeShifter:MagicMushrooms","floor":5.0},{"not_picked":["StSShapeShifter:MonkeyForm","StSShapeShifter:RockSlide","StSShapeShifter:FoxForm"],"picked":"SKIP","floor":10.0},{"not_picked":["StSShapeShifter:Efflorescence","StSShapeShifter:Roar"],"picked":"StSShapeShifter:DragonForm","floor":11.0},{"not_picked":["StSShapeShifter:SquirrelForm","StSShapeShifter:Tornado","StSShapeShifter:PoisonIvy"],"picked":"SKIP","floor":13.0},{"not_picked":["StSShapeShifter:MonkeyForm","StSShapeShifter:Maul","StSShapeShifter:SpiritOfTheEarth"],"picked":"SKIP","floor":14.0},{"not_picked":["StSShapeShifter:Tornado","StSShapeShifter:MooseForm"],"picked":"StSShapeShifter:Summon_Mountains","floor":16.0},{"not_picked":["StSShapeShifter:AdaptiveStrikes","StSShapeShifter:ShiftingStrike","StSShapeShifter:ClimbTree"],"picked":"SKIP","floor":18.0},{"not_picked":["StSShapeShifter:SunflowerShuriken","StSShapeShifter:ThornedSkin","StSShapeShifter:Ensconce"],"picked":"SKIP","floor":20.0},{"not_picked":["StSShapeShifter:MonkeyForm","StSShapeShifter:Sapling","StSShapeShifter:Mystical_Branch"],"picked":"SKIP","floor":21.0},{"not_picked":["StSShapeShifter:TopazSkin","StSShapeShifter:BladeOfGrass","StSShapeShifter:Maul"],"picked":"SKIP","floor":22.0},{"not_picked":["StSShapeShifter:MonkeyForm","StSShapeShifter:Sapling"],"picked":"StSShapeShifter:RitualOfTheExtinct","floor":24.0},{"not_picked":["StSShapeShifter:FallingLeaves","StSShapeShifter:BarkSkin","StSShapeShifter:DeerForm"],"picked":"SKIP","floor":28.0},{"not_picked":["StSShapeShifter:BurstOfLifeEscapeDeath+1","StSShapeShifter:Blossom2"],"picked":"StSShapeShifter:DragonForm","floor":33.0},{"not_picked":["StSShapeShifter:OakBlade+1","StSShapeShifter:BarkSkin","StSShapeShifter:Maul+1"],"picked":"SKIP","floor":35.0},{"not_picked":["StSShapeShifter:Maul+1","StSShapeShifter:SunflowerShuriken+1"],"picked":"StSShapeShifter:ThornToss+1","floor":37.0},{"not_picked":["StSShapeShifter:RaptorForm+1","StSShapeShifter:SquirrelForm","StSShapeShifter:Evolution+1"],"picked":"SKIP","floor":41.0},{"not_picked":["StSShapeShifter:RockSlide+1","StSShapeShifter:Flourish","StSShapeShifter:ThornedSkin"],"picked":"SKIP","floor":44.0},{"not_picked":["StSShapeShifter:PoisonIvy","StSShapeShifter:ThornToss+1","StSShapeShifter:RaptorForm"],"picked":"SKIP","floor":47.0}],"player_experience":734252,"relics_obtained":[{"floor":9.0,"key":"White Beast Statue"},{"floor":13.0,"key":"PreservedInsect"},{"floor":24.0,"key":"StSShapeShifter:LoyalLobster"},{"floor":26.0,"key":"Molten Egg 2"},{"floor":28.0,"key":"Ornamental Fan"},{"floor":41.0,"key":"Dead Branch"},{"floor":43.0,"key":"InkBottle"},{"floor":46.0,"key":"TungstenRod"}],"event_choices":[{"damage_healed":0.0,"max_hp_gain":0.0,"max_hp_loss":0.0,"gold_gain":0.0,"event_name":"FaceTrader","player_choice":"Trade","floor":8.0,"gold_loss":0.0,"damage_taken":0.0,"relics_obtained":["FaceOfCleric"]},{"damage_healed":0.0,"max_hp_gain":0.0,"max_hp_loss":0.0,"gold_gain":0.0,"event_name":"WeMeetAgain","player_choice":"Gave Potion","floor":19.0,"gold_loss":0.0,"damage_taken":0.0,"relics_obtained":["Bird Faced Urn"]},{"cards_removed":["StSShapeShifter:ShapeShifter_Strike"],"damage_healed":0.0,"max_hp_gain":0.0,"max_hp_loss":0.0,"gold_gain":0.0,"event_name":"Beggar","player_choice":"Gave Gold","floor":31.0,"gold_loss":75.0,"damage_taken":0.0},{"cards_removed":["StSShapeShifter:Tortoise_Form"],"damage_healed":0.0,"max_hp_gain":0.0,"max_hp_loss":0.0,"gold_gain":0.0,"event_name":"Falling","player_choice":"Removed Skill","floor":36.0,"gold_loss":0.0,"damage_taken":0.0},{"damage_healed":0.0,"max_hp_gain":0.0,"max_hp_loss":4.0,"gold_gain":0.0,"event_name":"Winding Halls","player_choice":"Max HP","floor":38.0,"gold_loss":0.0,"damage_taken":0.0},{"cards_removed":["StSShapeShifter:Lynx_Form"],"damage_healed":0.0,"max_hp_gain":0.0,"max_hp_loss":0.0,"gold_gain":0.0,"event_name":"Purifier","player_choice":"Purged","floor":39.0,"gold_loss":0.0,"damage_taken":0.0},{"damage_healed":0.0,"max_hp_gain":0.0,"max_hp_loss":0.0,"gold_gain":0.0,"event_name":"Mysterious Sphere","player_choice":"Fight","floor":46.0,"gold_loss":0.0,"damage_taken":0.0}],"is_beta":false,"boss_relics":[{"not_picked":["Busted Crown","SacredBark"],"picked":"Velvet Choker"},{"not_picked":["Coffee Dripper","StSShapeShifter:LemurHeaddress"],"picked":"SlaversCollar"}],"items_purged_floors":[7,30,42],"is_endless":false,"potions_floor_spawned":[2,4,10,11,13,14,16,18,20,21,22,24,28,33,35,37,41,44,46,47],"ascension_level":20}}