{"host":"p9t7qd83igtcp2bh","time":1613822330,"event":{"mods":["2.2 Compatiblity","AchievementEnabler","BaseMod","Colored Map","Colored Powertips","Custom Start","DeckTracker","Keyboard Shortcuts","Minty Spire (QoL Compilation)","Permanent Neow","StSLib","SuperFastMode","everything is the same but u backflip on backflip"],"gold_per_floor":[113,126,126,145,160,160,195,195,271,297,297,308,308,125,125,200,200,220,246,284,9,9,9,9,39,91,123,137,50,50,62,62,133,133,146,146,146,192,28,63,63,74,124,139,139,139],"floor_reached":45,"language":"KOR","playtime":1400,"items_purged":["Strike_P","Defend_P"],"score":979,"play_id":"cf8a2d1c-3207-4f4f-a79b-d6903a72c3f3","local_time":"20210220205850","is_ascension_mode":true,"campfire_choices":[{"data":"PathToVictory","floor":6.0,"key":"SMITH"},{"data":"1","floor":8.0,"key":"LIFT"},{"floor":13.0,"key":"REST"},{"data":"2","floor":15.0,"key":"LIFT"},{"data":"MentalFortress","floor":23.0,"key":"SMITH"},{"data":"3","floor":30.0,"key":"LIFT"},{"floor":32.0,"key":"REST"},{"data":"Adaptation","floor":41,"key":"SMITH"}],"circlet_count":0,"master_deck":["AscendersBane","Strike_P+1","Defend_P","Defend_P","Eruption","Vigilance","InnerPeace","FollowUp","PathToVictory+1","JustLucky","LikeWater","WheelKick","ThirdEye+1","CrushJoints","LessonLearned+1","EmptyBody+1","FlyingSleeves+1","Evaluate","Prostrate+1","PathToVictory","MentalFortress+1","Impatience","Swivel","MentalFortress","Adaptation+1","Ragnarok","DeusExMachina","CutThroughFate","Footwork+1","Steam Power","Armaments+1"],"relics":["Velvet Choker","Girya","Question Card","Happy Flower","Mercury Hourglass","Astrolabe","Red Mask","Dead Branch","Boot","Mango","SlaversCollar","CaptainsWheel","PrismaticShard","Regal Pillow","Centennial Puzzle"],"acts_visited":["Exordium","TheCity","TheBeyond"],"potions_floor_usage":[40,42],"damage_taken":[{"damage":2.0,"enemies":"2 Louse","floor":1.0,"turns":4.0},{"damage":2.0,"enemies":"Jaw Worm","floor":2.0,"turns":2.0},{"damage":0.0,"enemies":"Cultist","floor":4.0,"turns":3.0},{"damage":3.0,"enemies":"Exordium Thugs","floor":5.0,"turns":2.0},{"damage":20.0,"enemies":"3 Sentries","floor":7.0,"turns":9.0},{"damage":29.0,"enemies":"Gremlin Nob","floor":10.0,"turns":4.0},{"damage":6.0,"enemies":"Looter","floor":12.0,"turns":4.0},{"damage":12.0,"enemies":"The Guardian","floor":16.0,"turns":8.0},{"damage":10.0,"enemies":"Chosen","floor":18.0,"turns":5.0},{"damage":35.0,"enemies":"Masked Bandits","floor":19.0,"turns":4.0},{"damage":5.0,"enemies":"2 Thieves","floor":20.0,"turns":4.0},{"damage":45.0,"enemies":"Book of Stabbing","floor":25.0,"turns":5.0},{"damage":10.0,"enemies":"Gremlin Leader","floor":27.0,"turns":3.0},{"damage":1.0,"enemies":"Centurion and Healer","floor":28.0,"turns":4.0},{"damage":10.0,"enemies":"Snake Plant","floor":31.0,"turns":2.0},{"damage":49.0,"enemies":"Automaton","floor":33.0,"turns":9.0},{"damage":6.0,"enemies":"3 Shapes","floor":35.0,"turns":6.0},{"damage":8,"enemies":"2 Orb Walkers","floor":38,"turns":3},{"damage":22,"enemies":"Nemesis","floor":40,"turns":3},{"damage":11,"enemies":"3 Darklings","floor":42,"turns":4},{"damage":21,"enemies":"Maw","floor":44,"turns":8},{"damage":10,"enemies":"4 Shapes","floor":45,"turns":1}],"seed_played":"-7682060521130815996","potions_obtained":[{"floor":1.0,"key":"EntropicBrew"},{"floor":4.0,"key":"Ambrosia"},{"floor":7.0,"key":"BlessingOfTheForge"},{"floor":20.0,"key":"SpeedPotion"},{"floor":25.0,"key":"Ambrosia"},{"floor":27.0,"key":"Block Potion"},{"floor":33.0,"key":"Weak Potion"},{"floor":38,"key":"SkillPotion"},{"floor":40,"key":"SpeedPotion"},{"floor":42,"key":"BottledMiracle"}],"is_trial":false,"path_per_floor":["M","M","?","M","M","R","E","R","T","E","T","M","R","$","R","B",null,"M","?","M","$","?","R","$","E","T","E","M","$","R","M","R","B",null,"M","?","?","?","$","E","R","M","T","M","M"],"character_chosen":"WATCHER","items_purchased":["ThirdEye","CrushJoints","MentalFortress","Impatience","Adaptation","PrismaticShard"],"campfire_rested":2,"item_purchase_floors":[14,14,21,21,29,39],"current_hp_per_floor":[59,57,62,62,59,59,39,39,39,10,10,4,25,25,25,13,58,48,13,8,8,83,83,83,38,38,42,41,41,41,31,60,11,76,70,70,70,62,62,40,40,29,29,8,0,0],"gold":139,"neow_bonus":"BOSS_RELIC","is_daily":false,"chose_seed":false,"campfire_upgraded":3,"win_rate":0.0,"timestamp":1613822330,"path_taken":["M","M","?","M","M","R","E","R","T","E","?","?","R","$","R","BOSS","M","?","M","$","?","R","$","E","T","E","?","$","R","M","R","BOSS","M","?","?","?","$","E","R","M","T","M","M"],"items_purchased_type":["Card","Card","Card","Card","Card","Relic"],"build_version":"2020-12-22","purchased_purges":2,"victory":false,"max_hp_per_floor":[68,68,73,73,73,73,73,73,73,73,73,73,73,73,73,73,73,73,73,73,73,83,83,83,83,83,97,97,97,97,97,97,97,97,97,92,92,92,92,92,92,92,92,92,92,92],"card_choices":[{"not_picked":["Crescendo","SashWhip"],"picked":"InnerPeace","floor":1.0},{"not_picked":["Fasting2","Halt"],"picked":"FollowUp","floor":2.0},{"not_picked":["ClearTheMind","Perseverance"],"picked":"BattleHymn","floor":4.0},{"not_picked":["SashWhip","WreathOfFlame"],"picked":"PathToVictory","floor":5.0},{"not_picked":["Vengeance","BowlingBash"],"picked":"JustLucky","floor":7.0},{"not_picked":["JustLucky","ClearTheMind","Blasphemy"],"picked":"LikeWater","floor":10.0},{"not_picked":["FlurryOfBlows","CarveReality","LikeWater"],"picked":"WheelKick","floor":12.0},{"not_picked":["Scrawl","MasterReality","Brilliance"],"picked":"Wish","floor":16.0},{"not_picked":["PathToVictory","Halt","InnerPeace+1"],"picked":"Evaluate","floor":18.0},{"not_picked":["ClearTheMind+1","CrushJoints+1","Wireheading"],"picked":"Prostrate+1","floor":19.0},{"not_picked":["BowlingBash+1","Consecrate","JustLucky"],"picked":"PathToVictory","floor":20.0},{"not_picked":["FearNoEvil","SignatureMove","Blasphemy"],"picked":"Swivel","floor":25.0},{"not_picked":["Vengeance","SashWhip","Crescendo"],"picked":"MentalFortress","floor":27.0},{"not_picked":["FlurryOfBlows","EmptyBody","CutThroughFate","Protect"],"picked":"SKIP","floor":28.0},{"not_picked":["Prostrate","Study","Sanctity"],"picked":"Ragnarok","floor":31.0},{"not_picked":["Blasphemy","Ragnarok","Judgement"],"picked":"DeusExMachina","floor":33.0},{"not_picked":["Prostrate","Wireheading","ClearTheMind","Perseverance"],"picked":"SKIP","floor":35.0},{"not_picked":["Tantrum+1","EmptyFist","EmptyBody"],"picked":"CutThroughFate","floor":38},{"not_picked":["Redo+1","Devotion","Heatsinks"],"picked":"Footwork+1","floor":40},{"not_picked":["Streamline","BattleHymn","Rebound+1"],"picked":"Steam Power","floor":42},{"not_picked":["Caltrops","FlyingSleeves","Cold Snap"],"picked":"Armaments+1","floor":44}],"player_experience":736360,"relics_obtained":[{"floor":7.0,"key":"Girya"},{"floor":9.0,"key":"Question Card"},{"floor":10.0,"key":"Happy Flower"},{"floor":11.0,"key":"Mercury Hourglass"},{"floor":19.0,"key":"Red Mask"},{"floor":25.0,"key":"Dead Branch"},{"floor":26.0,"key":"Boot"},{"floor":27.0,"key":"Mango"},{"floor":38,"key":"CaptainsWheel"},{"floor":40,"key":"Regal Pillow"},{"floor":43,"key":"Centennial Puzzle"}],"event_choices":[{"damage_healed":0.0,"max_hp_gain":5.0,"max_hp_loss":0.0,"gold_gain":0.0,"event_name":"Big Fish","player_choice":"Donut","floor":3.0,"gold_loss":0.0,"damage_taken":0.0},{"damage_healed":0.0,"max_hp_gain":0.0,"max_hp_loss":0.0,"gold_gain":0.0,"event_name":"Masked Bandits","player_choice":"Fought Bandits","floor":19.0,"gold_loss":0.0,"damage_taken":0.0},{"cards_removed":["Wish"],"damage_healed":65.0,"max_hp_gain":10.0,"max_hp_loss":0.0,"gold_gain":0.0,"event_name":"Bonfire Elementals","player_choice":"Offered Rare","floor":22.0,"gold_loss":0.0,"damage_taken":0.0},{"damage_healed":0.0,"max_hp_gain":0.0,"max_hp_loss":5.0,"gold_gain":0.0,"event_name":"Winding Halls","player_choice":"Max HP","floor":36.0,"gold_loss":0.0,"damage_taken":0.0},{"cards_removed":["BattleHymn"],"damage_healed":0.0,"max_hp_gain":0.0,"max_hp_loss":0.0,"gold_gain":0.0,"event_name":"Falling","player_choice":"Removed Power","floor":37.0,"gold_loss":0.0,"damage_taken":0.0},{"damage_healed":0,"gold_gain":0,"player_choice":"Fight","damage_taken":0,"max_hp_gain":0,"max_hp_loss":0,"event_name":"Mysterious Sphere","floor":38,"gold_loss":0}],"is_beta":false,"boss_relics":[{"not_picked":["Black Star","Busted Crown"],"picked":"Astrolabe"},{"not_picked":["Fusion Hammer","Sozu"],"picked":"SlaversCollar"}],"items_purged_floors":[14,21],"is_endless":false,"potions_floor_spawned":[1,4,7,20,25,27,33,38,40,42],"killed_by":"4 Shapes","ascension_level":19}}