{"host":"y13mj1mxwnd5xx1x","time":1613793925,"event":{"mods":["AchievementEnabler","BaseMod","Minty Spire (QoL Compilation)"],"gold_per_floor":[111,129,149,159,234,259,259,259,310,330,393,393,393,429,429,548,548,569,569,124,147,167,211,211,244,270,270,270],"floor_reached":27,"language":"ENG","playtime":1463,"items_purged":["Strike_B"],"score":312,"play_id":"a9461c51-4355-44d5-8f7f-38d1604db16c","local_time":"20210219220525","is_ascension_mode":true,"campfire_choices":[{"data":"Self Repair","floor":8,"key":"SMITH"},{"data":"Gash","floor":12,"key":"SMITH"},{"data":"Defragment","floor":15,"key":"SMITH"},{"floor":24,"key":"REST"}],"circlet_count":0,"master_deck":["Strike_B","Strike_B","Defend_B","Defend_B","Defend_B","Defend_B","Zap","Dualcast","Self Repair+1","Gash+1","Streamline","Defragment+1","Capacitor","Chill","Gash","Redo","Amplify","Gash","Double Energy","Defragment","Leap","Undo","Biased Cognition"],"relics":["Cracked Core","HornCleat","Happy Flower","Centennial Puzzle","Golden Idol","Art of War","Inserter","Mango","FossilizedHelix","Eternal Feather","Nunchaku"],"acts_visited":["Exordium","TheCity"],"potions_floor_usage":[4,4,14,22,23,25,25],"damage_taken":[{"damage":8,"enemies":"2 Louse","floor":1,"turns":3},{"damage":7,"enemies":"Jaw Worm","floor":2,"turns":3},{"damage":5,"enemies":"Cultist","floor":3,"turns":4},{"damage":30,"enemies":"Large Slime","floor":4,"turns":5},{"damage":26,"enemies":"Lagavulin","floor":6,"turns":7},{"damage":12,"enemies":"Exordium Wildlife","floor":10,"turns":4},{"damage":0,"enemies":"3 Sentries","floor":11,"turns":8},{"damage":10,"enemies":"Gremlin Nob","floor":14,"turns":4},{"damage":25,"enemies":"The Guardian","floor":16,"turns":12},{"damage":7,"enemies":"Chosen","floor":18,"turns":4},{"damage":10,"enemies":"Shell Parasite","floor":21,"turns":6},{"damage":16,"enemies":"Snecko","floor":22,"turns":6},{"damage":74,"enemies":"Gremlin Leader","floor":23,"turns":8},{"damage":46,"enemies":"Slavers","floor":25,"turns":11},{"damage":28,"enemies":"Book of Stabbing","floor":27,"turns":7}],"seed_played":"-6755955226025134756","potions_obtained":[{"floor":1,"key":"Weak Potion"},{"floor":2,"key":"PowerPotion"},{"floor":3,"key":"EssenceOfSteel"},{"floor":18,"key":"FocusPotion"},{"floor":19,"key":"DistilledChaos"},{"floor":19,"key":"Regen Potion"},{"floor":22,"key":"SkillPotion"},{"floor":25,"key":"FearPotion"}],"is_trial":false,"path_per_floor":["M","M","M","M","?","E","?","R","T","M","?","R","?","E","R","B",null,"M","?","$","M","M","E","R","E","T","E"],"character_chosen":"DEFECT","items_purchased":["Double Energy","Mango"],"campfire_rested":1,"item_purchase_floors":[20,20],"current_hp_per_floor":[74,74,76,53,42,23,23,23,23,21,31,31,31,31,31,16,76,76,76,90,90,84,20,47,26,26,0,0],"gold":270,"neow_bonus":"TEN_PERCENT_HP_BONUS","is_daily":false,"chose_seed":false,"campfire_upgraded":3,"win_rate":0.0,"timestamp":1613793925,"path_taken":["M","M","M","M","?","E","?","R","T","M","?","R","?","E","R","BOSS","M","?","$","M","M","E","R","E","T","E"],"items_purchased_type":["Card","Relic"],"build_version":"2020-12-22","purchased_purges":1,"victory":false,"max_hp_per_floor":[82,82,82,82,82,82,82,82,82,82,82,82,76,76,76,76,76,76,76,90,90,90,90,90,90,90,90,90],"card_choices":[{"not_picked":["Rip and Tear","Chaos"],"picked":"Self Repair","floor":1},{"not_picked":["FTL","Heatsinks"],"picked":"Gash","floor":2},{"not_picked":["Barrage","Storm"],"picked":"Streamline","floor":3},{"not_picked":["Rebound","Melter"],"picked":"Defragment","floor":4},{"not_picked":["Hyperbeam","Streamline"],"picked":"Capacitor","floor":6},{"not_picked":["Steam","Redo"],"picked":"Gash","floor":10},{"not_picked":["Barrage","Force Field"],"picked":"Redo","floor":11},{"not_picked":["Compile Driver","Multi-Cast","Sunder"],"picked":"SKIP","floor":14},{"not_picked":["Fission","Multi-Cast"],"picked":"Amplify","floor":16},{"not_picked":["Coolheaded","Rebound+1"],"picked":"Gash","floor":18},{"not_picked":["Skim","Aggregate"],"picked":"Defragment","floor":21},{"not_picked":["Cold Snap","FTL"],"picked":"Leap","floor":22},{"not_picked":["Ball Lightning+1","Fusion"],"picked":"Undo","floor":23},{"not_picked":["Beam Cell+1","Sunder"],"picked":"Biased Cognition","floor":25}],"player_experience":179681,"relics_obtained":[{"floor":6,"key":"HornCleat"},{"floor":9,"key":"Happy Flower"},{"floor":11,"key":"Centennial Puzzle"},{"floor":14,"key":"Art of War"},{"floor":23,"key":"FossilizedHelix"},{"floor":25,"key":"Eternal Feather"},{"floor":26,"key":"Nunchaku"}],"event_choices":[{"damage_healed":0,"gold_gain":75,"player_choice":"Gather Gold","damage_taken":11,"max_hp_gain":0,"max_hp_loss":0,"event_name":"World of Goop","floor":5,"gold_loss":0},{"damage_healed":0,"gold_gain":0,"cards_transformed":["Strike_B"],"player_choice":"Change","damage_taken":0,"max_hp_gain":0,"max_hp_loss":0,"event_name":"Living Wall","floor":7,"gold_loss":0,"cards_obtained":["Chill"]},{"damage_healed":0,"gold_gain":0,"player_choice":"Searched \u00271\u0027 times","damage_taken":0,"max_hp_gain":0,"max_hp_loss":0,"event_name":"Dead Adventurer","floor":11,"gold_loss":0},{"damage_healed":0,"gold_gain":0,"player_choice":"Lose Max HP","damage_taken":0,"relics_obtained":["Golden Idol"],"max_hp_gain":0,"max_hp_loss":6,"event_name":"Golden Idol","floor":13,"gold_loss":0},{"damage_healed":0,"gold_gain":0,"player_choice":"Got Potions","damage_taken":0,"max_hp_gain":0,"max_hp_loss":0,"event_name":"Lab","floor":19,"gold_loss":0}],"is_beta":false,"boss_relics":[{"not_picked":["Nuclear Battery","Busted Crown"],"picked":"Inserter"}],"items_purged_floors":[20],"is_endless":false,"potions_floor_spawned":[1,2,3,18,22,25],"killed_by":"Book of Stabbing","ascension_level":2}}