{"host":"spd19cimorv47raq","time":1613802194,"event":{"mods":["AchievementEnabler","BaseMod","Colored Map","DeckTracker","Keyboard Shortcuts","Minty Spire (QoL Compilation)","Quick Restart","StSLib","SuperFastMode"],"gold_per_floor":[109,129,129,149,160,188,188,218,218,244,263,297,317,348,348,348,348],"floor_reached":16,"language":"KOR","playtime":933,"items_purged":[],"score":314,"play_id":"d25446fa-868e-45e0-a68c-b145735caf0b","local_time":"20210220152314","is_ascension_mode":true,"campfire_choices":[{"data":"Hemokinesis","floor":7.0,"key":"SMITH"},{"floor":15.0,"key":"REST"}],"circlet_count":0,"master_deck":["AscendersBane","Strike_R","Strike_R","Strike_R","Strike_R","Defend_R","Defend_R","Defend_R","Defend_R","Bash","Hemokinesis+1","Cleave","Power Through","Inflame","Offering","Twin Strike","Anger","Body Slam","Battle Trance","Fire Breathing","Carnage+1"],"relics":["Burning Blood","NeowsBlessing","Kunai","Odd Mushroom","Gambling Chip","Bird Faced Urn","Molten Egg 2","HornCleat"],"acts_visited":["Exordium"],"potions_floor_usage":[],"damage_taken":[{"damage":0.0,"enemies":"Cultist","floor":1.0,"turns":1.0},{"damage":0.0,"enemies":"Jaw Worm","floor":2.0,"turns":1.0},{"damage":0.0,"enemies":"Small Slimes","floor":4.0,"turns":2.0},{"damage":11.0,"enemies":"Exordium Wildlife","floor":5.0,"turns":4.0},{"damage":2.0,"enemies":"Gremlin Nob","floor":6.0,"turns":3.0},{"damage":24.0,"enemies":"The Mushroom Lair","floor":8.0,"turns":5.0},{"damage":28.0,"enemies":"3 Sentries","floor":10.0,"turns":6.0},{"damage":8.0,"enemies":"Blue Slaver","floor":11.0,"turns":1.0},{"damage":22.0,"enemies":"Lagavulin","floor":12.0,"turns":3.0},{"damage":9.0,"enemies":"Looter","floor":13.0,"turns":2.0},{"damage":13.0,"enemies":"3 Sentries","floor":14.0,"turns":4.0},{"damage":44,"enemies":"The Guardian","floor":16,"turns":7}],"seed_played":"2055751009978606823","potions_obtained":[{"floor":2.0,"key":"AttackPotion"},{"floor":4.0,"key":"ElixirPotion"},{"floor":8.0,"key":"Fruit Juice"},{"floor":10.0,"key":"SteroidPotion"},{"floor":11.0,"key":"SmokeBomb"},{"floor":12.0,"key":"GamblersBrew"}],"is_trial":false,"path_per_floor":["M","M","?","M","M","E","R","?","T","E","M","E","M","E","R","B"],"character_chosen":"IRONCLAD","items_purchased":[],"campfire_rested":1,"item_purchase_floors":[],"current_hp_per_floor":[74,75,75,75,70,74,74,61,61,39,37,23,20,15,39,0,0],"gold":348,"neow_bonus":"THREE_ENEMY_KILL","is_daily":false,"chose_seed":false,"campfire_upgraded":1,"win_rate":0.0,"timestamp":1613802194,"path_taken":["M","?","?","M","M","E","R","?","T","E","M","E","M","E","R","BOSS"],"items_purchased_type":[],"build_version":"2020-12-22","purchased_purges":0,"victory":false,"max_hp_per_floor":[75,75,75,75,75,75,75,80,80,80,80,80,80,80,80,80,80],"card_choices":[{"not_picked":["Pommel Strike","Sever Soul"],"picked":"Hemokinesis","floor":1.0},{"not_picked":["Clash","True Grit"],"picked":"Cleave","floor":2.0},{"not_picked":["Armaments","Cleave"],"picked":"Power Through","floor":4.0},{"not_picked":["Dark Embrace","Sword Boomerang"],"picked":"Inflame","floor":5.0},{"not_picked":["Heavy Blade","Twin Strike"],"picked":"Offering","floor":6.0},{"not_picked":["Perfected Strike","Warcry"],"picked":"Twin Strike","floor":8.0},{"not_picked":["Corruption","Entrench"],"picked":"Anger","floor":10.0},{"not_picked":["Warcry","Battle Trance"],"picked":"Body Slam","floor":11.0},{"not_picked":["Searing Blow+1","Warcry"],"picked":"Battle Trance","floor":12.0},{"not_picked":["True Grit","Sentinel"],"picked":"Fire Breathing","floor":13.0},{"not_picked":["Iron Wave+1","Rage"],"picked":"Carnage+1","floor":14.0}],"player_experience":881050,"relics_obtained":[{"floor":6.0,"key":"Kunai"},{"floor":8.0,"key":"Odd Mushroom"},{"floor":9.0,"key":"Gambling Chip"},{"floor":10.0,"key":"Bird Faced Urn"},{"floor":12.0,"key":"Molten Egg 2"},{"floor":14.0,"key":"HornCleat"}],"event_choices":[{"cards_removed":["Strike_R"],"damage_healed":0.0,"max_hp_gain":0.0,"max_hp_loss":0.0,"gold_gain":0.0,"event_name":"Living Wall","player_choice":"Forget","floor":3.0,"gold_loss":0.0,"damage_taken":0.0},{"damage_healed":0.0,"max_hp_gain":0.0,"max_hp_loss":0.0,"gold_gain":0.0,"event_name":"Mushrooms","player_choice":"Fought Mushrooms","floor":8.0,"gold_loss":0.0,"damage_taken":0.0}],"is_beta":false,"boss_relics":[],"items_purged_floors":[],"is_endless":false,"potions_floor_spawned":[2,4,8,10,11,12],"killed_by":"The Guardian","ascension_level":20}}