{"host":"c64dsqyrqv0ei9yn","time":1613804112,"event":{"mods":["Act Like it!","Arknights","BaseMod","Bestiary","CapriCore","Chen","Colored Map","Colored Powertips","Curses Come First","Hermit","Koishi","LagranYue(ùfäiòNÅEåé)","MarisaÅiñ∂âJÅ@ñÇóùçπÅj","Minty Spire (QoL Compilation)","Prisma Mod","Random Character Button","ReimuÅiîé??öÎÅj","RemiliaÅiÂQïƒ‰ª?Åj","StSLib","The Administrix","The Alterego","The Immortal","The Marked","The Saiyan","The Senshi","The Servant 0.9.4","The Wild Card","TheSwordswoman","Waifu the Spire","WarShipGirlsR/??è≠èóR mod","slay the spire mod where everything is the same but ironclad has a cowboy hat"],"gold_per_floor":[119,119,130,144,44,44,77,97,97,97,57,57,70,80,80,180,180,198,217,217,228,245,270,270,270,297,315,315,235,74,85,85,187,187,202,152,152,15,30,30,46,46,46,46,46,46,59,74,74,74],"floor_reached":51,"language":"ENG","playtime":4515,"items_purged":["blazmod:Strike","blazmod:Strike","blazmod:Strike"],"score":669,"play_id":"763a8de6-5ce5-4659-a08d-6c7335e9f27e","local_time":"20210220065512","is_ascension_mode":false,"campfire_choices":[{"data":"blazmod:RevolvingPhoenix","floor":6,"key":"SMITH"},{"data":"blazmod:FleetOfFoot","floor":10,"key":"SMITH"},{"floor":12,"key":"REST"},{"data":"blazmod:Observant","floor":15,"key":"SMITH"},{"data":"blazmod:DawnflutterDance","floor":25,"key":"SMITH"},{"data":"blazmod:HarmonyComplete","floor":28,"key":"SMITH"},{"data":"blazmod:TrueOfHeart","floor":32,"key":"SMITH"},{"data":"blazmod:PerennialBeauty","floor":40,"key":"SMITH"},{"data":"blazmod:DevilDivine","floor":42,"key":"SMITH"},{"data":"blazmod:Kyokasuigetsu","floor":44,"key":"SMITH"},{"floor":49,"key":"REST"}],"circlet_count":0,"master_deck":["blazmod:Strike","blazmod:Defend","blazmod:Defend","blazmod:Defend","blazmod:Defend","blazmod:ButterflyEffect","blazmod:Kyokasuigetsu+1","blazmod:FortifiedVigor","blazmod:FleetOfFoot+1","blazmod:RevolvingPhoenix+1","blazmod:PhysicalEndurance","blazmod:Trasient","blazmod:PhysicalEndurance","blazmod:BladeOfEnlightenment","blazmod:Observant+1","blazmod:MindAtPeace","blazmod:PerennialBeauty+1","blazmod:Observant+1","blazmod:HarmonyComplete+1","blazmod:RevolvingPhoenix+1","blazmod:PhoenixPlume","blazmod:DawnflutterDance+1","blazmod:KatanaStrike","blazmod:Crosscut","blazmod:Quickdraw+1","blazmod:TrueOfHeart+1","blazmod:Lockswords","blazmod:DevilDivine+1","blazmod:ButterflyForm+1","blazmod:PhysicalEndurance","blazmod:BeTheBlade","blazmod:PhysicalEndurance","blazmod:TenThousand","blazmod:FleetingDawn+1","blazmod:TrueOfHeart+1"],"relics":["blazmod:Venustas","LagranYue:RareGoldArmorRelic","Darkstone Periapt","blazmod:Vyxaba","alterego_mod:FleetingLove","Letter Opener","Meat on the Bone","Smiling Mask","LagranYue:SoulBurningRelic","PreservedInsect"],"acts_visited":["Exordium","TheCity","TheBeyond"],"potions_floor_usage":[7,23,35,50,50,50],"damage_taken":[{"damage":0,"enemies":"Small Slimes","floor":1,"turns":4},{"damage":2,"enemies":"2 Louse","floor":3,"turns":3},{"damage":5,"enemies":"Jaw Worm","floor":4,"turns":4},{"damage":30,"enemies":"Gremlin Nob","floor":7,"turns":4},{"damage":0,"enemies":"Looter","floor":8,"turns":4},{"damage":0,"enemies":"Blue Slaver","floor":13,"turns":2},{"damage":3,"enemies":"Red Slaver","floor":14,"turns":3},{"damage":1,"enemies":"Hexaghost","floor":16,"turns":8},{"damage":8,"enemies":"Shell Parasite","floor":18,"turns":4},{"damage":0,"enemies":"Chosen","floor":19,"turns":4},{"damage":1,"enemies":"Shelled Parasite and Fungi","floor":21,"turns":3},{"damage":6,"enemies":"Snake Plant","floor":22,"turns":3},{"damage":8,"enemies":"Slavers","floor":23,"turns":4},{"damage":4,"enemies":"Chosen and Byrds","floor":27,"turns":4},{"damage":14,"enemies":"Shelled Parasite and Fungi","floor":31,"turns":6},{"damage":1,"enemies":"Collector","floor":33,"turns":5},{"damage":0,"enemies":"Orb Walker","floor":35,"turns":3},{"damage":6,"enemies":"3 Darklings","floor":39,"turns":5},{"damage":0,"enemies":"Maw","floor":41,"turns":5},{"damage":17,"enemies":"4 Shapes","floor":47,"turns":5},{"damage":8,"enemies":"Transient","floor":48,"turns":5},{"damage":21,"enemies":"Time Eater","floor":50,"turns":5}],"seed_played":"-7064260547494732538","potions_obtained":[{"floor":3,"key":"Explosive Potion"},{"floor":7,"key":"SkillPotion"},{"floor":8,"key":"Swift Potion"},{"floor":14,"key":"SteroidPotion"},{"floor":27,"key":"AttackPotion"},{"floor":48,"key":"ZuzhouPotion:ReiMu"}],"is_trial":false,"path_per_floor":["M","?","M","M","$","R","E","M","T","R","$","R","M","M","R","B",null,"M","M","?","M","M","E","T","R","T","M","R","?","$","M","R","B",null,"M","$","?","$","M","R","M","R","T","R","?","?","M","M","R","B",null],"character_chosen":"THE_SWORDSWOMAN","items_purchased":["blazmod:PhysicalEndurance","blazmod:Trasient","blazmod:BladeOfEnlightenment","blazmod:TrueOfHeart","blazmod:Lockswords","blazmod:BeTheBlade","blazmod:PhysicalEndurance"],"campfire_rested":2,"item_purchase_floors":[5,5,11,30,30,38,38],"current_hp_per_floor":[44,49,47,42,42,42,12,12,12,12,12,26,26,23,23,22,49,41,41,41,40,34,26,26,26,26,34,34,34,34,32,32,31,49,49,49,49,49,43,43,43,43,43,43,43,43,26,29,42,32],"gold":74,"neow_bonus":"TEN_PERCENT_HP_BONUS","is_daily":false,"chose_seed":false,"campfire_upgraded":9,"win_rate":0.0,"timestamp":1613804112,"path_taken":["M","?","M","M","$","R","E","M","T","R","$","R","M","M","R","BOSS","M","M","?","M","M","E","?","R","T","M","R","?","$","M","R","BOSS","M","$","?","$","?","R","M","R","T","R","?","?","?","M","R","BOSS"],"items_purchased_type":["Card","Card","Card","Card","Card","Card","Card"],"build_version":"2020-12-22","purchased_purges":3,"victory":true,"max_hp_per_floor":[44,49,49,49,49,49,49,49,49,49,49,49,49,49,49,49,49,49,49,49,49,49,49,49,49,49,49,49,49,49,49,49,49,49,49,49,49,49,49,49,49,49,49,49,49,49,49,49,49,49],"card_choices":[{"not_picked":["blazmod:StanceChange","blazmod:WildButterfly"],"picked":"blazmod:FortifiedVigor","floor":1},{"not_picked":["blazmod:MentalFocus","blazmod:BoulderFlash"],"picked":"blazmod:FleetOfFoot","floor":3},{"not_picked":["blazmod:SidewaySolace","blazmod:FleetOfFoot"],"picked":"blazmod:RevolvingPhoenix","floor":4},{"not_picked":["blazmod:MentalFocus","blazmod:LoveAndHonor"],"picked":"blazmod:PhysicalEndurance","floor":7},{"not_picked":["blazmod:BoulderFlash","blazmod:FancifulFlutter","blazmod:SidewaySolace"],"picked":"SKIP","floor":8},{"not_picked":["blazmod:MentalFocus","blazmod:FortifiedVigor","blazmod:CastAwayDew"],"picked":"SKIP","floor":13},{"not_picked":["blazmod:ApexLegends","blazmod:PhysicalEndurance"],"picked":"blazmod:Observant","floor":14},{"not_picked":["blazmod:BoulderFlash","blazmod:MentalFocus"],"picked":"blazmod:MindAtPeace","floor":16},{"not_picked":["blazmod:ButterflyBlade","blazmod:HoumatsuMugenKochouji"],"picked":"blazmod:PerennialBeauty","floor":16},{"not_picked":["blazmod:Trasient","blazmod:MentalFocus"],"picked":"blazmod:HarmonyComplete","floor":18},{"not_picked":["blazmod:BoulderFlash","blazmod:KatanaStrike"],"picked":"blazmod:RevolvingPhoenix+1","floor":18},{"not_picked":["blazmod:Valiance","blazmod:MentalFocus"],"picked":"blazmod:PhoenixPlume","floor":19},{"not_picked":["blazmod:SidewaySolace","blazmod:PhysicalEndurance","blazmod:HarmonyComplete"],"picked":"SKIP","floor":19},{"not_picked":["blazmod:FortifiedVigor","blazmod:FleetOfFoot"],"picked":"blazmod:DawnflutterDance","floor":21},{"not_picked":["blazmod:PureOfSoul+1","blazmod:Trasient"],"picked":"blazmod:KatanaStrike","floor":21},{"not_picked":["blazmod:FleetOfFoot+1","blazmod:KatanaStrike"],"picked":"blazmod:Crosscut","floor":22},{"not_picked":["blazmod:SidewaySolace+1","blazmod:PhysicalEndurance+1"],"picked":"blazmod:Quickdraw+1","floor":23},{"not_picked":["blazmod:MentalFocus","blazmod:FlashRock","blazmod:FleetOfFoot"],"picked":"SKIP","floor":23},{"not_picked":["blazmod:SidewaySolace","blazmod:BoulderFlash","blazmod:PhysicalEndurance"],"picked":"SKIP","floor":27},{"not_picked":["blazmod:Crosscut","blazmod:FortifiedVigor","blazmod:KatanaStrike"],"picked":"SKIP","floor":27},{"not_picked":["blazmod:FortifiedVigor","blazmod:FleetOfFoot"],"picked":"blazmod:DevilDivine","floor":31},{"not_picked":["blazmod:MentalFocus+1","blazmod:UnderPurifyingWaters+1","blazmod:MindsEye"],"picked":"SKIP","floor":31},{"not_picked":["blazmod:VisionsOfButterflies","blazmod:ButterflyBlade"],"picked":"blazmod:ButterflyForm","floor":33},{"not_picked":["blazmod:FlashRock","blazmod:FortifiedVigor"],"picked":"blazmod:PhysicalEndurance","floor":35},{"not_picked":["blazmod:MentalFocus","blazmod:Valiance","blazmod:FortifiedVigor"],"picked":"SKIP","floor":35},{"not_picked":["blazmod:BoulderFlash","blazmod:ButterflyForm","blazmod:Trasient"],"picked":"SKIP","floor":39},{"not_picked":["blazmod:Trasient","blazmod:FleetOfFoot","blazmod:BoulderFlash"],"picked":"SKIP","floor":39},{"not_picked":["blazmod:Valiance","blazmod:BoulderFlash"],"picked":"blazmod:TenThousand","floor":41},{"not_picked":["blazmod:MentalFocus","blazmod:RevolvingPhoenix","blazmod:StanceChange"],"picked":"SKIP","floor":41},{"not_picked":["blazmod:FortifiedVigor+1","blazmod:BoulderFlash+1"],"picked":"blazmod:FleetingDawn+1","floor":47},{"not_picked":["blazmod:NaturesBeauty","blazmod:PhysicalEndurance","blazmod:FortifiedVigor"],"picked":"SKIP","floor":47},{"not_picked":["blazmod:FlyFlyAgain+1","blazmod:BoulderFlash"],"picked":"blazmod:TrueOfHeart+1","floor":48},{"not_picked":["blazmod:NaturesBeauty","blazmod:HoumatsuMugenKochouji","blazmod:MentalFocus"],"picked":"SKIP","floor":48}],"player_experience":105583,"relics_obtained":[{"floor":7,"key":"LagranYue:RareGoldArmorRelic"},{"floor":9,"key":"Darkstone Periapt"},{"floor":23,"key":"Letter Opener"},{"floor":24,"key":"Meat on the Bone"},{"floor":26,"key":"Smiling Mask"},{"floor":43,"key":"PreservedInsect"}],"event_choices":[{"damage_healed":0,"gold_gain":0,"player_choice":"Donut","damage_taken":0,"max_hp_gain":5,"max_hp_loss":0,"event_name":"Big Fish","floor":2,"gold_loss":0},{"damage_healed":0,"gold_gain":0,"player_choice":"Choice 1","damage_taken":0,"relics_obtained":["alterego_mod:FleetingLove"],"max_hp_gain":0,"max_hp_loss":0,"event_name":"Secret Garden","floor":20,"gold_loss":0},{"damage_healed":0,"gold_gain":0,"player_choice":"Forge","damage_taken":0,"max_hp_gain":0,"max_hp_loss":0,"event_name":"Accursed Blacksmith","floor":37,"gold_loss":0,"cards_upgraded":["blazmod:ButterflyForm"]},{"damage_healed":0,"gold_gain":0,"player_choice":"Memory 1","damage_taken":0,"max_hp_gain":0,"max_hp_loss":0,"event_name":"SensoryStone","floor":45,"gold_loss":0},{"damage_healed":0,"gold_gain":0,"player_choice":"Ignored","damage_taken":0,"max_hp_gain":0,"max_hp_loss":0,"event_name":"WeMeetAgain","floor":46,"gold_loss":0}],"is_beta":false,"boss_relics":[{"not_picked":["Black Star","Velvet Choker"],"picked":"blazmod:Vyxaba"},{"not_picked":["Calling Bell","Tiny House"],"picked":"LagranYue:SoulBurningRelic"}],"items_purged_floors":[30,36,38],"is_endless":false,"potions_floor_spawned":[3,7,8,14,19,27,31,48],"ascension_level":0}}