{"host":"8pvw2tcf9wctlvur","time":1613789287,"event":{"mods":["BaseMod","Better Third Choice","Colored Powertips","Curses Come First","Minty Spire (QoL Compilation)","Rare Cards Sparkle","Relic Stats","StSLib","SuperFastMode"],"gold_per_floor":[115,27,27,27,43,43,61,61,61,77,77,101,126,147,147,267,267,285,261,261,261],"floor_reached":20,"language":"ENG","playtime":1306,"items_purged":[],"score":168,"play_id":"68292e07-e4a1-4f6e-b3e3-e6585b1f9d5e","local_time":"20210219194807","is_ascension_mode":false,"campfire_choices":[{"floor":6,"key":"REST"},{"floor":8,"key":"REST"},{"floor":11,"key":"REST"},{"floor":15,"key":"REST"}],"circlet_count":0,"master_deck":["Strike_P","Strike_P","Strike_P","Defend_P","Defend_P","Defend_P","Defend_P","Eruption","Vigilance","CurseOfTheBell","JustLucky","Study","Halt","Evaluate","ReachHeaven","Scrawl","Crescendo+1","Indignation+1","InnerPeace+1","Nirvana","Indignation+1","Wallop","ConjureBlade+1","Shame","LikeWater+1","FlyingSleeves+1","Wireheading","EmptyBody+1"],"relics":["Calling Bell","Dream Catcher","Shuriken","Bird Faced Urn","Golden Idol","Toxic Egg 2","Astrolabe"],"acts_visited":["Exordium","TheCity"],"potions_floor_usage":[13,19],"damage_taken":[{"damage":0,"enemies":"Jaw Worm","floor":1,"turns":3},{"damage":6,"enemies":"2 Louse","floor":5,"turns":6},{"damage":7,"enemies":"Cultist","floor":7,"turns":5},{"damage":17,"enemies":"2 Fungi Beasts","floor":10,"turns":4},{"damage":0,"enemies":"Large Slime","floor":12,"turns":2},{"damage":5,"enemies":"Exordium Wildlife","floor":13,"turns":3},{"damage":12,"enemies":"2 Fungi Beasts","floor":14,"turns":5},{"damage":51,"enemies":"The Guardian","floor":16,"turns":12},{"damage":29,"enemies":"Chosen","floor":18,"turns":5},{"damage":34,"enemies":"2 Thieves","floor":19,"turns":5},{"damage":20,"enemies":"Centurion and Healer","floor":20,"turns":5}],"seed_played":"-6036675422766529328","potions_obtained":[{"floor":1,"key":"Ancient Potion"},{"floor":12,"key":"AttackPotion"},{"floor":14,"key":"LiquidMemories"}],"is_trial":false,"path_per_floor":["M","$","?","?","M","R","M","R","T","M","R","M","M","M","R","B",null,"M","M","M"],"character_chosen":"WATCHER","items_purchased":["Study","Halt"],"campfire_rested":4,"item_purchase_floors":[2,2],"current_hp_per_floor":[72,72,72,72,68,72,65,72,72,55,72,72,67,57,72,21,72,43,13,0,0],"gold":261,"neow_bonus":"BOSS_RELIC","is_daily":false,"chose_seed":false,"campfire_upgraded":0,"win_rate":0.0,"timestamp":1613789287,"path_taken":["M","$","?","?","M","R","M","R","T","M","R","M","M","M","R","BOSS","M","M","M"],"items_purchased_type":["Card","Card"],"build_version":"2020-12-22","purchased_purges":0,"victory":false,"max_hp_per_floor":[72,72,72,72,72,72,72,72,72,72,72,72,72,72,72,72,72,72,72,72,72],"relic_stats":{"Dream Catcher":4,"counters":[11,55],"Shuriken":[4],"Golden Idol":56,"Bird Faced Urn":[10],"Astrolabe":["Shame","LikeWater","FlyingSleeves"],"obtain_stats":[{"Calling Bell":0,"Dream Catcher":0,"Shuriken":0,"Golden Idol":4,"Bird Faced Urn":0,"Astrolabe":17,"PureWater":0,"Toxic Egg 2":9},{"Calling Bell":0,"Dream Catcher":0,"Shuriken":0,"Golden Idol":1,"Bird Faced Urn":0,"Astrolabe":8,"PureWater":0,"Toxic Egg 2":3},{"Calling Bell":0,"Dream Catcher":0,"Shuriken":0,"Golden Idol":3,"Bird Faced Urn":0,"Astrolabe":40,"PureWater":0,"Toxic Egg 2":14}]},"card_choices":[{"not_picked":["SashWhip","ThirdEye"],"picked":"JustLucky","floor":1},{"not_picked":["BowlingBash","Swivel"],"picked":"Prostrate","floor":5},{"not_picked":["EmptyBody","SashWhip"],"picked":"Evaluate","floor":6},{"not_picked":["PathToVictory","EmptyBody"],"picked":"ReachHeaven","floor":7},{"not_picked":["CutThroughFate","Wireheading"],"picked":"Scrawl","floor":8},{"not_picked":["WaveOfTheHand+1","Evaluate+1"],"picked":"Crescendo+1","floor":10},{"not_picked":["SashWhip","CrushJoints"],"picked":"Indignation+1","floor":11},{"not_picked":["JustLucky","Nirvana"],"picked":"InnerPeace+1","floor":12},{"not_picked":["JustLucky","Swivel+1"],"picked":"Nirvana","floor":13},{"not_picked":["LikeWater","Consecrate"],"picked":"Indignation+1","floor":14},{"not_picked":["Protect+1","SignatureMove"],"picked":"Wallop","floor":15},{"not_picked":["SpiritShield+1","Blasphemy+1"],"picked":"ConjureBlade+1","floor":16},{"not_picked":["PathToVictory+1","EmptyMind+1"],"picked":"Wireheading","floor":18},{"not_picked":["Pray+1","PathToVictory+1"],"picked":"EmptyBody+1","floor":19}],"player_experience":295443,"relics_obtained":[{"floor":0,"key":"Dream Catcher"},{"floor":0,"key":"Shuriken"},{"floor":0,"key":"Bird Faced Urn"},{"floor":9,"key":"Toxic Egg 2"}],"event_choices":[{"damage_healed":0,"gold_gain":0,"player_choice":"Ignored","damage_taken":0,"max_hp_gain":0,"max_hp_loss":0,"event_name":"Golden Wing","floor":3,"gold_loss":0},{"damage_healed":0,"gold_gain":0,"player_choice":"Take Wound","damage_taken":0,"relics_obtained":["Golden Idol"],"max_hp_gain":0,"max_hp_loss":0,"event_name":"Golden Idol","floor":4,"gold_loss":0,"cards_obtained":["Injury"]}],"is_beta":false,"boss_relics":[{"not_picked":["Velvet Choker","Busted Crown"],"picked":"Astrolabe"}],"items_purged_floors":[],"is_endless":false,"potions_floor_spawned":[1,12,14],"killed_by":"Centurion and Healer","ascension_level":0}}