{"host":"pgm1p3lvdjflie30","time":1613824290,"event":{"mods":["ATMod(ªü½@Mod)","Act Like it!","Aspiration","BaseMod","Colored Map","Colored Powertips","Conspire","Downfall","Energized Spire","Gensokyo","Hermit","HornydragonMod","Minty Spire (QoL Compilation)","Quarter Circle Forward PUNCH!","Reliquary","Robot Space Explorer","Spicy Shops","StSLib","The Jungle","The Marked","Waifu the Spire","¡i?ª«¥dµP¡jREMEMod"],"gold_per_floor":[99,116,116,66,135,182,182,215,15,33,66,81,81,131,148,347,347,247,278,320,320,320,351,351,351],"floor_reached":23,"language":"ZHS","playtime":1107,"items_purged":[],"score":226,"play_id":"48e8bc98-fa96-4888-a0d1-ccc0724e8251","local_time":"20210220203130","is_ascension_mode":false,"campfire_choices":[{"floor":1.0,"key":"RECALL"},{"data":"Gensokyo:CrescentMoonSlash","floor":9.0,"key":"SMITH"},{"data":"conspire:SpireCoStock","floor":13.0,"key":"SMITH"},{"data":"Slimebound:MassFeed","floor":18,"key":"SMITH"}],"circlet_count":0,"master_deck":["Slimebound:Strike_Slimebound","Slimebound:Strike_Slimebound","Slimebound:Strike_Slimebound","Slimebound:Tackle","Slimebound:Defend_Slimebound","Slimebound:Defend_Slimebound","Slimebound:Defend_Slimebound","Slimebound:Defend_Slimebound","Slimebound:Split","Slimebound:CorrosiveSpit","AT_DrawKnifeCut","hermit:DeadOrAlive","Slimebound:Schlurp","Gensokyo:CrescentMoonSlash+1","conspire:SpireCoStock+1","Slimebound:SplitAcid","Slimebound:SlimeBarrage","Slimebound:Grow","Slimebound:SplitLeeching","Slimebound:SelfFormingGoo","Slimebound:SplitLeeching","Slimebound:MassFeed+1","Slimebound:GoopTackle+1","Slimebound:SplitBruiser","Slimebound:Chomp","Slimebound:MassRepurpose"],"relics":["Slimebound:AbsorbEndCombat","AT_ATBox","REME_ComplimentaryCards","NeowsBlessing","qcfpunch:Black_Training_Shirt","Happy Flower","downfall:HeartBlessingRed","downfall:HeartBlessingGreen","REME_HandOfSuture","bronze:MakeshiftBattery","downfall:HeartBlessingBlue"],"acts_visited":["Gensokyo:Gensokyo","Gensokyo:Gensokyoer"],"potions_floor_usage":[],"damage_taken":[{"damage":0.0,"enemies":"Gensokyo:3_Fairies","floor":2.0,"turns":1.0},{"damage":4.0,"enemies":"Gensokyo:2_Kodama","floor":6.0,"turns":2.0},{"damage":0.0,"enemies":"Gensokyo:Cirno","floor":8.0,"turns":2.0},{"damage":0.0,"enemies":"Gensokyo:Python","floor":10.0,"turns":2.0},{"damage":0.0,"enemies":"Gensokyo:LivingMonolith","floor":11.0,"turns":2.0},{"damage":0.0,"enemies":"Gensokyo:3_Kodama","floor":12.0,"turns":1.0},{"damage":18.0,"enemies":"Gensokyo:Aya","floor":14.0,"turns":3.0},{"damage":5.0,"enemies":"Gensokyo:Kitsune","floor":15.0,"turns":2.0},{"damage":27.0,"enemies":"IC_STATUS_ARCHETYPE","floor":16.0,"turns":5.0},{"damage":12,"enemies":"Gensokyo:3_Dogs","floor":19,"turns":3},{"damage":21,"enemies":"Gensokyo:CosmicMonolith","floor":20,"turns":4},{"damage":56,"enemies":"Gensokyo:Tenshi","floor":23,"turns":3}],"seed_played":"-1495676821269215497","potions_obtained":[{"floor":2.0,"key":"Slimebound:ThreeZeroPotion"},{"floor":6.0,"key":"SkillPotion"},{"floor":11.0,"key":"Energy Potion"},{"floor":15.0,"key":"Fire Potion"}],"is_trial":false,"path_per_floor":["R","M","?","?","T","M","T","E","R","M","M","M","R","E","M","B",null,"R","M","M","?","?","E"],"character_chosen":"SLIMEBOUND","items_purchased":[],"campfire_rested":0,"item_purchase_floors":[],"current_hp_per_floor":[65,65,56,56,56,52,52,52,52,56,56,56,56,46,43,24,65,75,67,48,48,48,0,0,0],"gold":351,"neow_bonus":"THREE_ENEMY_KILL","is_daily":false,"chose_seed":false,"campfire_upgraded":3,"win_rate":0.0,"timestamp":1613824290,"path_taken":["R","M","?","?","?","M","T","E","R","M","M","?","R","E","M","BOSS","R","M","M","?","?","E"],"items_purchased_type":[],"build_version":"2020-12-22","purchased_purges":0,"victory":false,"max_hp_per_floor":[65,65,65,65,65,65,65,65,65,65,65,65,65,65,65,65,65,75,79,79,79,79,79,79,79],"card_choices":[{"not_picked":["Slimebound:SpikyOuterGoop","Slimebound:LeechEnergy"],"picked":"Slimebound:Schlurp","floor":2.0},{"not_picked":["Slimebound:DisruptingSlam","Slimebound:GoopSpray"],"picked":"Slimebound:SplitAcid","floor":6.0},{"not_picked":["Slimebound:GoopTackle","Slimebound:Prepare"],"picked":"Slimebound:SlimeBarrage","floor":8.0},{"not_picked":["Slimebound:SplitAcid","Slimebound:LeechEnergy"],"picked":"Slimebound:Grow","floor":10.0},{"not_picked":["Slimebound:FlameTackle","Slimebound:SlimeTap"],"picked":"Slimebound:SplitLeeching","floor":11.0},{"not_picked":["Slimebound:Nibble","Slimebound:LivingWall"],"picked":"Slimebound:RejuvenatingLick","floor":12.0},{"not_picked":["Slimebound:Prepare","Slimebound:ViciousTackle"],"picked":"Slimebound:SelfFormingGoo","floor":14.0},{"not_picked":["Slimebound:LivingWall","Slimebound:ItLooksTasty"],"picked":"Slimebound:SplitLeeching","floor":15.0},{"not_picked":["Slimebound:RallyTheTroops","Slimebound:OozeBath"],"picked":"Slimebound:MassFeed","floor":16.0},{"not_picked":["Slimebound:HauntingLick","Slimebound:LivingWall"],"picked":"Slimebound:GoopTackle+1","floor":19},{"not_picked":["Slimebound:Nibble","Slimebound:SlimeBarrage"],"picked":"Slimebound:SplitBruiser","floor":20}],"player_experience":477395,"relics_obtained":[{"floor":7.0,"key":"qcfpunch:Black_Training_Shirt"},{"floor":8.0,"key":"Happy Flower"},{"floor":14.0,"key":"REME_HandOfSuture"}],"event_choices":[{"damage_healed":0.0,"max_hp_gain":0.0,"max_hp_loss":0.0,"gold_gain":0.0,"event_name":"conspire:Investor","player_choice":"Invest 1","floor":4.0,"gold_loss":0.0,"damage_taken":0.0}],"is_beta":false,"boss_relics":[{"not_picked":["Astrolabe","energizedSpire:EnergizedDie"],"picked":"bronze:MakeshiftBattery"}],"items_purged_floors":[],"is_endless":false,"potions_floor_spawned":[2,6,11,12,15],"killed_by":"Gensokyo:Tenshi","ascension_level":0}}