{"host":"tod","time":1613822263,"event":{"mods":["ATMod(∞¢Ë™Mod)","AchievementEnabler","Act Like it!","BaseMod","CapriCore","Energized Spire","Highlight Path","Lobotomy","Marisa£®ÏF”Í°°ƒß¿Ì…≥£©","Minty Spire (QoL Compilation)","Quick Restart","Reimu£®≤©¿ˆ¡È√Œ£©","Relic Filter Mod","Relic Stats","Remilia£®¿Ÿ√◊¿Ú—«£©","Replay The Spire","Shop Mod","StSLib","The Cursed","The Immortal","Yakumo Yukari mod","Youmu£®ªÍ∆«—˝√Œ£©"],"gold_per_floor":[119,136,211,136,153,186,130,130,153,171,171,199,149,163,163,163,163],"floor_reached":16,"language":"ZHS","playtime":599,"items_purged":["Strike_R"],"score":220,"play_id":"1fd305cb-0671-49c3-9ff6-d5bb172ee8e2","local_time":"20210220195743","is_ascension_mode":true,"campfire_choices":[{"data":"ReplayTheSpireMod:Strike From Hell","floor":8,"key":"SMITH"},{"data":"Shockwave","floor":11,"key":"SMITH"},{"floor":15,"key":"REST"}],"circlet_count":0,"master_deck":["AscendersBane","Strike_R","Strike_R","Strike_R","Defend_R","Defend_R","Defend_R","Defend_R","Bash","PaleAim","TheCursedMod:CursedWand","AT_OneInchPunch","Shockwave+1","ReplayTheSpireMod:Strike From Hell+1","Intimidate"],"relics":["Burning Blood","AT_ATBox","CaptainsWheel","Nunchaku","Blue Doll","Smiling Mask"],"acts_visited":["Exordium"],"potions_floor_usage":[10,16],"damage_taken":[{"damage":2.0,"enemies":"Jaw Worm","floor":1.0,"turns":2.0},{"damage":9.0,"enemies":"2 Louse","floor":2.0,"turns":3.0},{"damage":4.0,"enemies":"Small Slimes","floor":5.0,"turns":3.0},{"damage":22,"enemies":"Lagavulin","floor":6,"turns":4},{"damage":7,"enemies":"Gremlin Gang","floor":10,"turns":4},{"damage":12,"enemies":"3 Sentries","floor":12,"turns":6},{"damage":8,"enemies":"2 Fungi Beasts","floor":14,"turns":2},{"damage":64,"enemies":"Hexaghost","floor":16,"turns":10}],"seed_played":"7409818524301057878","potions_obtained":[{"floor":1.0,"key":"Dexterity Potion"},{"floor":6,"key":"Fire Potion"},{"floor":10,"key":"MagicPotion:ReiMu"},{"floor":14,"key":"ColorlessPotion"}],"is_trial":false,"path_per_floor":["M","M","?","?","M","E","$","R","T","M","R","E","$","M","R","B"],"character_chosen":"IRONCLAD","items_purchased":["ReplayTheSpireMod:Strike From Hell"],"campfire_rested":1,"item_purchase_floors":[7],"current_hp_per_floor":[72,69,58,58,60,44,44,44,44,43,43,37,37,35,57,0,0],"gold":163,"neow_bonus":"ONE_RARE_RELIC","is_daily":false,"chose_seed":false,"campfire_upgraded":2,"win_rate":0.0,"timestamp":1613822263,"path_taken":["M","M","?","?","M","E","?","R","T","M","R","E","$","M","R","BOSS"],"items_purchased_type":["Card"],"build_version":"2020-12-18","purchased_purges":1,"victory":false,"max_hp_per_floor":[75,75,75,75,75,75,75,75,75,75,75,75,75,75,75,75,75],"relic_stats":{"Nunchaku":[4],"counters":[8,34],"Smiling Mask":25,"obtain_stats":[{"CaptainsWheel":0,"Nunchaku":6,"AT_ATBox":0,"Blue Doll":9,"Smiling Mask":12,"Burning Blood":0},{"CaptainsWheel":0,"Nunchaku":4,"AT_ATBox":0,"Blue Doll":4,"Smiling Mask":6,"Burning Blood":0},{"CaptainsWheel":0,"Nunchaku":12,"AT_ATBox":0,"Blue Doll":12,"Smiling Mask":22,"Burning Blood":0}],"Burning Blood":42},"card_choices":[{"not_picked":["Entrench","Headbutt","AT_BodySlamDance"],"picked":"SKIP","floor":1.0},{"not_picked":["Body Slam","Inflame"],"picked":"Shockwave","floor":2.0},{"not_picked":["Evolve","Twin Strike","Warcry"],"picked":"SKIP","floor":5.0},{"not_picked":["Perfected Strike","Sword Boomerang","Massacre"],"picked":"SKIP","floor":6},{"not_picked":["Twin Strike","ReplayReversal"],"picked":"Intimidate","floor":10},{"not_picked":["Body Slam","Shrug It Off","ReplayTheSpireMod:Corrosion Curse"],"picked":"SKIP","floor":12},{"not_picked":["True Grit","Anger","Dark Embrace"],"picked":"SKIP","floor":14}],"player_experience":412638,"relics_obtained":[{"floor":6,"key":"Nunchaku"},{"floor":9,"key":"Blue Doll"},{"floor":12,"key":"Smiling Mask"}],"event_choices":[{"damage_healed":0.0,"max_hp_gain":0.0,"max_hp_loss":0.0,"gold_gain":75.0,"event_name":"World of Goop","player_choice":"Gather Gold","floor":3.0,"gold_loss":0.0,"damage_taken":11.0},{"cards_removed":["Strike_R"],"damage_healed":0.0,"max_hp_gain":0.0,"max_hp_loss":0.0,"gold_gain":0.0,"event_name":"The Cleric","player_choice":"Card Removal","floor":4.0,"gold_loss":75.0,"damage_taken":0.0}],"is_beta":true,"boss_relics":[],"items_purged_floors":[13],"is_endless":false,"potions_floor_spawned":[1,6,10,14],"killed_by":"Hexaghost","ascension_level":20}}