{"host":"miejrq8yypas90n2","time":1613784342,"event":{"mods":["Act Like it!","BaseMod","Colored Powertips","Gensokyo","Marisa£®ÏF”Í°°ƒß¿Ì…≥£©","Minty Spire (QoL Compilation)","Reimu£®≤©¿ˆ¡È√Œ£©","Relic Filter Mod","StSLib"],"gold_per_floor":[118,118,43,43,58,90,90,120,202,202,218,233,233,266,266,365,365,385,385,400,400,400,400,732,732,759,776,776,233,246,270,270,368,368,383,383,383,402,27,27,57,57,57,57,73,86,97,108,108,108,108],"floor_reached":52,"language":"ZHS","playtime":2825,"items_purged":["Strike_Lin:ReiMu","Strike_Lin:ReiMu","LovePray:ReiMu"],"score":942,"play_id":"ee58bf51-3cd2-4522-b1b8-a77ecee1e404","local_time":"20210220092542","is_ascension_mode":true,"campfire_choices":[{"data":"LovePray:ReiMu","floor":7.0,"key":"SMITH"},{"data":"RainPray2:ReiMu","floor":10.0,"key":"SMITH"},{"data":"Crusade:ReiMu","floor":13.0,"key":"SMITH"},{"data":"Determination:ReiMu","floor":15.0,"key":"SMITH"},{"data":"DependentForm:ReiMu","floor":23.0,"key":"SMITH"},{"data":"AlertArray:ReiMu","floor":25.0,"key":"SMITH"},{"floor":32.0,"key":"REST"},{"data":"Gensokyo:RainbowDanmaku","floor":40,"key":"SMITH"},{"data":"PrepareRite:ReiMu","floor":42,"key":"SMITH"},{"data":"Dreaming:ReiMu","floor":44,"key":"SMITH"},{"data":"PrepareRite:ReiMu","floor":49,"key":"SMITH"},{"data":"KamiRite:ReiMu","floor":50,"key":"SMITH"}],"circlet_count":0,"master_deck":["NB:ReiMu","Stagnation:ReiMu","RainPray2:ReiMu+1","Crusade:ReiMu+1","LovePray:ReiMu+1","Enchanting:ReiMu","Determination:ReiMu+1","DependentForm:ReiMu+1","PrepareRite:ReiMu+1","AlertArray:ReiMu+1","CleanRite:ReiMu","Conquer:ReiMu","KamiRite:ReiMu","KamiRite:ReiMu+1","Determination:ReiMu","Dreaming:ReiMu+1","Enchanting:ReiMu","CleanRite:ReiMu","Gensokyo:RainbowDanmaku+1","PassingAway:ReiMu+1","PrepareRite:ReiMu+1","SealNeedle:ReiMu+1"],"relics":["FlyPower:ReiMu","NeowsBlessing","Ancient Tea Set","White Beast Statue","Mercury Hourglass","Bottled Lightning","Mummified Hand","SkyOrb:ReiMu","Snecko Eye","Gensokyo:ChorusOfJoy","Old Coin","Happy Flower","Torii","Bow_fan:ReiMu","Pandora\u0027s Box","Gensokyo:DualWield","Gremlin Horn","Oddly Smooth Stone","PureWhite:ReiMu"],"acts_visited":["Exordium","Gensokyo:Gensokyoer","Gensokyo:Gensokyoest"],"potions_floor_usage":[36,48,51,51],"damage_taken":[{"damage":0.0,"enemies":"Jaw Worm","floor":1.0,"turns":1.0},{"damage":0.0,"enemies":"Small Slimes","floor":5.0,"turns":2.0},{"damage":0.0,"enemies":"Lagavulin","floor":6.0,"turns":1.0},{"damage":40.0,"enemies":"Gremlin Nob","floor":8.0,"turns":5.0},{"damage":0.0,"enemies":"Cultist","floor":11.0,"turns":2.0},{"damage":0.0,"enemies":"Blue Slaver","floor":12.0,"turns":3.0},{"damage":0.0,"enemies":"3 Sentries","floor":14.0,"turns":6.0},{"damage":0.0,"enemies":"Hexaghost","floor":16.0,"turns":7.0},{"damage":4.0,"enemies":"Gensokyo:Chomper","floor":18.0,"turns":5.0},{"damage":12.0,"enemies":"Gensokyo:3_Dogs","floor":20.0,"turns":5.0},{"damage":32.0,"enemies":"Gensokyo:Reisen","floor":24.0,"turns":6.0},{"damage":0.0,"enemies":"Gensokyo:3_Gloops","floor":27.0,"turns":3.0},{"damage":0.0,"enemies":"Gensokyo:Slime_Group","floor":30.0,"turns":3.0},{"damage":22.0,"enemies":"Gensokyo:Eiki","floor":33.0,"turns":8.0},{"damage":11.0,"enemies":"Gensokyo:AncientGuardian","floor":35.0,"turns":4.0},{"damage":47,"enemies":"Gensokyo:AncientGuardian","floor":36,"turns":9},{"damage":0,"enemies":"Gensokyo:3_Boulders","floor":38,"turns":2},{"damage":0,"enemies":"Gensokyo:Kasen","floor":41,"turns":3},{"damage":0,"enemies":"Gensokyo:SeedOfUnknown","floor":45,"turns":4},{"damage":0,"enemies":"Gensokyo:Dusk_and_Dawn","floor":46,"turns":1},{"damage":0,"enemies":"Gensokyo:AtlasGolem","floor":47,"turns":3},{"damage":12,"enemies":"Gensokyo:SeedOfUnknown","floor":48,"turns":5},{"damage":6,"enemies":"Gensokyo:Shinki","floor":51,"turns":6}],"seed_played":"-2961002770188983879","potions_obtained":[{"floor":5.0,"key":"Dexterity Potion"},{"floor":6.0,"key":"Block Potion"},{"floor":8.0,"key":"Block Potion"},{"floor":11.0,"key":"FearPotion"},{"floor":12.0,"key":"GrandPatriotsElixir:ReiMu"},{"floor":20.0,"key":"PowerPotion"},{"floor":24.0,"key":"ZuzhouPotion:ReiMu"},{"floor":27.0,"key":"Energy Potion"},{"floor":30.0,"key":"Swift Potion"},{"floor":38,"key":"Swift Potion"},{"floor":41,"key":"LiquidMemories"},{"floor":45,"key":"PowerPotion"},{"floor":48,"key":"Ancient Potion"}],"is_trial":false,"path_per_floor":["M","?","$","?","M","E","R","E","T","R","M","M","R","E","R","B",null,"M","?","M","?","?","R","E","R","T","M","?","$","M","T","R","B",null,"M","?","?","M","$","R","E","R","T","R","M","M","M","M","R","R","B",null],"character_chosen":"REIMU","items_purchased":["Torii","KamiRite:ReiMu","Gremlin Horn"],"campfire_rested":1,"item_purchase_floors":[29,29,39],"current_hp_per_floor":[65,62,62,62,62,62,62,22,22,22,22,22,22,22,22,22,65,61,61,49,49,49,49,17,17,17,17,17,17,17,17,36,14,65,54,54,54,54,54,54,54,54,54,54,54,54,54,42,42,42,36],"gold":108,"neow_bonus":"THREE_ENEMY_KILL","is_daily":false,"chose_seed":false,"campfire_upgraded":11,"win_rate":0.0,"timestamp":1613784342,"path_taken":["M","?","$","?","?","E","R","E","T","R","M","M","R","E","R","BOSS","M","?","?","?","?","R","E","R","T","?","?","?","?","?","R","BOSS","M","?","?","M","$","R","E","R","T","R","?","M","M","M","R","R","BOSS"],"items_purchased_type":["Relic","Card","Relic"],"build_version":"2020-12-22","purchased_purges":3,"victory":true,"max_hp_per_floor":[65,65,65,65,65,65,65,65,65,65,65,65,65,65,65,65,65,65,65,65,65,65,65,65,65,65,65,65,65,65,65,65,65,65,65,65,65,65,65,65,65,65,65,65,65,65,65,65,65,65,65],"card_choices":[{"not_picked":["WonderfulDomain:ReiMu","SubAcupoint:ReiMu"],"picked":"RainPray2:ReiMu","floor":1.0},{"not_picked":["RainPray2:ReiMu","SpringWay:ReiMu"],"picked":"Crusade:ReiMu","floor":5.0},{"not_picked":["TightArray:ReiMu","AirStrike:ReiMu"],"picked":"LovePray:ReiMu","floor":6.0},{"not_picked":["TightArray:ReiMu","NineCharacters:ReiMu","Meditation:ReiMu"],"picked":"SKIP","floor":8.0},{"not_picked":["SpreadBorder2:ReiMu","Meditation:ReiMu"],"picked":"Enchanting:ReiMu","floor":11.0},{"not_picked":["AirStrike:ReiMu","WonderfulDomain:ReiMu","SpreadBorder2:ReiMu"],"picked":"SKIP","floor":12.0},{"not_picked":["Revelation:ReiMu","CareerPray:ReiMu"],"picked":"Determination:ReiMu","floor":14.0},{"not_picked":["Dreaming:ReiMu","SubcavityFantasy:ReiMu"],"picked":"DependentForm:ReiMu","floor":16.0},{"not_picked":["FantasyMoon:ReiMu","MountainWay:ReiMu"],"picked":"PrepareRite:ReiMu","floor":18.0},{"not_picked":["CareerPray:ReiMu","EmergencyTakeOff:ReiMu"],"picked":"AlertArray:ReiMu","floor":20.0},{"not_picked":["TakeOff:ReiMu","SubcavityInstant:ReiMu+1","TightArray:ReiMu"],"picked":"SKIP","floor":24.0},{"not_picked":["OrbThrow:ReiMu+1","CareerPray:ReiMu"],"picked":"CleanRite:ReiMu","floor":27.0},{"not_picked":["Amulet:ReiMu+1","NineCharacters:ReiMu+1","Enchanting:ReiMu+1"],"picked":"SKIP","floor":30.0},{"not_picked":["OctopathSalyBorderN:ReiMu","HakureiPhantom:ReiMu"],"picked":"KamiRite:ReiMu","floor":33.0},{"not_picked":["PayForSelf:ReiMu","RainPray2:ReiMu","Crusade:ReiMu+1"],"picked":"SKIP","floor":35.0},{"not_picked":["Gensokyo:DreamlikeParadise","Gensokyo:Dawn"],"picked":"Gensokyo:RainbowDanmaku","floor":36},{"not_picked":["OctopathBindingBorder2:ReiMu","AirStrike:ReiMu+1","WonderfulDomain:ReiMu+1"],"picked":"SKIP","floor":38},{"not_picked":["SpreadBorder2:ReiMu","SafetyPray:ReiMu+1"],"picked":"PassingAway:ReiMu+1","floor":41},{"not_picked":["CareerPray:ReiMu","AlertArray:ReiMu"],"picked":"PrepareRite:ReiMu","floor":45},{"not_picked":["AlertArray:ReiMu+1","Conquer:ReiMu+1"],"picked":"SealNeedle:ReiMu+1","floor":46},{"not_picked":["SafetyPray:ReiMu+1","Gathering:ReiMu","LearningPray:ReiMu"],"picked":"SKIP","floor":47},{"not_picked":["BarrageOfMoneybags:ReiMu+1","UpKicking:ReiMu+1","Conquer:ReiMu"],"picked":"SKIP","floor":48}],"player_experience":382699,"relics_obtained":[{"floor":4.0,"key":"White Beast Statue"},{"floor":6.0,"key":"Mercury Hourglass"},{"floor":8.0,"key":"Bottled Lightning"},{"floor":9.0,"key":"Mummified Hand"},{"floor":14.0,"key":"SkyOrb:ReiMu"},{"floor":24.0,"key":"Old Coin"},{"floor":26.0,"key":"Happy Flower"},{"floor":31.0,"key":"Bow_fan:ReiMu"},{"floor":41,"key":"Oddly Smooth Stone"},{"floor":43,"key":"PureWhite:ReiMu"}],"event_choices":[{"damage_healed":0.0,"max_hp_gain":0.0,"max_hp_loss":0.0,"gold_gain":0.0,"event_name":"Scrap Ooze","player_choice":"Success","floor":2.0,"gold_loss":0.0,"damage_taken":3.0,"relics_obtained":["Ancient Tea Set"]},{"damage_healed":0.0,"max_hp_gain":0.0,"max_hp_loss":0.0,"gold_gain":0.0,"event_name":"Wheel of Change","player_choice":"Relic","floor":4.0,"gold_loss":0.0,"damage_taken":0.0}],"is_beta":false,"boss_relics":[{"not_picked":["Astrolabe","Runic Pyramid"],"picked":"Snecko Eye"},{"not_picked":["Black Star","Philosopher\u0027s Stone"],"picked":"Pandora\u0027s Box"}],"items_purged_floors":[3,29,39],"is_endless":false,"potions_floor_spawned":[5,6,8,11,12,14,16,18,20,24,27,30,33,35,38,41,45,46,47,48],"ascension_level":2}}