{"host":"sfkslwp4t49i7lrt","time":1613855106,"event":{"mods":["Act Like it!","BaseMod","Bestiary","Block Reminder","Downfall","Friendly Minions","Gensokyo","Highlight Path","Lobotomy","Minty Spire (QoL Compilation)","Relic Stats","Ruina","Spire Arcade","StSLib","TheSurvivalist","Wide Potions","everything is the same but u backflip on backflip","slay the spire mod where everything is the same but ironclad has a cowboy hat"],"gold_per_floor":[118,218,127,127,137,137,170,182,182,182,210,226,244,244,244,367,367,388,288,311,311,311,311,311],"floor_reached":22,"language":"ENG","playtime":1159,"items_purged":[],"score":194,"play_id":"1ecf8879-aae6-4a3b-99b6-5b01b80e445f","local_time":"20210221040506","is_ascension_mode":false,"campfire_choices":[{"data":"hexamod:FastForward","floor":6,"key":"SMITH"},{"data":"hexamod:ThermalTransfer","floor":10,"key":"SMITH"},{"data":"hexamod:SpectersWail","floor":15,"key":"SMITH"}],"circlet_count":0,"master_deck":["hexamod:Strike","hexamod:Strike","hexamod:Strike","hexamod:Strike","hexamod:Defend","hexamod:Defend","hexamod:Defend","hexamod:Defend","hexamod:Sear","hexamod:Float+1","hexamod:ThermalTransfer+1","hexamod:FastForward+1","hexamod:GhostOfSpireFuture","hexamod:Hexaguard","hexamod:SpectersWail+1","Wellcheers","hexamod:ShieldOfDarkness","LittleHelper","UniverseFragment","hexamod:HauntingEcho","hexamod:ForkedFlame","hexamod:HexaLevel","OSAHOGD"],"relics":["hexamod:SpiritBrand","CogitoBucket","Shuriken","Pantograph","Toy Ornithopter","Golden Idol","Velvet Choker"],"acts_visited":["Exordium","ruina:Briah"],"potions_floor_usage":[7,22],"damage_taken":[{"damage":2,"enemies":"2 Louse","floor":1,"turns":3},{"damage":0,"enemies":"Cultist","floor":5,"turns":3},{"damage":28,"enemies":"Gremlin Nob","floor":7,"turns":6},{"damage":5,"enemies":"Small Slimes","floor":8,"turns":3},{"damage":6,"enemies":"3 Sentries","floor":11,"turns":7},{"damage":9,"enemies":"2 Fungi Beasts","floor":12,"turns":11},{"damage":1,"enemies":"3 Louse","floor":13,"turns":3},{"damage":52,"enemies":"Slime Boss","floor":16,"turns":12},{"damage":5,"enemies":"ruina:BadWolf","floor":18,"turns":5},{"damage":13,"enemies":"ruina:3_Bats","floor":20,"turns":5},{"damage":79,"enemies":"ruina:KingOfGreed","floor":22,"turns":6}],"seed_played":"-691210829372874246","potions_obtained":[{"floor":5,"key":"LiquidMemories"},{"floor":8,"key":"Ancient Potion"},{"floor":12,"key":"LiquidMemories"}],"is_trial":false,"path_per_floor":["M","?","$","?","M","R","E","M","T","R","E","M","M","?","R","B",null,"M","?","M","?","M"],"character_chosen":"THE_SPIRIT","items_purchased":["hexamod:FastForward","hexamod:GhostOfSpireFuture"],"campfire_rested":0,"item_purchase_floors":[3,3],"current_hp_per_floor":[68,68,68,68,68,68,40,38,38,38,38,35,37,37,37,10,65,60,60,50,62,0,0,0],"gold":311,"neow_bonus":"","is_daily":false,"chose_seed":false,"campfire_upgraded":3,"win_rate":0.0,"timestamp":1613855106,"path_taken":["M","?","?","?","M","R","E","M","T","R","E","M","M","?","R","BOSS","M","?","M","?","M"],"items_purchased_type":["Card","Card"],"build_version":"2020-12-22","purchased_purges":0,"victory":false,"max_hp_per_floor":[70,70,70,70,70,70,70,70,70,70,70,70,70,65,65,65,65,65,65,65,77,77,77,77],"relic_stats":{"counters":[13,66],"Shuriken":[6],"Golden Idol":34,"Pantograph":25,"obtain_stats":[{"CogitoBucket":0,"Shuriken":7,"Golden Idol":14,"Pantograph":9,"Velvet Choker":17,"hexamod:SpiritBrand":0,"Toy Ornithopter":11},{"CogitoBucket":0,"Shuriken":3,"Golden Idol":8,"Pantograph":4,"Velvet Choker":9,"hexamod:SpiritBrand":0,"Toy Ornithopter":5},{"CogitoBucket":0,"Shuriken":12,"Golden Idol":37,"Pantograph":15,"Velvet Choker":49,"hexamod:SpiritBrand":0,"Toy Ornithopter":22}],"Toy Ornithopter":0},"card_choices":[{"not_picked":["hexamod:Firestarter","hexamod:Again"],"picked":"hexamod:ThermalTransfer","floor":1},{"not_picked":["hexamod:NightmareGuise","hexamod:PowerFromBeyond"],"picked":"hexamod:Hexaguard","floor":5},{"not_picked":["hexamod:ApocalypticArmor","hexamod:HeatMetal"],"picked":"hexamod:SpectersWail","floor":7},{"not_picked":["Bloodbath","CrumblingArmor"],"picked":"Wellcheers","floor":7},{"not_picked":["hexamod:InspiringFlames","hexamod:RetreatToShadows"],"picked":"hexamod:ShieldOfDarkness","floor":8},{"not_picked":["CherryBlossoms","Porccubus"],"picked":"LittleHelper","floor":8},{"not_picked":["FairyFestival","CrumblingArmor"],"picked":"UniverseFragment","floor":11},{"not_picked":["hexamod:Firestarter","hexamod:RetreatToShadows","hexamod:SpectralSpark"],"picked":"SKIP","floor":11},{"not_picked":["hexamod:AdvancingGuard","hexamod:NightmareStrike"],"picked":"hexamod:HauntingEcho","floor":12},{"not_picked":["NakedNest","FairyFestival","BigBird"],"picked":"Singing Bowl","floor":13},{"not_picked":["hexamod:HauntingEcho","hexamod:ThermalTransfer","hexamod:NightmareStrike"],"picked":"SKIP","floor":13},{"not_picked":["SnowQueen","Rudolta","Porccubus"],"picked":"Singing Bowl","floor":16},{"not_picked":["hexamod:Toasty","hexamod:ApocalypticArmor"],"picked":"hexamod:ForkedFlame","floor":16},{"not_picked":["ShyLook","MeatLantern","Yin"],"picked":"Singing Bowl","floor":18},{"not_picked":["hexamod:ShieldOfDarkness","hexamod:InspiringFlames","hexamod:GhostOfSpirePast"],"picked":"SKIP","floor":18},{"not_picked":["hexamod:ApocalypseNow","hexamod:UnlimitedPower"],"picked":"hexamod:HexaLevel","floor":19},{"not_picked":["Rudolta","Woodsman"],"picked":"OSAHOGD","floor":20},{"not_picked":["hexamod:AdvancingGuard+1","hexamod:PowerFromBeyond","hexamod:Firestarter+1"],"picked":"SKIP","floor":20}],"player_experience":468903,"relics_obtained":[{"floor":7,"key":"Shuriken"},{"floor":9,"key":"Pantograph"},{"floor":11,"key":"Toy Ornithopter"}],"event_choices":[{"damage_healed":0,"gold_gain":100,"player_choice":"Gold","damage_taken":0,"max_hp_gain":0,"max_hp_loss":0,"event_name":"Wheel of Change","floor":2,"gold_loss":0},{"damage_healed":0,"gold_gain":0,"player_choice":"Grow","damage_taken":0,"max_hp_gain":0,"max_hp_loss":0,"event_name":"Living Wall","floor":4,"gold_loss":0,"cards_upgraded":["hexamod:Float"]},{"damage_healed":0,"gold_gain":0,"player_choice":"Lose Max HP","damage_taken":0,"relics_obtained":["Golden Idol"],"max_hp_gain":0,"max_hp_loss":5,"event_name":"Golden Idol","floor":14,"gold_loss":0}],"is_beta":false,"boss_relics":[{"not_picked":["Coffee Dripper","sneckomod:SneckoTalon"],"picked":"Velvet Choker"}],"items_purged_floors":[],"is_endless":false,"potions_floor_spawned":[5,8,12,16,18],"killed_by":"ruina:KingOfGreed","ascension_level":0}}