{"host":"or8fr2mp0k3eluj8","time":1613814780,"event":{"mods":["AchievementEnabler","BaseMod","Colored Map","DeckTracker","Minty Spire (QoL Compilation)","StSLib","SuperFastMode"],"gold_per_floor":[17,17,30,30,30,70,90,90,143,143,162,178,178,33,33,162,162,185,203,217,217,217,551,181,181,181,96,96,130,30,44,44,163,163,183,198,73,94,162,162,162,197,197,220,244,244,244],"floor_reached":46,"language":"KOR","playtime":1493,"items_purged":["Defend_B","Strike_B","Defend_B"],"score":589,"play_id":"b5a95380-851d-4960-8462-b61c3eb1efe7","local_time":"20210220185300","is_ascension_mode":true,"campfire_choices":[{"floor":10,"key":"REST"},{"data":"Zap","floor":13,"key":"SMITH"},{"data":"Dualcast","floor":15,"key":"SMITH"},{"data":"Creative AI","floor":28,"key":"SMITH"},{"floor":32,"key":"REST"},{"data":"Machine Learning","floor":40,"key":"SMITH"}],"circlet_count":0,"master_deck":["Defend_B","Defend_B","Zap+1","Dualcast+1","Sweeping Beam","Self Repair","Ball Lightning+1","Cold Snap","Go for the Eyes","Melter","Creative AI+1","Recycle","Heatsinks+1","Lockon+1","Skim","Beam Cell","Conserve Battery+1","Machine Learning+1","Consume+1","Sunder+1","Stack","Double Energy+1","Doom and Gloom+1"],"relics":["Cracked Core","Incense Burner","Golden Idol","Toy Ornithopter","MealTicket","PreservedInsect","Philosopher\u0027s Stone","Enchiridion","Old Coin","DataDisk","Whetstone","Pantograph","CaptainsWheel","Darkstone Periapt","Snecko Eye","Emotion Chip","Akabeko","Ornamental Fan"],"acts_visited":["Exordium","TheCity","TheBeyond"],"potions_floor_usage":[16,23,39,39,39,42,44,46],"damage_taken":[{"damage":0,"enemies":"Small Slimes","floor":1,"turns":3},{"damage":6,"enemies":"2 Louse","floor":3,"turns":2},{"damage":46,"enemies":"Gremlin Nob","floor":6,"turns":5},{"damage":0,"enemies":"Cultist","floor":7,"turns":3},{"damage":18,"enemies":"Lots of Slimes","floor":11,"turns":4},{"damage":4,"enemies":"3 Louse","floor":12,"turns":3},{"damage":13,"enemies":"Hexaghost","floor":16,"turns":9},{"damage":23,"enemies":"Chosen","floor":18,"turns":5},{"damage":29,"enemies":"Shell Parasite","floor":19,"turns":7},{"damage":19,"enemies":"Snake Plant","floor":20,"turns":5},{"damage":37,"enemies":"Slavers","floor":23,"turns":4},{"damage":22,"enemies":"Gremlin Leader","floor":29,"turns":5},{"damage":11,"enemies":"Snecko","floor":31,"turns":4},{"damage":26,"enemies":"Collector","floor":33,"turns":9},{"damage":14,"enemies":"Orb Walker","floor":35,"turns":5},{"damage":46,"enemies":"3 Darklings","floor":36,"turns":8},{"damage":20,"enemies":"Transient","floor":38,"turns":5},{"damage":30,"enemies":"2 Orb Walkers","floor":39,"turns":4},{"damage":0,"enemies":"Giant Head","floor":42,"turns":5},{"damage":28,"enemies":"Maw","floor":44,"turns":6},{"damage":20,"enemies":"Writhing Mass","floor":45,"turns":4},{"damage":24,"enemies":"Nemesis","floor":46,"turns":4}],"seed_played":"5490983801483527515","potions_obtained":[{"floor":3,"key":"FairyPotion"},{"floor":7,"key":"FearPotion"},{"floor":8,"key":"Dexterity Potion"},{"floor":8,"key":"PowerPotion"},{"floor":18,"key":"Swift Potion"},{"floor":29,"key":"GamblersBrew"},{"floor":35,"key":"Regen Potion"},{"floor":39,"key":"DistilledChaos"},{"floor":42,"key":"Fruit Juice"},{"floor":45,"key":"DuplicationPotion"}],"is_trial":false,"path_per_floor":["M","?","M","?","$","E","M","?","T","R","M","M","R","$","R","B",null,"M","M","M","?","?","E","$","?","T","?","R","E","$","M","R","B",null,"M","M","$","M","?","R","?","E","T","M","M","E"],"character_chosen":"DEFECT","items_purchased":["PreservedInsect","DataDisk","Whetstone"],"campfire_rested":2,"item_purchase_floors":[14,24,24],"current_hp_per_floor":[75,57,51,51,51,12,19,19,19,41,30,33,33,48,48,47,75,59,37,25,25,9,9,24,24,24,24,24,9,24,20,42,48,75,68,29,44,31,35,35,35,52,52,36,16,0,0],"gold":244,"neow_bonus":"ONE_RARE_RELIC","is_daily":false,"chose_seed":false,"campfire_upgraded":4,"win_rate":0.0,"timestamp":1613814780,"path_taken":["M","?","M","?","$","E","M","?","T","R","M","?","R","$","R","BOSS","M","?","M","?","?","E","$","?","T","?","R","E","$","M","R","BOSS","M","M","$","M","?","R","?","E","T","M","M","E"],"items_purchased_type":["Relic","Relic","Relic"],"build_version":"2020-12-22","purchased_purges":3,"victory":false,"max_hp_per_floor":[75,75,75,75,75,75,75,75,75,75,75,75,75,75,75,75,75,75,75,75,75,75,75,75,75,75,75,75,75,75,75,75,75,75,75,75,75,75,75,75,75,80,80,80,80,80,80],"card_choices":[{"not_picked":["Beam Cell","Cold Snap"],"picked":"Sweeping Beam","floor":1},{"not_picked":["Go for the Eyes","Conserve Battery"],"picked":"Self Repair","floor":3},{"not_picked":["Recycle","Reinforced Body"],"picked":"Ball Lightning","floor":6},{"not_picked":["Sweeping Beam","Beam Cell"],"picked":"Cold Snap","floor":7},{"not_picked":["Sweeping Beam","Leap"],"picked":"Go for the Eyes","floor":11},{"not_picked":["Compile Driver","Stack"],"picked":"Melter","floor":12},{"not_picked":["Echo Form","Biased Cognition"],"picked":"Creative AI","floor":16},{"not_picked":["Stack","Hologram"],"picked":"Recycle","floor":18},{"not_picked":["Streamline","Go for the Eyes"],"picked":"Heatsinks+1","floor":19},{"not_picked":["Barrage+1","Heatsinks","Tempest"],"picked":"SKIP","floor":20},{"not_picked":["Fusion","Leap"],"picked":"Beam Cell","floor":23},{"not_picked":["Cold Snap","Reinforced Body"],"picked":"Conserve Battery+1","floor":29},{"not_picked":["Redo","Fusion","Rebound+1"],"picked":"SKIP","floor":31},{"not_picked":["Reboot","Thunder Strike"],"picked":"Machine Learning","floor":33},{"not_picked":["Rebound","Streamline+1"],"picked":"Consume+1","floor":35},{"not_picked":["Chill","Force Field"],"picked":"FTL+1","floor":36},{"not_picked":["Streamline","Hologram+1"],"picked":"Sunder+1","floor":38},{"not_picked":["Sweeping Beam","Gash"],"picked":"Stack","floor":42},{"not_picked":["Steam+1","Turbo+1"],"picked":"Double Energy+1","floor":44},{"not_picked":["Rebound+1","Blizzard+1"],"picked":"Doom and Gloom+1","floor":45}],"player_experience":390856,"relics_obtained":[{"floor":6,"key":"Toy Ornithopter"},{"floor":9,"key":"MealTicket"},{"floor":22,"key":"Enchiridion"},{"floor":23,"key":"Old Coin"},{"floor":26,"key":"Pantograph"},{"floor":29,"key":"Darkstone Periapt"},{"floor":39,"key":"Emotion Chip"},{"floor":42,"key":"Akabeko"},{"floor":43,"key":"Ornamental Fan"}],"event_choices":[{"damage_healed":0,"gold_gain":0,"player_choice":"Take Damage","damage_taken":18,"relics_obtained":["Golden Idol"],"max_hp_gain":0,"max_hp_loss":0,"event_name":"Golden Idol","floor":2,"gold_loss":0},{"cards_removed":["Strike_B"],"damage_healed":0,"gold_gain":0,"player_choice":"Forget","damage_taken":0,"max_hp_gain":0,"max_hp_loss":0,"event_name":"Living Wall","floor":4,"gold_loss":0},{"damage_healed":0,"gold_gain":0,"player_choice":"Got Potions","damage_taken":0,"max_hp_gain":0,"max_hp_loss":0,"event_name":"Lab","floor":8,"gold_loss":0},{"damage_healed":0,"gold_gain":0,"cards_transformed":["Strike_B","Strike_B"],"player_choice":"Became Test Subject","damage_taken":0,"max_hp_gain":0,"max_hp_loss":0,"event_name":"Drug Dealer","floor":21,"gold_loss":0,"cards_obtained":["Lockon","Skim"]},{"damage_healed":0,"gold_gain":0,"player_choice":"Obtained Book","damage_taken":16,"max_hp_gain":0,"max_hp_loss":0,"event_name":"Cursed Tome","floor":22,"gold_loss":0},{"damage_healed":0,"gold_gain":0,"player_choice":"Ignored","damage_taken":0,"max_hp_gain":0,"max_hp_loss":0,"event_name":"Vampires","floor":25,"gold_loss":0},{"damage_healed":0,"gold_gain":0,"player_choice":"Obtained Relic","damage_taken":0,"relics_obtained":["CaptainsWheel"],"max_hp_gain":0,"max_hp_loss":0,"event_name":"Addict","floor":27,"gold_loss":85},{"damage_healed":0,"gold_gain":0,"player_choice":"Fight","damage_taken":0,"max_hp_gain":0,"max_hp_loss":0,"event_name":"Mysterious Sphere","floor":39,"gold_loss":0},{"cards_removed":["FTL"],"damage_healed":0,"gold_gain":0,"player_choice":"Removed Attack","damage_taken":0,"max_hp_gain":0,"max_hp_loss":0,"event_name":"Falling","floor":41,"gold_loss":0}],"is_beta":false,"boss_relics":[{"not_picked":["FrozenCore","Calling Bell"],"picked":"Philosopher\u0027s Stone"},{"not_picked":["Runic Pyramid","Busted Crown"],"picked":"Snecko Eye"}],"items_purged_floors":[24,30,37],"is_endless":false,"potions_floor_spawned":[3,7,18,29,35,39,42,45],"killed_by":"Nemesis","ascension_level":2}}