{"host":"0v07cr0k93jhgkpm","time":1613815545,"event":{"mods":["BaseMod","Colored Map","DeckTracker","Minty Spire (QoL Compilation)","Quick Restart","SuperFastMode"],"gold_per_floor":[110,59,79,92,92,92,104,104,104,133,133,133,160,174,174,250,250,265,101,114,36,49,49,49,49],"floor_reached":24,"language":"KOR","playtime":816,"items_purged":["Defend_G"],"score":412,"play_id":"9c0ee2be-b4de-4dc6-870b-79aebd4069dc","local_time":"20210220190545","is_ascension_mode":true,"campfire_choices":[{"data":"Deadly Poison","floor":6.0,"key":"SMITH"},{"data":"Calculated Gamble","floor":8.0,"key":"SMITH"},{"floor":11.0,"key":"REST"},{"floor":15.0,"key":"REST"},{"floor":23.0,"key":"REST"}],"circlet_count":0,"master_deck":["AscendersBane","Strike_G+1","Strike_G","Strike_G","Strike_G","Defend_G","Defend_G","Defend_G+1","Defend_G","Survivor","Neutralize","Backflip","Deadly Poison+1","Caltrops","Calculated Gamble+1","PiercingWail","Escape Plan","Leg Sweep","Unload","Backflip","Cloak And Dagger","Catalyst","Corpse Explosion","Deadly Poison","Tactician","Blur","Blur","Concentrate","Backstab"],"relics":["Ring of the Snake","Anchor","Dream Catcher","Frozen Egg 2","Ancient Tea Set","SlaversCollar"],"acts_visited":["Exordium","TheCity"],"potions_floor_usage":[24],"damage_taken":[{"damage":3.0,"enemies":"Cultist","floor":1.0,"turns":4.0},{"damage":0.0,"enemies":"2 Louse","floor":3.0,"turns":2.0},{"damage":2.0,"enemies":"Jaw Worm","floor":4.0,"turns":4.0},{"damage":1.0,"enemies":"Looter","floor":7.0,"turns":4.0},{"damage":6.0,"enemies":"3 Sentries","floor":10.0,"turns":7.0},{"damage":18.0,"enemies":"Lagavulin","floor":13.0,"turns":7.0},{"damage":18.0,"enemies":"Exordium Thugs","floor":14.0,"turns":5.0},{"damage":13.0,"enemies":"The Guardian","floor":16.0,"turns":13.0},{"damage":14.0,"enemies":"Spheric Guardian","floor":18.0,"turns":6.0},{"damage":7.0,"enemies":"Shell Parasite","floor":20.0,"turns":6.0},{"damage":28.0,"enemies":"3 Cultists","floor":22.0,"turns":4.0},{"damage":33,"enemies":"Slavers","floor":24,"turns":4}],"seed_played":"-1616948286648137245","potions_obtained":[{"floor":1.0,"key":"PowerPotion"},{"floor":4.0,"key":"SteroidPotion"},{"floor":14.0,"key":"Dexterity Potion"},{"floor":18.0,"key":"SpeedPotion"},{"floor":20.0,"key":"LiquidBronze"}],"is_trial":false,"path_per_floor":["M","$","M","M","?","R","M","R","T","E","R","?","E","M","R","B",null,"M","$","M","$","M","R","E"],"character_chosen":"THE_SILENT","items_purchased":["Deadly Poison","Tactician","Blur"],"campfire_rested":3,"item_purchase_floors":[2,19,21],"current_hp_per_floor":[56,56,56,54,34,34,33,33,33,27,46,46,28,10,29,16,54,40,40,33,33,5,24,0,0],"gold":49,"neow_bonus":"RANDOM_COMMON_RELIC","is_daily":false,"chose_seed":false,"campfire_upgraded":2,"win_rate":0.0,"timestamp":1613815545,"path_taken":["M","$","?","M","?","R","M","R","T","E","R","?","E","M","R","BOSS","M","$","M","?","M","R","E"],"items_purchased_type":["Card","Card","Card"],"build_version":"2020-12-22","purchased_purges":1,"victory":false,"max_hp_per_floor":[66,66,66,66,66,66,66,66,66,66,66,66,66,66,66,66,66,66,66,66,66,66,66,66,66],"card_choices":[{"not_picked":["Riddle With Holes","Dodge and Roll"],"picked":"Backflip","floor":1.0},{"not_picked":["Heel Hook","Expertise"],"picked":"Caltrops","floor":3.0},{"not_picked":["Heel Hook","Backflip"],"picked":"Calculated Gamble","floor":4.0},{"not_picked":["Escape Plan","Flying Knee"],"picked":"PiercingWail","floor":7.0},{"not_picked":["Deflect","Eviscerate"],"picked":"Escape Plan","floor":10.0},{"not_picked":["PiercingWail","Masterful Stab"],"picked":"Leg Sweep","floor":11.0},{"not_picked":["Infinite Blades+1","Acrobatics"],"picked":"Backflip","floor":13.0},{"not_picked":["Blade Dance","Expertise"],"picked":"Cloak And Dagger","floor":14.0},{"not_picked":["Outmaneuver","Cloak And Dagger"],"picked":"Catalyst","floor":15.0},{"not_picked":["Glass Knife","Malaise"],"picked":"Corpse Explosion","floor":16.0},{"not_picked":["Distraction","Prepared"],"picked":"Deadly Poison","floor":18.0},{"not_picked":["Backstab","Flying Knee"],"picked":"Blur","floor":20.0},{"not_picked":["Dash","All Out Attack"],"picked":"Concentrate","floor":22.0},{"not_picked":["Concentrate","Dagger Throw"],"picked":"Backstab","floor":23.0}],"player_experience":2517752,"relics_obtained":[{"floor":9.0,"key":"Dream Catcher"},{"floor":10.0,"key":"Frozen Egg 2"},{"floor":13.0,"key":"Ancient Tea Set"}],"event_choices":[{"damage_healed":0.0,"max_hp_gain":0.0,"max_hp_loss":0.0,"gold_gain":0.0,"event_name":"Shining Light","player_choice":"Entered Light","floor":5.0,"gold_loss":0.0,"damage_taken":20.0,"cards_upgraded":["Strike_G","Defend_G"]},{"damage_healed":0.0,"max_hp_gain":0.0,"max_hp_loss":0.0,"gold_gain":0.0,"cards_transformed":["Strike_G"],"event_name":"Transmorgrifier","player_choice":"Transformed","floor":12.0,"gold_loss":0.0,"damage_taken":0.0,"cards_obtained":["Unload"]}],"is_beta":false,"boss_relics":[{"not_picked":["Snecko Eye","Black Star"],"picked":"SlaversCollar"}],"items_purged_floors":[19],"is_endless":false,"potions_floor_spawned":[1,4,7,14,18,20],"killed_by":"Slavers","ascension_level":20}}