{"host":"0dsi8ju7ih3zb7n8","time":1613810049,"event":{"mods":["2.2 Compatiblity","Act Like it!","BaseMod","Downfall","Hermit","Minty Spire (QoL Compilation)","Robot Space Explorer","Spicy Shops","StSLib","The Marked"],"gold_per_floor":[99,177,177,201,201,250,275,275,317,339,357,404,404,449,483,608,608,608,638,638,665,765,378,404,453,465,477,489,489,489],"floor_reached":28,"language":"ENG","playtime":1293,"items_purged":[],"score":285,"play_id":"98043c13-bba7-423c-b1ca-7ff2d1f71f58","local_time":"20210220093409","daily_mods":["SealedDeck","Heirloom","Flight"],"is_ascension_mode":false,"campfire_choices":[{"data":"hexamod:SoulSteal","floor":1,"key":"SMITH"},{"floor":8,"key":"REST"},{"data":"hexamod:GhostflameBarrier","floor":13,"key":"SMITH"},{"data":"hexamod:GhostOfSpirePresent","floor":18,"key":"SMITH"},{"data":"hexamod:UnleashSpirits","floor":26,"key":"SMITH"},{"data":"hexamod:WildfireWeapon","floor":27,"key":"SMITH"}],"circlet_count":0,"master_deck":["hexamod:NightmareGuise+1","hexamod:GhostShield","hexamod:PhantomFireball","hexamod:Firestarter","hexamod:BurningTouch","hexamod:NightmareStrike","hexamod:ExtraCrispy+1","hexamod:GhostflameBarrier+1","hexamod:SoulSteal+1","hexamod:SecondSeal","hexamod:DynamicBlow","hexamod:SpectralSpark","hexamod:FourthSeal","downfall:Haunted","downfall:Haunted","hexamod:FirstSeal","hexamod:WildfireWeapon+1","hexamod:ThirdSeal","hexamod:UnleashSpirits+1","hexamod:GhostOfSpirePresent+1","hexamod:Incineration","hexamod:Haunt","hexamod:EmpoweredFlame+1","hexamod:ChargedBarrage"],"relics":["hexamod:SpiritBrand","champ:DeflectingBracers","CeramicFish","HornCleat","champ:DuelingGlove","Darkstone Periapt","Boot","Ornamental Fan","Philosopher\u0027s Stone","StoneCalendar","Matryoshka","InkBottle","hexamod:BolsterEngine","MawBank"],"acts_visited":["Exordium","TheCity"],"potions_floor_usage":[14,16,21,25,28],"damage_taken":[{"damage":6,"enemies":"Jaw Worm","floor":4,"turns":2},{"damage":9,"enemies":"Gremlin Nob","floor":6,"turns":3},{"damage":0,"enemies":"3 Sentries","floor":9,"turns":4},{"damage":0,"enemies":"2 Louse","floor":10,"turns":2},{"damage":6,"enemies":"Lagavulin","floor":12,"turns":4},{"damage":1,"enemies":"Gremlin Nob","floor":14,"turns":4},{"damage":0,"enemies":"Small Slimes","floor":15,"turns":4},{"damage":11,"enemies":"WA_ARCHETYPE_RETAIN","floor":16,"turns":7},{"damage":30,"enemies":"downfall:LooterAlt2","floor":19,"turns":4},{"damage":0,"enemies":"Spheric Guardian","floor":21,"turns":4},{"damage":0,"enemies":"downfall:FleeingMerchant","floor":23,"turns":4},{"damage":10,"enemies":"Slavers","floor":25,"turns":4},{"damage":74,"enemies":"Gremlin Leader","floor":28,"turns":5}],"seed_played":"8347527394971567996","potions_obtained":[{"floor":4,"key":"Fire Potion"},{"floor":6,"key":"SkillPotion"},{"floor":10,"key":"sneckomod:MuddlingPotion"},{"floor":12,"key":"CultistPotion"},{"floor":14,"key":"Ancient Potion"},{"floor":16,"key":"Block Potion"},{"floor":21,"key":"FearPotion"},{"floor":21,"key":"Weak Potion"}],"is_trial":true,"path_per_floor":["R","?","?","M","?","E","T","R","E","M","?","E","R","E","M","B",null,"R","M","?","M","?","$","T","E","R","R","E"],"character_chosen":"THE_SPIRIT","items_purchased":["StoneCalendar","Matryoshka"],"campfire_rested":1,"item_purchase_floors":[23,23],"current_hp_per_floor":[70,70,56,50,47,38,38,59,59,59,71,65,65,71,78,74,82,82,59,59,66,66,73,73,70,70,70,0,0,0],"gold":489,"neow_bonus":"","is_daily":false,"chose_seed":false,"campfire_upgraded":5,"win_rate":0.0,"timestamp":1613810049,"path_taken":["R","?","?","M","?","E","T","R","E","M","?","E","R","E","M","BOSS","R","M","?","M","?","$","T","E","R","R","E"],"items_purchased_type":["Relic","Relic"],"build_version":"2020-12-22","purchased_purges":0,"victory":false,"max_hp_per_floor":[70,70,70,70,70,70,70,70,70,70,82,82,82,82,82,82,82,82,82,82,82,82,82,82,82,82,82,82,82,82],"card_choices":[{"not_picked":["hexamod:GhostOfSpirePast","hexamod:GhostShield"],"picked":"hexamod:DynamicBlow","floor":4},{"not_picked":["hexamod:SkipABeat","hexamod:FlamesFromBeyond"],"picked":"hexamod:SpectralSpark","floor":6},{"not_picked":["hexamod:RadiantFlame","hexamod:GhostLash"],"picked":"hexamod:FourthSeal","floor":9},{"not_picked":["hexamod:GhostflameBarrier","hexamod:SuperheatedStrike","hexamod:InspiringFlames"],"picked":"SKIP","floor":10},{"not_picked":["hexamod:PowerFromBeyond","hexamod:HeatMetal"],"picked":"hexamod:FirstSeal","floor":12},{"not_picked":["hexamod:HeatShield","hexamod:GhostflameInferno"],"picked":"hexamod:WildfireWeapon","floor":14},{"not_picked":["hexamod:Again","hexamod:AdvancingGuard"],"picked":"hexamod:ThirdSeal","floor":15},{"not_picked":["hexamod:VolcanoVisage","hexamod:WildfireWeapon"],"picked":"hexamod:UnleashSpirits","floor":16},{"not_picked":["hexamod:ForkedFlame","hexamod:SearingWound"],"picked":"hexamod:GhostOfSpirePresent","floor":16},{"not_picked":["hexamod:PhantomFireball","hexamod:ThermalTransfer+1"],"picked":"hexamod:Incineration","floor":19},{"not_picked":["hexamod:SpectralAdrenaline","hexamod:GhostShield","hexamod:Hexaguard"],"picked":"SKIP","floor":19},{"not_picked":["hexamod:ShieldOfDarkness","hexamod:SkipABeat"],"picked":"hexamod:Haunt","floor":21},{"not_picked":["hexamod:AdvancingGuard","hexamod:FastForward+1","hexamod:SpectralAdrenaline"],"picked":"SKIP","floor":21},{"not_picked":["hexamod:BurningTouch","hexamod:ShieldOfDarkness"],"picked":"hexamod:EmpoweredFlame+1","floor":23},{"not_picked":["hexamod:InspiringFlames","hexamod:Incineration+1","hexamod:RetreatToShadows+1"],"picked":"SKIP","floor":23},{"not_picked":["hexamod:FastForward","hexamod:Firestarter"],"picked":"hexamod:ChargedBarrage","floor":25},{"not_picked":["hexamod:DynamicBlow","hexamod:NightmareStrike","hexamod:FastForward"],"picked":"SKIP","floor":25}],"player_experience":856234,"relics_obtained":[{"floor":6,"key":"HornCleat"},{"floor":9,"key":"champ:DuelingGlove"},{"floor":12,"key":"Boot"},{"floor":14,"key":"Ornamental Fan"},{"floor":24,"key":"InkBottle"},{"floor":24,"key":"hexamod:BolsterEngine"},{"floor":25,"key":"MawBank"}],"event_choices":[{"damage_healed":0,"gold_gain":78,"player_choice":"Gained Gold","damage_taken":0,"max_hp_gain":0,"max_hp_loss":0,"event_name":"Golden Wing","floor":2,"gold_loss":0},{"damage_healed":0,"gold_gain":0,"player_choice":"Entered Light","damage_taken":14,"max_hp_gain":0,"max_hp_loss":0,"event_name":"Shining Light","floor":3,"gold_loss":0,"cards_upgraded":["hexamod:ExtraCrispy","hexamod:NightmareGuise"]},{"damage_healed":0,"gold_gain":0,"player_choice":"Success","damage_taken":3,"relics_obtained":["CeramicFish"],"max_hp_gain":0,"max_hp_loss":0,"event_name":"Scrap Ooze","floor":5,"gold_loss":0}],"is_beta":false,"boss_relics":[{"not_picked":["Runic Dome","expansioncontent:StudyCardRelic"],"picked":"Philosopher\u0027s Stone"}],"items_purged_floors":[],"is_endless":false,"potions_floor_spawned":[4,6,12,15,21],"killed_by":"Gremlin Leader","ascension_level":0}}