{"host":"rupmf8lnk599ormj","time":1613780754,"event":{"mods":["2.2 Compatiblity","AchievementEnabler","BaseMod","Better Match","Better Third Choice","BetterRewards","Colored Map","Colored Powertips","Conspire","Downfall","Evolution","Gold Saver","Googly Eyes","Hero for Fun","Hubris","Minty Spire (QoL Compilation)","Quick Restart","Rare Cards Sparkle","Replay The Spire","Shade Mod","Spicy Shops","StSLib","The Cursed"],"gold_per_floor":[26,71,129,129,429,536,536,628,628,661,751,792,905,938,982,1215,1215,1215,1283,1283,1283,1283,1283,1283,1283,1283,1331,1384,1384,1441,1545,1632,1865,1865,1865,1922,1922,1922,1922,1981,2008,2047,2151,2151,2244,2244,2244,2291,2347,2347],"floor_reached":51,"language":"ENG","playtime":3658,"items_purged":[],"score":2000,"play_id":"6953deb2-2862-4018-88ca-81222648a06e","local_time":"20210219192554","daily_mods":["Heirloom","DeadlyEvents","Elite Swarm","Midas","downfall:ExchangeController","Diverse","Colorless Cards","Binary"],"is_ascension_mode":true,"campfire_choices":[{"floor":1,"key":"RECALL"},{"floor":18,"key":"DIG"},{"floor":25,"key":"REST"},{"floor":29,"key":"REST"},{"floor":35,"key":"REST"},{"floor":44,"key":"REST"},{"floor":47,"key":"REST"}],"circlet_count":17,"master_deck":["Strike_R","Strike_G","Strike_B","hubris:Strike_Merchant","Defend_R","Defend_G","Defend_B","hubris:Defend_Merchant","hubris:MerchantsHand","hubris:MerchantsHand","AscendersBane","TheCursedMod:Dregs"],"relics":["Smiling Mask","hubris:NiceRug","Busted Crown","EVO:Axolotl","downfall:NeowBlessing_Player","bronze:MakeshiftBattery","Medical Kit","bronze:DonusWashers","bronze:DecasWashers","bronze:BronzeIdol","Circlet"],"acts_visited":["Exordium","TheCity","TheBeyond"],"potions_floor_usage":[],"damage_taken":[{"damage":0,"enemies":"Cultist","floor":2,"turns":1},{"damage":0,"enemies":"2 Louse","floor":3,"turns":1},{"damage":0,"enemies":"downfall:FleeingMerchant","floor":5,"turns":1},{"damage":0,"enemies":"Lagavulin","floor":6,"turns":1},{"damage":0,"enemies":"3 Sentries","floor":8,"turns":1},{"damage":0,"enemies":"Jaw Worm","floor":10,"turns":1},{"damage":0,"enemies":"Lagavulin","floor":11,"turns":1},{"damage":0,"enemies":"3 Louse","floor":12,"turns":1},{"damage":0,"enemies":"3 Sentries","floor":13,"turns":1},{"damage":0,"enemies":"Blue Slaver","floor":14,"turns":1},{"damage":0,"enemies":"Large Slime","floor":15,"turns":1},{"damage":0,"enemies":"WA_ARCHETYPE_RETAIN","floor":16,"turns":1},{"damage":0,"enemies":"Chosen","floor":19,"turns":1},{"damage":0,"enemies":"Shell Parasite","floor":20,"turns":1},{"damage":0,"enemies":"Snake Plant","floor":27,"turns":1},{"damage":0,"enemies":"Snecko","floor":28,"turns":1},{"damage":0,"enemies":"Centurion and Healer","floor":30,"turns":1},{"damage":0,"enemies":"Gremlin Leader","floor":31,"turns":1},{"damage":0,"enemies":"Book of Stabbing","floor":32,"turns":1},{"damage":0,"enemies":"SI_MIRROR_ARCHETYPE","floor":33,"turns":1},{"damage":0,"enemies":"3 Darklings","floor":36,"turns":1},{"damage":0,"enemies":"Orb Walker","floor":40,"turns":1},{"damage":0,"enemies":"3 Darklings","floor":42,"turns":2},{"damage":0,"enemies":"Nemesis","floor":43,"turns":1},{"damage":0,"enemies":"R_Hoarder","floor":45,"turns":1},{"damage":0,"enemies":"Jaw Worm Horde","floor":49,"turns":1},{"damage":0,"enemies":"IC_BLOCK_ARCHETYPE","floor":50,"turns":1}],"seed_played":"-8495564566930993786","potions_obtained":[{"floor":8,"key":"Strength Potion"},{"floor":12,"key":"PowerPotion"},{"floor":13,"key":"SpeedPotion"},{"floor":16,"key":"LiquidMemories"},{"floor":19,"key":"ColorlessPotion"},{"floor":27,"key":"Dexterity Potion"},{"floor":33,"key":"SteroidPotion"},{"floor":42,"key":"FearPotion"},{"floor":45,"key":"Explosive Potion"}],"is_trial":true,"path_per_floor":["R_BF","M","M","WH","$","E","T","E","$","M","E","M","E","M","M","B",null,"R_BF","M","M","?","?","WH","T","R","WH","M","M","R","M","E","E","B",null,"R","M","WH","$","WH","M","T","M","E","R","E","$","R","?","M","B",null],"character_chosen":"OPM","items_purchased":[],"campfire_rested":5,"item_purchase_floors":[],"current_hp_per_floor":[164,164,164,164,164,164,164,164,164,164,164,164,164,164,164,164,269,269,269,269,269,269,296,296,298,327,327,327,327,327,327,327,327,427,427,427,469,469,515,515,515,515,515,515,515,515,515,515,515,515],"gold":2347,"neow_bonus":"TEN_PERCENT_HP_BONUS","is_daily":false,"chose_seed":false,"campfire_upgraded":0,"win_rate":0.0,"timestamp":1613780754,"path_taken":["R_BF","M","M","WH","$","E","T","E","$","M","E","M","E","M","?","BOSS","R_BF","M","M","?","?","WH","T","R","WH","M","M","R","M","E","?","BOSS","R","M","WH","$","WH","M","T","M","E","R","E","$","R","?","M","BOSS"],"items_purchased_type":[],"build_version":"2020-12-22","purchased_purges":0,"victory":true,"max_hp_per_floor":[171,171,171,171,171,171,171,171,171,171,171,171,171,171,171,171,271,271,271,271,271,271,298,298,298,327,327,327,327,327,327,327,327,427,427,427,469,469,515,515,515,515,515,515,515,515,515,515,515,515],"card_choices":[],"player_experience":258213,"relics_obtained":[{"floor":6,"key":"Circlet"},{"floor":8,"key":"Circlet"},{"floor":11,"key":"Circlet"},{"floor":13,"key":"Circlet"},{"floor":18,"key":"Circlet"},{"floor":31,"key":"Circlet"},{"floor":32,"key":"Circlet"},{"floor":41,"key":"Circlet"},{"floor":43,"key":"Circlet"},{"floor":45,"key":"Circlet"},{"floor":48,"key":"Circlet"}],"event_choices":[],"is_beta":false,"boss_relics":[{"not_picked":["Circlet","Circlet"],"picked":"Circlet"},{"not_picked":["Circlet","Circlet"],"picked":"Circlet"}],"items_purged_floors":[],"is_endless":false,"potions_floor_spawned":[3,8,10,12,13,16,19,27,32,33,42,45],"ascension_level":20}}