{"host":"or8fr2mp0k3eluj8","time":1613818090,"event":{"mods":["AchievementEnabler","BaseMod","Colored Map","DeckTracker","Keyboard Shortcuts","Minty Spire (QoL Compilation)","StSLib","SuperFastMode","everything is the same but u backflip on backflip"],"gold_per_floor":[113,113,131,146,0,30,30,60,60,60,60,60,88,108,108,208,208,220,230,7,7,7,7],"floor_reached":22,"language":"KOR","playtime":557,"items_purged":["Pain"],"score":222,"play_id":"11e2c6b6-4faf-4520-8cc4-d6de8c5ec103","local_time":"20210220194810","is_ascension_mode":true,"campfire_choices":[{"data":"Zap","floor":7,"key":"SMITH"},{"data":"Dualcast","floor":10,"key":"SMITH"},{"data":"White Noise","floor":12,"key":"SMITH"},{"floor":15,"key":"REST"}],"circlet_count":0,"master_deck":["Strike_B","Strike_B","Strike_B","Strike_B","Defend_B","Defend_B","Defend_B","Defend_B","Zap+1","Dualcast+1","Steam","Hello World","Self Repair","White Noise+1","Gash","Defragment","Turbo+1","Creative AI","Beam Cell+1","BootSequence+1"],"relics":["Cracked Core","NeowsBlessing","WarpedTongs","Sling","White Beast Statue","Potion Belt","Toxic Egg 2","Orichalcum","Happy Flower","Nuclear Battery","Strawberry"],"acts_visited":["Exordium","TheCity"],"potions_floor_usage":[16,16],"damage_taken":[{"damage":0,"enemies":"Small Slimes","floor":1,"turns":1},{"damage":0,"enemies":"Cultist","floor":3,"turns":1},{"damage":0,"enemies":"Jaw Worm","floor":4,"turns":1},{"damage":12,"enemies":"Lagavulin","floor":6,"turns":6},{"damage":24,"enemies":"3 Sentries","floor":8,"turns":6},{"damage":30,"enemies":"Gremlin Nob","floor":13,"turns":5},{"damage":18,"enemies":"3 Louse","floor":14,"turns":3},{"damage":36,"enemies":"The Guardian","floor":16,"turns":11},{"damage":7,"enemies":"Spheric Guardian","floor":18,"turns":4},{"damage":34,"enemies":"3 Byrds","floor":19,"turns":5},{"damage":43,"enemies":"Snecko","floor":22,"turns":5}],"seed_played":"2182262189010312153","potions_obtained":[{"floor":8,"key":"GamblersBrew"},{"floor":13,"key":"GamblersBrew"},{"floor":14,"key":"CultistPotion"},{"floor":16,"key":"LiquidMemories"},{"floor":18,"key":"Swift Potion"},{"floor":19,"key":"SpeedPotion"}],"is_trial":false,"path_per_floor":["M","?","M","M","$","E","R","E","T","R","?","R","E","M","R","B",null,"M","M","$","?","M"],"character_chosen":"DEFECT","items_purchased":["Sling","Strawberry"],"campfire_rested":1,"item_purchase_floors":[5,20],"current_hp_per_floor":[75,75,75,75,75,70,70,53,53,53,53,53,33,22,44,15,75,75,51,58,42,0,0],"gold":7,"neow_bonus":"THREE_ENEMY_KILL","is_daily":false,"chose_seed":false,"campfire_upgraded":3,"win_rate":0.0,"timestamp":1613818090,"path_taken":["M","?","?","M","$","E","R","E","T","R","?","R","E","?","R","BOSS","M","M","$","?","M"],"items_purchased_type":["Relic","Relic"],"build_version":"2020-12-22","purchased_purges":1,"victory":false,"max_hp_per_floor":[75,75,75,75,75,75,75,75,75,75,75,75,75,75,75,75,75,75,75,82,82,82,82],"card_choices":[{"not_picked":["Redo","Capacitor"],"picked":"Steam","floor":1},{"not_picked":["Reinforced Body","Melter"],"picked":"Hello World","floor":3},{"not_picked":["Coolheaded","Rip and Tear"],"picked":"Self Repair","floor":4},{"not_picked":["Darkness","FTL"],"picked":"White Noise","floor":6},{"not_picked":["Blizzard","White Noise"],"picked":"Gash","floor":8},{"not_picked":["Blizzard","Coolheaded+1"],"picked":"Defragment","floor":13},{"not_picked":["Chill+1","Leap+1"],"picked":"Turbo+1","floor":14},{"not_picked":["Electrodynamics","Seek+1"],"picked":"Creative AI","floor":16},{"not_picked":["Conserve Battery+1","Stack+1"],"picked":"Beam Cell+1","floor":18},{"not_picked":["Gash+1","Turbo+1"],"picked":"BootSequence+1","floor":19}],"player_experience":394008,"relics_obtained":[{"floor":6,"key":"White Beast Statue"},{"floor":8,"key":"Potion Belt"},{"floor":9,"key":"Toxic Egg 2"},{"floor":13,"key":"Happy Flower"}],"event_choices":[{"damage_healed":0,"gold_gain":0,"player_choice":"Rummage","damage_taken":0,"relics_obtained":["WarpedTongs"],"max_hp_gain":0,"max_hp_loss":0,"event_name":"Accursed Blacksmith","floor":2,"gold_loss":0,"cards_obtained":["Pain"]},{"damage_healed":0,"gold_gain":0,"player_choice":"Gave Potion","damage_taken":0,"relics_obtained":["Orichalcum"],"max_hp_gain":0,"max_hp_loss":0,"event_name":"WeMeetAgain","floor":11,"gold_loss":0},{"damage_healed":0,"gold_gain":0,"player_choice":"Obtained Book","damage_taken":16,"max_hp_gain":0,"max_hp_loss":0,"event_name":"Cursed Tome","floor":21,"gold_loss":0}],"is_beta":false,"boss_relics":[{"not_picked":["Fusion Hammer","Empty Cage"],"picked":"Nuclear Battery"}],"items_purged_floors":[20],"is_endless":false,"potions_floor_spawned":[8,13,14,16,18,19],"killed_by":"Snecko","ascension_level":2}}