{"host":"gzsdmyo07u314vug","time":1613805300,"event":{"mods":["2.2 Compatiblity","Astrologer","BaseMod","Colored Powertips","GifTheSpireLib","Gremlin Mod","Hermit","Jorbs\u0027s Wanderer Trilogy","Minty Spire (QoL Compilation)","Quick Restart","Rare Cards Sparkle","Relic Stats","Replay The Spire","Robot Space Explorer","Shop Mod","StSLib","The Bladedancer","The Bug Knight","The Construct","The Cursed","The Elementalist","The Hierophant","The IronCluck","The Marked","The Necromancer","The Runesmith","The Servant 0.9.4","Unceasing Turn Reminder","everything is the same but u backflip on backflip","slay the spire mod where everything is the same but ironclad has a cowboy hat"],"gold_per_floor":[118,43,57,72,72,101,101,134,134,134,134,134,134,147,147,268,268,293,65,65,80,103,138,138,178,201,201,201,201,237,237,237,360,460,478,498,519,543,543,582,601,619,670,710,733,768,831,851,851,851,851,851,559,594,594],"floor_reached":56,"language":"ENG","playtime":1886,"items_purged":["TheCursedMod:CursedWand"],"score":2327,"play_id":"332eeec1-8d48-4501-8958-fbe2c37ca364","local_time":"20210220041500","is_ascension_mode":true,"campfire_choices":[{"data":"TheCursedMod:CircleOfWindfury","floor":7,"key":"SMITH"},{"data":"TheCursedMod:CircleOfCorruption","floor":11,"key":"SMITH"},{"data":"TheCursedMod:CircleOfCorruption","floor":13,"key":"SMITH"},{"data":"TheCursedMod:Stretching","floor":15,"key":"SMITH"},{"data":"TheCursedMod:Stretching","floor":24,"key":"SMITH"},{"data":"TheCursedMod:Wield","floor":27,"key":"SMITH"},{"data":"TheCursedMod:CircleOfAbyss","floor":29,"key":"SMITH"},{"floor":32,"key":"RECALL"},{"floor":49,"key":"REST"},{"floor":52,"key":"REST"}],"circlet_count":0,"master_deck":["TheCursedMod:Wield+1","Finesse+1","TheCursedMod:Stretching+1","TheCursedMod:Stretching+1","TheCursedMod:CircleOfCorruption+1","TheCursedMod:CircleOfCorruption+1","TheCursedMod:CircleOfWindfury+1","TheCursedMod:CircleOfAbyss+1","TheCursedMod:SurpriseAttack+1","TheCursedMod:SurpriseAttack+1"],"relics":["TheCursedMod:PinkPellets","TheCursedMod:Tack","Pondfish Scales","Golden Idol","SlaversCollar","Oddly Smooth Stone","Nloth\u0027s Gift","construct:FoamFinger","FossilizedHelix","Replay:Rubber Ducky","Whetstone","Replay:Wanted Poster","TheCursedMod:BloodyHarpoon","Sundial","Replay:Baseball","Lizard Tail","HollowMod:JonisBlessing","Akabeko","Bronze Scales"],"acts_visited":["Exordium","TheCity","TheBeyond","TheEnding"],"potions_floor_usage":[55,55],"damage_taken":[{"damage":0,"enemies":"Small Slimes","floor":1,"turns":1},{"damage":0,"enemies":"Jaw Worm","floor":3,"turns":2},{"damage":0,"enemies":"Cultist","floor":4,"turns":2},{"damage":0,"enemies":"Gremlin Nob","floor":6,"turns":2},{"damage":0,"enemies":"3 Sentries","floor":8,"turns":1},{"damage":0,"enemies":"Looter","floor":14,"turns":1},{"damage":0,"enemies":"The Guardian","floor":16,"turns":1},{"damage":0,"enemies":"Spheric Guardian","floor":18,"turns":1},{"damage":0,"enemies":"Shell Parasite","floor":21,"turns":1},{"damage":0,"enemies":"Snake Plant","floor":22,"turns":1},{"damage":0,"enemies":"Book of Stabbing","floor":23,"turns":1},{"damage":0,"enemies":"Slavers","floor":25,"turns":1},{"damage":0,"enemies":"Gremlin Leader","floor":30,"turns":1},{"damage":0,"enemies":"Automaton","floor":33,"turns":1},{"damage":0,"enemies":"3 Shapes","floor":35,"turns":1},{"damage":0,"enemies":"3 Darklings","floor":36,"turns":1},{"damage":0,"enemies":"Spire Growth","floor":37,"turns":1},{"damage":0,"enemies":"Maw","floor":38,"turns":1},{"damage":0,"enemies":"Giant Head","floor":40,"turns":1},{"damage":0,"enemies":"Jaw Worm Horde","floor":41,"turns":1},{"damage":0,"enemies":"Spire Growth","floor":42,"turns":1},{"damage":0,"enemies":"Nemesis","floor":44,"turns":1},{"damage":0,"enemies":"Maw","floor":45,"turns":1},{"damage":0,"enemies":"Reptomancer","floor":46,"turns":1},{"damage":0,"enemies":"Mind Bloom Boss Battle","floor":47,"turns":1},{"damage":0,"enemies":"4 Shapes","floor":48,"turns":1},{"damage":0,"enemies":"Time Eater","floor":50,"turns":4},{"damage":0,"enemies":"Shield and Spear","floor":54,"turns":1},{"damage":0,"enemies":"The Heart","floor":55,"turns":3}],"seed_played":"6420578431435905068","potions_obtained":[{"floor":1,"key":"Adrenaline Potion"},{"floor":6,"key":"DistilledChaos"},{"floor":37,"key":"Swift Potion"},{"floor":46,"key":"Adrenaline Potion"},{"floor":48,"key":"Swift Potion"},{"floor":54,"key":"GamblersBrew"}],"is_trial":false,"path_per_floor":["M","$","M","M","?","E","R","E","T","?","R","?","R","M","R","B",null,"M","$","?","M","M","E","R","E","T","R","$","R","E","$","R","B",null,"M","M","M","M","$","E","M","M","T","E","M","E","?","M","R","B",null,"R","$","E","B",null],"character_chosen":"THE_CURSED","items_purchased":["Oddly Smooth Stone","Ancient Potion","HollowMod:JonisBlessing","Akabeko"],"campfire_rested":2,"item_purchase_floors":[19,19,53,53],"current_hp_per_floor":[68,68,68,68,68,68,68,68,68,50,50,50,50,50,50,50,69,72,72,72,72,72,72,72,72,72,72,72,72,72,72,72,72,77,77,77,77,77,77,77,77,77,77,77,77,77,77,77,78,78,78,78,78,78,78],"gold":594,"neow_bonus":"RANDOM_EVENT","is_daily":false,"chose_seed":false,"campfire_upgraded":7,"win_rate":0.0,"timestamp":1613805300,"path_taken":["M","$","M","M","?","E","R","E","T","?","R","?","R","M","R","BOSS","M","?","?","?","M","E","R","E","T","R","$","R","E","$","R","BOSS","M","M","M","M","$","E","M","M","T","E","M","E","?","M","R","BOSS","R","$","E","BOSS"],"items_purchased_type":["Relic","Potion","Relic","Relic"],"build_version":"2020-12-22","purchased_purges":1,"victory":true,"max_hp_per_floor":[75,75,75,75,75,75,75,75,75,75,75,75,75,75,75,75,75,78,78,78,78,78,78,78,78,78,78,78,78,78,78,78,78,78,78,78,78,78,78,78,78,78,78,78,78,78,78,78,78,78,78,78,78,78,78],"relic_stats":{"Lizard Tail":0,"counters":[29,37],"Golden Idol":215,"Sundial":[104],"Bronze Scales":[3],"Nloth\u0027s Gift":6,"Whetstone":["TheCursedMod:SurpriseAttack","TheCursedMod:SurpriseAttack"],"obtain_stats":[{"TheCursedMod:BloodyHarpoon":40,"construct:FoamFinger":23,"Golden Idol":10,"TheCursedMod:Tack":6,"Oddly Smooth Stone":19,"HollowMod:JonisBlessing":53,"TheCursedMod:PinkPellets":0,"Whetstone":30,"Akabeko":53,"Replay:Rubber Ducky":26,"Replay:Wanted Poster":34,"Replay:Ringing Soul":9,"SlaversCollar":17,"Pondfish Scales":8,"Replay:Baseball":46,"Lizard Tail":47,"Sundial":44,"Bronze Scales":54,"Nloth\u0027s Gift":20,"FossilizedHelix":25},{"TheCursedMod:BloodyHarpoon":19,"construct:FoamFinger":11,"Golden Idol":5,"TheCursedMod:Tack":4,"Oddly Smooth Stone":8,"HollowMod:JonisBlessing":27,"TheCursedMod:PinkPellets":0,"Whetstone":13,"Akabeko":27,"Replay:Rubber Ducky":12,"Replay:Wanted Poster":14,"Replay:Ringing Soul":5,"SlaversCollar":7,"Pondfish Scales":5,"Replay:Baseball":24,"Lizard Tail":25,"Sundial":22,"Bronze Scales":28,"Nloth\u0027s Gift":8,"FossilizedHelix":12},{"TheCursedMod:BloodyHarpoon":22,"construct:FoamFinger":14,"Golden Idol":8,"TheCursedMod:Tack":7,"Oddly Smooth Stone":11,"HollowMod:JonisBlessing":33,"TheCursedMod:PinkPellets":0,"Whetstone":16,"Akabeko":33,"Replay:Rubber Ducky":15,"Replay:Wanted Poster":17,"Replay:Ringing Soul":8,"SlaversCollar":10,"Pondfish Scales":8,"Replay:Baseball":27,"Lizard Tail":28,"Sundial":25,"Bronze Scales":34,"Nloth\u0027s Gift":11,"FossilizedHelix":15}]},"card_choices":[{"not_picked":["TheCursedMod:SoulCrush","TheCursedMod:WearCloak","TheCursedMod:EmpowerCircles"],"picked":"SKIP","floor":1},{"not_picked":["TheCursedMod:CircleOfFocus","TheCursedMod:TroublousMinions"],"picked":"TheCursedMod:SurpriseAttack","floor":3},{"not_picked":["TheCursedMod:RavingStaff","TheCursedMod:VitalStrike","TheCursedMod:HellfireBreathing"],"picked":"SKIP","floor":4},{"not_picked":["TheCursedMod:SpitefulPray","TheCursedMod:SoulCrush","TheCursedMod:Evocation"],"picked":"SKIP","floor":6},{"not_picked":["TheCursedMod:CircleOfFocus","TheCursedMod:SoulCrush","TheCursedMod:Wield"],"picked":"SKIP","floor":8},{"not_picked":["TheCursedMod:CircleOfFlame","TheCursedMod:StingEye","TheCursedMod:Evocation"],"picked":"SKIP","floor":14},{"not_picked":["TheCursedMod:SaltUponWound","TheCursedMod:ReleasedKnowledge"],"picked":"TheCursedMod:SurpriseAttack","floor":18},{"not_picked":["TheCursedMod:FleshFromBone","TheCursedMod:RavingStaff","TheCursedMod:SmokeScreen+1"],"picked":"SKIP","floor":21},{"not_picked":["TheCursedMod:AntiAging","TheCursedMod:SurpriseAttack","TheCursedMod:Stigma"],"picked":"SKIP","floor":22},{"not_picked":["TheCursedMod:ManaBullet","TheCursedMod:BlessingInDisguise+1","TheCursedMod:SpitefulStrike"],"picked":"SKIP","floor":23},{"not_picked":["TheCursedMod:CircleOfFocus+1","TheCursedMod:CursedSpellbook","TheCursedMod:CircleOfCorruption"],"picked":"SKIP","floor":25},{"not_picked":["TheCursedMod:NeowsMight","TheCursedMod:CollectTribute","TheCursedMod:CircleOfFocus"],"picked":"SKIP","floor":30},{"not_picked":["TheCursedMod:Mangle+1","TheCursedMod:VitalStrike","TheCursedMod:StingEye"],"picked":"SKIP","floor":35},{"not_picked":["TheCursedMod:Wield","TheCursedMod:BloodBarrier","TheCursedMod:Stretching+1"],"picked":"SKIP","floor":36},{"not_picked":["TheCursedMod:SpitefulStrike","TheCursedMod:CursedSpellbook+1","TheCursedMod:BlessingInDisguise"],"picked":"SKIP","floor":37},{"not_picked":["TheCursedMod:FleshFromBone","TheCursedMod:VitalStrike+1","TheCursedMod:UltimatePain"],"picked":"SKIP","floor":38},{"not_picked":["TheCursedMod:CollectTribute","TheCursedMod:CursedAmulet+1","TheCursedMod:ReleasedStrength+1"],"picked":"SKIP","floor":40},{"not_picked":["TheCursedMod:BlessingInDisguise+1","TheCursedMod:LuckyCharm","TheCursedMod:AshesToAshes"],"picked":"SKIP","floor":41},{"not_picked":["TheCursedMod:WearCloak","TheCursedMod:Stigma","TheCursedMod:HellsGateOpen"],"picked":"SKIP","floor":42},{"not_picked":["TheCursedMod:Torture+1","TheCursedMod:UltimatePain","TheCursedMod:CircleOfFlame+1"],"picked":"SKIP","floor":44},{"not_picked":["TheCursedMod:SpitefulPray+1","TheCursedMod:DarkBarrier","TheCursedMod:CursedShiv+1"],"picked":"SKIP","floor":45},{"not_picked":["TheCursedMod:RavingStaff","TheCursedMod:ReleasedStrength+1","TheCursedMod:Stigma+1"],"picked":"SKIP","floor":46},{"not_picked":["TheCursedMod:BlessingInDisguise","TheCursedMod:TacticalStrike","TheCursedMod:Hemoplague"],"picked":"SKIP","floor":48},{"not_picked":["TheCursedMod:CursedMace+1","TheCursedMod:CursedAmulet+1","TheCursedMod:CircleOfBlood+1"],"picked":"SKIP","floor":54}],"player_experience":941782,"relics_obtained":[{"floor":6,"key":"TheCursedMod:Tack"},{"floor":8,"key":"Pondfish Scales"},{"floor":9,"key":"Replay:Ringing Soul"},{"floor":23,"key":"construct:FoamFinger"},{"floor":25,"key":"FossilizedHelix"},{"floor":26,"key":"Replay:Rubber Ducky"},{"floor":30,"key":"Whetstone"},{"floor":40,"key":"TheCursedMod:BloodyHarpoon"},{"floor":44,"key":"Sundial"},{"floor":46,"key":"Replay:Baseball"},{"floor":47,"key":"Lizard Tail"},{"floor":54,"key":"Bronze Scales"}],"event_choices":[{"damage_healed":0,"gold_gain":0,"player_choice":"Grow","damage_taken":0,"max_hp_gain":0,"max_hp_loss":0,"event_name":"Living Wall","floor":0,"gold_loss":0,"cards_upgraded":["Finesse"]},{"damage_healed":0,"gold_gain":0,"player_choice":"Take Damage","damage_taken":18,"relics_obtained":["Golden Idol"],"max_hp_gain":0,"max_hp_loss":0,"event_name":"Golden Idol","floor":10,"gold_loss":0},{"cards_removed":["TheCursedMod:CleanUpWorkshop"],"damage_healed":0,"gold_gain":0,"player_choice":"Purged","damage_taken":0,"max_hp_gain":0,"max_hp_loss":0,"event_name":"Purifier","floor":12,"gold_loss":0},{"damage_healed":0,"gold_gain":0,"player_choice":"Traded Relic","damage_taken":0,"relics_obtained":["Nloth\u0027s Gift"],"max_hp_gain":0,"max_hp_loss":0,"event_name":"N\u0027loth","floor":20,"relics_lost":["Replay:Ringing Soul"],"gold_loss":0},{"damage_healed":0,"gold_gain":0,"player_choice":"Fight","damage_taken":0,"max_hp_gain":0,"max_hp_loss":0,"event_name":"MindBloom","floor":47,"gold_loss":0}],"is_beta":false,"boss_relics":[{"not_picked":["Astrolabe","TheCursedMod:OminousMark"],"picked":"SlaversCollar"},{"not_picked":["Philosopher\u0027s Stone","Coffee Dripper"],"picked":"Replay:Wanted Poster"}],"items_purged_floors":[2],"is_endless":false,"potions_floor_spawned":[1,6,21,23,37,40,44,46,47,48,54],"ascension_level":8}}