{"host":"49pjgf1q9ev52n8z","time":1613800452,"event":{"mods":["BaseMod","Bestiary","Colored Map","Keyboard Shortcuts","Minty Spire (QoL Compilation)","Practice Mode","Relic Stats","StSLib"],"gold_per_floor":[19,19,37,37,52,86,12,12,12,30,30,64,80,98,98,201,201,214,66,76,76,76,76,93,126,126,141,161,161,188,202,202,300,300,318,318,593,611,115,115,141,141,215,234,265,277,301,323,335,347],"floor_reached":51,"language":"ENG","playtime":4165,"items_purged":["Regret"],"score":993,"play_id":"4537a51c-1084-4bd1-a645-f0235cb00e4c","local_time":"20210219215412","is_ascension_mode":true,"campfire_choices":[{"floor":8,"key":"REST"},{"floor":11,"key":"REST"},{"data":"Biased Cognition","floor":15,"key":"SMITH"},{"data":"Dualcast","floor":23,"key":"SMITH"},{"floor":29,"key":"REST"},{"data":"Echo Form","floor":32,"key":"SMITH"},{"data":"Rainbow","floor":40,"key":"SMITH"},{"floor":42,"key":"REST"},{"data":"Creative AI","floor":46,"key":"SMITH"},{"data":"Defragment","floor":49,"key":"SMITH"}],"circlet_count":0,"master_deck":["Strike_B+1","Strike_B+1","Strike_B+1","Strike_B+1","Defend_B+1","Defend_B+1","Defend_B+1","Defend_B+1","Zap","Dualcast+1","Echo Form","Barrage","Static Discharge+1","Biased Cognition+1","Cold Snap","Conserve Battery","Self Repair","Streamline+1","Compile Driver","Echo Form+1","Rebound+1","Force Field","Chaos","Genetic Algorithm+1","Creative AI+1","Echo Form","BootSequence+1","Rainbow+1","Echo Form","Thinking Ahead","Forethought","Sunder+1","Tempest+1","Defragment+1","Skim+1","Lockon+1"],"relics":["Cracked Core","Bottled Tornado","Bag of Marbles","Thread and Needle","Symbiotic Virus","Nuclear Battery","Centennial Puzzle","Toy Ornithopter","Torii","The Courier","Pantograph","Black Star","Whetstone","Art of War","Mummified Hand","MawBank","Omamori"],"acts_visited":["Exordium","TheCity","TheBeyond"],"potions_floor_usage":[10,12,16,24,30,33,41],"damage_taken":[{"damage":1,"enemies":"Cultist","floor":1,"turns":4},{"damage":19,"enemies":"Jaw Worm","floor":3,"turns":5},{"damage":1,"enemies":"Small Slimes","floor":5,"turns":3},{"damage":25,"enemies":"3 Sentries","floor":6,"turns":4},{"damage":10,"enemies":"Exordium Thugs","floor":10,"turns":3},{"damage":0,"enemies":"Lagavulin","floor":12,"turns":7},{"damage":17,"enemies":"Exordium Wildlife","floor":13,"turns":3},{"damage":2,"enemies":"2 Fungi Beasts","floor":14,"turns":4},{"damage":1,"enemies":"The Guardian","floor":16,"turns":11},{"damage":0,"enemies":"Spheric Guardian","floor":18,"turns":3},{"damage":12,"enemies":"Shell Parasite","floor":20,"turns":5},{"damage":7,"enemies":"Shelled Parasite and Fungi","floor":24,"turns":5},{"damage":37,"enemies":"Slavers","floor":25,"turns":4},{"damage":1,"enemies":"Snecko","floor":27,"turns":5},{"damage":38,"enemies":"Chosen and Byrds","floor":28,"turns":5},{"damage":27,"enemies":"Gremlin Leader","floor":30,"turns":7},{"damage":9,"enemies":"Shelled Parasite and Fungi","floor":31,"turns":4},{"damage":34,"enemies":"Automaton","floor":33,"turns":10},{"damage":1,"enemies":"3 Shapes","floor":35,"turns":4},{"damage":8,"enemies":"Orb Walker","floor":38,"turns":3},{"damage":16,"enemies":"Nemesis","floor":41,"turns":6},{"damage":1,"enemies":"4 Shapes","floor":44,"turns":6},{"damage":25,"enemies":"Reptomancer","floor":45,"turns":6},{"damage":1,"enemies":"Writhing Mass","floor":47,"turns":5},{"damage":21,"enemies":"Spire Growth","floor":48,"turns":4},{"damage":28,"enemies":"Time Eater","floor":50,"turns":7}],"seed_played":"-509672474883244482","potions_obtained":[{"floor":6,"key":"Swift Potion"},{"floor":10,"key":"AttackPotion"},{"floor":13,"key":"Swift Potion"},{"floor":14,"key":"FearPotion"},{"floor":18,"key":"Block Potion"},{"floor":27,"key":"Regen Potion"},{"floor":30,"key":"DuplicationPotion"},{"floor":33,"key":"Energy Potion"},{"floor":44,"key":"Block Potion"}],"is_trial":false,"path_per_floor":["M","T","M","?","M","E","$","R","T","M","R","E","M","M","R","B",null,"M","$","M","?","T","R","M","E","T","M","M","R","E","M","R","B",null,"M","?","?","M","$","R","E","R","T","M","E","R","M","M","R","B",null],"character_chosen":"DEFECT","items_purchased":["Cold Snap","Block Potion","Centennial Puzzle","Rainbow","Echo Form","Thinking Ahead","Forethought"],"campfire_rested":4,"item_purchase_floors":[7,7,19,39,39,39,39],"current_hp_per_floor":[74,74,55,55,54,29,29,51,51,41,63,63,60,72,72,75,75,75,75,63,63,63,63,75,38,38,51,27,49,41,46,46,48,68,67,67,67,59,59,59,48,70,70,75,57,57,63,56,56,54],"gold":359,"neow_bonus":"THREE_RARE_CARDS","is_daily":false,"chose_seed":false,"campfire_upgraded":6,"win_rate":0.0,"timestamp":1613800452,"path_taken":["M","?","M","?","M","E","?","R","T","M","R","E","M","?","R","BOSS","M","$","M","?","?","R","M","E","T","M","?","R","E","M","R","BOSS","M","?","?","M","$","R","E","R","T","?","E","R","M","M","R","BOSS"],"items_purchased_type":["Card","Potion","Relic","Card","Card","Card","Card"],"build_version":"2020-12-22","purchased_purges":1,"victory":true,"max_hp_per_floor":[75,75,75,75,75,75,75,75,75,75,75,75,75,75,75,75,75,75,75,75,75,75,75,75,75,75,75,75,75,75,75,75,75,75,75,75,75,75,75,75,75,75,75,75,75,75,75,75,75,75],"relic_stats":{"Centennial Puzzle":[48],"Torii":32,"counters":[26,133],"Mummified Hand":[95],"Pantograph":44,"Black Star":2,"Art of War":[10],"Whetstone":["Streamline","Rebound"],"MawBank":72,"obtain_stats":[{"Torii":25,"Thread and Needle":9,"The Courier":26,"Omamori":45,"Whetstone":41,"Bottled Tornado":2,"MawBank":45,"Nuclear Battery":17,"Centennial Puzzle":19,"Mummified Hand":43,"Pantograph":30,"Bag of Marbles":6,"Black Star":34,"Art of War":41,"Cracked Core":0,"Symbiotic Virus":12,"Toy Ornithopter":22},{"Torii":13,"Thread and Needle":4,"The Courier":13,"Omamori":23,"Whetstone":21,"Bottled Tornado":1,"MawBank":23,"Nuclear Battery":9,"Centennial Puzzle":10,"Mummified Hand":21,"Pantograph":16,"Bag of Marbles":4,"Black Star":18,"Art of War":21,"Cracked Core":0,"Symbiotic Virus":6,"Toy Ornithopter":11},{"Torii":61,"Thread and Needle":16,"The Courier":61,"Omamori":117,"Whetstone":105,"Bottled Tornado":4,"MawBank":117,"Nuclear Battery":44,"Centennial Puzzle":47,"Mummified Hand":105,"Pantograph":78,"Bag of Marbles":16,"Black Star":92,"Art of War":105,"Cracked Core":0,"Symbiotic Virus":26,"Toy Ornithopter":52}],"Toy Ornithopter":19},"card_choices":[{"not_picked":["Amplify","Rainbow"],"picked":"Echo Form","floor":0},{"not_picked":["Leap","Steam"],"picked":"Barrage","floor":1},{"not_picked":["Blizzard","Coolheaded"],"picked":"Static Discharge","floor":3},{"not_picked":["Go for the Eyes","Blizzard","Beam Cell"],"picked":"SKIP","floor":5},{"not_picked":["Hello World","Fusion"],"picked":"Biased Cognition","floor":6},{"not_picked":["Beam Cell","Auto Shields"],"picked":"Conserve Battery","floor":10},{"not_picked":["Undo","Leap"],"picked":"Self Repair","floor":12},{"not_picked":["Redo","Sweeping Beam"],"picked":"Streamline","floor":13},{"not_picked":["Hello World","Stack"],"picked":"Compile Driver","floor":14},{"not_picked":["Rainbow","Fission"],"picked":"Echo Form","floor":16},{"not_picked":["Streamline+1","Blizzard"],"picked":"Rebound","floor":18},{"not_picked":["Rebound+1","Coolheaded"],"picked":"Force Field","floor":20},{"not_picked":["Storm+1","Beam Cell+1"],"picked":"Chaos","floor":24},{"not_picked":["Hologram","Go for the Eyes+1"],"picked":"Genetic Algorithm+1","floor":25},{"not_picked":["Redo","Steam","Gash"],"picked":"SKIP","floor":27},{"not_picked":["Chaos","Fusion"],"picked":"Creative AI","floor":28},{"not_picked":["Cold Snap","Steam","Recycle"],"picked":"SKIP","floor":30},{"not_picked":["Gash","Go for the Eyes","Coolheaded"],"picked":"SKIP","floor":31},{"not_picked":["Thunder Strike","Meteor Strike"],"picked":"Echo Form","floor":33},{"not_picked":["Gash+1","Stack+1","Chill"],"picked":"SKIP","floor":35},{"not_picked":["Genetic Algorithm","Consume"],"picked":"BootSequence+1","floor":38},{"not_picked":["Beam Cell","Coolheaded+1"],"picked":"Sunder+1","floor":41},{"not_picked":["Loop","Redo+1"],"picked":"Tempest+1","floor":44},{"not_picked":["Steam+1","Stack"],"picked":"Defragment","floor":45},{"not_picked":["Stack","Beam Cell+1"],"picked":"Skim+1","floor":47},{"not_picked":["Beam Cell+1","Conserve Battery"],"picked":"Lockon+1","floor":48}],"player_experience":866896,"relics_obtained":[{"floor":2,"key":"Bottled Tornado"},{"floor":6,"key":"Bag of Marbles"},{"floor":9,"key":"Thread and Needle"},{"floor":12,"key":"Symbiotic Virus"},{"floor":22,"key":"Toy Ornithopter"},{"floor":25,"key":"Torii"},{"floor":26,"key":"The Courier"},{"floor":30,"key":"Pantograph"},{"floor":41,"key":"Whetstone"},{"floor":41,"key":"Art of War"},{"floor":43,"key":"Mummified Hand"},{"floor":45,"key":"MawBank"},{"floor":45,"key":"Omamori"}],"event_choices":[{"damage_healed":0,"gold_gain":0,"player_choice":"Grow","damage_taken":0,"max_hp_gain":0,"max_hp_loss":0,"event_name":"Living Wall","floor":4,"gold_loss":0,"cards_upgraded":["Static Discharge"]},{"damage_healed":0,"gold_gain":0,"player_choice":"Simplicity","damage_taken":0,"max_hp_gain":0,"max_hp_loss":0,"event_name":"Back to Basics","floor":21,"gold_loss":0,"cards_upgraded":["Strike_B","Strike_B","Strike_B","Strike_B","Defend_B","Defend_B","Defend_B","Defend_B"]},{"damage_healed":0,"gold_gain":0,"player_choice":"Memory 1","damage_taken":0,"max_hp_gain":0,"max_hp_loss":0,"event_name":"SensoryStone","floor":36,"gold_loss":0},{"damage_healed":0,"gold_gain":275,"player_choice":"Desecrate","damage_taken":0,"max_hp_gain":0,"max_hp_loss":0,"event_name":"Golden Shrine","floor":37,"gold_loss":0,"cards_obtained":["Regret"]}],"is_beta":false,"boss_relics":[{"not_picked":["Runic Dome","Inserter"],"picked":"Nuclear Battery"},{"not_picked":["Fusion Hammer","Coffee Dripper"],"picked":"Black Star"}],"items_purged_floors":[39],"is_endless":false,"potions_floor_spawned":[6,10,13,14,18,27,30,33,35,44,45,47,48],"ascension_level":5}}