{"host":"xltl1aroowo69o4n","time":1613835892,"event":{"mods":["BaseMod","Colored Map","Colored Powertips","Downfall","Marisa????????","Minty Spire (QoL Compilation)","Replay The Spire","StSLib","The Cursed","The Hierophant","The Mystic","The Necromancer","The Servant 0.9.4"],"gold_per_floor":[115,115,132,151,151,184,184,216,216,22,51,66,66,8,8,108,108,123,83,108,23,23,52,52,68,147,65,81,22,35,55,55,155,155,172,172,20,39,387,387,398,412,412,412,427,427,444,457,457,457],"floor_reached":51,"language":"ENG","playtime":3070,"items_purged":[],"score":937,"play_id":"80d2a349-136e-48ab-989c-235228f2c213","local_time":"20210220104452","is_ascension_mode":false,"campfire_choices":[{"floor":7,"key":"REST"},{"floor":15,"key":"DIG"},{"floor":24,"key":"REST"},{"floor":32,"key":"REST"},{"floor":40,"key":"REST"},{"floor":46,"key":"REST"},{"floor":49,"key":"REST"}],"circlet_count":0,"master_deck":["mysticmod:Strike_Mystic","mysticmod:Strike_Mystic","mysticmod:Strike_Mystic","mysticmod:Strike_Mystic","mysticmod:Defend_Mystic+1","mysticmod:Defend_Mystic+1","mysticmod:Defend_Mystic+1","mysticmod:Defend_Mystic+1","mysticmod:ArcaneDodge","mysticmod:ShockingGrasp","mysticmod:VorpalThrust","mysticmod:Snowball","mysticmod:MysticalShield+1","mysticmod:CureLightWounds+1","mysticmod:ComponentsPouch","mysticmod:SuddenClarity","mysticmod:Snowball","mysticmod:ArcaneAccuracy+1","mysticmod:Spellstrike","mysticmod:Fly+1","mysticmod:PowerAttack","mysticmod:PowerSlash+1","mysticmod:Stoneskin","mysticmod:ComboCaster","mysticmod:FiveFootStep","mysticmod:SuddenClarity","mysticmod:Shield","mysticmod:Probe","mysticmod:KeenEdge+1","mysticmod:Disintegrate","mysticmod:BladedDash+1","mysticmod:AllIn+1","mysticmod:FloatingDisk","mysticmod:CorrosiveTouch+1","Wraith","mysticmod:IllusionOfCalm","mysticmod:PureInstinct","mysticmod:SuddenClarity+1"],"relics":["mysticmod:SpellBook","White Beast Statue","mysticmod:RunicPrism","Replay:Bottled Flurry","ReplayTheSpireMod:Lightbulb","Nunchaku","Pondfish Scales","Ring of Chaos","Red Mask","ReplayTheSpireMod:TigerMarble","MutagenicStrength","Replay:Bottled Steam","Replay:Bottled Eggs","Smiling Mask","mysticmod:CrystalBall","Pen Nib","Old Coin","Oddly Smooth Stone"],"acts_visited":["Exordium","TheCity","TheBeyond"],"potions_floor_usage":[8,20,20,23,33,33,33,38,41,42,42,45,48,50,50],"damage_taken":[{"damage":1,"enemies":"Jaw Worm","floor":1,"turns":6},{"damage":1,"enemies":"Cultist","floor":3,"turns":4},{"damage":0,"enemies":"2 Louse","floor":4,"turns":2},{"damage":33,"enemies":"Lagavulin","floor":6,"turns":7},{"damage":2,"enemies":"3 Sentries","floor":8,"turns":9},{"damage":16,"enemies":"Lagavulin","floor":11,"turns":6},{"damage":9,"enemies":"Gremlin Gang","floor":12,"turns":5},{"damage":20,"enemies":"Fading Forest","floor":16,"turns":11},{"damage":0,"enemies":"Chosen","floor":18,"turns":4},{"damage":33,"enemies":"Masked Bandits","floor":20,"turns":7},{"damage":22,"enemies":"Gremlin Leader","floor":23,"turns":9},{"damage":0,"enemies":"2 Thieves","floor":25,"turns":4},{"damage":19,"enemies":"Centurion and Healer","floor":28,"turns":5},{"damage":6,"enemies":"Sentry and Sphere","floor":30,"turns":5},{"damage":0,"enemies":"Snake Plant","floor":31,"turns":3},{"damage":67,"enemies":"Pondfish","floor":33,"turns":16},{"damage":3,"enemies":"3 Shapes","floor":35,"turns":4},{"damage":25,"enemies":"Orb Walker","floor":38,"turns":3},{"damage":22,"enemies":"2 Orb Walkers","floor":39,"turns":6},{"damage":52,"enemies":"Maw","floor":41,"turns":10},{"damage":10,"enemies":"4 Shapes","floor":42,"turns":5},{"damage":4,"enemies":"Sphere and 2 Shapes","floor":45,"turns":4},{"damage":5,"enemies":"3 Darklings","floor":47,"turns":3},{"damage":0,"enemies":"Jaw Worm Horde","floor":48,"turns":6},{"damage":58,"enemies":"Awakened One","floor":50,"turns":18}],"seed_played":"-4742729948770041620","potions_obtained":[{"floor":0,"key":"LifebloodPotion"},{"floor":0,"key":"Fire Potion"},{"floor":0,"key":"Death Potion"},{"floor":8,"key":"Ancient Potion"},{"floor":16,"key":"LiquidBronze"},{"floor":20,"key":"Languid Potion"},{"floor":23,"key":"Explosive Potion"},{"floor":25,"key":"Elixir"},{"floor":33,"key":"Dexterity Potion"},{"floor":35,"key":"champ:CounterPotion"},{"floor":38,"key":"FairyPotion"},{"floor":39,"key":"AttackPotion"},{"floor":41,"key":"Ancient Potion"},{"floor":42,"key":"Reflective Coating"},{"floor":45,"key":"LiquidMemories"},{"floor":47,"key":"Dexterity Potion"},{"floor":48,"key":"Strength Potion"}],"is_trial":false,"path_per_floor":["M","?","M","M","?","E","R","E","T","$","E","M","?","$","R_BF","B",null,"M","$","?","?","?","E","R","M","T","$","M","?","M","M","R","B",null,"M","?","$","M","?","R","M","M","T","?","M","R","M","M","R","B",null],"character_chosen":"MYSTIC_CLASS","items_purchased":["ReplayTheSpireMod:Lightbulb","mysticmod:ArcaneAccuracy+1","mysticmod:PowerAttack","mysticmod:FiveFootStep","mysticmod:SuddenClarity","Pen Nib"],"campfire_rested":6,"item_purchase_floors":[10,14,19,27,27,37],"current_hp_per_floor":[76,76,75,75,75,42,65,66,66,66,53,47,47,47,47,43,77,77,77,50,50,50,34,57,57,57,57,46,46,45,45,68,7,77,74,77,77,53,37,60,14,10,10,10,9,32,27,32,55,3],"gold":457,"neow_bonus":"THREE_SMALL_POTIONS","is_daily":false,"chose_seed":false,"campfire_upgraded":0,"win_rate":0.0,"timestamp":1613835892,"path_taken":["M","?","M","?","?","E","R","E","T","$","E","?","?","?","R_BF","BOSS","M","$","?","?","?","E","R","M","T","$","M","?","?","M","R","BOSS","M","?","$","?","?","R","M","M","T","?","M","R","?","M","R","BOSS"],"items_purchased_type":["Relic","Card","Card","Card","Card","Relic"],"build_version":"2020-12-13","purchased_purges":0,"victory":true,"max_hp_per_floor":[77,77,77,77,77,77,77,77,77,77,77,77,77,77,77,77,77,77,77,77,77,77,77,77,77,77,77,77,77,77,77,77,77,77,77,77,77,77,77,77,77,77,77,77,77,77,77,77,77,77],"card_choices":[{"not_picked":["mysticmod:EbbAndFlow","mysticmod:HunkerDown"],"picked":"mysticmod:VorpalThrust","floor":1},{"not_picked":["mysticmod:DiviningBlow","mysticmod:KeenEdge"],"picked":"mysticmod:Snowball","floor":3},{"not_picked":["mysticmod:DiviningBlow","mysticmod:RapidCaster"],"picked":"mysticmod:MysticalShield","floor":4},{"not_picked":["mysticmod:Fly","mysticmod:BladeMaster"],"picked":"mysticmod:CureLightWounds","floor":6},{"not_picked":["mysticmod:MirrorStrike","mysticmod:Alacrity"],"picked":"mysticmod:ComponentsPouch","floor":8},{"not_picked":["mysticmod:MagicMissile","mysticmod:TomeOfSpells"],"picked":"mysticmod:SuddenClarity","floor":11},{"not_picked":["mysticmod:Riposte","mysticmod:BulkUp"],"picked":"mysticmod:Snowball","floor":12},{"not_picked":["mysticmod:SpellRecall","mysticmod:ClosingBarrage"],"picked":"mysticmod:Spellstrike","floor":16},{"not_picked":["mysticmod:Flurry","mysticmod:IllusionOfCalm"],"picked":"mysticmod:Fly+1","floor":18},{"not_picked":["mysticmod:CorrosiveTouch","mysticmod:Alacrity"],"picked":"mysticmod:PowerSlash+1","floor":20},{"not_picked":["mysticmod:EnergizedRift","mysticmod:Haste"],"picked":"mysticmod:Stoneskin","floor":23},{"not_picked":["mysticmod:MirrorStrike","mysticmod:PowerSlash"],"picked":"mysticmod:ComboCaster","floor":25},{"not_picked":["mysticmod:Alacrity","mysticmod:MightyMagic+1"],"picked":"mysticmod:Shield","floor":28},{"not_picked":["mysticmod:FiveFootStep+1","mysticmod:ComponentsPouch"],"picked":"mysticmod:Probe","floor":30},{"not_picked":["mysticmod:PowerAttack","mysticmod:Daze"],"picked":"mysticmod:KeenEdge+1","floor":31},{"not_picked":["mysticmod:Discipline","mysticmod:KnowledgePool"],"picked":"mysticmod:Disintegrate","floor":33},{"not_picked":["mysticmod:Stoneskin+1","mysticmod:Daze"],"picked":"mysticmod:PreparedCaster","floor":35},{"not_picked":["mysticmod:PowerSlash+1","mysticmod:Fireball+1"],"picked":"mysticmod:BladedDash+1","floor":38},{"not_picked":["mysticmod:HeavyStrike","mysticmod:DiviningBlow+1"],"picked":"mysticmod:AllIn+1","floor":39},{"not_picked":["mysticmod:FiveFootStep","mysticmod:IllusionOfCalm"],"picked":"mysticmod:FloatingDisk","floor":41},{"not_picked":["mysticmod:Snowball","mysticmod:LightningBolt+1"],"picked":"mysticmod:CorrosiveTouch+1","floor":42},{"not_picked":["mysticmod:MirrorStrike+1","mysticmod:MagicMissile+1"],"picked":"mysticmod:IllusionOfCalm","floor":45},{"not_picked":["mysticmod:DiviningBlow","mysticmod:Probe+1"],"picked":"mysticmod:PureInstinct","floor":47},{"not_picked":["mysticmod:Stoneskin","mysticmod:RapidCaster"],"picked":"mysticmod:SuddenClarity+1","floor":48}],"player_experience":232771,"relics_obtained":[{"floor":6,"key":"White Beast Statue"},{"floor":8,"key":"mysticmod:RunicPrism"},{"floor":9,"key":"Replay:Bottled Flurry"},{"floor":11,"key":"Nunchaku"},{"floor":15,"key":"Pondfish Scales"},{"floor":20,"key":"Red Mask"},{"floor":23,"key":"Replay:Bottled Steam"},{"floor":26,"key":"Replay:Bottled Eggs"},{"floor":39,"key":"Old Coin"},{"floor":43,"key":"Oddly Smooth Stone"}],"event_choices":[{"damage_healed":0,"gold_gain":0,"player_choice":"Ignored","damage_taken":0,"max_hp_gain":0,"max_hp_loss":0,"event_name":"NoteForYourself","floor":2,"gold_loss":0},{"damage_healed":0,"gold_gain":0,"player_choice":"Upgraded","damage_taken":0,"max_hp_gain":0,"max_hp_loss":0,"event_name":"Upgrade Shrine","floor":5,"gold_loss":0,"cards_upgraded":["mysticmod:MysticalShield"]},{"damage_healed":0,"gold_gain":0,"player_choice":"Grow","damage_taken":0,"max_hp_gain":0,"max_hp_loss":0,"event_name":"Living Wall","floor":13,"gold_loss":0,"cards_upgraded":["mysticmod:CureLightWounds"]},{"damage_healed":0,"gold_gain":0,"player_choice":"Fought Bandits","damage_taken":0,"max_hp_gain":0,"max_hp_loss":0,"event_name":"Masked Bandits","floor":20,"gold_loss":0},{"damage_healed":0,"gold_gain":0,"player_choice":"Obtained Relic","damage_taken":0,"relics_obtained":["ReplayTheSpireMod:TigerMarble"],"max_hp_gain":0,"max_hp_loss":0,"event_name":"Addict","floor":21,"gold_loss":85},{"damage_healed":0,"gold_gain":0,"player_choice":"Inject Mutagens","damage_taken":0,"relics_obtained":["MutagenicStrength"],"max_hp_gain":0,"max_hp_loss":0,"event_name":"Drug Dealer","floor":22,"gold_loss":0},{"damage_healed":0,"gold_gain":0,"player_choice":"Paid Gold","damage_taken":0,"relics_obtained":["Smiling Mask"],"max_hp_gain":0,"max_hp_loss":0,"event_name":"WeMeetAgain","floor":29,"gold_loss":59},{"cards_removed":["mysticmod:PreparedCaster"],"damage_healed":3,"gold_gain":0,"player_choice":"Offered Uncommon","damage_taken":0,"max_hp_gain":0,"max_hp_loss":0,"event_name":"Bonfire Elementals","floor":36,"gold_loss":0},{"damage_healed":0,"gold_gain":0,"player_choice":"Fight","damage_taken":0,"max_hp_gain":0,"max_hp_loss":0,"event_name":"Mysterious Sphere","floor":39,"gold_loss":0},{"damage_healed":0,"gold_gain":0,"player_choice":"Ignored","damage_taken":0,"max_hp_gain":0,"max_hp_loss":0,"event_name":"OrinTheCat","floor":44,"gold_loss":0}],"is_beta":false,"boss_relics":[{"not_picked":["Velvet Choker","Fusion Hammer"],"picked":"Ring of Chaos"},{"not_picked":["Snecko Eye","Busted Crown"],"picked":"mysticmod:CrystalBall"}],"items_purged_floors":[],"is_endless":false,"potions_floor_spawned":[1,4,8,11,12,16,18,20,23,25,28,30,31,33,35,38,39,41,42,45,47,48],"ascension_level":0}}