{"host":"tubmkv2g6v9d0kjw","time":1613795186,"event":{"mods":["2.2 Compatiblity","BaseMod","Conspire","Downfall","Hubris","Minty Spire (QoL Compilation)","Relic Stats","Spire Arcade","StSLib"],"gold_per_floor":[99,99,99,118,129,129,152,152,152,152],"floor_reached":8,"language":"ENG","playtime":227,"items_purged":[],"score":44,"play_id":"3851ded0-0051-4707-a077-7402f6b5c201","local_time":"20210219222626","is_ascension_mode":false,"campfire_choices":[{"data":"champ:Taunt","floor":1,"key":"SMITH"},{"data":"champ:BerserkerStyle","floor":6,"key":"SMITH"}],"circlet_count":0,"master_deck":["champ:Strike","champ:Strike","champ:Strike","champ:Defend","champ:Defend","champ:Defend","champ:Defend","champ:Execute","champ:Taunt+1","champ:Lariat","champ:BerserkerStyle+1"],"relics":["champ:ChampionCrown","Smiling Mask","Blood Vial"],"acts_visited":["Exordium"],"potions_floor_usage":[],"damage_taken":[{"damage":43,"enemies":"Jaw Worm","floor":4,"turns":7},{"damage":26,"enemies":"2 Louse","floor":5,"turns":4},{"damage":73,"enemies":"Gremlin Nob","floor":8,"turns":4}],"seed_played":"-650666472140060975","potions_obtained":[{"floor":4,"key":"BlessingOfTheForge"}],"is_trial":false,"path_per_floor":["R","?","?","M","M","R","T","E"],"character_chosen":"THE_CHAMP","items_purchased":[],"campfire_rested":0,"item_purchase_floors":[],"current_hp_per_floor":[90,90,75,67,66,66,66,0,0,0],"gold":152,"neow_bonus":"RANDOM_COMMON_RELIC","is_daily":false,"chose_seed":false,"campfire_upgraded":2,"win_rate":0.0,"timestamp":1613795186,"path_taken":["R","?","?","?","M","R","T","E"],"items_purchased_type":[],"build_version":"2020-12-22","purchased_purges":0,"victory":false,"max_hp_per_floor":[90,90,90,90,90,90,90,90,90,90],"relic_stats":{"Blood Vial":2,"counters":[3,15],"Smiling Mask":0,"obtain_stats":[{"Blood Vial":7,"champ:ChampionCrown":0,"Smiling Mask":0},{"Blood Vial":2,"champ:ChampionCrown":0,"Smiling Mask":0},{"Blood Vial":11,"champ:ChampionCrown":0,"Smiling Mask":0}]},"card_choices":[{"not_picked":["champ:ShieldWall","champ:HeartStrike"],"picked":"champ:Lariat","floor":4},{"not_picked":["champ:DefensiveShout","champ:PerfectedStrike"],"picked":"champ:BerserkerStyle","floor":5}],"player_experience":550376,"relics_obtained":[{"floor":7,"key":"Blood Vial"}],"event_choices":[{"cards_removed":["champ:Strike"],"damage_healed":0,"gold_gain":0,"player_choice":"Card Removal","damage_taken":0,"max_hp_gain":0,"max_hp_loss":0,"event_name":"The Cleric","floor":2,"gold_loss":0}],"is_beta":false,"boss_relics":[],"items_purged_floors":[],"is_endless":false,"potions_floor_spawned":[4],"killed_by":"Gremlin Nob","ascension_level":0}}