{"host":"7qehwwg45m0o36in","time":1613835288,"event":{"mods":["2.2 Compatiblity","AchievementEnabler","AlwaysNeverKeys","Aspiration","BaseMod","Better Altar","Better Match","Better Skull","BetterRewards","Card Forge","Challenge The Spire","Chen","Colored Map","Colored Powertips","Conspire","Custom Start","Defuse TimeMaze Blight","Energized Spire","Exacting","Filter the Spire","GifTheSpireLib","Hermit","Hubris","Infinite Spire","Jedi Mod","Jorbs\u0027s Wanderer Trilogy","Koishi","Mimic Mod","Minty Spire (QoL Compilation)","Prisma Mod","Quick Restart","Random Character Mod","Rare Cards Sparkle","Remilia??????","Replay The Spire","Robot Space Explorer","Shop Mod","Spicy Shops","Spikes Relics","Spire Birthday Party","StSLib","Stuff the Spire","Synergy Search","The Animator","The Blackbeard","The Blue Laboratory","The Cursed","The Disciple","The Jungle","The Marked","Virulent Crown","Wandering Minibosses"],"gold_per_floor":[141,141,180,180,234,336,336,426,426,527,587,662,728,782,782,1076,1076,1127,1190,1292,1331,542,620,620,716,821,920,920,1004,1004,1079,1079,1376,1476,1518,1560,1614,1614,1764,1848,1848,1848,1902,1902,1902,1902],"floor_reached":44,"language":"ENG","playtime":2154,"items_purged":[],"score":789,"play_id":"da94630f-b23b-497b-8e23-96acb37698b8","local_time":"20210220163448","daily_mods":["Draft","Diverse","Elite Swarm","Midas"],"is_ascension_mode":false,"campfire_choices":[{"floor":7.0,"key":"REST"},{"floor":15.0,"key":"REST"},{"floor":24.0,"key":"REST"},{"floor":28.0,"key":"REST"},{"floor":32.0,"key":"DIG"},{"data":"1","floor":42.0,"key":"LIFT"}],"circlet_count":1,"master_deck":["TheCursedMod:Stigma+1","hermit:Dive+1","RobotSpaceExplorer:MiniBoosters+1","animator:Benimaru+1","stsjorbsmod:RayOfFrost+1","Consecrate+1","Flex+1","Stigmanizer+1","Ball Lightning+1","Koishi:StrangeCloudFist+1","Slice+1","PrismaMod:ChloeCheapDefendTwo+1","Chen:ResistTemptation+1","Chen:Sweep+1","blackbeard:JollyRoger+1","animator:Layla+1","stsjorbsmod:ArcaneWeapon+1","animator:UneriGinkaku+1","Ragnarok+1","Koishi:FadingMemory+1","Machine Learning+1","RobotSpaceExplorer:Fix+1","stsjorbsmod:Pyromancy+1","conspire:SharedLibrary+1","FlyingSleeves+1","MastersStateliness+1","RobotSpaceExplorer:Autoloader+1","Whirlwind+1","Bullet Time+1","StuffTheSpire:BrainWave+1"],"relics":["blackbeard:LoadTheCannons","Hammer of Thor","Seething Fire","Anvil of the Gods","StuffTheSpire:DarkSteelAnvil","Quantum Egg","StuffTheSpire:MayFlowers","Singing Bowl","Counterbalance","hubris:GlazedTorus","Fusion Hammer","Bag of Preparation","Lee\u0027s Waffle","jedi:angrymask","ShockBauble","MerchantsRug","Ancient Tea Set","Shuriken","Circlet","Replay:Mystery Machine","Omamori","Black Star","hubris:CrystalStatue","Girya","Replay:Wanted Poster","hubris:Icosahedron","StuffTheSpire:DarkSteelAnvil","CaptainsWheel","aspiration:StickyExplosives_weak","jedi:shrinkray"],"acts_visited":[],"potions_floor_usage":[],"damage_taken":[{"damage":11.0,"enemies":"Jaw Worm","floor":1.0,"turns":2.0},{"damage":0.0,"enemies":"Small Slimes","floor":3.0,"turns":1.0},{"damage":0.0,"enemies":"2 Louse","floor":5.0,"turns":1.0},{"damage":0.0,"enemies":"Lagavulin","floor":6.0,"turns":2.0},{"damage":0.0,"enemies":"Gremlin Nob","floor":8.0,"turns":2.0},{"damage":0.0,"enemies":"3 Sentries","floor":10.0,"turns":2.0},{"damage":0.0,"enemies":"Looter","floor":11.0,"turns":2.0},{"damage":3.0,"enemies":"Lagavulin","floor":12.0,"turns":3.0},{"damage":0.0,"enemies":"Large Slime","floor":13.0,"turns":2.0},{"damage":0.0,"enemies":"2 Fungi Beasts","floor":14.0,"turns":1.0},{"damage":28.0,"enemies":"Hexaghost","floor":16.0,"turns":5.0},{"damage":3.0,"enemies":"Chosen","floor":18.0,"turns":2.0},{"damage":0.0,"enemies":"Spheric Guardian","floor":19.0,"turns":3.0},{"damage":30.0,"enemies":"conspire:MimicChest","floor":20.0,"turns":4.0},{"damage":0.0,"enemies":"Centurion and Healer","floor":21.0,"turns":3.0},{"damage":0.0,"enemies":"Slavers","floor":23.0,"turns":2.0},{"damage":8.0,"enemies":"Gremlin Leader","floor":25.0,"turns":3.0},{"damage":0.0,"enemies":"Chosen and Byrds","floor":26.0,"turns":3.0},{"damage":2.0,"enemies":"conspire:Head Lice","floor":27.0,"turns":4.0},{"damage":17.0,"enemies":"Nightmare","floor":29.0,"turns":4.0},{"damage":7.0,"enemies":"conspire:Head Lice","floor":31.0,"turns":5.0},{"damage":11.0,"enemies":"Collector","floor":33.0,"turns":4.0},{"damage":0.0,"enemies":"Orb Walker","floor":35.0,"turns":1.0},{"damage":0.0,"enemies":"3 Darklings","floor":36.0,"turns":1.0},{"damage":7.0,"enemies":"Maw","floor":37.0,"turns":4.0},{"damage":6.0,"enemies":"Mind Bloom Boss Battle","floor":39.0,"turns":3.0},{"damage":13.0,"enemies":"Reptomancer","floor":40.0,"turns":3.0},{"damage":0.0,"enemies":"infinitespire:Three Voidlings","floor":44.0,"turns":1.0},{"damage":4.0,"enemies":"Nightmare_Alpha","floor":44.0,"turns":5.0}],"seed_played":"-4192050306946916052","potions_obtained":[{"floor":1.0,"key":"blueLaboratory:HorrorPotion"},{"floor":5.0,"key":"blueLaboratory:HummingbirdPotion"},{"floor":8.0,"key":"Venom Potion"},{"floor":12.0,"key":"SteroidPotion"},{"floor":14.0,"key":"CultistPotion"},{"floor":18.0,"key":"Strength Potion"},{"floor":31.0,"key":"BlessingOfTheForge"},{"floor":40.0,"key":"ColorlessPotion"}],"is_trial":true,"path_per_floor":["M","?","M","?","M","E","R","E","T","E","M","E","M","M","R","B",null,"M","M","?","M","$","E","R","E","MIM","E","R","NM","AVR","E","R_BF","B",null,"M","M","M","?","?","E","?","R","T","?"],"character_chosen":"BLACKBEARD_CLASS","items_purchased":["Lee\u0027s Waffle","jedi:angrymask","ShockBauble","MastersStateliness","MerchantsRug"],"campfire_rested":4,"item_purchase_floors":[22,22,22,22,22],"current_hp_per_floor":[64,64,64,64,64,64,75,77,77,77,79,76,78,78,81,59,81,81,81,71,79,92,94,94,86,92,94,94,82,82,91,91,88,104,106,108,107,107,109,107,103,103,103,102,102,102],"gold":1902,"neow_bonus":"","is_daily":false,"chose_seed":false,"campfire_upgraded":0,"win_rate":0.0,"timestamp":1613835288,"path_taken":["M","?","M","?","M","E","R","E","T","E","M","E","M","M","R","BOSS","M","M","?","M","$","E","R","E","MIM","E","R","NM","AVR","E","R_BF","BOSS","M","M","M","?","?","E","?","R","T","?"],"items_purchased_type":["Relic","Relic","Relic","Card","Relic"],"build_version":"2020-12-22","purchased_purges":0,"victory":false,"max_hp_per_floor":[75,75,75,75,75,75,75,77,77,77,79,79,81,81,81,81,81,81,81,83,85,92,94,94,94,94,94,94,94,94,102,102,104,104,106,108,110,110,112,114,103,103,103,103,103,103],"card_choices":[{"not_picked":["Koishi:HeartfeltFancy","hermit:Desperado"],"picked":"TheCursedMod:Stigma","floor":0.0},{"not_picked":["StuffTheSpire:GlassShard","PrismaMod:MiyuDefenseExplosion"],"picked":"hermit:Dive","floor":0.0},{"not_picked":["Lockon","animator:Kuribayashi"],"picked":"RobotSpaceExplorer:MiniBoosters","floor":0.0},{"not_picked":["Koishi:Prune","RobotSpaceExplorer:FrostMissile"],"picked":"animator:Benimaru","floor":0.0},{"not_picked":["animator:SilverFang","Disarm"],"picked":"stsjorbsmod:RayOfFrost","floor":0.0},{"not_picked":["conspire:SharedLibrary","blackbeard:GoldenDefense"],"picked":"Consecrate","floor":0.0},{"not_picked":["blackbeard:DeadlyArsenal","hermit:Roulette"],"picked":"Flex","floor":0.0},{"not_picked":["Consume","PrismaMod:IllyaMinorReinForce"],"picked":"Stigmanizer","floor":0.0},{"not_picked":["hermit:CalledShot","Koishi:UnconsciousUprising"],"picked":"Ball Lightning","floor":0.0},{"not_picked":["TheCursedMod:Evocation","Reflex"],"picked":"Koishi:StrangeCloudFist","floor":0.0},{"not_picked":["Steam","StuffTheSpire:Incursion"],"picked":"Slice","floor":0.0},{"not_picked":["Engulf","Tantrum"],"picked":"PrismaMod:ChloeCheapDefendTwo","floor":0.0},{"not_picked":["hermit:Headshot","hermit:Vantage"],"picked":"Chen:ResistTemptation","floor":0.0},{"not_picked":["TheCursedMod:Torture","RobotSpaceExplorer:ShovelStrike"],"picked":"Chen:Sweep","floor":0.0},{"not_picked":["PrismaMod:IllyaCheapChannelAttack","NightDance"],"picked":"blackbeard:JollyRoger","floor":0.0},{"not_picked":["ScarletDevil","Bane"],"picked":"animator:Layla","floor":1.0},{"not_picked":["hermit:CalledShot","Chen:Adaptability"],"picked":"animator:UneriGinkaku","floor":3.0},{"not_picked":["RobotSpaceExplorer:ImprovisedAttack","hermit:SprayPray"],"picked":"Ragnarok","floor":5.0},{"not_picked":["PrismaMod:ChloeGreatTracePools","hermit:Roughhouse","animator:Shizu"],"picked":"SKIP","floor":6.0},{"not_picked":["RobotSpaceExplorer:Multitool","EquivalentExchange","Biased Cognition"],"picked":"Singing Bowl","floor":8.0},{"not_picked":["blackbeard:GoldenRain","hermit:Purgatory"],"picked":"Koishi:FadingMemory","floor":10.0},{"not_picked":["hermit:Glare","PrismaMod:MiyuUncommonAttack","animator:Sloth"],"picked":"Singing Bowl","floor":11.0},{"not_picked":["blackbeard:UndeadForm","Reboot"],"picked":"Machine Learning","floor":12.0},{"not_picked":["Protect","TheCursedMod:CircleOfFocus","StuffTheSpire:GlassShard"],"picked":"Singing Bowl","floor":13.0},{"not_picked":["Chen:GuardCounter","TheCursedMod:CursedStaff"],"picked":"RobotSpaceExplorer:Fix","floor":14.0},{"not_picked":["Fragmentalize","Brutality"],"picked":"stsjorbsmod:Pyromancy","floor":16.0},{"not_picked":["PrismaMod:IllyaCheapChannelDefend","stsjorbsmod:MagicMissiles"],"picked":"conspire:SharedLibrary","floor":18.0},{"not_picked":["Goo","Koishi:ParalyzingFear"],"picked":"FlyingSleeves","floor":19.0},{"not_picked":["TheCursedMod:FleshFromBone","PrismaMod:MiyuCheapAttack2+1","animator:Mitsurugi+1"],"picked":"Singing Bowl","floor":20.0},{"not_picked":["Septette+1","PrismaMod:MiyuCheapAttack2","TheCursedMod:Evocation"],"picked":"Singing Bowl","floor":21.0},{"not_picked":["StuffTheSpire:ForEach","Offering","animator:SwordMaiden"],"picked":"Singing Bowl","floor":23.0},{"not_picked":["Tools of the Trade","hubris:Prefetch"],"picked":"RobotSpaceExplorer:Autoloader","floor":25.0},{"not_picked":["TheCursedMod:CursedShiv","animator:HighElfArcher"],"picked":"Whirlwind","floor":26.0},{"not_picked":["Rainbow","PrismaMod:ChloeHalloween"],"picked":"hermit:DeadOrAlive","floor":27.0},{"not_picked":["blackbeard:GoldenRain","Die Die Die"],"picked":"Bullet Time","floor":29.0},{"not_picked":["jedi:meditation","TheCursedMod:ForbiddenAlchemy","hermit:FatalDesire"],"picked":"Singing Bowl","floor":31.0},{"not_picked":["hubris:SpecializedCircuitry","conspire:HitWhereItHurts","RobotSpaceExplorer:ShockMissile"],"picked":"Singing Bowl","floor":33.0},{"not_picked":["animator:Pride+1","Deflect+1","Break"],"picked":"Singing Bowl","floor":35.0},{"not_picked":["hermit:Glare","Rebound+1","Poisoned Stab+1"],"picked":"Singing Bowl","floor":36.0},{"not_picked":["Capacitor","Pommel Strike","PrismaMod:MiyuCheapAttack2+1"],"picked":"Singing Bowl","floor":37.0},{"not_picked":["Perseverance+1","Chen:EvasiveFireShift","Fusion+1"],"picked":"Singing Bowl","floor":39.0},{"not_picked":["hermit:Dissolve","Alpha","Wish"],"picked":"Singing Bowl","floor":40.0}],"player_experience":424517,"relics_obtained":[{"floor":6.0,"key":"StuffTheSpire:MayFlowers"},{"floor":8.0,"key":"Singing Bowl"},{"floor":9.0,"key":"Counterbalance"},{"floor":10.0,"key":"hubris:GlazedTorus"},{"floor":12.0,"key":"Quantum Egg"},{"floor":20.0,"key":"Bag of Preparation"},{"floor":23.0,"key":"Ancient Tea Set"},{"floor":25.0,"key":"Shuriken"},{"floor":26.0,"key":"vexMod:ScavengeHelm"},{"floor":27.0,"key":"Replay:Mystery Machine"},{"floor":29.0,"key":"Omamori"},{"floor":31.0,"key":"hubris:CrystalStatue"},{"floor":31.0,"key":"vexMod:PlasmaPancake"},{"floor":32.0,"key":"Girya"},{"floor":39.0,"key":"StuffTheSpire:DarkSteelAnvil"},{"floor":40.0,"key":"CaptainsWheel"},{"floor":40.0,"key":"aspiration:StickyExplosives_weak"},{"floor":43.0,"key":"jedi:shrinkray"}],"event_choices":[{"damage_healed":0.0,"max_hp_gain":0.0,"max_hp_loss":0.0,"gold_gain":0.0,"event_name":"MindBloom","player_choice":"Fight","floor":39.0,"gold_loss":0.0,"damage_taken":0.0}],"is_beta":false,"boss_relics":[{"not_picked":["Runic Dome","jedi:hotpepper"],"picked":"Fusion Hammer"},{"not_picked":["Astrolabe","Runic Pyramid"],"picked":"Replay:Wanted Poster"}],"items_purged_floors":[],"is_endless":false,"potions_floor_spawned":[1,5,12,14,16,18,20,21,31,36,40,44,44],"ascension_level":0}}