{"host":"kp5m5tbwfn2imaek","time":1613785893,"event":{"mods":["AchievementEnabler","BaseMod","Bestiary","Minty Spire (QoL Compilation)","Relic Stats"],"gold_per_floor":[114,4,24,24,44,44,75,75,101,114,442,458,458,458],"floor_reached":13,"language":"ENG","playtime":477,"items_purged":["Defend_P"],"score":147,"play_id":"da430638-d72a-4927-a841-41ab76214522","local_time":"20210219205133","is_ascension_mode":true,"campfire_choices":[{"data":"Fasting2","floor":6,"key":"SMITH"},{"data":"Eruption","floor":8,"key":"SMITH"}],"circlet_count":0,"master_deck":["AscendersBane","Strike_P","Strike_P","Strike_P","Strike_P","Defend_P","Defend_P","Defend_P","Eruption+1","Vigilance","Vault","Fasting2+1","BowlingBash","SashWhip","Meditate","Vault","Halt"],"relics":["PureWater","Lantern","Frozen Egg 2","Oddly Smooth Stone","Old Coin"],"acts_visited":["Exordium"],"potions_floor_usage":[13,13],"damage_taken":[{"damage":2,"enemies":"Jaw Worm","floor":1,"turns":3},{"damage":0,"enemies":"Cultist","floor":3,"turns":3},{"damage":0,"enemies":"Small Slimes","floor":5,"turns":2},{"damage":20,"enemies":"Gremlin Nob","floor":7,"turns":3},{"damage":0,"enemies":"2 Fungi Beasts","floor":10,"turns":1},{"damage":35,"enemies":"3 Sentries","floor":11,"turns":7},{"damage":6,"enemies":"Exordium Wildlife","floor":12,"turns":3},{"damage":8,"enemies":"Lagavulin","floor":13,"turns":6}],"seed_played":"-8831393799073365329","potions_obtained":[{"floor":5,"key":"Fire Potion"},{"floor":7,"key":"Dexterity Potion"}],"is_trial":false,"path_per_floor":["M","$","M","?","M","R","E","R","T","M","E","M","E"],"character_chosen":"WATCHER","items_purchased":["Fasting2"],"campfire_rested":0,"item_purchase_floors":[2],"current_hp_per_floor":[63,63,63,63,63,63,43,43,43,43,8,2,0,0],"gold":458,"neow_bonus":"ONE_RANDOM_RARE_CARD","is_daily":false,"chose_seed":false,"campfire_upgraded":2,"win_rate":0.0,"timestamp":1613785893,"path_taken":["M","$","M","?","?","R","E","R","T","M","E","M","E"],"items_purchased_type":["Card"],"build_version":"2020-12-22","purchased_purges":1,"victory":false,"max_hp_per_floor":[72,72,72,72,72,72,72,72,72,72,72,72,72,72],"relic_stats":{"counters":[8,28],"obtain_stats":[{"Lantern":4,"Oddly Smooth Stone":9,"PureWater":0,"Frozen Egg 2":7,"Old Coin":11},{"Lantern":2,"Oddly Smooth Stone":4,"PureWater":0,"Frozen Egg 2":4,"Old Coin":6},{"Lantern":6,"Oddly Smooth Stone":11,"PureWater":0,"Frozen Egg 2":11,"Old Coin":19}]},"card_choices":[{"not_picked":["Protect","EmptyMind"],"picked":"Evaluate","floor":1},{"not_picked":["Indignation","ClearTheMind"],"picked":"BowlingBash","floor":3},{"not_picked":["Consecrate","Prostrate"],"picked":"SashWhip","floor":5},{"not_picked":["EmptyBody","CrushJoints","BowlingBash"],"picked":"SKIP","floor":7},{"not_picked":["JustLucky","BattleHymn+1"],"picked":"Meditate","floor":10},{"not_picked":["Meditate","FlyingSleeves"],"picked":"Vault","floor":11},{"not_picked":["Nirvana+1","BowlingBash"],"picked":"Halt","floor":12}],"player_experience":763163,"relics_obtained":[{"floor":7,"key":"Frozen Egg 2"},{"floor":9,"key":"Oddly Smooth Stone"},{"floor":11,"key":"Old Coin"}],"event_choices":[{"cards_removed":["Evaluate"],"damage_healed":0,"gold_gain":0,"player_choice":"Gave Card","damage_taken":0,"relics_obtained":["Lantern"],"max_hp_gain":0,"max_hp_loss":0,"event_name":"WeMeetAgain","floor":4,"gold_loss":0}],"is_beta":false,"boss_relics":[],"items_purged_floors":[2],"is_endless":false,"potions_floor_spawned":[5,7,12],"killed_by":"Lagavulin","ascension_level":11}}