{"host":"ceiuk0fqxfqx6dh2","time":1613851766,"event":{"mods":["AchievementEnabler","BaseMod","Colored Map","DeckTracker","Keyboard Shortcuts","Minty Spire (QoL Compilation)","SuperFastMode"],"gold_per_floor":[116,131,38,52,67,67,97,155,155,155,165,196,196,220,220,315,315,326,337,337,353,369,369,369,369,369,369,379,395,395,13,13,114,114,124,142,154,114,25,25,25,39,39,39,56,69,69,69,69,69,69],"floor_reached":50,"language":"KOR","playtime":4507,"items_purged":[],"score":504,"play_id":"e77fa66d-a851-47b8-95c9-682af6c536d0","local_time":"20210221050926","is_ascension_mode":false,"campfire_choices":[{"data":"Glass Knife","floor":6,"key":"SMITH"},{"floor":10,"key":"REST"},{"data":"Crippling Poison","floor":13,"key":"SMITH"},{"data":"Defend_G","floor":15,"key":"SMITH"},{"data":"Infinite Blades","floor":23,"key":"SMITH"},{"floor":25,"key":"REST"},{"data":"A Thousand Cuts","floor":30,"key":"SMITH"},{"data":"Night Terror","floor":32,"key":"SMITH"},{"floor":40,"key":"REST"},{"floor":41,"key":"REST"},{"floor":44,"key":"REST"},{"floor":47,"key":"REST"},{"floor":49,"key":"REST"}],"circlet_count":0,"master_deck":["Strike_G+1","Strike_G+1","Strike_G+1","Strike_G+1","Strike_G+1","Defend_G+1","Defend_G+1","Defend_G+1","Defend_G+1","Neutralize","Noxious Fumes","Choke","Slice","Good Instincts","Slice","Glass Knife+1","Slice","Crippling Poison+1","Poisoned Stab","Slice","Phantasmal Killer","Infinite Blades+1","Deflect+1","Noxious Fumes","A Thousand Cuts+1","Well Laid Plans","Night Terror+1","Dark Shackles","Venomology+1","Distraction","Poisoned Stab+1","Finisher+1","Enlightenment","Expertise","Poisoned Stab+1","Malaise+1","A Thousand Cuts"],"relics":["Ring of the Serpent","Paper Crane","Bottled Flame","Ninja Scroll","Odd Mushroom","WristBlade","White Beast Statue","CaptainsWheel","WingedGreaves","Toxic Egg 2"],"acts_visited":["Exordium","TheCity","TheBeyond"],"potions_floor_usage":[5,16,16,16,21,22,33,33,33,33,33,36,36,36,42,42,45,45,46,46,50,50,50],"damage_taken":[{"damage":0,"enemies":"2 Louse","floor":1,"turns":4},{"damage":2,"enemies":"Small Slimes","floor":2,"turns":5},{"damage":0,"enemies":"Cultist","floor":4,"turns":3},{"damage":1,"enemies":"Blue Slaver","floor":5,"turns":3},{"damage":15,"enemies":"Lagavulin","floor":7,"turns":6},{"damage":0,"enemies":"Large Slime","floor":11,"turns":5},{"damage":5,"enemies":"3 Sentries","floor":12,"turns":5},{"damage":0,"enemies":"The Mushroom Lair","floor":14,"turns":2},{"damage":29,"enemies":"Hexaghost","floor":16,"turns":7},{"damage":0,"enemies":"3 Byrds","floor":18,"turns":4},{"damage":1,"enemies":"Chosen","floor":19,"turns":3},{"damage":10,"enemies":"Centurion and Healer","floor":21,"turns":4},{"damage":0,"enemies":"Cultist and Chosen","floor":22,"turns":4},{"damage":0,"enemies":"3 Cultists","floor":28,"turns":4},{"damage":0,"enemies":"Chosen and Byrds","floor":29,"turns":5},{"damage":59,"enemies":"Collector","floor":33,"turns":8},{"damage":18,"enemies":"3 Shapes","floor":35,"turns":3},{"damage":16,"enemies":"3 Darklings","floor":36,"turns":6},{"damage":20,"enemies":"4 Shapes","floor":37,"turns":4},{"damage":8,"enemies":"Transient","floor":42,"turns":5},{"damage":18,"enemies":"Jaw Worm Horde","floor":45,"turns":3},{"damage":16,"enemies":"Spire Growth","floor":46,"turns":3},{"damage":85,"enemies":"Awakened One","floor":50,"turns":10}],"seed_played":"8280829228466322422","potions_obtained":[{"floor":4,"key":"SteroidPotion"},{"floor":7,"key":"LiquidMemories"},{"floor":11,"key":"DistilledChaos"},{"floor":14,"key":"Ancient Potion"},{"floor":16,"key":"DuplicationPotion"},{"floor":18,"key":"PowerPotion"},{"floor":21,"key":"Explosive Potion"},{"floor":28,"key":"Energy Potion"},{"floor":29,"key":"EntropicBrew"},{"floor":33,"key":"SpeedPotion"},{"floor":35,"key":"Regen Potion"},{"floor":36,"key":"FearPotion"},{"floor":42,"key":"Energy Potion"},{"floor":45,"key":"SneckoOil"},{"floor":46,"key":"Swift Potion"}],"is_trial":false,"path_per_floor":["M","M","$","M","M","R","E","?","T","R","M","E","R","?","R","B",null,"M","M","?","M","M","R","?","R","T","?","M","M","R","$","R","B",null,"M","M","M","?","$","R","R","M","T","R","M","M","R","?","R","B"],"character_chosen":"THE_SILENT","items_purchased":["Good Instincts","WingedGreaves","Dark Shackles","Enlightenment"],"campfire_rested":7,"item_purchase_floors":[3,31,31,39],"current_hp_per_floor":[70,68,68,68,67,67,52,52,52,70,70,65,65,65,65,36,70,70,69,69,59,59,59,59,70,70,70,70,70,70,70,70,23,70,52,51,31,31,31,52,70,62,62,70,52,36,57,57,70,0,0],"gold":69,"neow_bonus":"TRANSFORM_CARD","is_daily":false,"chose_seed":false,"campfire_upgraded":6,"win_rate":0.0,"timestamp":1613851766,"path_taken":["M","M","$","M","M","R","E","?","T","R","M","E","R","?","R","BOSS","M","M","?","M","?","R","?","R","T","?","M","M","R","$","R","BOSS","M","M","M","?","$","R","R","?","T","R","M","M","R","?","R","BOSS"],"items_purchased_type":["Card","Relic","Card","Card"],"build_version":"2020-12-22","purchased_purges":0,"victory":false,"max_hp_per_floor":[70,70,70,70,70,70,70,70,70,70,70,70,70,70,70,70,70,70,70,70,70,70,70,70,70,70,70,70,70,70,70,70,70,70,70,70,70,70,70,70,70,70,70,70,70,70,70,70,70,70,70],"card_choices":[{"not_picked":["Acrobatics","Distraction"],"picked":"Choke","floor":1},{"not_picked":["Terror","Blade Dance"],"picked":"Slice","floor":2},{"not_picked":["Acrobatics","PiercingWail"],"picked":"Slice","floor":4},{"not_picked":["Bouncing Flask","Slice"],"picked":"Glass Knife","floor":5},{"not_picked":["Heel Hook","Masterful Stab"],"picked":"Slice","floor":7},{"not_picked":["Terror","Deadly Poison"],"picked":"Crippling Poison","floor":11},{"not_picked":["Dagger Throw","Riddle With Holes"],"picked":"Poisoned Stab","floor":12},{"not_picked":["Flying Knee","Predator"],"picked":"Slice","floor":14},{"not_picked":["Burst","Malaise"],"picked":"Phantasmal Killer","floor":16},{"not_picked":["Finisher","Bane"],"picked":"Infinite Blades","floor":18},{"not_picked":["Predator+1","Quick Slash"],"picked":"Deflect+1","floor":19},{"not_picked":["Bane","Dagger Throw"],"picked":"Noxious Fumes","floor":21},{"not_picked":["Acrobatics","Distraction+1"],"picked":"A Thousand Cuts","floor":22},{"not_picked":["Deadly Poison","Outmaneuver"],"picked":"Well Laid Plans","floor":28},{"not_picked":["Crippling Poison","Deflect"],"picked":"Night Terror","floor":29},{"not_picked":["A Thousand Cuts","Unload"],"picked":"Venomology","floor":33},{"not_picked":["Prepared+1","Choke"],"picked":"Distraction","floor":35},{"not_picked":["Sucker Punch+1","Underhanded Strike"],"picked":"Poisoned Stab+1","floor":36},{"not_picked":["Quick Slash+1","Underhanded Strike+1"],"picked":"Finisher+1","floor":37},{"not_picked":["Deflect+1","Dash"],"picked":"Expertise","floor":42},{"not_picked":["Dagger Throw+1","Masterful Stab"],"picked":"Poisoned Stab+1","floor":45},{"not_picked":["Acrobatics+1","Skewer"],"picked":"Malaise+1","floor":46}],"player_experience":15420,"relics_obtained":[{"floor":7,"key":"Paper Crane"},{"floor":9,"key":"Bottled Flame"},{"floor":12,"key":"Ninja Scroll"},{"floor":14,"key":"Odd Mushroom"},{"floor":26,"key":"White Beast Statue"},{"floor":43,"key":"Toxic Egg 2"}],"event_choices":[{"damage_healed":0,"gold_gain":58,"player_choice":"Gained Gold","damage_taken":0,"max_hp_gain":0,"max_hp_loss":0,"event_name":"Golden Wing","floor":8,"gold_loss":0},{"damage_healed":0,"gold_gain":0,"player_choice":"Fought Mushrooms","damage_taken":0,"max_hp_gain":0,"max_hp_loss":0,"event_name":"Mushrooms","floor":14,"gold_loss":0},{"damage_healed":0,"gold_gain":0,"player_choice":"Ignored","damage_taken":0,"max_hp_gain":0,"max_hp_loss":0,"event_name":"NoteForYourself","floor":20,"gold_loss":0},{"damage_healed":0,"gold_gain":0,"player_choice":"Simplicity","damage_taken":0,"max_hp_gain":0,"max_hp_loss":0,"event_name":"Back to Basics","floor":24,"gold_loss":0,"cards_upgraded":["Strike_G","Strike_G","Strike_G","Strike_G","Strike_G","Defend_G","Defend_G","Defend_G"]},{"damage_healed":0,"gold_gain":0,"player_choice":"Opened","damage_taken":0,"relics_obtained":["CaptainsWheel"],"max_hp_gain":0,"max_hp_loss":0,"event_name":"The Mausoleum","floor":27,"gold_loss":0},{"damage_healed":0,"gold_gain":0,"player_choice":"Upgrade","damage_taken":0,"max_hp_gain":0,"max_hp_loss":0,"event_name":"Designer","floor":38,"gold_loss":40,"cards_upgraded":["Venomology"]},{"damage_healed":0,"gold_gain":0,"cards_transformed":["Survivor"],"player_choice":"Transformed","damage_taken":0,"max_hp_gain":0,"max_hp_loss":0,"event_name":"Transmorgrifier","floor":48,"gold_loss":0,"cards_obtained":["A Thousand Cuts"]}],"is_beta":false,"boss_relics":[{"not_picked":["SacredBark","Velvet Choker"],"picked":"WristBlade"},{"not_picked":["Cursed Key","Runic Dome"],"picked":"Ring of the Serpent"}],"items_purged_floors":[],"is_endless":false,"potions_floor_spawned":[4,7,11,14,16,18,21,28,29,33,35,36,37,42,45,46],"killed_by":"Awakened One","ascension_level":0}}