{"host":"c6u7e77myxvw4d0m","time":1613813146,"event":{"mods":["AchievementEnabler","BaseMod","Bestiary","Colored Map","Colored Powertips","Minty Spire (QoL Compilation)","Rare Cards Sparkle","Relic Stats","everything is the same but u backflip on backflip"],"gold_per_floor":[109,119,132,150,168,168,168,168,191,191,204,239,31,64,64,64,64],"floor_reached":16,"language":"ENG","playtime":913,"items_purged":[],"score":224,"play_id":"85d3ce68-98e5-4eff-b20c-368832014ed4","local_time":"20210220112546","is_ascension_mode":true,"campfire_choices":[{"data":"Blade Dance","floor":6,"key":"SMITH"},{"data":"Blade Dance","floor":8,"key":"SMITH"},{"floor":15,"key":"REST"}],"circlet_count":0,"master_deck":["AscendersBane","Strike_G","Strike_G","Strike_G","Strike_G","Defend_G","Defend_G","Defend_G","Defend_G","Defend_G","Survivor","Neutralize","Blade Dance+1","Leg Sweep","PiercingWail","Quick Slash","Blade Dance+1","Cloak And Dagger","Acrobatics","Wraith Form v2","Dagger Spray","Prepared"],"relics":["Ring of the Snake","Vajra","Golden Idol","Art of War","Lantern","Blood Vial"],"acts_visited":["Exordium"],"potions_floor_usage":[11,12],"damage_taken":[{"damage":0,"enemies":"Small Slimes","floor":1,"turns":4},{"damage":0,"enemies":"2 Louse","floor":2,"turns":3},{"damage":0,"enemies":"Cultist","floor":3,"turns":3},{"damage":11,"enemies":"2 Fungi Beasts","floor":4,"turns":4},{"damage":3,"enemies":"Looter","floor":5,"turns":3},{"damage":0,"enemies":"Lots of Slimes","floor":11,"turns":1},{"damage":13,"enemies":"Lagavulin","floor":12,"turns":4},{"damage":21,"enemies":"3 Sentries","floor":14,"turns":9},{"damage":40,"enemies":"Slime Boss","floor":16,"turns":8}],"seed_played":"-8578752789465697025","potions_obtained":[{"floor":2,"key":"Strength Potion"},{"floor":4,"key":"AttackPotion"}],"is_trial":false,"path_per_floor":["M","M","M","M","M","R","?","R","T","?","M","E","$","E","R","B"],"character_chosen":"THE_SILENT","items_purchased":["Wraith Form v2","Dagger Spray"],"campfire_rested":1,"item_purchase_floors":[13,13],"current_hp_per_floor":[59,59,59,48,45,45,45,45,45,38,38,25,25,4,22,0,0],"gold":64,"neow_bonus":"RANDOM_COMMON_RELIC","is_daily":false,"chose_seed":false,"campfire_upgraded":2,"win_rate":0.0,"timestamp":1613813146,"path_taken":["M","M","M","M","M","R","?","R","T","?","M","E","$","E","R","BOSS"],"items_purchased_type":["Card","Card"],"build_version":"2020-12-22","purchased_purges":0,"victory":false,"max_hp_per_floor":[66,66,66,66,66,66,60,60,60,60,60,60,60,60,60,60,60],"relic_stats":{"Blood Vial":2,"counters":[9,39],"Golden Idol":17,"Art of War":[3],"obtain_stats":[{"Blood Vial":14,"Lantern":12,"Golden Idol":7,"Vajra":0,"Art of War":9,"Ring of the Snake":0},{"Blood Vial":8,"Lantern":7,"Golden Idol":5,"Vajra":0,"Art of War":5,"Ring of the Snake":0},{"Blood Vial":31,"Lantern":22,"Golden Idol":17,"Vajra":0,"Art of War":17,"Ring of the Snake":0}],"Ring of the Snake":[18]},"card_choices":[{"not_picked":["Dodge and Roll","Setup"],"picked":"Blade Dance","floor":1},{"not_picked":["Flying Knee","Sucker Punch"],"picked":"Leg Sweep","floor":2},{"not_picked":["Underhanded Strike","Bane"],"picked":"PiercingWail","floor":3},{"not_picked":["Eviscerate","Prepared"],"picked":"Quick Slash","floor":4},{"not_picked":["Sucker Punch","Dodge and Roll"],"picked":"Blade Dance","floor":5},{"not_picked":["Flying Knee","Calculated Gamble"],"picked":"Cloak And Dagger","floor":11},{"not_picked":["Bane","Backflip"],"picked":"Acrobatics","floor":12},{"not_picked":["Backflip","Underhanded Strike"],"picked":"Prepared","floor":14}],"player_experience":845187,"relics_obtained":[{"floor":9,"key":"Art of War"},{"floor":12,"key":"Lantern"},{"floor":14,"key":"Blood Vial"}],"event_choices":[{"damage_healed":0,"gold_gain":0,"player_choice":"Lose Max HP","damage_taken":0,"relics_obtained":["Golden Idol"],"max_hp_gain":0,"max_hp_loss":6,"event_name":"Golden Idol","floor":7,"gold_loss":0},{"cards_removed":["Strike_G"],"damage_healed":0,"gold_gain":0,"player_choice":"Card Removal","damage_taken":7,"max_hp_gain":0,"max_hp_loss":0,"event_name":"Golden Wing","floor":10,"gold_loss":0}],"is_beta":false,"boss_relics":[],"items_purged_floors":[],"is_endless":false,"potions_floor_spawned":[2,4,5],"killed_by":"Slime Boss","ascension_level":20}}