{"host":"88hg6ocvqrqxrx5h","time":1613813258,"event":{"mods":["2.2 Compatiblity","BaseMod","Bestiary","Block Reminder","Colored Map","DeckTracker","Highlight Path","Minty Spire (QoL Compilation)","Relic Stats","Unceasing Turn Reminder","slay the spire mod where everything is the same but ironclad has a cowboy hat"],"gold_per_floor":[369,169,186,199,274,274,125,125,194,209,244,244,258,283,283,381,381,395,406,416,431,50,50,70,100,100,131,131,131],"floor_reached":28,"language":"ENG","playtime":1206,"items_purged":["Strike_R","Strike_R"],"score":403,"play_id":"9403fb43-edc6-40aa-afc1-51c47aeddad4","local_time":"20210220012738","is_ascension_mode":true,"campfire_choices":[{"data":"Blood for Blood","floor":6.0,"key":"SMITH"},{"floor":12.0,"key":"REST"},{"floor":15.0,"key":"REST"},{"data":"Bloodletting","floor":23.0,"key":"SMITH"}],"circlet_count":0,"master_deck":["Strike_R","Strike_R","Strike_R","Defend_R","Defend_R","Defend_R","Defend_R","Bash","Iron Wave","Blood for Blood+1","Demon Form","Feed","Inflame","Rampage+1","Hemokinesis+1","Cleave+1","Reaper+1","Rage","Armaments+1","Bloodletting+1","Shrug It Off","Combust","Thunderclap+1","Spot Weakness+1"],"relics":["Burning Blood","Oddly Smooth Stone","Molten Egg 2","Centennial Puzzle","Sundial","Mark of Pain","Toxic Egg 2","Bronze Scales","Regal Pillow","Art of War"],"acts_visited":["Exordium","TheCity"],"potions_floor_usage":[],"damage_taken":[{"damage":2.0,"enemies":"2 Louse","floor":1.0,"turns":3.0},{"damage":14.0,"enemies":"Jaw Worm","floor":3.0,"turns":4.0},{"damage":0.0,"enemies":"Cultist","floor":4.0,"turns":5.0},{"damage":5.0,"enemies":"Gremlin Gang","floor":10.0,"turns":6.0},{"damage":16.0,"enemies":"Gremlin Nob","floor":11.0,"turns":4.0},{"damage":2.0,"enemies":"2 Fungi Beasts","floor":13.0,"turns":4.0},{"damage":26.0,"enemies":"3 Sentries","floor":14.0,"turns":7.0},{"damage":37.0,"enemies":"Slime Boss","floor":16.0,"turns":7.0},{"damage":30.0,"enemies":"Chosen","floor":18.0,"turns":5.0},{"damage":10.0,"enemies":"Spheric Guardian","floor":19.0,"turns":3.0},{"damage":11.0,"enemies":"Centurion and Healer","floor":20.0,"turns":5.0},{"damage":22.0,"enemies":"3 Cultists","floor":21.0,"turns":4.0},{"damage":31.0,"enemies":"Sentry and Sphere","floor":24.0,"turns":5.0},{"damage":58.0,"enemies":"Book of Stabbing","floor":25.0,"turns":6.0},{"damage":51,"enemies":"Slavers","floor":27,"turns":4},{"damage":0,"enemies":"Snake Plant","floor":28,"turns":1}],"seed_played":"49780844953654697","potions_obtained":[{"floor":10.0,"key":"Block Potion"},{"floor":11.0,"key":"Fire Potion"},{"floor":14.0,"key":"EssenceOfSteel"},{"floor":18.0,"key":"Dexterity Potion"},{"floor":19.0,"key":"Dexterity Potion"},{"floor":21.0,"key":"Swift Potion"},{"floor":24.0,"key":"BloodPotion"}],"is_trial":false,"path_per_floor":["M","$","M","M","?","R","$","?","T","M","E","R","M","E","R","B",null,"M","M","M","M","$","R","M","E","T","E","M"],"character_chosen":"IRONCLAD","items_purchased":["Blood for Blood","ColorlessPotion","Oddly Smooth Stone","Toxic Egg 2","Combust"],"campfire_rested":2,"item_purchase_floors":[2,2,7,22,22],"current_hp_per_floor":[55,55,47,53,42,42,42,42,42,46,40,66,73,56,83,55,86,72,68,83,83,83,83,58,41,41,11,11,11],"gold":131,"neow_bonus":"TWO_FIFTY_GOLD","is_daily":false,"chose_seed":false,"campfire_upgraded":2,"win_rate":0.0,"timestamp":1613813258,"path_taken":["M","$","M","M","?","R","$","?","T","M","E","R","M","E","R","BOSS","M","M","M","?","$","R","M","E","T","E","M"],"items_purchased_type":["Card","Potion","Relic","Relic","Card"],"build_version":"2020-12-22","purchased_purges":2,"victory":false,"max_hp_per_floor":[80,80,80,80,80,80,80,80,80,83,87,87,90,93,93,96,96,96,96,96,99,99,99,99,99,99,99,99,99],"relic_stats":{"Centennial Puzzle":[30],"Regal Pillow":0,"counters":[16,73],"Sundial":[4],"Bronze Scales":[21],"Art of War":[0],"obtain_stats":[{"Centennial Puzzle":11,"Regal Pillow":26,"Sundial":14,"Bronze Scales":25,"Oddly Smooth Stone":7,"Molten Egg 2":9,"Mark of Pain":17,"Art of War":27,"Toxic Egg 2":22,"Burning Blood":0},{"Centennial Puzzle":5,"Regal Pillow":14,"Sundial":7,"Bronze Scales":14,"Oddly Smooth Stone":3,"Molten Egg 2":3,"Mark of Pain":8,"Art of War":15,"Toxic Egg 2":12,"Burning Blood":0},{"Centennial Puzzle":22,"Regal Pillow":68,"Sundial":33,"Bronze Scales":68,"Oddly Smooth Stone":12,"Molten Egg 2":12,"Mark of Pain":40,"Art of War":72,"Toxic Egg 2":57,"Burning Blood":0}],"Burning Blood":90},"card_choices":[{"not_picked":["Shrug It Off","Clash"],"picked":"Iron Wave","floor":1.0},{"not_picked":["Body Slam","Clash","Clothesline"],"picked":"SKIP","floor":3.0},{"not_picked":["Anger","Perfected Strike"],"picked":"Demon Form","floor":4.0},{"not_picked":["Twin Strike+1","Body Slam+1"],"picked":"Inflame","floor":10.0},{"not_picked":["Barricade","Twin Strike+1"],"picked":"Rampage+1","floor":11.0},{"not_picked":["Perfected Strike+1","Clash+1"],"picked":"Hemokinesis+1","floor":13.0},{"not_picked":["Flex","Sword Boomerang+1"],"picked":"Cleave+1","floor":14.0},{"not_picked":["Immolate+1","Fiend Fire+1"],"picked":"Reaper+1","floor":16.0},{"not_picked":["Iron Wave+1","Ghostly Armor"],"picked":"Rage","floor":18.0},{"not_picked":["Seeing Red+1","Sword Boomerang+1"],"picked":"Armaments+1","floor":19.0},{"not_picked":["Rage+1","Heavy Blade+1"],"picked":"Bloodletting","floor":20.0},{"not_picked":["Warcry","Power Through+1"],"picked":"Shrug It Off","floor":21.0},{"not_picked":["Armaments+1","Rage+1","Clash+1"],"picked":"SKIP","floor":24.0},{"not_picked":["Anger+1","Flex+1"],"picked":"Thunderclap+1","floor":25.0},{"not_picked":["Uppercut+1","Sever Soul+1"],"picked":"Spot Weakness+1","floor":27}],"player_experience":182610,"relics_obtained":[{"floor":9.0,"key":"Molten Egg 2"},{"floor":11.0,"key":"Centennial Puzzle"},{"floor":14.0,"key":"Sundial"},{"floor":25.0,"key":"Bronze Scales"},{"floor":26.0,"key":"Regal Pillow"},{"floor":27,"key":"Art of War"}],"event_choices":[{"damage_healed":0.0,"max_hp_gain":0.0,"max_hp_loss":0.0,"gold_gain":75.0,"event_name":"World of Goop","player_choice":"Gather Gold","floor":5.0,"gold_loss":0.0,"damage_taken":11.0},{"damage_healed":0.0,"max_hp_gain":0.0,"max_hp_loss":0.0,"gold_gain":0.0,"event_name":"Match and Keep!","player_choice":"1 cards matched","floor":8.0,"gold_loss":0.0,"damage_taken":0.0,"cards_obtained":["Feed"]}],"is_beta":false,"boss_relics":[{"not_picked":["Runic Cube","Calling Bell"],"picked":"Mark of Pain"}],"items_purged_floors":[2,22],"is_endless":false,"potions_floor_spawned":[10,11,14,18,19,21,24],"killed_by":"Snake Plant","ascension_level":8}}