{"host":"3twtdwjpiqhvvn5s","time":1613787449,"event":{"mods":["AchievementEnabler","Act Like it!","Aspiration","BaseMod","BetterRewards","Colored Map","Colored Powertips","Downfall","Duelist Mod","Friendly Minions","GifTheSpireLib","Hermit","Hubris","Infinite Spire","Jorbs\u0027s Wanderer Trilogy","Koishi","KomeijiMod","Marisa????????","Minty Spire (QoL Compilation)","Quick Restart","Rare Cards Sparkle","Replay The Spire","Shop Mod","StSLib","Td1madao Mod","The Administrix","The Animator","The Bug Knight","The Caster","The Cursed","The Disciple","The Hierophant","The Necromancer","The Poker Player","The Runesmith","The Servant 0.9.4"],"gold_per_floor":[140,183,219,236,280,280,352,383,433,470,470,510,571,616,616,790,790,857,870,910,954,992,1023,1059,1098,1121,1165,1165,1191,1201,1246,1246,1374,1374,1415,1434,1434,1434],"floor_reached":37,"language":"ENG","playtime":6509,"items_purged":[],"score":554,"play_id":"a1a2ec01-dc6a-4cad-a078-b7de5f5b5c83","local_time":"20210219201729","daily_mods":["Allstar","Terminal"],"is_ascension_mode":false,"metric_token":2322,"campfire_choices":[{"data":"ReplayUltimateDefense","floor":6,"key":"SMITH"},{"data":"HandOfGreed","floor":11,"key":"SMITH"},{"data":"PokerPlayerMod:TrumpStrike","floor":15,"key":"SMITH"},{"floor":28,"key":"REST"},{"data":"PokerPlayerMod:BadJoker","floor":32,"key":"SMITH"}],"circlet_count":0,"master_deck":["PokerPlayerMod:Diamond1","PokerPlayerMod:Diamond2","PokerPlayerMod:Diamond3","PokerPlayerMod:Diamond4","PokerPlayerMod:Diamond5","PokerPlayerMod:Spade1","PokerPlayerMod:Spade2","PokerPlayerMod:Spade3","PokerPlayerMod:Spade4","PokerPlayerMod:Club1","PokerPlayerMod:Club2","PokerPlayerMod:Heart2","PokerPlayerMod:TrumpStrike+1","PokerPlayerMod:BadJoker+1","PokerPlayerMod:Mulligan","ThoughtExtend","Purity","ReplayUltimateDefense+1","Apotheosis","HandOfGreed+1","PokerPlayerMod:JackOfSpades","PokerPlayerMod:Duplicate","AbeCurse","PokerPlayerMod:PoorCopy","PokerPlayerMod:JackOfSpades","PokerPlayerMod:GamblerForm","CurseOfTheBell"],"relics":["Snecko Eye","aspiration:ChemicalBlood","ReplayFunnel","Abe\u0027s Treasure","Akabeko","Runesmith:AutoHammer","infinitespire:PuzzleCube","Calling Bell","Replay:Baseball","aspiration:FrozenJewel"],"acts_visited":["Exordium","TheCity","TheBeyond"],"potions_floor_usage":[2,7,10,12,13,14,22,24,27,27,29,33,33,33,33,36,36,36],"damage_taken":[{"damage":3,"enemies":"Jaw Worm","floor":1,"turns":2},{"damage":0,"enemies":"Cultist","floor":2,"turns":4},{"damage":0,"enemies":"Small Slimes","floor":3,"turns":2},{"damage":0,"enemies":"Red Slaver","floor":4,"turns":1},{"damage":0,"enemies":"Exordium Wildlife","floor":5,"turns":2},{"damage":0,"enemies":"3 Sentries","floor":7,"turns":7},{"damage":3,"enemies":"Blue Slaver","floor":8,"turns":4},{"damage":0,"enemies":"Large Slime","floor":10,"turns":4},{"damage":8,"enemies":"Gremlin Gang","floor":12,"turns":2},{"damage":0,"enemies":"Exordium Wildlife","floor":13,"turns":5},{"damage":0,"enemies":"3 Louse","floor":14,"turns":3},{"damage":0,"enemies":"Slime Boss","floor":16,"turns":14},{"damage":6,"enemies":"2 Thieves","floor":18,"turns":5},{"damage":0,"enemies":"Spheric Guardian","floor":19,"turns":3},{"damage":7,"enemies":"Snake Plant","floor":20,"turns":4},{"damage":7,"enemies":"Snecko","floor":21,"turns":5},{"damage":0,"enemies":"Sentry and Sphere","floor":22,"turns":7},{"damage":3,"enemies":"theDuelist:KaibaA2","floor":23,"turns":4},{"damage":14,"enemies":"Snake Plant","floor":24,"turns":5},{"damage":11,"enemies":"Chosen and Byrds","floor":25,"turns":8},{"damage":0,"enemies":"Cultist and Chosen","floor":27,"turns":6},{"damage":0,"enemies":"Book of Stabbing","floor":29,"turns":5},{"damage":0,"enemies":"Snecko","floor":30,"turns":4},{"damage":4,"enemies":"Chosen and Byrds","floor":31,"turns":5},{"damage":23,"enemies":"Collector","floor":33,"turns":8},{"damage":0,"enemies":"3 Darklings","floor":35,"turns":6},{"damage":0,"enemies":"Orb Walker","floor":36,"turns":4},{"damage":26,"enemies":"4 Shapes","floor":37,"turns":3}],"seed_played":"-5332506403090486581","potions_obtained":[{"floor":1,"key":"FearPotion"},{"floor":5,"key":"Dexterity Potion"},{"floor":8,"key":"LifebloodPotion"},{"floor":12,"key":"BlessingOfTheForge"},{"floor":13,"key":"PowerPotion"},{"floor":18,"key":"Elixir"},{"floor":19,"key":"hexamod:SoulburnPotion"},{"floor":21,"key":"AttackPotion"},{"floor":23,"key":"hexamod:SoulburnPotion"},{"floor":24,"key":"Regen Potion"},{"floor":24,"key":"champ:CounterPotion"},{"floor":25,"key":"CultistPotion"},{"floor":25,"key":"FearPotion"},{"floor":31,"key":"champ:CounterPotion"},{"floor":33,"key":"Block Potion"},{"floor":36,"key":"Elixir"}],"is_trial":true,"path_per_floor":["M","M","M","M","M","R","E","M","T","M","R","M","M","M","R","B",null,"M","M","M","M","M","E","M","M","T","M","R","E","M","M","R","B",null,"M","M","M"],"character_chosen":"THE_POKER_PLAYER","items_purchased":[],"campfire_rested":1,"item_purchase_floors":[],"current_hp_per_floor":[48,49,48,47,46,45,44,43,42,41,40,32,34,36,36,35,34,32,32,25,20,24,26,14,5,5,7,14,18,21,20,19,1,17,16,15,0,0],"gold":1434,"neow_bonus":"","is_daily":false,"chose_seed":false,"campfire_upgraded":4,"win_rate":0.0,"timestamp":1613787449,"path_taken":["M","M","M","M","M","R","E","M","T","M","R","M","M","M","R","BOSS","M","M","M","M","M","E","M","M","T","M","R","E","M","M","R","BOSS","M","M","M"],"items_purchased_type":[],"build_version":"2020-12-22","purchased_purges":0,"victory":false,"max_hp_per_floor":[50,49,48,47,46,45,44,43,42,41,40,39,38,37,36,35,34,33,32,31,30,29,28,27,26,25,24,23,22,21,20,19,18,17,16,15,15,15],"card_choices":[{"not_picked":["PokerPlayerMod:MagicTrick","PokerPlayerMod:DiamondStrike","PokerPlayerMod:Spade4"],"picked":"SKIP","floor":1},{"not_picked":["PokerPlayerMod:DiamondStrike","PokerPlayerMod:DartThrow","PokerPlayerMod:ClubsClub"],"picked":"SKIP","floor":2},{"not_picked":["PokerPlayerMod:Spade4","PokerPlayerMod:Fold","PokerPlayerMod:SpadeStrike"],"picked":"SKIP","floor":3},{"not_picked":["PokerPlayerMod:Spade3","PokerPlayerMod:DartThrow","PokerPlayerMod:SecondChance"],"picked":"SKIP","floor":4},{"not_picked":["PokerPlayerMod:SecretDealer","PokerPlayerMod:DiamondStrike","PokerPlayerMod:Fold"],"picked":"SKIP","floor":5},{"not_picked":["PokerPlayerMod:Raise","PokerPlayerMod:Diamond2","PokerPlayerMod:Diamond3"],"picked":"SKIP","floor":7},{"not_picked":["PokerPlayerMod:Diamond2","PokerPlayerMod:Spade1","PokerPlayerMod:MagicTrick"],"picked":"SKIP","floor":8},{"not_picked":["PokerPlayerMod:Diamond6","PokerPlayerMod:ClubDance"],"picked":"PokerPlayerMod:JackOfSpades","floor":10},{"not_picked":["PokerPlayerMod:MagicTrick","PokerPlayerMod:Spade3","PokerPlayerMod:Spade1"],"picked":"SKIP","floor":12},{"not_picked":["PokerPlayerMod:Spade2","PokerPlayerMod:Diamond1","PokerPlayerMod:HiddenCard"],"picked":"SKIP","floor":13},{"not_picked":["PokerPlayerMod:Club4","PokerPlayerMod:Diamond4","PokerPlayerMod:MagicTrick"],"picked":"SKIP","floor":14},{"not_picked":["PokerPlayerMod:Spade8","PokerPlayerMod:RoyalStrike"],"picked":"PokerPlayerMod:Duplicate","floor":16},{"not_picked":["PokerPlayerMod:Diamond2","PokerPlayerMod:Harden","PokerPlayerMod:Raise"],"picked":"SKIP","floor":18},{"not_picked":["PokerPlayerMod:Heart1","PokerPlayerMod:Diamond10+"],"picked":"PokerPlayerMod:PoorCopy","floor":19},{"not_picked":["PokerPlayerMod:Club2","PokerPlayerMod:Diamond4","PokerPlayerMod:Spade6"],"picked":"SKIP","floor":20},{"not_picked":["PokerPlayerMod:Extraction","PokerPlayerMod:Spade8","PokerPlayerMod:Diamond2"],"picked":"SKIP","floor":21},{"not_picked":["PokerPlayerMod:Diamond5","PokerPlayerMod:SecretDealer","PokerPlayerMod:CardBurn"],"picked":"SKIP","floor":22},{"not_picked":["PokerPlayerMod:DiamondStrike","PokerPlayerMod:ClubDance","PokerPlayerMod:Heart1"],"picked":"SKIP","floor":23},{"not_picked":["PokerPlayerMod:Manipulation","PokerPlayerMod:Raise"],"picked":"PokerPlayerMod:JackOfSpades","floor":24},{"not_picked":["PokerPlayerMod:DamnStraight+1","PokerPlayerMod:DartThrow+1","PokerPlayerMod:Spade5"],"picked":"SKIP","floor":25},{"not_picked":["PokerPlayerMod:Trickery","PokerPlayerMod:Club2","PokerPlayerMod:Diamond5"],"picked":"SKIP","floor":27},{"not_picked":["PokerPlayerMod:Diamond9","PokerPlayerMod:Heart4","PokerPlayerMod:ClubsClub"],"picked":"SKIP","floor":29},{"not_picked":["PokerPlayerMod:FillThePot+1","PokerPlayerMod:Trickery+1","PokerPlayerMod:CardBurn"],"picked":"SKIP","floor":30},{"not_picked":["PokerPlayerMod:Diamond1","PokerPlayerMod:Spade3","PokerPlayerMod:Spade2"],"picked":"SKIP","floor":31},{"not_picked":["PokerPlayerMod:Spade7","PokerPlayerMod:WildCard"],"picked":"PokerPlayerMod:GamblerForm","floor":33},{"not_picked":["PokerPlayerMod:RiskyBet+1","PokerPlayerMod:Club3","PokerPlayerMod:Spade3"],"picked":"SKIP","floor":35},{"not_picked":["PokerPlayerMod:Heart1","PokerPlayerMod:CloakAndDiamond+1","PokerPlayerMod:Diamond2"],"picked":"SKIP","floor":36}],"player_experience":3272389,"relics_obtained":[{"floor":7,"key":"aspiration:ChemicalBlood"},{"floor":9,"key":"ReplayFunnel"},{"floor":23,"key":"Akabeko"},{"floor":26,"key":"Runesmith:AutoHammer"},{"floor":29,"key":"infinitespire:PuzzleCube"},{"floor":34,"key":"Replay:Baseball"},{"floor":34,"key":"aspiration:FrozenJewel"}],"event_choices":[],"is_beta":false,"boss_relics":[{"not_picked":["expansioncontent:StudyCardRelic","PokerPlayerMod:AceCard"],"picked":"Abe\u0027s Treasure"},{"not_picked":["aspiration:PoetsPen_weak","Kintsugi"],"picked":"Calling Bell"}],"items_purged_floors":[],"is_endless":false,"potions_floor_spawned":[1,5,8,12,13,18,19,23,25,31,33,36],"killed_by":"4 Shapes","ascension_level":0}}