{"host":"nwd160me4iqdtr8u","time":1613860799,"event":{"mods":["AchievementEnabler","Act Like it!","BaseMod","Colored Map","DeckTracker","Hallownest","Keyboard Shortcuts","Minty Spire (QoL Compilation)","Quick Restart","Rare Cards Sparkle","Smile Girya","StSLib","SuperFastMode","The Bug Knight","everything is the same but u backflip on backflip"],"gold_per_floor":[118,131,144,67,67,94,104,132,132,132,132,147,167,167,167,167,167],"floor_reached":16,"language":"KOR","playtime":638,"items_purged":[],"score":140,"play_id":"eacf27b6-4e8f-42e6-b081-71d2ed9c640b","local_time":"20210221073959","is_ascension_mode":true,"campfire_choices":[{"data":"HollowMod:HuntersJournal","floor":11.0,"key":"SMITH"},{"floor":15.0,"key":"REST"}],"circlet_count":1,"master_deck":["HollowMod:NailStrikeStart","HollowMod:NailStrikeStart+1","HollowMod:NailStrikeStart","HollowMod:NailStrikeStart","HollowMod:QuickDashStart","HollowMod:QuickDashStart","HollowMod:QuickDashStart","HollowMod:QuickDashStart","HollowMod:FocusHealStart","HollowMod:PogoStrike+1","HollowMod:HeavyBlow","HollowMod:CloakDash","HollowMod:HuntersJournal+1","HollowMod:GreatSlash","HollowMod:NewJinnsSoul","HollowMod:MothsMistake+1"],"relics":["HollowMod:VesselMask","Whetstone","Hallownest:DreamNailRelic","Potion Belt","Toy Ornithopter","Circlet"],"acts_visited":["Hallownest:Greenpath"],"potions_floor_usage":[],"damage_taken":[{"damage":2.0,"enemies":"Hallownest:monsterHuskGuard","floor":1.0,"turns":4.0},{"damage":15.0,"enemies":"Hallownest:2_Tiktiks_and_1_Crawlid","floor":2.0,"turns":5.0},{"damage":2.0,"enemies":"Hallownest:2_Baldur","floor":3.0,"turns":3.0},{"damage":16.0,"enemies":"Hallownest:eliteVengeflyKing","floor":6.0,"turns":6.0},{"damage":4.0,"enemies":"Hallownest:monsterFoolEater","floor":7.0,"turns":4.0},{"damage":26.0,"enemies":"Hallownest:eliteMossKnight","floor":8.0,"turns":12.0},{"damage":3.0,"enemies":"Hallownest:Wandering_and_Horned","floor":12.0,"turns":3.0},{"damage":18.0,"enemies":"Hallownest:1_Ooma_and_2_Uuma","floor":13.0,"turns":4.0},{"damage":0,"enemies":"Hallownest:BossBrokenVessel","floor":16,"turns":1}],"seed_played":"5269316354953512826","potions_obtained":[{"floor":6.0,"key":"LiquidMemories"},{"floor":8.0,"key":"LiquidBronze"},{"floor":13.0,"key":"Strength Potion"}],"is_trial":false,"path_per_floor":["M","M","M","$","?","E","M","E","T","?","R","M","M","?","R","B"],"character_chosen":"THE_BUGKNIGHT","items_purchased":["HollowMod:HuntersJournal"],"campfire_rested":1,"item_purchase_floors":[4],"current_hp_per_floor":[72,63,61,61,61,51,47,31,31,31,31,28,15,15,37,37,37],"gold":167,"neow_bonus":"RANDOM_COMMON_RELIC","is_daily":false,"chose_seed":false,"campfire_upgraded":1,"win_rate":0.0,"timestamp":1613860799,"path_taken":["M","M","M","$","?","E","?","E","T","?","R","M","M","?","R","BOSS"],"items_purchased_type":["Card"],"build_version":"2020-12-22","purchased_purges":0,"victory":false,"max_hp_per_floor":[75,75,75,75,75,75,75,75,75,75,75,75,75,75,75,75,75],"card_choices":[{"not_picked":["HollowMod:ChannelNail","HollowMod:GoodIntentions"],"picked":"HollowMod:HeavyBlow","floor":1.0},{"not_picked":["HollowMod:CornifersMapStart","HollowMod:SoulStrike"],"picked":"HollowMod:CloakDash","floor":2.0},{"not_picked":["HollowMod:HeavyBlow","HollowMod:SiblingsSouls","HollowMod:NewLittleFool"],"picked":"SKIP","floor":3.0},{"not_picked":["HollowMod:VengefulSpirit","HollowMod:MawleksShell"],"picked":"HollowMod:GreatSlash","floor":6.0},{"not_picked":["HollowMod:HeavyBlow","HollowMod:CloakDash"],"picked":"HollowMod:NewJinnsSoul","floor":7.0},{"not_picked":["HollowMod:NewGlowingWomb","HollowMod:ElderbugsWisdom"],"picked":"HollowMod:MothsMistake","floor":8.0},{"not_picked":["HollowMod:NewJinnsSoul","HollowMod:CornifersMapStart","HollowMod:LifebloodCocoon"],"picked":"SKIP","floor":12.0},{"not_picked":["HollowMod:CloakDash","HollowMod:DescendingDark","HollowMod:SoulStrike"],"picked":"SKIP","floor":13.0}],"player_experience":490026,"relics_obtained":[{"floor":6.0,"key":"Potion Belt"},{"floor":8.0,"key":"Toy Ornithopter"}],"event_choices":[],"is_beta":false,"boss_relics":[],"items_purged_floors":[],"is_endless":false,"potions_floor_spawned":[6,8,13],"killed_by":"Hallownest:BossBrokenVessel","ascension_level":6}}