{"host":"layulp15tnudkol3","time":1613850368,"event":{"mods":["BaseMod","Colored Map","Minty Spire (QoL Compilation)","Permanent Neow","Relic Stats","StSLib"],"gold_per_floor":[113,113,113,133,208,208,252,252,275,275,296,314,314,314,314,440,440,454,479,94,94,94,129,129,144,190,211,235,235,235,255,255,255,255],"floor_reached":33,"language":"ENG","playtime":1927,"items_purged":["Regret"],"score":265,"play_id":"6ae0b5d4-9e9a-4661-ab95-7864a9e199fe","local_time":"20210220144608","is_ascension_mode":false,"campfire_choices":[{"floor":6,"key":"RECALL"},{"floor":8,"key":"REST"},{"data":"Chaos","floor":10,"key":"SMITH"},{"data":"Dualcast","floor":13,"key":"SMITH"},{"floor":15,"key":"REST"},{"floor":24,"key":"REST"},{"data":"Storm","floor":30,"key":"SMITH"},{"floor":32,"key":"REST"}],"circlet_count":0,"master_deck":["Strike_B","Strike_B","Strike_B","Strike_B","Defend_B","Defend_B","Defend_B","Defend_B","Zap+1","Dualcast+1","Sweeping Beam","Chaos+1","Storm+1","Gash","Gash","Echo Form+1","Coolheaded+1","Defragment","Apotheosis","Self Repair","Leap","Machine Learning","Loop+1","Gash","Streamline+1","Beam Cell+1"],"relics":["Cracked Core","Golden Idol","Blue Candle","Vajra","Blood Vial","Question Card","Sozu","MutagenicStrength","Mercury Hourglass","Akabeko"],"acts_visited":["Exordium","TheCity"],"potions_floor_usage":[],"damage_taken":[{"damage":0,"enemies":"2 Louse","floor":1,"turns":2},{"damage":0,"enemies":"Small Slimes","floor":4,"turns":2},{"damage":29,"enemies":"Lagavulin","floor":7,"turns":9},{"damage":2,"enemies":"Jaw Worm","floor":11,"turns":3},{"damage":13,"enemies":"Exordium Wildlife","floor":12,"turns":4},{"damage":44,"enemies":"Slime Boss","floor":16,"turns":12},{"damage":31,"enemies":"2 Thieves","floor":18,"turns":4},{"damage":6,"enemies":"Chosen","floor":19,"turns":5},{"damage":33,"enemies":"Book of Stabbing","floor":23,"turns":5},{"damage":25,"enemies":"Snake Plant","floor":25,"turns":4},{"damage":17,"enemies":"3 Cultists","floor":27,"turns":5},{"damage":6,"enemies":"Centurion and Healer","floor":28,"turns":5},{"damage":7,"enemies":"Snecko","floor":31,"turns":5},{"damage":63,"enemies":"Automaton","floor":33,"turns":6}],"seed_played":"3611128585145871131","potions_obtained":[{"floor":4,"key":"SpeedPotion"},{"floor":7,"key":"PotionOfCapacity"},{"floor":11,"key":"SneckoOil"},{"floor":12,"key":"Strength Potion"}],"is_trial":false,"path_per_floor":["M","?","?","M","?","R","E","R","T","R","M","M","R","?","R","B",null,"M","M","$","?","?","E","R","M","T","M","M","?","R","M","R","B"],"character_chosen":"DEFECT","items_purchased":["Apotheosis","Self Repair","Leap"],"campfire_rested":4,"item_purchase_floors":[20,20,20],"current_hp_per_floor":[75,57,57,57,46,46,17,39,39,39,39,28,28,28,50,8,75,44,40,40,40,40,19,41,28,28,20,26,26,26,21,43,0,0],"gold":255,"neow_bonus":"UPGRADE_CARD","is_daily":false,"chose_seed":false,"campfire_upgraded":3,"win_rate":0.0,"timestamp":1613850368,"path_taken":["M","?","?","M","?","R","E","R","T","R","M","?","R","?","R","BOSS","M","?","$","?","?","E","R","?","T","M","M","?","R","M","R","BOSS"],"items_purchased_type":["Card","Card","Card"],"build_version":"2020-12-22","purchased_purges":1,"victory":false,"max_hp_per_floor":[75,75,75,75,75,75,75,75,75,75,75,75,75,75,75,75,75,75,75,75,75,75,75,75,75,75,75,75,75,75,75,75,75,75],"relic_stats":{"Blood Vial":20,"Sozu":4,"counters":[14,70],"Golden Idol":77,"Blue Candle":[5],"Question Card":8,"obtain_stats":[{"Blood Vial":9,"Sozu":17,"Golden Idol":2,"Blue Candle":3,"MutagenicStrength":21,"Vajra":7,"Cracked Core":0,"Question Card":14,"Akabeko":29,"Mercury Hourglass":23},{"Blood Vial":3,"Sozu":6,"Golden Idol":1,"Blue Candle":1,"MutagenicStrength":8,"Vajra":3,"Cracked Core":0,"Question Card":5,"Akabeko":12,"Mercury Hourglass":9},{"Blood Vial":13,"Sozu":32,"Golden Idol":2,"Blue Candle":2,"MutagenicStrength":41,"Vajra":13,"Cracked Core":0,"Question Card":20,"Akabeko":60,"Mercury Hourglass":46}],"Mercury Hourglass":[120]},"card_choices":[{"not_picked":["Compile Driver","Heatsinks"],"picked":"Sweeping Beam","floor":1},{"not_picked":["Melter","Tempest"],"picked":"Chaos","floor":4},{"not_picked":["Compile Driver","Rebound"],"picked":"Storm","floor":7},{"not_picked":["Scrape","Compile Driver"],"picked":"Gash","floor":11},{"not_picked":["Capacitor","Beam Cell"],"picked":"Gash","floor":12},{"not_picked":["Amplify","Core Surge","Meteor Strike"],"picked":"Echo Form","floor":16},{"not_picked":["Redo","Lockon","Barrage"],"picked":"Coolheaded+1","floor":18},{"not_picked":["Leap","Turbo","Stack"],"picked":"Defragment","floor":19},{"not_picked":["BootSequence","Consume","Chill+1"],"picked":"Machine Learning","floor":23},{"not_picked":["Streamline","Cold Snap+1","Glacier+1"],"picked":"Loop+1","floor":25},{"not_picked":["Coolheaded","Leap","Chill"],"picked":"Gash","floor":27},{"not_picked":["Leap","Reinforced Body","Coolheaded+1"],"picked":"Streamline+1","floor":28},{"not_picked":["Redo","Aggregate","Conserve Battery+1"],"picked":"Beam Cell+1","floor":31}],"player_experience":768982,"relics_obtained":[{"floor":7,"key":"Vajra"},{"floor":9,"key":"Blood Vial"},{"floor":23,"key":"Mercury Hourglass"}],"event_choices":[{"damage_healed":0,"gold_gain":0,"player_choice":"Take Damage","damage_taken":18,"relics_obtained":["Golden Idol"],"max_hp_gain":0,"max_hp_loss":0,"event_name":"Golden Idol","floor":2,"gold_loss":0},{"damage_healed":0,"gold_gain":0,"player_choice":"Box","damage_taken":0,"relics_obtained":["Blue Candle"],"max_hp_gain":0,"max_hp_loss":0,"event_name":"Big Fish","floor":3,"gold_loss":0,"cards_obtained":["Regret"]},{"damage_healed":0,"gold_gain":75,"player_choice":"Gather Gold","damage_taken":11,"max_hp_gain":0,"max_hp_loss":0,"event_name":"World of Goop","floor":5,"gold_loss":0},{"damage_healed":0,"gold_gain":0,"player_choice":"Gave Potion","damage_taken":0,"relics_obtained":["Question Card"],"max_hp_gain":0,"max_hp_loss":0,"event_name":"WeMeetAgain","floor":14,"gold_loss":0},{"damage_healed":0,"gold_gain":0,"player_choice":"Inject Mutagens","damage_taken":0,"relics_obtained":["MutagenicStrength"],"max_hp_gain":0,"max_hp_loss":0,"event_name":"Drug Dealer","floor":21,"gold_loss":0},{"damage_healed":0,"gold_gain":0,"player_choice":"Forge","damage_taken":0,"max_hp_gain":0,"max_hp_loss":0,"event_name":"Accursed Blacksmith","floor":22,"gold_loss":0,"cards_upgraded":["Echo Form"]},{"damage_healed":0,"gold_gain":0,"player_choice":"Opened","damage_taken":0,"relics_obtained":["Akabeko"],"max_hp_gain":0,"max_hp_loss":0,"event_name":"The Mausoleum","floor":29,"gold_loss":0}],"is_beta":false,"boss_relics":[{"not_picked":["Busted Crown","Empty Cage"],"picked":"Sozu"}],"items_purged_floors":[20],"is_endless":false,"potions_floor_spawned":[4,7,11,12,18,23,27,31],"killed_by":"Automaton","ascension_level":0}}