{"host":"og21o26alpnbwmz8","time":1613843043,"event":{"mods":["2.2 Compatiblity","A Magickal Journey","Act Like it!","Aspiration","BaseMod","Conspire","Downfall","Gensokyo","GungeonMod","Halation","Hubris","Jedi Mod","Mimic Mod","Minty Spire (QoL Compilation)","Pale of the Ancients","Reliquary","Replay The Spire","Shop Mod","Spikes Relics","StSLib","The Alterego","The Animator","The Blue Laboratory","The Bug Knight","The Exalted","The Florist","The Poker Player","Waifu the Spire","Yuri Mod"],"gold_per_floor":[112,112,112,112,134,134,154,169,219,254,277,308,71,85,85,184,209,224,224,149,6,19,19,47,47,86,248,248,294,294,310,310,310,310],"floor_reached":33,"language":"ENG","playtime":2269,"items_purged":["animator:Defend"],"score":282,"play_id":"069b781d-ae8a-4b19-b9f3-ae09c7246690","local_time":"20210220124403","is_ascension_mode":false,"campfire_choices":[{"data":"animator:TanyaDegurechaff","floor":6,"key":"SMITH"},{"data":"animator:Tet","floor":15,"key":"SMITH"},{"data":"animator:GuildGirl","floor":15,"key":"SMITH"},{"data":"animator:LimeBell","floor":23,"key":"SMITH"},{"data":"animator:LimeBell","floor":23,"key":"SMITH"},{"data":"animator:TukaLunaMarceau","floor":25,"key":"SMITH"},{"data":"animator:Defend","floor":25,"key":"SMITH"},{"data":"animator:Defend_AccelWorld","floor":28,"key":"SMITH"},{"data":"animator:Defend","floor":28,"key":"SMITH"},{"floor":32,"key":"REST"}],"circlet_count":0,"master_deck":["animator:Strike_AccelWorld","animator:Defend_AccelWorld+1","animator:Strike","animator:Strike","animator:Defend+1","animator:Defend+1","animator:Kuroyukihime","animator:LimeBell+1","animator:TanyaDegurechaff+1","animator:TukaLunaMarceau+1","animator:Tet+1","animator:Ainz","animator:LimeBell+1","animator:GuildGirl+1","animator:Gilgamesh+4","animator:FielNirvalen"],"relics":["animator:LivingPicture","animator:TheMissingPiece","Red Skull","reliquary:HotPoker","Replay:Arrowhead","sneckomod:SneckoTalon","reliquary:RoseTintedGlasses","animator:WizardHat","reliquary:QuartzCube"],"acts_visited":["Exordium","TheCity"],"potions_floor_usage":[8,18,22,27],"damage_taken":[{"damage":0,"enemies":"Small Slimes","floor":1,"turns":5},{"damage":1,"enemies":"Jaw Worm","floor":5,"turns":4},{"damage":0,"enemies":"Cultist","floor":7,"turns":3},{"damage":0,"enemies":"Lots of Slimes","floor":8,"turns":3},{"damage":0,"enemies":"Lagavulin","floor":10,"turns":9},{"damage":0,"enemies":"Blue Slaver","floor":11,"turns":6},{"damage":24,"enemies":"3 Sentries","floor":12,"turns":13},{"damage":0,"enemies":"2 Fungi Beasts","floor":14,"turns":4},{"damage":21,"enemies":"The Guardian","floor":16,"turns":12},{"damage":3,"enemies":"Spheric Guardian","floor":18,"turns":5},{"damage":17,"enemies":"2 Thieves","floor":20,"turns":5},{"damage":5,"enemies":"Chosen and Byrds","floor":22,"turns":7},{"damage":20,"enemies":"Shelled Parasite and Fungi","floor":24,"turns":8},{"damage":0,"enemies":"3 Cultists","floor":26,"turns":7},{"damage":0,"enemies":"Colosseum Slavers","floor":27,"turns":5},{"damage":12,"enemies":"Colosseum Nobs","floor":27,"turns":6},{"damage":0,"enemies":"3 Cultists","floor":29,"turns":6},{"damage":0,"enemies":"conspire:HollyBat","floor":31,"turns":7},{"damage":34,"enemies":"hubris:MusketHawk","floor":33,"turns":6}],"seed_played":"3199739586352258726","potions_obtained":[{"floor":5,"key":"DemoMod:LeadSkinPotion"},{"floor":8,"key":"Ancient Potion"},{"floor":11,"key":"blueLaboratory:BottleOfRum"},{"floor":12,"key":"Explosive Potion"},{"floor":18,"key":"champ:CounterPotion"},{"floor":22,"key":"blueLaboratory:FrostheartPotion"}],"is_trial":false,"path_per_floor":["M","?","?","$","M","R","M","M","T","E","M","E","$","M","R","B",null,"M","?","M","$","M","R","M","R","MIM","?","R","M","?","M","R","B"],"character_chosen":"THE_ANIMATOR","items_purchased":["animator:LimeBell","animator:GuildGirl","reliquary:RoseTintedGlasses"],"campfire_rested":1,"item_purchase_floors":[13,13,21],"current_hp_per_floor":[66,59,59,59,58,58,58,58,58,58,58,34,34,34,34,13,66,63,63,46,46,41,41,21,21,22,10,10,10,10,10,30,0,0],"gold":310,"neow_bonus":"COLORLESS_CARD","is_daily":false,"chose_seed":false,"campfire_upgraded":9,"win_rate":0.0,"timestamp":1613843043,"path_taken":["M","?","?","$","?","R","M","M","T","E","?","E","?","M","R","BOSS","M","?","M","$","M","R","M","R","MIM","?","R","?","?","M","R","BOSS"],"items_purchased_type":["Card","Card","Relic"],"build_version":"2020-12-22","purchased_purges":1,"victory":false,"max_hp_per_floor":[66,66,66,66,66,66,66,66,66,66,66,66,66,66,66,66,66,66,66,66,66,66,66,66,66,67,67,67,67,67,67,67,67,67],"card_choices":[{"not_picked":["animator:MumenRider","animator:Entoma","animator:Caster"],"picked":"SKIP","floor":1},{"not_picked":["animator:Arpeggio","animator:DolaSchwi"],"picked":"animator:TukaLunaMarceau","floor":5},{"not_picked":["animator:SakuraMatou","animator:SilverFang","animator:TukaLunaMarceau"],"picked":"SKIP","floor":7},{"not_picked":["animator:Shigure","animator:Saitama","animator:Mitsuba"],"picked":"SKIP","floor":10},{"not_picked":["animator:DolaSchwi","animator:SilverFang"],"picked":"animator:Tet","floor":11},{"not_picked":["animator:YaoHaDucy","animator:Priestess"],"picked":"animator:Ainz","floor":12},{"not_picked":["animator:GoblinSlayer","animator:Guren"],"picked":"animator:Gilgamesh","floor":16},{"not_picked":["animator:SilverFang","animator:Tatsumaki","animator:RinTohsaka+1"],"picked":"SKIP","floor":18},{"not_picked":["animator:Mikaela","animator:Archer","animator:Mitsuba+1"],"picked":"SKIP","floor":20},{"not_picked":["animator:Tyuule","animator:Mitsuba","animator:Alexander"],"picked":"SKIP","floor":22},{"not_picked":["animator:RoryMercury","animator:Mikaela"],"picked":"animator:FielNirvalen","floor":26},{"not_picked":["animator:DolaSchwi","animator:Cocytus","animator:DolaRiku"],"picked":"SKIP","floor":29}],"player_experience":408577,"relics_obtained":[{"floor":9,"key":"Red Skull"},{"floor":10,"key":"reliquary:HotPoker"},{"floor":12,"key":"Replay:Arrowhead"},{"floor":27,"key":"animator:WizardHat"},{"floor":27,"key":"reliquary:QuartzCube"}],"event_choices":[{"cards_removed":["animator:Strike"],"damage_healed":0,"gold_gain":0,"player_choice":"Card Removal","damage_taken":7,"max_hp_gain":0,"max_hp_loss":0,"event_name":"Golden Wing","floor":2,"gold_loss":0},{"damage_healed":0,"gold_gain":0,"player_choice":"Leave","damage_taken":0,"max_hp_gain":0,"max_hp_loss":0,"event_name":"conspire:Investor","floor":19,"gold_loss":0},{"damage_healed":0,"gold_gain":0,"player_choice":"Fight","damage_taken":0,"max_hp_gain":0,"max_hp_loss":0,"event_name":"Colosseum","floor":27,"gold_loss":0},{"damage_healed":0,"gold_gain":0,"player_choice":"Fought Nobs","damage_taken":0,"max_hp_gain":0,"max_hp_loss":0,"event_name":"Colosseum","floor":27,"gold_loss":0},{"damage_healed":0,"gold_gain":0,"player_choice":"Ignored","damage_taken":0,"max_hp_gain":0,"max_hp_loss":0,"event_name":"The Mausoleum","floor":30,"gold_loss":0}],"is_beta":false,"boss_relics":[{"not_picked":["conspire:RunicOctahedron","bronze:MakeshiftBattery"],"picked":"sneckomod:SneckoTalon"}],"items_purged_floors":[13],"is_endless":false,"potions_floor_spawned":[5,8,11,12,14,18,22,24,27,31],"killed_by":"hubris:MusketHawk","ascension_level":0}}