{"host":"fbf4ff5zs5coz2xl","time":1613784542,"event":{"mods":["BaseMod","Downfall","Minty Spire (QoL Compilation)","Permanent Neow","StSLib"],"gold_per_floor":[99,137,137,237,237,279,279,314,352,407,507,37,37,82,119,244,244,44,56,93,78,163,196,222,275,295,312,346,621,659,685,697,827,827,727,766,785,452,452,452,532,532,532,559,559,577,173,198,215,215,215,245,40,40,40,40],"floor_reached":57,"language":"ENG","playtime":4483,"items_purged":["Regret","Slimebound:Strike_Slimebound"],"score":1590,"play_id":"9adae36f-db3a-49ac-a28f-c18cd352c0ca","local_time":"20210219182902","is_ascension_mode":true,"campfire_choices":[{"data":"HandOfGreed","floor":1.0,"key":"SMITH"},{"data":"Slimebound:TagTeam","floor":13.0,"key":"SMITH"},{"floor":18.0,"key":"RECALL"},{"data":"Slimebound:Prepare","floor":35.0,"key":"SMITH"},{"data":"Slimebound:SplitSpecialist","floor":40.0,"key":"SMITH"},{"data":"Slimebound:Darklings","floor":43.0,"key":"SMITH"},{"data":"Slimebound:SlimeBarrage","floor":54,"key":"SMITH"}],"circlet_count":0,"master_deck":["Slimebound:Strike_Slimebound","Slimebound:Defend_Slimebound","Slimebound:Defend_Slimebound","Slimebound:Defend_Slimebound","Slimebound:Defend_Slimebound","Slimebound:Split","Slimebound:CorrosiveSpit","Slimebound:SplitSpecialist+1","Slimebound:Prepare+1","Slimebound:Equalize","Slimebound:PressTheAttack","Slimebound:Overexert+1","Slimebound:Replication","Slimebound:TagTeam+1","Slimebound:GoopSpray","Slimebound:MinionMaster","Slimebound:SlimeBarrage+1","Slimebound:GoopSpray+1","Slimebound:LeadByExample+1","Slimebound:SlimeTap","Slimebound:RallyTheTroops","Slimebound:Overexert+1","Slimebound:Darklings+1","Slimebound:SlimeSpikes","Slimebound:LevelUp+1"],"relics":["Slimebound:AbsorbEndCombat","Pen Nib","Bronze Scales","sneckomod:BlankCard","Medical Kit","bronze:MakeshiftBattery","downfall:HeartBlessingGreen","downfall:HeartBlessingBlue","Tiny Chest","PreservedInsect","Frozen Egg 2","Akabeko","Membership Card","MealTicket","SlaversCollar","downfall:HeartBlessingRed","Sundial","Mercury Hourglass","Bag of Preparation","Mummified Hand","Strange Spoon","Slimebound:PreparedRelic","Dream Catcher","hexamod:BolsterEngine","Pantograph","Guardian:BottledAnomaly"],"acts_visited":["Exordium","TheCity","TheBeyond","TheEnding"],"potions_floor_usage":[56],"damage_taken":[{"damage":5.0,"enemies":"2 Louse","floor":2.0,"turns":2.0},{"damage":4.0,"enemies":"Jaw Worm","floor":6.0,"turns":3.0},{"damage":6.0,"enemies":"Small Slimes","floor":8.0,"turns":2.0},{"damage":5.0,"enemies":"Blue Slaver","floor":9.0,"turns":4.0},{"damage":25.0,"enemies":"Lagavulin","floor":10.0,"turns":6.0},{"damage":45.0,"enemies":"downfall:Heads","floor":11.0,"turns":6.0},{"damage":0.0,"enemies":"downfall:FleeingMerchant","floor":12.0,"turns":4.0},{"damage":6.0,"enemies":"3 Louse","floor":14.0,"turns":3.0},{"damage":0.0,"enemies":"2 Fungi Beasts","floor":15.0,"turns":4.0},{"damage":0.0,"enemies":"SI_SHIV_ARCHETYPE","floor":16.0,"turns":5.0},{"damage":3.0,"enemies":"Shell Parasite","floor":19.0,"turns":3.0},{"damage":5.0,"enemies":"3 Byrds","floor":20.0,"turns":2.0},{"damage":0.0,"enemies":"downfall:FleeingMerchant","floor":21.0,"turns":4.0},{"damage":18.0,"enemies":"Gremlin Leader","floor":23.0,"turns":3.0},{"damage":21.0,"enemies":"Slavers","floor":25.0,"turns":3.0},{"damage":4.0,"enemies":"Snake Plant","floor":26.0,"turns":2.0},{"damage":2.0,"enemies":"Shelled Parasite and Fungi","floor":27.0,"turns":4.0},{"damage":37.0,"enemies":"Gremlin Leader","floor":28.0,"turns":6.0},{"damage":2.0,"enemies":"Cultist and Chosen","floor":30.0,"turns":3.0},{"damage":14.0,"enemies":"downfall:FleeingMerchant","floor":31.0,"turns":3.0},{"damage":5.0,"enemies":"Centurion and Healer","floor":32.0,"turns":4.0},{"damage":10.0,"enemies":"IC_MUSHROOM_ARCHETYPE","floor":33.0,"turns":6.0},{"damage":10.0,"enemies":"Orb Walker","floor":36.0,"turns":3.0},{"damage":5.0,"enemies":"3 Darklings","floor":37.0,"turns":3.0},{"damage":0.0,"enemies":"Reptomancer","floor":44.0,"turns":3.0},{"damage":27,"enemies":"Jaw Worm Horde","floor":46,"turns":3},{"damage":0,"enemies":"Writhing Mass","floor":49,"turns":2},{"damage":32,"enemies":"WA_ARCHETYPE_DIVINITY","floor":50,"turns":5},{"damage":22,"enemies":"downfall:CharBossMerchant","floor":52,"turns":4},{"damage":26,"enemies":"downfall:NeowBoss","floor":55,"turns":7},{"damage":35,"enemies":"downfall:NeowBossFinal","floor":56,"turns":6}],"seed_played":"8529431207646894490","potions_obtained":[{"floor":6.0,"key":"Swift Potion"},{"floor":8.0,"key":"champ:CounterPotion"},{"floor":10.0,"key":"SpeedPotion"},{"floor":15.0,"key":"SteroidPotion"},{"floor":20.0,"key":"EssenceOfSteel"},{"floor":25.0,"key":"FairyPotion"},{"floor":33.0,"key":"DuplicationPotion"},{"floor":37.0,"key":"Slimebound:SlimedPotion"}],"is_trial":false,"path_per_floor":["R","M","?","?","?","M","T","M","M","E","?","$","R","M","M","B",null,"R","M","M","$","?","E","T","E","M","M","E","?","M","$","M","B",null,"R","M","M","?","T","R","T","?","R","E","?","M","$","T","M","B",null,"E","$","R","B","B",null],"character_chosen":"SLIMEBOUND","items_purchased":["Slimebound:TagTeam","sneckomod:BlankCard","Medical Kit","Membership Card","MealTicket","Slimebound:SlimeTap","Mummified Hand","Slimebound:LevelUp+1","Strange Spoon","Slimebound:PreparedRelic","Pantograph","Guardian:BottledAnomaly"],"campfire_rested":0,"item_purchase_floors":[12,12,12,31,31,31,47,47,47,47,53,53],"current_hp_per_floor":[65,62,55,55,60,60,60,56,63,44,15,19,19,13,13,23,58,68,71,66,68,56,40,40,33,29,51,28,28,42,30,33,39,70,70,66,75,90,90,90,90,90,90,90,90,65,80,80,82,54,81,68,83,83,66,61],"gold":40,"neow_bonus":"RANDOM_COLORLESS_2","is_daily":false,"chose_seed":false,"campfire_upgraded":6,"win_rate":0.0,"timestamp":1613784542,"path_taken":["R","M","?","?","?","?","T","M","M","E","?","$","R","M","M","BOSS","R","M","M","$","?","E","T","E","M","M","E","?","?","$","M","BOSS","R","M","M","?","?","R","T","?","R","E","?","?","$","?","M","BOSS","E","$","R","BOSS","BOSS"],"items_purchased_type":["Card","Relic","Relic","Relic","Relic","Card","Relic","Card","Relic","Relic","Relic","Relic"],"build_version":"2020-12-22","purchased_purges":2,"victory":true,"max_hp_per_floor":[65,65,65,65,70,70,70,70,70,70,70,70,70,70,70,70,70,80,80,80,80,80,80,80,80,80,80,80,80,80,80,80,80,80,80,80,80,90,90,90,90,90,90,90,90,90,90,90,90,90,90,90,90,90,90,90],"card_choices":[{"not_picked":["Apotheosis","Secret Weapon"],"picked":"HandOfGreed","floor":0.0},{"not_picked":["Slimebound:Gluttony","Slimebound:HauntingLick"],"picked":"Slimebound:SplitSpecialist","floor":2.0},{"not_picked":["Slimebound:HauntingLick","Slimebound:FinishingTackle"],"picked":"Slimebound:Prepare","floor":6.0},{"not_picked":["Slimebound:GoopSpray","Slimebound:ViciousTackle"],"picked":"Slimebound:Equalize","floor":8.0},{"not_picked":["Slimebound:Schlurp","Slimebound:DisruptingSlam"],"picked":"Slimebound:PressTheAttack","floor":9.0},{"not_picked":["Slimebound:FinishingTackle","Slimebound:Chomp"],"picked":"Slimebound:Overexert","floor":10.0},{"not_picked":["Slimebound:RejuvenatingLick","Slimebound:GoopTackle","Slimebound:FlameTackle"],"picked":"SKIP","floor":12.0},{"not_picked":["Slimebound:Prepare","Slimebound:GoopTackle","Slimebound:SplitBruiser"],"picked":"SKIP","floor":14.0},{"not_picked":["Slimebound:LeechingTouch","Slimebound:HauntingLick"],"picked":"Slimebound:GoopSpray","floor":15.0},{"not_picked":["Slimebound:LeechLife","Slimebound:DuplicatedForm"],"picked":"Slimebound:MinionMaster","floor":16.0},{"not_picked":["Slimebound:LeechEnergy","Slimebound:ItLooksTasty"],"picked":"Slimebound:SlimeBarrage","floor":19.0},{"not_picked":["Slimebound:ComboTackle","Slimebound:SplitMire","Slimebound:SplitBruiser+1"],"picked":"SKIP","floor":20.0},{"not_picked":["Slimebound:ServeAndProtect","Slimebound:FirmFortitude","Slimebound:PressTheAttack"],"picked":"SKIP","floor":21.0},{"not_picked":["Slimebound:DisruptingSlam","Slimebound:Prepare","Slimebound:RollThrough+1"],"picked":"SKIP","floor":23.0},{"not_picked":["Slimebound:Equalize","Slimebound:SplitSpecialist","Slimebound:BestDefense+1"],"picked":"SKIP","floor":25.0},{"not_picked":["Slimebound:Schlurp","Slimebound:HauntingLick"],"picked":"Slimebound:GoopSpray+1","floor":26.0},{"not_picked":["Slimebound:RollThrough+1","Slimebound:LivingWall"],"picked":"Slimebound:LeadByExample+1","floor":27.0},{"not_picked":["Slimebound:TongueLash+1","Slimebound:LeechEnergy","Slimebound:PressTheAttack"],"picked":"SKIP","floor":28.0},{"not_picked":["Slimebound:Prepare","Slimebound:DisruptingSlam","Slimebound:ComboTackle"],"picked":"SKIP","floor":30.0},{"not_picked":["Slimebound:HauntingLick","Slimebound:ForwardTackle+1","Slimebound:SplitAcid"],"picked":"SKIP","floor":31.0},{"not_picked":["Slimebound:SplitLeeching","Slimebound:GrowthPunch"],"picked":"Slimebound:RallyTheTroops","floor":32.0},{"not_picked":["Slimebound:WasteNot","Slimebound:RallyTheTroops"],"picked":"Slimebound:Overexert+1","floor":33.0},{"not_picked":["Slimebound:BestDefense+1","Slimebound:TongueLash+1","Slimebound:RollThrough+1"],"picked":"SKIP","floor":36.0},{"not_picked":["Slimebound:ComboTackle+1","Slimebound:SlimeSpikes","Slimebound:LivingWall"],"picked":"SKIP","floor":37.0},{"not_picked":["Slimebound:FinishingTackle","Slimebound:Replication+1","Slimebound:SplitMire+1"],"picked":"SKIP","floor":44.0},{"not_picked":["Slimebound:SplitMire","Slimebound:GrowthPunch+1","Slimebound:SlimeSpikes"],"picked":"SKIP","floor":46},{"not_picked":["Slimebound:LivingWall+1","Slimebound:Replication","Slimebound:Prepare"],"picked":"SKIP","floor":49},{"not_picked":["Slimebound:OozeBath","Slimebound:RainOfGoop+1","Slimebound:ServeAndProtect"],"picked":"SKIP","floor":52}],"player_experience":575478,"relics_obtained":[{"floor":10.0,"key":"Bronze Scales"},{"floor":23.0,"key":"Tiny Chest"},{"floor":24.0,"key":"PreservedInsect"},{"floor":25.0,"key":"Frozen Egg 2"},{"floor":28.0,"key":"Akabeko"},{"floor":39.0,"key":"Sundial"},{"floor":41.0,"key":"Mercury Hourglass"},{"floor":44.0,"key":"Bag of Preparation"},{"floor":48,"key":"Dream Catcher"},{"floor":52,"key":"hexamod:BolsterEngine"}],"event_choices":[{"damage_healed":0.0,"max_hp_gain":0.0,"max_hp_loss":0.0,"gold_gain":0.0,"event_name":"Scrap Ooze","player_choice":"Success","floor":3.0,"gold_loss":0.0,"damage_taken":7.0,"relics_obtained":["Pen Nib"]},{"damage_healed":0.0,"max_hp_gain":5.0,"max_hp_loss":0.0,"gold_gain":0.0,"event_name":"Big Fish","player_choice":"Donut","floor":5.0,"gold_loss":0.0,"damage_taken":0.0}],"is_beta":false,"boss_relics":[{"not_picked":["SacredBark","Slimebound:AbsorbEndCombatUpgraded"],"picked":"bronze:MakeshiftBattery"},{"not_picked":["Philosopher\u0027s Stone","Busted Crown"],"picked":"SlaversCollar"}],"items_purged_floors":[31,47],"is_endless":false,"potions_floor_spawned":[6,8,10,15,20,25,26,28,32,33,37,49,52],"ascension_level":5}}