{"host":"6ra5lt5rtw92upyd","time":1613830464,"event":{"mods":["Act Like it!","BaseMod","Minty Spire (QoL Compilation)","Robot Space Explorer","Shop Mod","Spicy Shops","StSLib","[IsaacMod]ÒÔÈö¼âËþ"],"gold_per_floor":[116,116,135,60,21,56,67,81,81,110,110,110,110,122,122,196,196,211,230,155,70,0,0,0],"floor_reached":23,"language":"ZHS","playtime":1879,"items_purged":[],"score":493,"play_id":"8f857143-b4d5-4702-9434-ee4540e63516","local_time":"20210220221424","is_ascension_mode":true,"campfire_choices":[{"data":"True Grit","floor":13.0,"key":"SMITH"},{"floor":15.0,"key":"RECALL"}],"circlet_count":0,"master_deck":["AscendersBane","Strike_R","Strike_R+1","Strike_R","Strike_R","Defend_R","Defend_R+1","Defend_R","Defend_R","Bash","True Grit+1","Second Wind","Shrug It Off","Intimidate","Disarm","Cleave","Offering","Body Slam"],"relics":["Burning Blood","HushsDoor","GuppysTail","NeowsBlessing","YumHeart","SteamSale","OrangePellets","Du-Vu Doll","BlankCard","Nunchaku","Philosopher\u0027s Stone","GuppysHead","Torii"],"acts_visited":["Exordium","TheCity"],"potions_floor_usage":[23],"damage_taken":[{"damage":0.0,"enemies":"Jaw Worm","floor":1.0,"turns":1.0},{"damage":0.0,"enemies":"Cultist","floor":3.0,"turns":1.0},{"damage":0.0,"enemies":"Gremlin Nob","floor":6.0,"turns":1.0},{"damage":8.0,"enemies":"2 Louse","floor":7.0,"turns":3.0},{"damage":7.0,"enemies":"Looter","floor":8.0,"turns":4.0},{"damage":0.0,"enemies":"3 Sentries","floor":10.0,"turns":2.0},{"damage":0.0,"enemies":"Blue Slaver","floor":14.0,"turns":5.0},{"damage":0.0,"enemies":"Slime Boss","floor":16.0,"turns":7.0},{"damage":9.0,"enemies":"3 Byrds","floor":18.0,"turns":6.0},{"damage":46.0,"enemies":"Chosen","floor":19.0,"turns":5.0},{"damage":51,"enemies":"Slavers","floor":23,"turns":6}],"seed_played":"-6198698495041225483","potions_obtained":[{"floor":3.0,"key":"ColorlessPotion"},{"floor":7.0,"key":"BloodPotion"},{"floor":8.0,"key":"PowerPotion"},{"floor":10.0,"key":"CultistPotion"}],"is_trial":false,"path_per_floor":["M","?","M","$","$","E","M","M","T","E","?","?","R","M","R","B",null,"M","M","?","?","?","E"],"character_chosen":"IRONCLAD","items_purchased":["SteamSale","OrangePellets","GuppysHead"],"campfire_rested":0,"item_purchase_floors":[4,5,17],"current_hp_per_floor":[78,60,66,66,66,72,70,80,80,80,85,68,68,74,74,80,75,72,51,51,51,51,0,0],"gold":0,"neow_bonus":"THREE_ENEMY_KILL","is_daily":false,"chose_seed":false,"campfire_upgraded":1,"win_rate":0.0,"timestamp":1613830464,"path_taken":["M","?","?","?","$","E","M","M","T","E","?","?","R","M","R","BOSS","M","M","?","?","?","E"],"items_purchased_type":["Relic","Relic","Relic"],"build_version":"2020-12-22","purchased_purges":0,"victory":false,"max_hp_per_floor":[80,80,80,80,80,80,80,80,80,80,85,85,85,85,85,85,75,75,75,75,75,75,75,75],"card_choices":[{"not_picked":[],"picked":"Bomb","floor":0.0},{"not_picked":["Flame Barrier","Rage","Thunderclap"],"picked":"SKIP","floor":1.0},{"not_picked":["Sword Boomerang","Disarm"],"picked":"True Grit","floor":3.0},{"not_picked":["Whirlwind","Twin Strike"],"picked":"Second Wind","floor":6.0},{"not_picked":["Intimidate","Heavy Blade"],"picked":"Shrug It Off","floor":7.0},{"not_picked":["Bloodletting","Sever Soul"],"picked":"Intimidate","floor":8.0},{"not_picked":["Rage","Shrug It Off"],"picked":"Disarm","floor":10.0},{"not_picked":["Shockwave","Wild Strike"],"picked":"Cleave","floor":14.0},{"not_picked":["Double Tap","Corruption"],"picked":"Offering","floor":16.0},{"not_picked":["Searing Blow","Spot Weakness","Havoc"],"picked":"SKIP","floor":18.0},{"not_picked":["Searing Blow","Spot Weakness","Havoc"],"picked":"SKIP","floor":18.0},{"not_picked":["Perfected Strike","Clothesline"],"picked":"Body Slam","floor":19.0}],"player_experience":280737,"relics_obtained":[{"floor":6.0,"key":"Du-Vu Doll"},{"floor":9.0,"key":"BlankCard"},{"floor":10.0,"key":"Nunchaku"}],"event_choices":[{"damage_healed":0.0,"max_hp_gain":0.0,"max_hp_loss":0.0,"gold_gain":0.0,"event_name":"Scrap Ooze","player_choice":"Success","floor":2.0,"gold_loss":0.0,"damage_taken":18.0,"relics_obtained":["YumHeart"]},{"damage_healed":0.0,"max_hp_gain":5.0,"max_hp_loss":0.0,"gold_gain":0.0,"event_name":"Big Fish","player_choice":"Donut","floor":11.0,"gold_loss":0.0,"damage_taken":0.0},{"damage_healed":0.0,"max_hp_gain":0.0,"max_hp_loss":0.0,"gold_gain":0.0,"event_name":"Shining Light","player_choice":"Entered Light","floor":12.0,"gold_loss":0.0,"damage_taken":17.0,"cards_upgraded":["Defend_R","Strike_R"]},{"cards_removed":["Strike_R"],"damage_healed":0.0,"max_hp_gain":0.0,"max_hp_loss":0.0,"gold_gain":0.0,"event_name":"Beggar","player_choice":"Gave Gold","floor":20.0,"gold_loss":75.0,"damage_taken":0.0},{"damage_healed":0.0,"max_hp_gain":0.0,"max_hp_loss":0.0,"gold_gain":0.0,"event_name":"Addict","player_choice":"Obtained Relic","floor":21.0,"gold_loss":85.0,"damage_taken":0.0,"relics_obtained":["Torii"]},{"damage_healed":0.0,"max_hp_gain":0.0,"max_hp_loss":0.0,"gold_gain":0.0,"event_name":"Masked Bandits","player_choice":"Paid Fearfully","floor":22.0,"gold_loss":70.0,"damage_taken":0.0}],"is_beta":false,"boss_relics":[{"not_picked":["Runic Cube","Fusion Hammer"],"picked":"Philosopher\u0027s Stone"},{"not_picked":[]}],"items_purged_floors":[],"is_endless":false,"potions_floor_spawned":[3,7,8,10],"killed_by":"Slavers","ascension_level":13}}