{"host":"Sean","time":1613865015,"event":{"mods":["BaseMod","Block Reminder","Colored Map","Colored Powertips","Highlight Path","Minty Spire (QoL Compilation)","Permanent Neow","Relic Stats"],"gold_per_floor":[111,121,133,208,208,238,238,272,322,322,1,1,29,43,43,140,190,206,1,1,20,38,57,88,12,38,38,64,97,132,142,142,142,142],"floor_reached":33,"language":"ENG","playtime":1359,"items_purged":["Defend_G","Strike_G","Defend_G"],"score":564,"play_id":"3768b3ef-397d-4154-9cc2-c65e7bd244bb","local_time":"20210220235015","is_ascension_mode":true,"campfire_choices":[{"floor":7,"key":"REST"},{"data":"Terror","floor":10,"key":"SMITH"},{"floor":15,"key":"REST"},{"floor":27,"key":"REST"},{"floor":32,"key":"REST"}],"circlet_count":0,"master_deck":["AscendersBane","Strike_G","Strike_G","Strike_G+1","Defend_G","Defend_G","Defend_G","Survivor","Neutralize","Terror+1","Dagger Spray","Noxious Fumes","PiercingWail","Flying Knee","The Bomb","PiercingWail","Blade Dance","Glass Knife","Footwork","PiercingWail+1","Prepared","Prepared","Cloak And Dagger+1","Well Laid Plans","Calculated Gamble+1","PiercingWail"],"relics":["Ring of the Snake","Bag of Preparation","StrikeDummy","Pen Nib","Smiling Mask","Mummified Hand","Tiny House","Anchor","Nilry\u0027s Codex","CaptainsWheel","Strawberry","Happy Flower","Red Mask","MealTicket"],"acts_visited":["Exordium","TheCity"],"potions_floor_usage":[6,8,16,22,24],"damage_taken":[{"damage":1,"enemies":"Small Slimes","floor":1,"turns":4},{"damage":3,"enemies":"Jaw Worm","floor":2,"turns":3},{"damage":1,"enemies":"Cultist","floor":3,"turns":3},{"damage":21,"enemies":"Gremlin Nob","floor":6,"turns":4},{"damage":18,"enemies":"3 Sentries","floor":8,"turns":6},{"damage":16,"enemies":"Gremlin Nob","floor":13,"turns":3},{"damage":0,"enemies":"2 Fungi Beasts","floor":14,"turns":3},{"damage":7,"enemies":"Hexaghost","floor":16,"turns":6},{"damage":5,"enemies":"Chosen","floor":18,"turns":4},{"damage":2,"enemies":"Shell Parasite","floor":21,"turns":4},{"damage":10,"enemies":"Snecko","floor":22,"turns":4},{"damage":17,"enemies":"Centurion and Healer","floor":23,"turns":6},{"damage":1,"enemies":"Slavers","floor":24,"turns":4},{"damage":18,"enemies":"Gremlin Leader","floor":28,"turns":5},{"damage":2,"enemies":"Masked Bandits","floor":29,"turns":3},{"damage":16,"enemies":"Book of Stabbing","floor":30,"turns":5},{"damage":0,"enemies":"3 Cultists","floor":31,"turns":4},{"damage":57,"enemies":"Champ","floor":33,"turns":10}],"seed_played":"-7002644926727734880","potions_obtained":[{"floor":2,"key":"SteroidPotion"},{"floor":3,"key":"SkillPotion"},{"floor":13,"key":"CultistPotion"},{"floor":17,"key":"AttackPotion"},{"floor":22,"key":"FearPotion"},{"floor":24,"key":"GamblersBrew"}],"is_trial":false,"path_per_floor":["M","M","M","?","?","E","R","E","T","R","$","?","E","M","R","B",null,"M","$","?","M","M","M","E","$","T","R","E","?","E","M","R","B"],"character_chosen":"THE_SILENT","items_purchased":["The Bomb","PowerPotion","Strength Potion","Anchor","Prepared"],"campfire_rested":4,"item_purchase_floors":[11,11,11,19,25],"current_hp_per_floor":[62,59,58,47,40,19,40,22,22,22,22,22,6,6,27,20,63,58,58,42,40,30,13,12,12,19,43,25,23,7,7,31,0,0],"gold":142,"neow_bonus":"RANDOM_COMMON_RELIC","is_daily":false,"chose_seed":false,"campfire_upgraded":1,"win_rate":0.0,"timestamp":1613865015,"path_taken":["M","M","M","?","?","E","R","E","T","R","$","?","E","M","R","BOSS","M","?","?","M","M","M","E","$","T","R","E","?","E","?","R","BOSS"],"items_purchased_type":["Card","Potion","Potion","Relic","Card"],"build_version":"2020-12-18","purchased_purges":3,"victory":false,"max_hp_per_floor":[70,70,70,70,70,70,70,70,70,70,70,70,70,70,70,70,75,75,75,75,75,75,75,75,75,82,82,82,82,82,82,82,82,82],"relic_stats":{"Happy Flower":[7],"counters":[18,81],"Mummified Hand":[23],"MealTicket":0,"Pen Nib":[13],"Bag of Preparation":[36],"Smiling Mask":150,"obtain_stats":[{"Tiny House":17,"Happy Flower":28,"Nilry\u0027s Codex":20,"Pen Nib":8,"Bag of Preparation":0,"Smiling Mask":9,"Anchor":19,"CaptainsWheel":24,"Mummified Hand":13,"Strawberry":26,"MealTicket":30,"Red Mask":29,"StrikeDummy":6,"Ring of the Snake":0},{"Tiny House":8,"Happy Flower":14,"Nilry\u0027s Codex":9,"Pen Nib":5,"Bag of Preparation":0,"Smiling Mask":5,"Anchor":9,"CaptainsWheel":13,"Mummified Hand":6,"Strawberry":13,"MealTicket":16,"Red Mask":15,"StrikeDummy":4,"Ring of the Snake":0},{"Tiny House":32,"Happy Flower":59,"Nilry\u0027s Codex":36,"Pen Nib":20,"Bag of Preparation":0,"Smiling Mask":20,"Anchor":36,"CaptainsWheel":54,"Mummified Hand":23,"Strawberry":54,"MealTicket":67,"Red Mask":62,"StrikeDummy":14,"Ring of the Snake":0}],"Ring of the Snake":[36]},"card_choices":[{"not_picked":["Bane","Noxious Fumes"],"picked":"Terror","floor":1},{"not_picked":["Heel Hook","Flying Knee"],"picked":"Dagger Spray","floor":2},{"not_picked":["Predator","Finisher"],"picked":"Noxious Fumes","floor":3},{"not_picked":["Poisoned Stab","Flying Knee"],"picked":"PiercingWail","floor":6},{"not_picked":["Eviscerate","Poisoned Stab"],"picked":"Flying Knee","floor":8},{"not_picked":["Burst","Tools of the Trade"],"picked":"PiercingWail","floor":13},{"not_picked":["Bane","Flying Knee"],"picked":"Blade Dance","floor":14},{"not_picked":["Storm of Steel","Night Terror"],"picked":"Glass Knife","floor":16},{"not_picked":["Dodge and Roll","Bane"],"picked":"Footwork","floor":17},{"not_picked":["Heel Hook","Flying Knee","Quick Slash"],"picked":"SKIP","floor":18},{"not_picked":["Quick Slash+1","Caltrops","Heel Hook"],"picked":"SKIP","floor":21},{"not_picked":["Accuracy","All Out Attack+1"],"picked":"PiercingWail+1","floor":22},{"not_picked":["Eviscerate","Underhanded Strike","Deadly Poison"],"picked":"SKIP","floor":23},{"not_picked":["Reflex","Underhanded Strike"],"picked":"Prepared","floor":24},{"not_picked":["Flying Knee+1","Endless Agony"],"picked":"Cloak And Dagger+1","floor":28},{"not_picked":["Masterful Stab","Outmaneuver"],"picked":"Well Laid Plans","floor":29},{"not_picked":["A Thousand Cuts","Deadly Poison"],"picked":"Calculated Gamble+1","floor":30},{"not_picked":["Riddle With Holes","Caltrops"],"picked":"PiercingWail","floor":31}],"player_experience":581893,"relics_obtained":[{"floor":6,"key":"StrikeDummy"},{"floor":8,"key":"Pen Nib"},{"floor":9,"key":"Smiling Mask"},{"floor":13,"key":"Mummified Hand"},{"floor":20,"key":"Nilry\u0027s Codex"},{"floor":24,"key":"CaptainsWheel"},{"floor":26,"key":"Strawberry"},{"floor":28,"key":"Happy Flower"},{"floor":29,"key":"Red Mask"},{"floor":30,"key":"MealTicket"}],"event_choices":[{"damage_healed":0,"gold_gain":75,"player_choice":"Gather Gold","damage_taken":11,"max_hp_gain":0,"max_hp_loss":0,"event_name":"World of Goop","floor":4,"gold_loss":0},{"cards_removed":["Strike_G"],"damage_healed":0,"gold_gain":0,"player_choice":"Card Removal","damage_taken":7,"max_hp_gain":0,"max_hp_loss":0,"event_name":"Golden Wing","floor":5,"gold_loss":0},{"damage_healed":0,"gold_gain":0,"player_choice":"Got Potions","damage_taken":0,"max_hp_gain":0,"max_hp_loss":0,"event_name":"Lab","floor":12,"gold_loss":0},{"damage_healed":0,"gold_gain":0,"player_choice":"Obtained Book","damage_taken":16,"max_hp_gain":0,"max_hp_loss":0,"event_name":"Cursed Tome","floor":20,"gold_loss":0},{"damage_healed":0,"gold_gain":0,"player_choice":"Fought Bandits","damage_taken":0,"max_hp_gain":0,"max_hp_loss":0,"event_name":"Masked Bandits","floor":29,"gold_loss":0}],"is_beta":true,"boss_relics":[{"not_picked":["Black Star","Sozu"],"picked":"Tiny House"}],"items_purged_floors":[11,19,25],"is_endless":false,"potions_floor_spawned":[2,3,13,18,22,24],"killed_by":"Champ","ascension_level":11}}