{"host":"u7lm8z2rvb4dg2oo","time":1613804641,"event":{"mods":["AchievementEnabler","BaseMod","Bestiary","Block Reminder","Colored Map","Colored Powertips","Curses Come First","DeckTracker","Googly Eyes","Highlight Path","Minty Spire (QoL Compilation)","Quick Restart","StSLib"],"gold_per_floor":[336,115,133,146,161,121,121,139,166,243,243,243],"floor_reached":10,"language":"ENG","playtime":1208,"items_purged":[],"score":130,"play_id":"96cb845e-930d-4679-9f4f-ae5099be5332","local_time":"20210220020401","is_ascension_mode":true,"campfire_choices":[],"circlet_count":0,"master_deck":["AscendersBane","Strike_G","Strike_G","Strike_G","Strike_G","Strike_G","Defend_G","Defend_G","Defend_G","Defend_G","Defend_G","Survivor","Neutralize","Backflip","Blur","Footwork","Footwork","Terror","Caltrops"],"relics":["Ring of the Snake","Molten Egg 2","Ornamental Fan"],"acts_visited":["Exordium"],"potions_floor_usage":[],"damage_taken":[{"damage":4.0,"enemies":"Jaw Worm","floor":1.0,"turns":6.0},{"damage":3.0,"enemies":"Cultist","floor":2.0,"turns":5.0},{"damage":1.0,"enemies":"Small Slimes","floor":3.0,"turns":5.0},{"damage":12.0,"enemies":"Gremlin Gang","floor":4.0,"turns":5.0},{"damage":1.0,"enemies":"Looter","floor":5.0,"turns":4.0},{"damage":0.0,"enemies":"Large Slime","floor":7.0,"turns":6.0},{"damage":6.0,"enemies":"Lagavulin","floor":8.0,"turns":12.0},{"damage":84,"enemies":"Gremlin Nob","floor":10,"turns":7}],"seed_played":"-6169144988214454052","potions_obtained":[{"floor":1.0,"key":"SteroidPotion"},{"floor":2.0,"key":"AttackPotion"},{"floor":3.0,"key":"Fire Potion"},{"floor":7.0,"key":"SpeedPotion"}],"is_trial":false,"path_per_floor":["M","M","M","M","M","?","M","E","T","E"],"character_chosen":"THE_SILENT","items_purchased":[],"campfire_rested":0,"item_purchase_floors":[],"current_hp_per_floor":[25,61,58,57,45,44,44,44,38,38,0,0],"gold":243,"neow_bonus":"TEN_PERCENT_HP_BONUS","is_daily":false,"chose_seed":false,"campfire_upgraded":0,"win_rate":0.0,"timestamp":1613804641,"path_taken":["M","M","M","M","M","?","M","E","T","E"],"items_purchased_type":[],"build_version":"2020-12-22","purchased_purges":0,"victory":false,"max_hp_per_floor":[90,72,72,72,72,72,72,72,72,72,72,72],"card_choices":[{"not_picked":["Distraction","Escape Plan"],"picked":"Backflip","floor":1.0},{"not_picked":["Leg Sweep","Flying Knee"],"picked":"Blur","floor":2.0},{"not_picked":["Reflex","Heel Hook"],"picked":"Footwork","floor":3.0},{"not_picked":["Bouncing Flask","Flying Knee"],"picked":"Footwork","floor":4.0},{"not_picked":["Caltrops","Riddle With Holes"],"picked":"Terror","floor":5.0},{"not_picked":["Bane","Concentrate"],"picked":"Caltrops","floor":7.0},{"not_picked":["Grand Finale+1","Underhanded Strike+1","Eviscerate+1"],"picked":"SKIP","floor":8.0}],"player_experience":767487,"relics_obtained":[{"floor":8.0,"key":"Molten Egg 2"},{"floor":9.0,"key":"Ornamental Fan"}],"event_choices":[{"damage_healed":0.0,"max_hp_gain":0.0,"max_hp_loss":0.0,"gold_gain":0.0,"event_name":"Scrap Ooze","player_choice":"Fled","floor":6.0,"gold_loss":0.0,"damage_taken":0.0}],"is_beta":false,"boss_relics":[],"items_purged_floors":[],"is_endless":false,"potions_floor_spawned":[1,2,3,7],"killed_by":"Gremlin Nob","ascension_level":17}}