{"host":"mb4cisebr17g8vuz","time":1613789305,"event":{"mods":["AchievementEnabler","BaseMod","Colored Map","Colored Powertips","Minty Spire (QoL Compilation)","SuperFastMode","everything is the same but u backflip on backflip"],"gold_per_floor":[119,119,119,132,3,28,28,63,63,80,80,98,115,127,127,127,127],"floor_reached":16,"language":"KOR","playtime":335,"items_purged":["Strike_R"],"score":267,"play_id":"0562b0bb-8bd0-4092-b754-d1fca0bcb32d","local_time":"20210219214825","is_ascension_mode":true,"campfire_choices":[{"data":"Inflame","floor":11,"key":"SMITH"},{"data":"Barricade","floor":15,"key":"SMITH"}],"circlet_count":0,"master_deck":["AscendersBane","Strike_R","Strike_R","Strike_R","Strike_R","Defend_R","Defend_R","Defend_R","Defend_R","Bash+1","Wild Strike","Inflame+1","Clothesline","Barricade+1","Second Wind","Power Through","Pummel"],"relics":["Burning Blood","NeowsBlessing","Red Skull","Art of War","Orichalcum","The Courier"],"acts_visited":["Exordium"],"potions_floor_usage":[8,12,13],"damage_taken":[{"damage":0,"enemies":"Cultist","floor":1,"turns":1},{"damage":0,"enemies":"2 Louse","floor":4,"turns":1},{"damage":0,"enemies":"Lagavulin","floor":6,"turns":1},{"damage":40,"enemies":"Gremlin Nob","floor":8,"turns":5},{"damage":6,"enemies":"Small Slimes","floor":10,"turns":2},{"damage":19,"enemies":"Exordium Thugs","floor":12,"turns":4},{"damage":3,"enemies":"2 Fungi Beasts","floor":13,"turns":3},{"damage":28,"enemies":"Gremlin Gang","floor":14,"turns":4},{"damage":17,"enemies":"Hexaghost","floor":16,"turns":11}],"seed_played":"3737970596963688705","potions_obtained":[{"floor":6,"key":"Strength Potion"},{"floor":12,"key":"SpeedPotion"},{"floor":14,"key":"DistilledChaos"}],"is_trial":false,"path_per_floor":["M","?","?","M","$","E","$","E","T","M","R","M","M","M","R","B"],"character_chosen":"IRONCLAD","items_purchased":["Fire Potion"],"campfire_rested":0,"item_purchase_floors":[5],"current_hp_per_floor":[74,63,63,69,69,75,75,41,41,41,41,28,31,9,9,0,0],"gold":127,"neow_bonus":"THREE_ENEMY_KILL","is_daily":false,"chose_seed":false,"campfire_upgraded":2,"win_rate":0.0,"timestamp":1613789305,"path_taken":["M","?","?","?","$","E","?","E","T","M","R","M","M","M","R","BOSS"],"items_purchased_type":["Potion"],"build_version":"2020-12-22","purchased_purges":1,"victory":false,"max_hp_per_floor":[75,75,75,75,75,75,75,75,75,75,75,75,75,75,75,75,75],"card_choices":[{"not_picked":["Flex","Heavy Blade"],"picked":"Wild Strike","floor":1},{"not_picked":["Headbutt","Evolve"],"picked":"Inflame","floor":4},{"not_picked":["Armaments","Body Slam"],"picked":"Clothesline","floor":6},{"not_picked":["Heavy Blade","Clothesline"],"picked":"Barricade","floor":8},{"not_picked":["Clothesline","Clash"],"picked":"Second Wind","floor":10},{"not_picked":["Sword Boomerang","Battle Trance"],"picked":"Power Through","floor":12},{"not_picked":["Whirlwind","Havoc"],"picked":"Pummel","floor":13},{"not_picked":["Perfected Strike","Combust","Armaments"],"picked":"SKIP","floor":14}],"player_experience":259429,"relics_obtained":[{"floor":6,"key":"Art of War"},{"floor":8,"key":"Orichalcum"},{"floor":9,"key":"The Courier"}],"event_choices":[{"damage_healed":0,"gold_gain":0,"player_choice":"Success","damage_taken":11,"relics_obtained":["Red Skull"],"max_hp_gain":0,"max_hp_loss":0,"event_name":"Scrap Ooze","floor":2,"gold_loss":0},{"damage_healed":0,"gold_gain":0,"player_choice":"Upgraded","damage_taken":0,"max_hp_gain":0,"max_hp_loss":0,"event_name":"Upgrade Shrine","floor":3,"gold_loss":0,"cards_upgraded":["Bash"]}],"is_beta":false,"boss_relics":[],"items_purged_floors":[5],"is_endless":false,"potions_floor_spawned":[6,12,14],"killed_by":"Hexaghost","ascension_level":19}}