{"host":"4ds1zdmwd19pifst","time":1613864293,"event":{"mods":["BaseMod","Highlight Path","Minty Spire (QoL Compilation)","Relic Sorter","StSLib","Synergy Search"],"gold_per_floor":[209,219,235,33,50,50,69,69,369,383,458,225,500,517,517,619,619,619],"floor_reached":17,"language":"ENG","playtime":575,"items_purged":["Strike_B","Strike_B"],"score":134,"play_id":"2e5fa5c1-362d-4fe6-a4b6-e81b8c667683","local_time":"20210220153813","is_ascension_mode":true,"campfire_choices":[{"data":"Storm","floor":6,"key":"SMITH"},{"data":"Genetic Algorithm","floor":8,"key":"SMITH"},{"floor":15,"key":"REST"}],"circlet_count":0,"master_deck":["Strike_B","Strike_B","Defend_B","Defend_B","Defend_B","Defend_B","Zap","Dualcast","Coolheaded","Go for the Eyes","Redo","Storm+1","Good Instincts","Storm","Genetic Algorithm+1","Thunder Strike","FTL","Panacea","Regret","Hologram","Biased Cognition"],"relics":["Cracked Core","Old Coin","Inserter"],"acts_visited":["Exordium","TheCity"],"potions_floor_usage":[7],"damage_taken":[{"damage":2.0,"enemies":"2 Louse","floor":1.0,"turns":3.0},{"damage":6,"enemies":"Jaw Worm","floor":2,"turns":4},{"damage":3,"enemies":"Small Slimes","floor":3,"turns":5},{"damage":9,"enemies":"Exordium Wildlife","floor":5,"turns":3},{"damage":8,"enemies":"Large Slime","floor":7,"turns":6},{"damage":12,"enemies":"Red Slaver","floor":10,"turns":4},{"damage":11,"enemies":"Looter","floor":14,"turns":4},{"damage":0,"enemies":"Fading Forest","floor":16,"turns":1}],"seed_played":"4937398532883396005","potions_obtained":[{"floor":1,"key":"Block Potion"},{"floor":5,"key":"Fire Potion"},{"floor":7,"key":"PotionOfCapacity"},{"floor":16,"key":"CultistPotion"}],"is_trial":false,"path_per_floor":["M","M","M","$","M","R","M","R","T","M","?","$","?","M","R","B",null],"character_chosen":"DEFECT","items_purchased":["Storm","Good Instincts","FTL","Panacea"],"campfire_rested":1,"item_purchase_floors":[4,4,12,12],"current_hp_per_floor":[73,67,64,64,55,55,47,47,47,35,24,24,24,13,35,35,75,75],"gold":619,"neow_bonus":"HUNDRED_GOLD","is_daily":false,"chose_seed":false,"campfire_upgraded":2,"win_rate":0.0,"timestamp":1613864293,"path_taken":["M","M","M","$","M","R","M","R","T","M","?","$","?","M","R","BOSS"],"items_purchased_type":["Card","Card","Card","Card"],"build_version":"2020-12-22","purchased_purges":2,"victory":false,"max_hp_per_floor":[75,75,75,75,75,75,75,75,75,75,75,75,75,75,75,75,75,75],"card_choices":[{"not_picked":["Rip and Tear","Recycle"],"picked":"Coolheaded","floor":1},{"not_picked":["Chaos","Beam Cell"],"picked":"Go for the Eyes","floor":2},{"not_picked":["Coolheaded","Loop"],"picked":"Redo","floor":3},{"not_picked":["White Noise","Force Field"],"picked":"Storm","floor":5},{"not_picked":["Reprogram","Coolheaded"],"picked":"Genetic Algorithm","floor":7},{"not_picked":["Rip and Tear","Cold Snap"],"picked":"Thunder Strike","floor":10},{"not_picked":["Turbo","Chaos"],"picked":"Hologram","floor":14},{"not_picked":["Hyperbeam","Electrodynamics"],"picked":"Biased Cognition","floor":16}],"player_experience":69884,"relics_obtained":[{"floor":9,"key":"Old Coin"}],"event_choices":[{"damage_healed":0,"gold_gain":75,"player_choice":"Gather Gold","damage_taken":11,"max_hp_gain":0,"max_hp_loss":0,"event_name":"World of Goop","floor":11,"gold_loss":0},{"damage_healed":0,"gold_gain":275,"player_choice":"Desecrate","damage_taken":0,"max_hp_gain":0,"max_hp_loss":0,"event_name":"Golden Shrine","floor":13,"gold_loss":0,"cards_obtained":["Regret"]}],"is_beta":false,"boss_relics":[{"not_picked":["Sozu","Cursed Key"],"picked":"Inserter"}],"items_purged_floors":[4,12],"is_endless":false,"potions_floor_spawned":[1,5,7,16],"ascension_level":2}}