{"host":"h0xw20cia6ppa69g","time":1613815413,"event":{"mods":["AchievementEnabler","BaseMod","Colored Map","Filter the Spire","Googly Eyes","Minty Spire (QoL Compilation)","Relic Stats","StSLib","The Awakened One except there are too many feathers","everything is the same but u backflip on backflip"],"gold_per_floor":[117,117,67,87,97,97,130,130,154,186,186,40,67,17,17,121,121,131,131,131,148,1,30,42,71,71,98,98,125,145,175,175,272,272,285,296,296,152,152,187,187,213,240,273,283,283,133,161,161,161,161,161,9,44,44],"floor_reached":56,"language":"ENG","playtime":4144,"items_purged":["Pain"],"score":1590,"play_id":"05d21bf5-28e9-409d-9c75-3628cbc3ab3d","local_time":"20210220040333","is_ascension_mode":true,"campfire_choices":[{"data":"Predator","floor":6.0,"key":"SMITH"},{"data":"Catalyst","floor":8.0,"key":"SMITH"},{"data":"Catalyst","floor":15.0,"key":"SMITH"},{"data":"Burst","floor":32,"key":"SMITH"},{"floor":41,"key":"RECALL"},{"data":"Acrobatics","floor":49,"key":"SMITH"},{"data":"Enlightenment","floor":52,"key":"SMITH"}],"circlet_count":0,"master_deck":["Survivor","Neutralize+1","Doppelganger","Footwork","Catalyst+1","Acrobatics+1","Catalyst+1","Riddle With Holes","Deadly Poison","Malaise","Malaise","Terror","Deflect","Predator+1","Burst+1","Underhanded Strike+1","Tactician","Backflip","Deadly Poison","Leg Sweep","Concentrate","Acrobatics","Adrenaline","Catalyst","Backflip","Caltrops+1","Dodge and Roll+1","PiercingWail","Venomology","Flechettes","Night Terror","Grand Finale","Well Laid Plans","Discovery","Secret Technique","Enlightenment+1","Night Terror","Reflex","Adrenaline","Outmaneuver+1","Reflex","Reflex","Eviscerate+1","Deadly Poison+1"],"relics":["Pandora\u0027s Box","Happy Flower","Tiny Chest","Strawberry","WingedGreaves","Orrery","Bottled Lightning","HoveringKite","Bag of Marbles","Boot","Ice Cream","Ninja Scroll","Mercury Hourglass","Meat on the Bone","Pen Nib","Tough Bandages","Coffee Dripper","DollysMirror","WarpedTongs","Lizard Tail","Orichalcum","Whetstone","Art of War","Paper Crane","Torii","Bag of Preparation","Letter Opener"],"acts_visited":["Exordium","TheCity","TheBeyond","TheEnding"],"potions_floor_usage":[23,33,33,33,33,36,40,40,40,40,40,40,40,40,40,45,50,50,50,50,50,50,50,50,50,50,55,55,55],"damage_taken":[{"damage":10.0,"enemies":"Jaw Worm","floor":1.0,"turns":4.0},{"damage":0.0,"enemies":"Cultist","floor":4.0,"turns":4.0},{"damage":0.0,"enemies":"2 Louse","floor":5.0,"turns":4.0},{"damage":21.0,"enemies":"3 Sentries","floor":7.0,"turns":9.0},{"damage":22.0,"enemies":"Gremlin Nob","floor":10.0,"turns":4.0},{"damage":9.0,"enemies":"3 Sentries","floor":13.0,"turns":11.0},{"damage":0.0,"enemies":"Slime Boss","floor":16.0,"turns":5.0},{"damage":0.0,"enemies":"Chosen","floor":18.0,"turns":3.0},{"damage":0,"enemies":"Shell Parasite","floor":21,"turns":5},{"damage":7,"enemies":"Slavers","floor":23,"turns":8},{"damage":8,"enemies":"Centurion and Healer","floor":24,"turns":8},{"damage":0,"enemies":"Book of Stabbing","floor":25,"turns":7},{"damage":28,"enemies":"Gremlin Leader","floor":27,"turns":3},{"damage":0,"enemies":"Chosen and Byrds","floor":30,"turns":4},{"damage":0,"enemies":"Book of Stabbing","floor":31,"turns":3},{"damage":37,"enemies":"Automaton","floor":33,"turns":20},{"damage":0,"enemies":"Orb Walker","floor":35,"turns":2},{"damage":0,"enemies":"3 Darklings","floor":36,"turns":6},{"damage":32,"enemies":"Reptomancer","floor":40,"turns":12},{"damage":5,"enemies":"Nemesis","floor":42,"turns":7},{"damage":0,"enemies":"Giant Head","floor":44,"turns":5},{"damage":4,"enemies":"Transient","floor":45,"turns":5},{"damage":0,"enemies":"Nemesis","floor":48,"turns":5},{"damage":43,"enemies":"Time Eater","floor":50,"turns":15},{"damage":1,"enemies":"Shield and Spear","floor":54,"turns":8},{"damage":36,"enemies":"The Heart","floor":55,"turns":4}],"seed_played":"5869586016579555747","potions_obtained":[{"floor":1.0,"key":"SteroidPotion"},{"floor":7.0,"key":"EssenceOfSteel"},{"floor":18.0,"key":"LiquidBronze"},{"floor":24,"key":"Energy Potion"}],"is_trial":false,"path_per_floor":["M","?","$","M","M","R","E","R","T","E","?","$","E","$","R","B",null,"M","?","T","M","$","E","M","E","T","E","?","T","M","E","R","B",null,"M","M","?","$","?","E","R","E","T","E","M","T","$","E","R","B",null,"R","$","E","B",null],"character_chosen":"THE_SILENT","items_purchased":["Deflect","Orrery","Block Potion","Bag of Marbles","DollysMirror","Reflex","Bag of Preparation"],"campfire_rested":0,"item_purchase_floors":[3,12,14,22,38,47,53],"current_hp_per_floor":[60,65,65,65,65,65,44,44,44,29,11,11,2,2,2,2,77,77,77,77,77,77,70,62,62,62,34,34,34,46,46,46,21,77,77,77,67,67,67,47,47,42,42,42,50,50,50,50,50,19,77,77,77,76,40],"gold":44,"neow_bonus":"BOSS_RELIC","is_daily":false,"chose_seed":false,"campfire_upgraded":6,"win_rate":0.0,"timestamp":1613815413,"path_taken":["M","?","?","M","M","R","E","R","T","E","?","$","E","?","R","BOSS","M","?","?","?","?","E","M","E","T","E","?","?","M","E","R","BOSS","M","M","?","$","?","E","R","E","T","E","?","?","$","E","R","BOSS","R","$","E","BOSS"],"items_purchased_type":["Card","Relic","Potion","Relic","Relic","Card","Relic"],"build_version":"2020-12-22","purchased_purges":1,"victory":true,"max_hp_per_floor":[70,70,70,70,70,70,70,70,70,77,77,77,77,77,77,77,77,77,77,77,77,77,77,77,77,77,77,77,77,77,77,77,77,77,77,77,77,77,77,77,77,77,77,77,77,77,77,77,77,77,77,77,77,77,77],"relic_stats":{"Happy Flower":[50],"Torii":5,"counters":[26,171],"HoveringKite":[82],"Pen Nib":[11],"Bag of Preparation":[4],"Whetstone":["Underhanded Strike","Neutralize"],"Letter Opener":[25],"Orichalcum":[18],"Boot":[141],"Mercury Hourglass":[314],"WarpedTongs":[61],"Tough Bandages":[372],"Lizard Tail":0,"Pandora\u0027s Box":["Doppelganger","Slice","Footwork","Catalyst","Acrobatics","Catalyst","Riddle With Holes","Deadly Poison","Malaise","Malaise"],"Tiny Chest":3,"Art of War":[17],"obtain_stats":[{"Ice Cream":25,"Torii":48,"HoveringKite":17,"Bag of Preparation":53,"Whetstone":43,"Boot":23,"Tough Bandages":31,"Lizard Tail":40,"Ninja Scroll":26,"DollysMirror":38,"Strawberry":10,"Tiny Chest":9,"WingedGreaves":11,"Ring of the Snake":0,"Happy Flower":7,"Pen Nib":29,"Letter Opener":54,"Orichalcum":42,"Paper Crane":46,"Mercury Hourglass":27,"WarpedTongs":39,"Orrery":12,"Pandora\u0027s Box":0,"Bag of Marbles":22,"Coffee Dripper":34,"Art of War":44,"Bottled Lightning":13,"Meat on the Bone":28},{"Ice Cream":12,"Torii":23,"HoveringKite":7,"Bag of Preparation":24,"Whetstone":20,"Boot":10,"Tough Bandages":15,"Lizard Tail":19,"Ninja Scroll":12,"DollysMirror":18,"Strawberry":5,"Tiny Chest":4,"WingedGreaves":5,"Ring of the Snake":0,"Happy Flower":4,"Pen Nib":13,"Letter Opener":25,"Orichalcum":20,"Paper Crane":22,"Mercury Hourglass":13,"WarpedTongs":18,"Orrery":5,"Pandora\u0027s Box":0,"Bag of Marbles":9,"Coffee Dripper":16,"Art of War":21,"Bottled Lightning":6,"Meat on the Bone":13},{"Ice Cream":72,"Torii":144,"HoveringKite":41,"Bag of Preparation":159,"Whetstone":129,"Boot":57,"Tough Bandages":82,"Lizard Tail":122,"Ninja Scroll":72,"DollysMirror":110,"Strawberry":25,"Tiny Chest":21,"WingedGreaves":25,"Ring of the Snake":0,"Happy Flower":21,"Pen Nib":75,"Letter Opener":167,"Orichalcum":129,"Paper Crane":139,"Mercury Hourglass":75,"WarpedTongs":110,"Orrery":25,"Pandora\u0027s Box":0,"Bag of Marbles":49,"Coffee Dripper":102,"Art of War":134,"Bottled Lightning":36,"Meat on the Bone":75}],"Meat on the Bone":60},"card_choices":[{"not_picked":["Riddle With Holes","PiercingWail"],"picked":"Terror","floor":1.0},{"not_picked":["Bane","Prepared","Acrobatics"],"picked":"SKIP","floor":4.0},{"not_picked":["Deadly Poison","Poisoned Stab"],"picked":"Predator","floor":5.0},{"not_picked":["Slice","Cloak And Dagger"],"picked":"Burst","floor":7.0},{"not_picked":["Choke","Acrobatics"],"picked":"Underhanded Strike","floor":10.0},{"not_picked":["Flechettes","Dodge and Roll"],"picked":"Tactician","floor":12.0},{"not_picked":["Riddle With Holes","Bane"],"picked":"Backflip","floor":12.0},{"not_picked":["PiercingWail","Choke"],"picked":"Deadly Poison","floor":12.0},{"not_picked":["Underhanded Strike","Skewer"],"picked":"Leg Sweep","floor":12.0},{"not_picked":["Endless Agony","Doppelganger"],"picked":"Concentrate","floor":12.0},{"not_picked":["Concentrate","Bane"],"picked":"Acrobatics","floor":13.0},{"not_picked":["Wraith Form v2","Unload"],"picked":"Adrenaline","floor":16.0},{"not_picked":["Quick Slash","Acrobatics"],"picked":"Catalyst","floor":18.0},{"not_picked":["Blade Dance","Prepared+1"],"picked":"Caltrops+1","floor":21},{"not_picked":["Deflect+1","Dagger Spray"],"picked":"Dodge and Roll+1","floor":23},{"not_picked":["Dagger Throw","Unload","Masterful Stab"],"picked":"SKIP","floor":24},{"not_picked":["Deadly Poison","Dagger Spray+1"],"picked":"PiercingWail","floor":25},{"not_picked":["Tools of the Trade","Tactician"],"picked":"Venomology","floor":27},{"not_picked":["Slice","Bane"],"picked":"Flechettes","floor":30},{"not_picked":["Prepared+1","Slice"],"picked":"Night Terror","floor":31},{"not_picked":["Glass Knife","A Thousand Cuts"],"picked":"Grand Finale","floor":33},{"not_picked":["Backflip+1","Dodge and Roll"],"picked":"Well Laid Plans","floor":35},{"not_picked":["Poisoned Stab","Slice+1","Quick Slash"],"picked":"SKIP","floor":36},{"not_picked":["Deep Breath","Impatience"],"picked":"Discovery","floor":37},{"not_picked":["Swift Strike","Discovery"],"picked":"Secret Technique","floor":37},{"not_picked":["HandOfGreed","Dark Shackles"],"picked":"Enlightenment","floor":37},{"not_picked":["Poisoned Stab+1","Acrobatics+1"],"picked":"Reflex","floor":40},{"not_picked":["Predator+1","Eviscerate"],"picked":"Adrenaline","floor":42},{"not_picked":["Terror","Poisoned Stab+1"],"picked":"Outmaneuver+1","floor":44},{"not_picked":["Well Laid Plans+1","Tactician"],"picked":"Reflex","floor":45},{"not_picked":["Predator+1","Crippling Poison"],"picked":"Eviscerate+1","floor":48},{"not_picked":["Deflect","Dagger Spray+1"],"picked":"Deadly Poison+1","floor":54}],"player_experience":3891435,"relics_obtained":[{"floor":7.0,"key":"Happy Flower"},{"floor":9.0,"key":"Tiny Chest"},{"floor":10.0,"key":"Strawberry"},{"floor":13.0,"key":"Bottled Lightning"},{"floor":23,"key":"Boot"},{"floor":25,"key":"Ice Cream"},{"floor":26,"key":"Ninja Scroll"},{"floor":27,"key":"Mercury Hourglass"},{"floor":29,"key":"Pen Nib"},{"floor":31,"key":"Tough Bandages"},{"floor":40,"key":"Lizard Tail"},{"floor":42,"key":"Orichalcum"},{"floor":43,"key":"Whetstone"},{"floor":44,"key":"Art of War"},{"floor":46,"key":"Paper Crane"},{"floor":48,"key":"Torii"},{"floor":54,"key":"Letter Opener"}],"event_choices":[{"cards_removed":["Slice"],"damage_healed":5.0,"max_hp_gain":0.0,"max_hp_loss":0.0,"gold_gain":0.0,"event_name":"Bonfire Elementals","player_choice":"Offered Common","floor":2.0,"gold_loss":0.0,"damage_taken":0.0},{"cards_removed":["Slice"],"damage_healed":5.0,"max_hp_gain":0.0,"max_hp_loss":0.0,"gold_gain":0.0,"event_name":"Bonfire Elementals","player_choice":"Offered Special","floor":2.0,"gold_loss":0.0,"damage_taken":0.0},{"damage_healed":0.0,"max_hp_gain":0.0,"max_hp_loss":0.0,"gold_gain":0.0,"event_name":"Scrap Ooze","player_choice":"Success","floor":11.0,"gold_loss":0.0,"damage_taken":18.0,"relics_obtained":["WingedGreaves"]},{"damage_healed":0.0,"max_hp_gain":0.0,"max_hp_loss":0.0,"gold_gain":0.0,"event_name":"The Library","player_choice":"Read","floor":19.0,"gold_loss":0.0,"damage_taken":0.0,"cards_obtained":["Backflip"]},{"damage_healed":0,"gold_gain":0,"player_choice":"Gave Potion","damage_taken":0,"relics_obtained":["Meat on the Bone"],"max_hp_gain":0,"max_hp_loss":0,"event_name":"WeMeetAgain","floor":28,"gold_loss":0},{"damage_healed":0,"gold_gain":0,"player_choice":"Memory 3","damage_taken":10,"max_hp_gain":0,"max_hp_loss":0,"event_name":"SensoryStone","floor":37,"gold_loss":0},{"damage_healed":0,"gold_gain":0,"player_choice":"Rummage","damage_taken":0,"relics_obtained":["WarpedTongs"],"max_hp_gain":0,"max_hp_loss":0,"event_name":"Accursed Blacksmith","floor":39,"gold_loss":0,"cards_obtained":["Pain"]}],"is_beta":false,"boss_relics":[{"not_picked":["Velvet Choker","Astrolabe"],"picked":"HoveringKite"},{"not_picked":["Tiny House","SacredBark"],"picked":"Coffee Dripper"}],"items_purged_floors":[47],"is_endless":false,"potions_floor_spawned":[1,7,18,21,24,33,35,42,44,48],"ascension_level":1}}