{"host":"bg0cyinkrjnqf173","time":1613781832,"event":{"mods":["2.2 Compatiblity","Aspiration","BaseMod","Beaked The Cultist","Better Third Choice","BetterRewards","Colored Map","Conspire","Curses Come First","Defuse TimeMaze Blight","Displayed Cursed Tome","Googly Eyes","Halation","Hubris","Infinite Spire","Jedi Mod","Minty Spire (QoL Compilation)","Permanent Neow","Quick Restart","Rare Cards Sparkle","Relic Sorter","Reliquary","Replay The Spire","Shop Mod","Spicy Shops","Spikes Relics","StSLib","The Bladedancer","The Construct","The Valiant","Uncapped"],"gold_per_floor":[109,109,125,141,91,117,117,142,166,166,92,92,127,145,145,243,243,255,255,255,255,268,268,295,308,308,210,224,74,74,85,85,188,188,204,222,272,272,272,303,303,336,336,336,370,370,387,316,316,316,316],"floor_reached":50,"language":"ENG","playtime":4507,"items_purged":["beaked:Strike_Y","beaked:Strike_Y"],"score":645,"play_id":"65d262b3-53e3-4694-8e99-8d610b911dc7","local_time":"20210219194352","is_ascension_mode":true,"campfire_choices":[{"data":"Replay:Battleflow","floor":7.0,"key":"SMITH"},{"data":"beaked:BloodForTheGods","floor":12.0,"key":"SMITH"},{"data":"beaked:MaddeningMurmurs","floor":15.0,"key":"SMITH"},{"data":"Ragnarok","floor":23.0,"key":"SMITH"},{"data":"beaked:AwakenedForm","floor":32.0,"key":"SMITH"},{"floor":41.0,"key":"REST"},{"data":"Blade Dance","floor":44.0,"key":"SMITH"},{"data":"beaked:Recite","floor":49.0,"key":"SMITH"}],"circlet_count":0,"master_deck":["beaked:Strike_Y","beaked:Strike_Y","beaked:Strike_Y","beaked:Defend_Y","beaked:Defend_Y","beaked:Defend_Y","beaked:Defend_Y","beaked:Ceremony","beaked:Ceremony","beaked:Ceremony","Steam","beaked:MaddeningMurmurs+1","Replay:Battleflow+1","beaked:BloodForTheGods+1","Ragnarok+1","Battle Trance","Shrug It Off","Blade Dance+1","beaked:Windmill","beaked:AwakenedForm+1","Night Terror","Hidden Blade","jedi:LeechingStrike","construct:Enhance","beaked:Recite+1"],"relics":["beaked:MendingPlumage","Snack Pack","PrismaticShard","reliquary:TatteredRug","hubris:MysteriousPyramids","hubris:SlimyHat","halation:EternalFortune","infinitespire:Bottled Soul","beaked:SacredDeck","Lizard Tail","halation:PinkSoulGem","Centennial Puzzle","jedi:angrymask","hubris:Icosahedron","aspiration:RunicSpoon","Nunchaku","Replay:Accelerometer","aspiration:AnachronicSnailShell","SnailShell","infinitespire:ShieldingShard","hubris:TenFootPole","Gambling Chip"],"acts_visited":["Exordium","TheCity","TheBeyond"],"potions_floor_usage":[],"damage_taken":[{"damage":5.0,"enemies":"Small Slimes","floor":1.0,"turns":4.0},{"damage":7.0,"enemies":"Jaw Worm","floor":3.0,"turns":5.0},{"damage":7.0,"enemies":"2 Louse","floor":4.0,"turns":4.0},{"damage":33.0,"enemies":"Gremlin Nob","floor":6.0,"turns":6.0},{"damage":31.0,"enemies":"3 Sentries","floor":8.0,"turns":10.0},{"damage":46.0,"enemies":"Lagavulin","floor":13.0,"turns":7.0},{"damage":46.0,"enemies":"Large Slime","floor":14.0,"turns":5.0},{"damage":96.0,"enemies":"The Guardian","floor":16.0,"turns":10.0},{"damage":23.0,"enemies":"Chosen","floor":18.0,"turns":5.0},{"damage":33.0,"enemies":"Spheric Guardian","floor":22.0,"turns":4.0},{"damage":89.0,"enemies":"Nightmare","floor":24.0,"turns":8.0},{"damage":128.0,"enemies":"Centurion and Healer","floor":25.0,"turns":10.0},{"damage":30.0,"enemies":"Snake Plant","floor":28.0,"turns":4.0},{"damage":64.0,"enemies":"Snecko","floor":31.0,"turns":5.0},{"damage":74.0,"enemies":"conspire:MysteriousRune","floor":33.0,"turns":8.0},{"damage":9.0,"enemies":"3 Shapes","floor":35.0,"turns":2.0},{"damage":20.0,"enemies":"3 Darklings","floor":36.0,"turns":3.0},{"damage":62.0,"enemies":"Mind Bloom Boss Battle","floor":37.0,"turns":4.0},{"damage":234.0,"enemies":"R_Hoarder","floor":40.0,"turns":13.0},{"damage":20.0,"enemies":"Nemesis","floor":42.0,"turns":3.0},{"damage":0.0,"enemies":"R_Hoarder","floor":45.0,"turns":3.0},{"damage":37.0,"enemies":"Writhing Mass","floor":47.0,"turns":5.0},{"damage":120,"enemies":"Time Eater","floor":50,"turns":4}],"seed_played":"-8879475389958702117","potions_obtained":[{"floor":3.0,"key":"Milkshake"},{"floor":8.0,"key":"Swift Potion"},{"floor":16.0,"key":"beaked:MendingBrew"}],"is_trial":false,"path_per_floor":["M","$","M","M","?","E","R","E","T","?","$","R","E","M","R","B",null,"M","AVR","?","?","M","R","NM","M","T","$","M","$","?","M","R","B",null,"M","M","?","T","AVR","E","R","E","T","R","E","T","M","$","R","B"],"character_chosen":"BEAKED_THE_CULTIST","items_purchased":["Snack Pack","PrismaticShard","beaked:BloodForTheGods","beaked:Windmill","beaked:AwakenedForm","beaked:Recite"],"campfire_rested":1,"item_purchase_floors":[0,0,11,27,29,48],"current_hp_per_floor":[34,34,43,50,50,27,27,28,28,31,31,31,53,53,53,45,53,40,40,40,40,50,50,47,62,62,62,49,49,49,61,61,45,62,56,62,62,62,62,11,29,42,42,42,62,62,62,62,62,0,0],"gold":316,"neow_bonus":"","is_daily":false,"chose_seed":false,"campfire_upgraded":7,"win_rate":0.0,"timestamp":1613781832,"path_taken":["M","$","M","M","?","E","R","E","T","?","$","R","E","M","R","BOSS","M","AVR","?","?","M","R","NM","M","T","$","?","$","?","M","R","BOSS","M","M","?","?","AVR","E","R","E","T","R","E","?","M","?","R","BOSS"],"items_purchased_type":["Relic","Relic","Card","Card","Card","Card"],"build_version":"2020-12-22","purchased_purges":2,"victory":false,"max_hp_per_floor":[50,50,50,50,50,50,50,50,50,53,53,53,53,53,53,53,53,56,56,56,56,56,56,59,62,62,62,62,62,62,62,62,62,62,62,62,62,62,62,62,62,62,62,62,62,62,62,62,62,62,62],"card_choices":[{"not_picked":["Infernal Blade","beaked:Tweet"],"picked":"Steam","floor":1.0},{"not_picked":["PiercingStab","BasicCrystalCard","AbandonReason"],"picked":"SKIP","floor":3.0},{"not_picked":["Replay:Undeath\u0027s Touch","blademaster:WindSlash"],"picked":"beaked:MaddeningMurmurs","floor":4.0},{"not_picked":["Meaballize","ReplayTheSpireMod:Muscle Training"],"picked":"Replay:Battleflow","floor":6.0},{"not_picked":["conspire:Banana","beaked:BloodRitual","beaked:Tweet"],"picked":"SKIP","floor":8.0},{"not_picked":["PathToVictory","Shockwave","AlmightySmite"],"picked":"SKIP","floor":13.0},{"not_picked":["ReplayTheSpireMod:Exploit Weakness","HolyFury","DeceiveReality"],"picked":"SKIP","floor":14.0},{"not_picked":["Consecrate","blademaster:Quickstep"],"picked":"Battle Trance","floor":18.0},{"not_picked":["beaked:Molting","Guardian","Weave"],"picked":"SKIP","floor":22.0},{"not_picked":["beaked:Molting","Guardian","Weave"],"picked":"SKIP","floor":22.0},{"not_picked":["jedi:studypoison","Masterful Stab+1"],"picked":"Shrug It Off","floor":24.0},{"not_picked":["Conserve Battery","hubris:SlightOfHand"],"picked":"Blade Dance","floor":25.0},{"not_picked":["Degenerate","hubris:SlightOfHand","blademaster:Reversal"],"picked":"SKIP","floor":28.0},{"not_picked":["conspire:Charge+1","Warcry","Replay:BasicMightCard"],"picked":"SKIP","floor":31.0},{"not_picked":["conspire:HitWhereItHurts","aspiration:Lunge"],"picked":"Night Terror","floor":33.0},{"not_picked":["beaked:Negation+1","ReplayTheSpireMod:Exploit Weakness+1","ZealousSmite+1"],"picked":"SKIP","floor":35.0},{"not_picked":["jedi:markofdeath+1","Deadly Poison+1"],"picked":"Hidden Blade","floor":36.0},{"not_picked":["Static Discharge","blademaster:SlyStabs+1","Auto Shields+1"],"picked":"SKIP","floor":40.0},{"not_picked":["blademaster:Blockade","Underhanded Strike+1"],"picked":"jedi:LeechingStrike","floor":42.0},{"not_picked":["beaked:SacrificialDive+1","blademaster:DancingEdge"],"picked":"construct:Enhance","floor":45.0},{"not_picked":["construct:Reinforce+1","FearNoEvil+1","Hologram"],"picked":"SKIP","floor":47.0}],"player_experience":920506,"relics_obtained":[{"floor":6.0,"key":"reliquary:TatteredRug"},{"floor":8.0,"key":"hubris:MysteriousPyramids"},{"floor":9.0,"key":"hubris:SlimyHat"},{"floor":13.0,"key":"infinitespire:Bottled Soul"},{"floor":18.0,"key":"halation:EternalFortune"},{"floor":24.0,"key":"halation:EternalFortune"},{"floor":24.0,"key":"Centennial Puzzle"},{"floor":25.0,"key":"halation:EternalFortune"},{"floor":26.0,"key":"jedi:angrymask"},{"floor":38.0,"key":"Nunchaku"},{"floor":40.0,"key":"aspiration:AnachronicSnailShell"},{"floor":42.0,"key":"SnailShell"},{"floor":43.0,"key":"infinitespire:ShieldingShard"},{"floor":45.0,"key":"hubris:TenFootPole"},{"floor":46.0,"key":"Gambling Chip"}],"event_choices":[{"cards_removed":["beaked:Strike_Y"],"damage_healed":0.0,"max_hp_gain":0.0,"max_hp_loss":0.0,"gold_gain":0.0,"event_name":"The Cleric","player_choice":"Card Removal","floor":5.0,"gold_loss":50.0,"damage_taken":0.0},{"damage_healed":0.0,"max_hp_gain":0.0,"max_hp_loss":0.0,"gold_gain":0.0,"event_name":"MindBloom","player_choice":"Fight","floor":37.0,"gold_loss":0.0,"damage_taken":0.0}],"is_beta":false,"boss_relics":[{"not_picked":["Runic Dome","beaked:SacrificeDoll"],"picked":"beaked:SacredDeck"},{"not_picked":["aspiration:DefectSkillbook","halation:Risk"],"picked":"aspiration:RunicSpoon"}],"items_purged_floors":[27,39],"is_endless":true,"potions_floor_spawned":[3,8,16,22,25,31,35,36,42],"killed_by":"Time Eater","ascension_level":1}}