{"host":"36zn1fhase90d3ns","time":1613815422,"event":{"mods":["100% Spire Juice","2.2 Compatiblity","AchievementEnabler","Act Like it!","Aspiration","BaseMod","BetterRewards","Block Reminder","Colored Map","Colored Powertips","Conspire","Curses Come First","Custom Start","Dark Map","Energized Spire","Friendly Minions","Halation","Hermit","Hubris","Lobotomy","Minty Spire (QoL Compilation)","Prisma Mod","Quick Restart","Reimu??????","Relic Sorter","Reliquary","Remilia??????","Replay The Spire","Spicy Shops","StSLib","The Necromancer","Unceasing Turn Reminder","Yohane!","??????REMEMod"],"gold_per_floor":[119,119,134,134,150,150,182,195,266,266,291,310,59,75,75,204,204,217,229,21,21,21,53,72,106,106,106,119,129,129,144,144,244,244,259,278,293,309,321,321,321],"floor_reached":40,"language":"ENG","playtime":2323,"items_purged":["PrismaMod:MiyuCarnivalDefend","Strike_Lin:ReiMu","Strike_Lin:ReiMu","Strike_Lin:ReiMu"],"score":544,"play_id":"dafe9e69-73e4-427e-8012-81d17d80bbb2","local_time":"20210220040342","is_ascension_mode":false,"campfire_choices":[{"data":"NB:ReiMu","floor":6,"key":"SMITH"},{"floor":15,"key":"REST"},{"data":"YinYang:ReiMu","floor":27,"key":"SMITH"},{"floor":30,"key":"RECALL"}],"circlet_count":0,"master_deck":["Strike_Lin:ReiMu+1","Defend_Lin:ReiMu+1","Defend_Lin:ReiMu+1","Defend_Lin:ReiMu+1","Defend_Lin:ReiMu+1","NB:ReiMu+1","Stagnation:ReiMu","SubAcupoint:ReiMu","Amulet:ReiMu","AirStrike:ReiMu","SubcavityFantasy:ReiMu","AirStrike:ReiMu","AirStrike:ReiMu","Defend_Lin:ReiMu+1","SubAcupoint:ReiMu","InherentArray:ReiMu+1","YinYang:ReiMu+1","ShadowOfCrow2:ReiMu","ShadowOfCrow2:ReiMu","OctopathBindingBorder2:ReiMu+1","PhosphorusFlame:ReiMu+1","AirStrike:ReiMu+1","DependentForm:ReiMu+1","Mountainwind:ReiMu+1","MikOfLucky:ReiMu+1"],"relics":["FlyPower:ReiMu","REME_ComplimentaryCards","hubris:FunFungus","Medical Kit","Replay:Wax Seal","reliquary:Spinner","Replay:Ringing Soul","reliquary:Vitrine","Frozen Egg 2","Black Star","Replay:WaspNest","Art of War","StoneCalendar","hubris:TinFlute","reliquary:BoilingFlask","halation:TwoAmDonut","energizedSpire:SpiderWeb"],"acts_visited":["Exordium","TheCity","TheBeyond"],"potions_floor_usage":[8,16,16,16,18,23,25,35,40,40],"damage_taken":[{"damage":2,"enemies":"Jaw Worm","floor":1,"turns":5},{"damage":0,"enemies":"Cultist","floor":3,"turns":4},{"damage":1,"enemies":"Small Slimes","floor":5,"turns":4},{"damage":9,"enemies":"Lagavulin","floor":7,"turns":12},{"damage":0,"enemies":"Red Slaver","floor":8,"turns":6},{"damage":24,"enemies":"3 Sentries","floor":11,"turns":12},{"damage":0,"enemies":"Exordium Thugs","floor":12,"turns":6},{"damage":0,"enemies":"Exordium Wildlife","floor":14,"turns":2},{"damage":14,"enemies":"Slime Boss","floor":16,"turns":12},{"damage":0,"enemies":"Shell Parasite","floor":18,"turns":5},{"damage":0,"enemies":"Chosen","floor":19,"turns":6},{"damage":27,"enemies":"Gremlin Leader","floor":23,"turns":4},{"damage":6,"enemies":"Sentry and Sphere","floor":24,"turns":6},{"damage":0,"enemies":"Slavers","floor":25,"turns":5},{"damage":0,"enemies":"Shelled Parasite and Fungi","floor":28,"turns":5},{"damage":0,"enemies":"Snake Plant","floor":29,"turns":4},{"damage":8,"enemies":"3 Cultists","floor":31,"turns":5},{"damage":14,"enemies":"Collector","floor":33,"turns":9},{"damage":11,"enemies":"3 Darklings","floor":35,"turns":5},{"damage":5,"enemies":"Orb Walker","floor":36,"turns":5},{"damage":10,"enemies":"3 Darklings","floor":37,"turns":3},{"damage":32,"enemies":"Jaw Worm Horde","floor":38,"turns":4},{"damage":28,"enemies":"Spire Growth","floor":39,"turns":6},{"damage":39,"enemies":"Reptomancer","floor":40,"turns":2}],"seed_played":"-2067458188018231763","potions_obtained":[{"floor":7,"key":"ColorlessPotion"},{"floor":11,"key":"Elixir"},{"floor":14,"key":"EntropicBrew"},{"floor":16,"key":"Fire Potion"},{"floor":23,"key":"LiquidMemories"},{"floor":25,"key":"Explosive Potion"},{"floor":28,"key":"Swift Potion"},{"floor":31,"key":"Block Potion"},{"floor":33,"key":"AttackPotion"},{"floor":38,"key":"LiquidFlight:ReiMu"}],"is_trial":false,"path_per_floor":["M","$","M","?","M","R","E","M","T","?","E","M","$","M","R","B",null,"M","M","$","?","?","E","M","E","T","R","M","M","R","M","R_BF","B",null,"M","M","M","M","M","E"],"character_chosen":"REIMU","items_purchased":["hubris:FunFungus","SubAcupoint:ReiMu","Amulet:ReiMu","Medical Kit","Replay:Wax Seal","AirStrike:ReiMu","REME_BodyOfCthun","Frozen Egg 2","ShadowOfCrow2:ReiMu"],"campfire_rested":1,"item_purchase_floors":[0,0,0,0,0,0,0,13,20],"current_hp_per_floor":[32,32,32,32,31,31,28,30,30,33,11,14,14,17,39,30,77,77,80,83,83,83,56,50,53,53,53,56,59,59,52,79,71,95,88,91,81,53,34,0,0],"gold":321,"neow_bonus":"","is_daily":false,"chose_seed":false,"campfire_upgraded":2,"win_rate":0.0,"timestamp":1613815422,"path_taken":["M","$","M","?","?","R","E","?","T","?","E","M","?","?","R","BOSS","M","M","$","?","?","E","M","E","T","R","M","M","R","M","R_BF","BOSS","M","M","M","?","M","E"],"items_purchased_type":["Relic","Card","Card","Relic","Relic","Card","Card","Relic","Card"],"build_version":"2020-12-22","purchased_purges":4,"victory":false,"max_hp_per_floor":[65,65,65,65,65,65,65,65,65,68,68,71,71,74,74,77,77,77,80,83,83,83,83,83,86,86,86,89,92,92,92,92,95,95,98,101,101,101,101,101,101],"card_choices":[{"not_picked":["BarrageOfMoneybags:ReiMu","Enchanting:ReiMu","FoulBorder2:ReiMu"],"picked":"SKIP","floor":1},{"not_picked":["Enchanting:ReiMu","YinYangSange:ReiMu","AlertArray:ReiMu"],"picked":"SKIP","floor":3},{"not_picked":["UniversalSpiritual:ReiMu","FoulBorder2:ReiMu","YinYangSign:ReiMu"],"picked":"SKIP","floor":5},{"not_picked":["CollectionFlower2:ReiMu","Meditation:ReiMu"],"picked":"AirStrike:ReiMu","floor":7},{"not_picked":["TightArray:ReiMu","WonderfulDomain:ReiMu"],"picked":"AirStrike:ReiMu","floor":8},{"not_picked":["RunawayExorcism:ReiMu","Conquer:ReiMu","Meditation:ReiMu"],"picked":"SKIP","floor":11},{"not_picked":["SpiritualOutbreak2:ReiMu","Meditation:ReiMu"],"picked":"SubAcupoint:ReiMu","floor":12},{"not_picked":["AlertArray:ReiMu","EmergencyTakeOff:ReiMu"],"picked":"InherentArray:ReiMu+1","floor":14},{"not_picked":["SubcavityFantasy:ReiMu","CardOfSanctity:ReiMu"],"picked":"YinYang:ReiMu","floor":16},{"not_picked":["MountainWay:ReiMu","AlertArray:ReiMu","Enchanting:ReiMu"],"picked":"SKIP","floor":18},{"not_picked":["FantasyMoon:ReiMu","RainPray2:ReiMu"],"picked":"ShadowOfCrow2:ReiMu","floor":19},{"not_picked":["YinYangSign:ReiMu+1","SpiritualOutbreak2:ReiMu+1","AlertArray:ReiMu+1"],"picked":"SKIP","floor":23},{"not_picked":["UniversalSpiritual:ReiMu+1","SpringWay:ReiMu","SpreadBorder2:ReiMu"],"picked":"SKIP","floor":24},{"not_picked":["OrbThrow:ReiMu","LearningPray:ReiMu+1"],"picked":"OctopathBindingBorder2:ReiMu+1","floor":25},{"not_picked":["LovePray:ReiMu+1","Gathering:ReiMu+1"],"picked":"PhosphorusFlame:ReiMu","floor":28},{"not_picked":["SpringWay:ReiMu","MikOfLucky:ReiMu+1"],"picked":"AirStrike:ReiMu+1","floor":29},{"not_picked":["PhosphorusFlame:ReiMu+1","YinYangSange:ReiMu+1","Intuition:ReiMu"],"picked":"SKIP","floor":31},{"not_picked":["Free:ReiMu","Determination:ReiMu"],"picked":"DependentForm:ReiMu+1","floor":33},{"not_picked":["Enchanting:ReiMu+1","EmergencyTakeOff:ReiMu+1"],"picked":"Mountainwind:ReiMu+1","floor":35},{"not_picked":["FineLineFantasy:ReiMu+1","LearningPray:ReiMu"],"picked":"MikOfLucky:ReiMu+1","floor":36},{"not_picked":["Enchanting:ReiMu+1","SubcavityInstant:ReiMu","CollectionFlower2:ReiMu"],"picked":"SKIP","floor":37},{"not_picked":["MikOfLucky:ReiMu+1","SubcavityInstant:ReiMu+1","WonderfulDomain:ReiMu"],"picked":"SKIP","floor":38},{"not_picked":["Meditation:ReiMu","EmergencyTakeOff:ReiMu","Enchanting:ReiMu"],"picked":"SKIP","floor":39}],"player_experience":544098,"relics_obtained":[{"floor":7,"key":"reliquary:Spinner"},{"floor":9,"key":"Replay:Ringing Soul"},{"floor":11,"key":"reliquary:Vitrine"},{"floor":23,"key":"Art of War"},{"floor":23,"key":"StoneCalendar"},{"floor":25,"key":"hubris:TinFlute"},{"floor":25,"key":"reliquary:BoilingFlask"},{"floor":26,"key":"halation:TwoAmDonut"}],"event_choices":[{"damage_healed":0,"gold_gain":0,"player_choice":"1 cards matched","damage_taken":0,"max_hp_gain":0,"max_hp_loss":0,"event_name":"Match and Keep!","floor":4,"gold_loss":0,"cards_obtained":["SubcavityFantasy:ReiMu"]},{"damage_healed":0,"gold_gain":0,"player_choice":"1 cards matched","damage_taken":0,"max_hp_gain":0,"max_hp_loss":0,"event_name":"Match and Keep!","floor":4,"gold_loss":0,"cards_obtained":["SubcavityFantasy:ReiMu"]},{"damage_healed":0,"gold_gain":0,"player_choice":"Simplicity","damage_taken":0,"max_hp_gain":0,"max_hp_loss":0,"event_name":"Back to Basics","floor":21,"gold_loss":0,"cards_upgraded":["Strike_Lin:ReiMu","Defend_Lin:ReiMu","Defend_Lin:ReiMu","Defend_Lin:ReiMu","Defend_Lin:ReiMu"]},{"damage_healed":0,"gold_gain":0,"player_choice":"Gave Potion","damage_taken":0,"relics_obtained":["Replay:WaspNest"],"max_hp_gain":0,"max_hp_loss":0,"event_name":"WeMeetAgain","floor":22,"gold_loss":0}],"is_beta":false,"boss_relics":[{"not_picked":["aspiration:FutureDiary","CrownOfHeavens:ReiMu"],"picked":"Black Star"},{"not_picked":["Honey Jar","aspiration:IroncladSkillbook"],"picked":"energizedSpire:SpiderWeb"}],"items_purged_floors":[0,0,13,20],"is_endless":false,"potions_floor_spawned":[7,11,14,16,23,25,28,31,33,38],"killed_by":"Reptomancer","ascension_level":0}}