{"host":"c4445pi3lkcwywew","time":1613797180,"event":{"mods":["AchievementEnabler","BaseMod","Bestiary","Block Reminder","Card Forge","Colored Map","Downfall","Hubris","Minty Spire (QoL Compilation)","Permanent Neow","Replay The Spire","Shop Mod","StSLib"],"gold_per_floor":[218,1511,1524,1291,1306,1334,1346,1087,1113,1113,1132,1145,737,757,757,859,859,878,891,855,867,882,900,900,930,930,930,525,525,552,552,552,674,674,703,703,719,797,648,648,678,729,729,777,777,777,777,777,777,817],"floor_reached":51,"language":"ENG","playtime":9735,"items_purged":[],"score":826,"play_id":"5b04e41a-e6c9-4ea6-b626-df2f080e7a8b","local_time":"20210219225940","is_ascension_mode":false,"campfire_choices":[{"data":"Tactician","floor":10.0,"key":"SMITH"},{"data":"Tactician","floor":15.0,"key":"SMITH"},{"data":"Hidden Blade","floor":24.0,"key":"SMITH"},{"data":"Hidden Blade","floor":27.0,"key":"SMITH"},{"data":"Accuracy","floor":29.0,"key":"SMITH"},{"data":"Footwork","floor":32.0,"key":"SMITH"},{"data":"hubris:Sniper","floor":45,"key":"SMITH"},{"floor":47,"key":"DIG"}],"circlet_count":0,"master_deck":["Cloak And Dagger","Blade Dance","Footwork+1","Hidden Blade+1","Accuracy+1","Survivor","Tactician+1","Hidden Blade+1","Footwork+1","Well Laid Plans","Tactician+1","A Thousand Cuts+1","Adrenaline","Blur","hubris:Sniper+1"],"relics":["Hammer of Thor","Seething Fire","Anvil of the Gods","Replay:Wanted Poster","ReplayTheSpireMod:TigerMarble","Bird Faced Urn","Replay:Bottled Flurry","Potion Belt","Onion Ring","OrangePellets","Letter Opener","Blue Candle","Guide Book","Shovel","Replay:Kaleidoscope","Replay:Bandana","Mummified Hand","HoveringKite","Gambling Chip","Pen Nib","Garlic","Girya","Prayer Wheel","PreservedInsect"],"acts_visited":["Exordium","TheCity","TheBeyond"],"potions_floor_usage":[38],"damage_taken":[{"damage":0.0,"enemies":"Cultist","floor":1.0,"turns":4.0},{"damage":0.0,"enemies":"2 Louse","floor":2.0,"turns":2.0},{"damage":0.0,"enemies":"Small Slimes","floor":3.0,"turns":2.0},{"damage":5.0,"enemies":"3 Louse","floor":5.0,"turns":2.0},{"damage":0.0,"enemies":"Lagavulin","floor":6.0,"turns":4.0},{"damage":0.0,"enemies":"Large Slime","floor":7.0,"turns":3.0},{"damage":1.0,"enemies":"2 Fungi Beasts","floor":11.0,"turns":2.0},{"damage":0.0,"enemies":"Exordium Thugs","floor":12.0,"turns":2.0},{"damage":0.0,"enemies":"Large Slime","floor":14.0,"turns":1.0},{"damage":0.0,"enemies":"Fading Forest","floor":16.0,"turns":11.0},{"damage":5.0,"enemies":"3 Byrds","floor":18.0,"turns":3.0},{"damage":2.0,"enemies":"Shell Parasite","floor":19.0,"turns":2.0},{"damage":10.0,"enemies":"Chosen and Byrds","floor":21.0,"turns":2.0},{"damage":10.0,"enemies":"Shelled Parasite and Fungi","floor":22.0,"turns":2.0},{"damage":3.0,"enemies":"Snake Plant","floor":23.0,"turns":3.0},{"damage":4.0,"enemies":"Book of Stabbing","floor":25.0,"turns":3.0},{"damage":0.0,"enemies":"Centurion and Healer","floor":30.0,"turns":1.0},{"damage":15,"enemies":"hubris:MusketHawk","floor":33,"turns":4},{"damage":0,"enemies":"Orb Walker","floor":35,"turns":1},{"damage":0,"enemies":"3 Shapes","floor":37,"turns":1},{"damage":0,"enemies":"2 Orb Walkers","floor":38,"turns":3},{"damage":0,"enemies":"Sphere and 2 Shapes","floor":41,"turns":1},{"damage":0,"enemies":"Nemesis","floor":42,"turns":1},{"damage":0,"enemies":"Maw","floor":44,"turns":3},{"damage":53,"enemies":"hubris:GrandSnecko","floor":50,"turns":7}],"seed_played":"-4725172632180106847","potions_obtained":[{"floor":1.0,"key":"SkillPotion"},{"floor":3.0,"key":"Explosive Potion"},{"floor":6.0,"key":"AttackPotion"},{"floor":14.0,"key":"champ:CounterPotion"},{"floor":16.0,"key":"FearPotion"},{"floor":21.0,"key":"Milkshake"},{"floor":22.0,"key":"SteroidPotion"},{"floor":42,"key":"Elixir"}],"is_trial":false,"path_per_floor":["M","M","M","$","M","E","M","$","T","R","M","M","$","M","R","B",null,"M","M","$","M","M","M","R","E","T","R","$","R","M","?","R","B",null,"M","?","M","?","$","?","M","E","T","M","R","?","R","?","R_BF","B",null],"character_chosen":"THE_SILENT","items_purchased":["ReplayTheSpireMod:TigerMarble","Footwork","Replay:Bottled Flurry","Onion Ring","OrangePellets","Letter Opener","Blue Candle","Guide Book","Replay:Bandana","Mummified Hand","Pen Nib"],"campfire_rested":0,"item_purchase_floors":[4,4,8,13,13,20,20,20,28,28,39],"current_hp_per_floor":[70,70,70,70,65,65,70,70,70,70,70,70,70,70,70,70,70,65,70,70,62,58,61,61,67,67,67,67,67,70,63,63,58,70,70,70,70,70,70,70,70,70,70,70,70,70,70,70,70,17],"gold":817,"neow_bonus":"BOSS_RELIC","is_daily":false,"chose_seed":false,"campfire_upgraded":7,"win_rate":0.0,"timestamp":1613797180,"path_taken":["M","M","M","$","M","E","M","$","T","R","M","M","$","M","R","BOSS","M","?","$","M","M","M","R","E","T","R","$","R","M","?","R","BOSS","M","?","M","?","$","?","M","E","T","M","R","?","R","?","R_BF","BOSS"],"items_purchased_type":["Relic","Card","Relic","Relic","Relic","Relic","Relic","Relic","Relic","Relic","Relic"],"build_version":"2020-12-22","purchased_purges":0,"victory":true,"max_hp_per_floor":[70,70,70,70,70,70,70,70,70,70,70,70,70,70,70,70,70,70,70,70,70,70,70,70,70,70,70,70,70,70,70,70,70,70,70,70,70,70,70,70,70,70,70,70,70,70,70,70,70,70],"card_choices":[{"not_picked":["Terror","Dagger Spray","ReplayTheSpireMod:Shiv Toss"],"picked":"SKIP","floor":1.0},{"not_picked":["Bane","Infinite Blades","PiercingWail"],"picked":"SKIP","floor":2.0},{"not_picked":["Deflect","ReplayTheSpireMod:Scrap Shanks"],"picked":"Hidden Blade","floor":3.0},{"not_picked":["ReplayTheSpireMod:Tripwire","Deadly Poison"],"picked":"Well Laid Plans","floor":5.0},{"not_picked":["All Out Attack","Deadly Poison","Envenom"],"picked":"SKIP","floor":6.0},{"not_picked":["Toxin Wave","Sucker Punch","Reflex"],"picked":"SKIP","floor":7.0},{"not_picked":["Hidden Blade","Calculated Gamble","Draining Mist"],"picked":"SKIP","floor":11.0},{"not_picked":["Toxin Wave","Acrobatics","Prepared"],"picked":"SKIP","floor":12.0},{"not_picked":["Slice","Quick Slash"],"picked":"Tactician","floor":14.0},{"not_picked":["Malaise","Unload"],"picked":"A Thousand Cuts","floor":16.0},{"not_picked":["Deadly Poison+1","Fluid Movement","Calculated Gamble"],"picked":"SKIP","floor":18.0},{"not_picked":["Sucker Punch","Blur","Dagger Spray"],"picked":"SKIP","floor":19.0},{"not_picked":["ReplayTheSpireMod:Speed Training","Sucker Punch+1","PiercingWail"],"picked":"SKIP","floor":21.0},{"not_picked":["Deadly Poison+1","Dodge and Roll","PiercingWail"],"picked":"SKIP","floor":22.0},{"not_picked":["ReplayTheSpireMod:Tripwire","Dagger Throw","ReplayTheSpireMod:From All Sides"],"picked":"SKIP","floor":23.0},{"not_picked":["Wraith Form v2","Prepared+1","Deflect"],"picked":"SKIP","floor":25.0},{"not_picked":["Deadly Poison","hubris:SlightOfHand","Concentrate"],"picked":"SKIP","floor":30.0},{"not_picked":["Bullet Time","Corpse Explosion"],"picked":"Adrenaline","floor":33},{"not_picked":["hubris:SlightOfHand+1","Bane+1","Dagger Spray+1"],"picked":"SKIP","floor":35},{"not_picked":["Masterful Stab","Dagger Spray+1"],"picked":"Finisher+1","floor":37},{"not_picked":["Acrobatics+1","ReplayTheSpireMod:Exploit Weakness","Cloak And Dagger"],"picked":"SKIP","floor":41},{"not_picked":["Quick Slash","Outmaneuver+1"],"picked":"Blur","floor":42},{"not_picked":["Backflip","Tools of the Trade"],"picked":"hubris:Sniper","floor":44}],"player_experience":180597,"relics_obtained":[{"floor":6.0,"key":"Bird Faced Urn"},{"floor":9.0,"key":"Potion Belt"},{"floor":25.0,"key":"Shovel"},{"floor":26.0,"key":"Replay:Kaleidoscope"},{"floor":38,"key":"Gambling Chip"},{"floor":42,"key":"Garlic"},{"floor":43,"key":"Girya"},{"floor":47,"key":"Prayer Wheel"}],"event_choices":[{"damage_healed":0.0,"max_hp_gain":0.0,"max_hp_loss":0.0,"gold_gain":0.0,"event_name":"Wheel of Change","player_choice":"Damaged","floor":31.0,"gold_loss":0.0,"damage_taken":7.0},{"damage_healed":0,"gold_gain":0,"player_choice":"Fight","damage_taken":0,"max_hp_gain":0,"max_hp_loss":0,"event_name":"Mysterious Sphere","floor":38,"gold_loss":0},{"damage_healed":0,"gold_gain":0,"player_choice":"Ignored","damage_taken":0,"max_hp_gain":0,"max_hp_loss":0,"event_name":"Tomb of Lord Red Mask","floor":40,"gold_loss":0},{"cards_removed":["Finisher"],"damage_healed":0,"gold_gain":0,"player_choice":"Removed Attack","damage_taken":0,"max_hp_gain":0,"max_hp_loss":0,"event_name":"Falling","floor":46,"gold_loss":0},{"damage_healed":0,"gold_gain":0,"player_choice":"Gave Potion","damage_taken":0,"relics_obtained":["PreservedInsect"],"max_hp_gain":0,"max_hp_loss":0,"event_name":"WeMeetAgain","floor":48,"gold_loss":0},{"damage_healed":0,"gold_gain":0,"player_choice":"0 cards matched","damage_taken":0,"max_hp_gain":0,"max_hp_loss":0,"event_name":"Match and Keep!","floor":49,"gold_loss":0,"cards_obtained":[]}],"is_beta":false,"boss_relics":[{"not_picked":["Empty Cage","ChewingGum","Snecko Eye"]},{"not_picked":["hubris:BlackHole","hubris:Backtick"],"picked":"HoveringKite"}],"items_purged_floors":[],"is_endless":false,"potions_floor_spawned":[1,3,6,14,16,21,22,23,35,42],"ascension_level":0}}