{"host":"tubmkv2g6v9d0kjw","time":1613792544,"event":{"mods":["2.2 Compatiblity","BaseMod","Conspire","Downfall","Hubris","Minty Spire (QoL Compilation)","Relic Stats","Spire Arcade","StSLib"],"gold_per_floor":[0,11,24,9,109,109,134,150,150,166,166,199,99,132,158,261,261,261,289,308,308,326,326,326,326,378,378,486,512,512,282,282,282,282],"floor_reached":32,"language":"ENG","playtime":1871,"items_purged":["hexamod:ParanormalForm"],"score":258,"play_id":"be733812-f33a-4d62-bb1c-b68db99bc883","local_time":"20210219214224","is_ascension_mode":false,"campfire_choices":[{"data":"hexamod:Float","floor":1.0,"key":"SMITH"},{"data":"hexamod:VolcanoVisage","floor":9,"key":"SMITH"},{"data":"hexamod:Sear","floor":11,"key":"SMITH"},{"floor":13,"key":"REST"},{"data":"hexamod:SoulSteal","floor":18,"key":"SMITH"},{"data":"Ghostly","floor":25,"key":"SMITH"},{"data":"Ghostly","floor":27,"key":"SMITH"},{"data":"Ghostly","floor":30,"key":"SMITH"}],"circlet_count":0,"master_deck":["hexamod:Sear+1","hexamod:Float+1","hexamod:Firestarter","hexamod:DynamicBlow","hexamod:InspiringFlames","hexamod:VolcanoVisage+1","hexamod:SearingWound+1","hexamod:Firestarter","hexamod:SoulSteal+1","hexamod:SecondSeal","hexamod:Hexaguard","hexamod:PhantomFireball","hexamod:GhostShield+1","hexamod:ThermalTransfer","Pride","Ghostly+1","Ghostly+1","Ghostly+1","hexamod:CouncilsJustice","hexamod:CouncilsJustice","hexamod:CouncilsJustice","hexamod:FlamesFromBeyond","hexamod:EmpoweredFlame+1"],"relics":["hexamod:SpiritBrand","Letter Opener","Vajra","hubris:SlimyHat","downfall:HeartBlessingGreen","Odd Mushroom","Empty Cage","hubris:ToyBattleship","Pear","CeramicFish","downfall:GremlinWheel","Lantern"],"acts_visited":["Exordium","TheCity"],"potions_floor_usage":[12,15,16],"damage_taken":[{"damage":0.0,"enemies":"Cultist","floor":2.0,"turns":3.0},{"damage":1.0,"enemies":"Jaw Worm","floor":3.0,"turns":3.0},{"damage":0.0,"enemies":"downfall:FleeingMerchant","floor":4.0,"turns":4.0},{"damage":29.0,"enemies":"downfall:Heads","floor":5.0,"turns":6.0},{"damage":0,"enemies":"conspire:RoseBush","floor":8,"turns":3},{"damage":1,"enemies":"2 Fungi Beasts","floor":10,"turns":3},{"damage":15,"enemies":"Gremlin Nob","floor":12,"turns":3},{"damage":3,"enemies":"The Mushroom Lair","floor":14,"turns":3},{"damage":7,"enemies":"Blue Slaver","floor":15,"turns":3},{"damage":43,"enemies":"DF_ARCHETYPE_STREAMLINE","floor":16,"turns":8},{"damage":10,"enemies":"Chosen","floor":19,"turns":4},{"damage":6,"enemies":"Spheric Guardian","floor":20,"turns":4},{"damage":32,"enemies":"Shelled Parasite and Fungi","floor":22,"turns":6},{"damage":7,"enemies":"Slavers","floor":26,"turns":4},{"damage":1,"enemies":"Slavers","floor":28,"turns":4},{"damage":7,"enemies":"Sentry and Sphere","floor":29,"turns":4},{"damage":15,"enemies":"downfall:FleeingMerchant","floor":31,"turns":4},{"damage":8,"enemies":"Centurion and Healer","floor":32,"turns":1}],"seed_played":"-7226413013204277246","potions_obtained":[{"floor":5.0,"key":"DistilledChaos"},{"floor":8,"key":"DuplicationPotion"},{"floor":12,"key":"Regen Potion"},{"floor":15,"key":"Fruit Juice"},{"floor":20,"key":"DuplicationPotion"},{"floor":29,"key":"Ancient Potion"}],"is_trial":false,"path_per_floor":["R","M","M","$","?","T","T","M","R","M","R","E","R","?","M","B",null,"R","M","M","?","M","?","T","R","E","R","?","M","R","$","M"],"character_chosen":"THE_SPIRIT","items_purchased":["Lantern"],"campfire_rested":1,"item_purchase_floors":[31],"current_hp_per_floor":[70,70,69,69,40,40,40,40,40,39,39,24,45,42,40,12,75,75,65,59,59,27,27,37,37,30,30,29,22,22,7,0,0,0],"gold":282,"neow_bonus":"REMOVE_TWO","is_daily":false,"chose_seed":false,"campfire_upgraded":7,"win_rate":0.0,"timestamp":1613792544,"path_taken":["R","M","?","$","?","?","T","M","R","M","R","E","R","?","M","BOSS","R","M","M","?","M","?","T","R","E","R","?","?","R","$","M"],"items_purchased_type":["Relic"],"build_version":"2020-12-22","purchased_purges":1,"victory":false,"max_hp_per_floor":[70,70,70,70,70,70,70,70,70,70,70,70,70,70,75,75,75,75,75,75,75,75,37,47,47,47,47,47,47,47,47,47,47,47],"relic_stats":{"counters":[18,70],"CeramicFish":18,"Letter Opener":[47],"obtain_stats":[{"Lantern":31,"Pear":24,"downfall:GremlinWheel":28,"CeramicFish":26,"Vajra":7,"downfall:HeartBlessingGreen":13,"hubris:SlimyHat":12,"hubris:ToyBattleship":21,"Letter Opener":6,"Odd Mushroom":14,"Empty Cage":17,"hexamod:SpiritBrand":0},{"Lantern":17,"Pear":13,"downfall:GremlinWheel":15,"CeramicFish":14,"Vajra":4,"downfall:HeartBlessingGreen":7,"hubris:SlimyHat":7,"hubris:ToyBattleship":12,"Letter Opener":4,"Odd Mushroom":8,"Empty Cage":10,"hexamod:SpiritBrand":0},{"Lantern":69,"Pear":53,"downfall:GremlinWheel":61,"CeramicFish":57,"Vajra":16,"downfall:HeartBlessingGreen":25,"hubris:SlimyHat":25,"hubris:ToyBattleship":47,"Letter Opener":16,"Odd Mushroom":28,"Empty Cage":39,"hexamod:SpiritBrand":0}]},"card_choices":[{"not_picked":["hexamod:NightmareGuise","hexamod:InspiringFlames"],"picked":"hexamod:Firestarter","floor":2.0},{"not_picked":["hexamod:GhostShield","hexamod:GhostOfSpireFuture"],"picked":"hexamod:DynamicBlow","floor":3.0},{"not_picked":["hexamod:NightmareStrike","hexamod:Rewind"],"picked":"hexamod:InspiringFlames","floor":4.0},{"not_picked":["hexamod:GhostOfSpireFuture","hexamod:GhostShield"],"picked":"hexamod:VolcanoVisage","floor":5.0},{"not_picked":["hexamod:BacktrackSmack","hexamod:GhostShield"],"picked":"hexamod:Firestarter","floor":8},{"not_picked":["hexamod:GhostLash","hexamod:BurningTouch"],"picked":"hexamod:SoulSteal","floor":10},{"not_picked":["hexamod:BacktrackSmack","hexamod:SwordOfDarkness"],"picked":"hexamod:SecondSeal","floor":12},{"not_picked":["hexamod:BacktrackSmack","hexamod:GhostShield"],"picked":"hexamod:Hexaguard","floor":14},{"not_picked":["hexamod:ThermalTransfer","hexamod:GhostflameBarrier"],"picked":"hexamod:PhantomFireball","floor":15},{"not_picked":["hexamod:GhostOfSpirePresent","hexamod:GhostflameInferno"],"picked":"hexamod:ParanormalForm","floor":16},{"not_picked":["hexamod:ShieldOfDarkness","hexamod:Hexaguard+1"],"picked":"hexamod:GhostShield+1","floor":19},{"not_picked":["hexamod:Hexaguard","hexamod:DynamicBlow"],"picked":"hexamod:ThermalTransfer","floor":20},{"not_picked":["hexamod:SwordOfDarkness","hexamod:BacktrackSmack+1","hexamod:PhantomFireball"],"picked":"SKIP","floor":22},{"not_picked":["hexamod:TurnItUp","hexamod:NightmareStrike"],"picked":"hexamod:FlamesFromBeyond","floor":26},{"not_picked":["hexamod:FlamesFromBeyond","hexamod:Firestarter","hexamod:GhostOfSpireFuture"],"picked":"SKIP","floor":29},{"not_picked":["hexamod:Firestarter+1","hexamod:SecondSeal"],"picked":"hexamod:EmpoweredFlame+1","floor":31}],"player_experience":546258,"relics_obtained":[{"floor":6.0,"key":"Letter Opener"},{"floor":7.0,"key":"Vajra"},{"floor":12,"key":"hubris:SlimyHat"},{"floor":14,"key":"Odd Mushroom"},{"floor":24,"key":"Pear"},{"floor":26,"key":"CeramicFish"},{"floor":28,"key":"downfall:GremlinWheel"}],"event_choices":[{"damage_healed":0,"gold_gain":0,"player_choice":"Fought Mushrooms","damage_taken":0,"max_hp_gain":0,"max_hp_loss":0,"event_name":"Mushrooms","floor":14,"gold_loss":0},{"damage_healed":0,"gold_gain":0,"player_choice":"Stole Relic","damage_taken":0,"relics_obtained":["hubris:ToyBattleship"],"max_hp_gain":0,"max_hp_loss":0,"event_name":"Addict","floor":21,"gold_loss":0,"cards_obtained":["Pride"]}],"is_beta":false,"boss_relics":[{"not_picked":["conspire:SeveredTorchhead","Astrolabe"],"picked":"Empty Cage"}],"items_purged_floors":[31],"is_endless":false,"potions_floor_spawned":[5,8,12,15,20,29],"killed_by":"Centurion and Healer","ascension_level":0}}