{"host":"eepyomyxzaonkifr","time":1613854898,"event":{"mods":["BaseMod","Colored Powertips","Downfall","Infinite Spire","Minty Spire (QoL Compilation)","Reliquary","StSLib"],"gold_per_floor":[99,115,290,290,308,325,349,369,369,379,379,395,395,670,688,786,786,786,798,810,810,194,213,213,33,33,53,53,85,85,85,85],"floor_reached":30,"language":"ENG","playtime":2447,"items_purged":["Slimebound:Strike_Slimebound"],"score":241,"play_id":"8d83c544-f999-4080-9edd-d0ccc0a68140","local_time":"20210220220138","is_ascension_mode":false,"campfire_choices":[{"data":"Slimebound:Split","floor":1,"key":"SMITH"},{"data":"Slimebound:Recycling","floor":18,"key":"SMITH"},{"data":"Slimebound:PrepareCrush","floor":26,"key":"PURGE"}],"circlet_count":0,"master_deck":["Slimebound:Strike_Slimebound","Slimebound:Strike_Slimebound","Slimebound:Tackle","Slimebound:Defend_Slimebound","Slimebound:Defend_Slimebound","Slimebound:Defend_Slimebound","Slimebound:Defend_Slimebound","Slimebound:Split+1","Slimebound:CorrosiveSpit","downfall:Icky","Slimebound:ItLooksTasty","Slimebound:SplitBruiser","Slimebound:Recollect","Slimebound:SlimeBarrage","infinitespire:Fortify","Slimebound:SplitAcid+1","Slimebound:ProtectTheBoss","Slimebound:Recycling+1","CurseOfTheBell","Slimebound:ComboTackle+1","Slimebound:Schlurp+1","Slimebound:SelfFormingGoo","Slimebound:OozeBath","Slimebound:LeadByExample","Slimebound:RollThrough+1","Slimebound:RejuvenatingLick+1","expansioncontent:DashGenerateEvil","Slimebound:ItLooksTasty+1","Slimebound:TongueLash+1"],"relics":["Slimebound:AbsorbEndCombat","Turnip","Spirit Poop","Slimebound:ScrapOozeRelic","Calling Bell","reliquary:TatteredRug","infinitespire:WardingShard","Lizard Tail","Omamori","Letter Opener","downfall:RedIOU","reliquary:SharkskinSheath"],"acts_visited":["Exordium","TheCity"],"potions_floor_usage":[16,16,19,23,25,27],"damage_taken":[{"damage":3,"enemies":"2 Louse","floor":2,"turns":2},{"damage":10,"enemies":"Jaw Worm","floor":5,"turns":4},{"damage":4,"enemies":"Cultist","floor":6,"turns":3},{"damage":1,"enemies":"3 Louse","floor":8,"turns":3},{"damage":10,"enemies":"Lots of Slimes","floor":10,"turns":2},{"damage":12,"enemies":"Blue Slaver","floor":12,"turns":3},{"damage":9,"enemies":"2 Fungi Beasts","floor":15,"turns":3},{"damage":18,"enemies":"DF_ARCHETYPE_STREAMLINE","floor":16,"turns":8},{"damage":7,"enemies":"Spheric Guardian","floor":19,"turns":4},{"damage":51,"enemies":"downfall:LooterAlt2","floor":20,"turns":5},{"damage":0,"enemies":"downfall:FleeingMerchant","floor":22,"turns":4},{"damage":8,"enemies":"Snecko","floor":23,"turns":5},{"damage":12,"enemies":"downfall:FleeingMerchant","floor":25,"turns":4},{"damage":32,"enemies":"Snake Plant","floor":27,"turns":3},{"damage":16,"enemies":"Book of Stabbing","floor":29,"turns":5},{"damage":11,"enemies":"Chosen and Byrds","floor":30,"turns":4}],"seed_played":"-1078462848077594487","potions_obtained":[{"floor":5,"key":"Fire Potion"},{"floor":6,"key":"Block Potion"},{"floor":9,"key":"downfall:CursedFountainPotion"},{"floor":19,"key":"sneckomod:MuddlingPotion"},{"floor":23,"key":"Fire Potion"},{"floor":27,"key":"Fruit Juice"}],"is_trial":false,"path_per_floor":["R","M","?","?","M","M","T","M","?","M","?","M","?","?","M","B",null,"R","M","M","?","$","M","T","$","R","M","?","E","M"],"character_chosen":"SLIMEBOUND","items_purchased":["Strawberry","Omamori","Slimebound:OozeBath","Slimebound:LeadByExample","expansioncontent:DashGenerateEvil"],"campfire_rested":0,"item_purchase_floors":[22,22,22,22,25],"current_hp_per_floor":[65,64,64,64,58,58,58,61,61,51,34,22,22,22,15,5,65,65,58,9,1,14,10,10,38,38,15,15,5,0,0,0],"gold":85,"neow_bonus":"ONE_RARE_RELIC","is_daily":false,"chose_seed":false,"campfire_upgraded":2,"win_rate":0.0,"timestamp":1613854898,"path_taken":["R","M","?","?","?","M","T","M","?","?","?","M","?","?","M","BOSS","R","M","M","?","?","?","T","$","R","M","?","E","M"],"items_purchased_type":["Relic","Relic","Card","Card","Card"],"build_version":"2020-12-22","purchased_purges":1,"victory":false,"max_hp_per_floor":[65,65,65,65,65,65,65,65,65,65,65,65,65,65,65,65,65,65,65,65,65,72,72,72,72,72,77,77,77,77,77,77],"card_choices":[{"not_picked":["Slimebound:SlimeSpikes","Slimebound:SplitBruiser"],"picked":"Slimebound:ItLooksTasty","floor":2},{"not_picked":["Slimebound:SlimeSpikes","Slimebound:LeechingTouch"],"picked":"Slimebound:SplitBruiser","floor":5},{"not_picked":["Slimebound:LeechingTouch","Slimebound:SamplingLick"],"picked":"Slimebound:Recollect","floor":6},{"not_picked":["Slimebound:SamplingLick","Slimebound:HauntingLick"],"picked":"Slimebound:SlimeBarrage","floor":8},{"not_picked":["Slimebound:SamplingLick","Slimebound:LeechingTouch"],"picked":"Slimebound:PrepareCrush","floor":10},{"not_picked":["infinitespire:TheBestDefense","infinitespire:FinalStrike"],"picked":"infinitespire:Fortify","floor":11},{"not_picked":["Slimebound:RollThrough","Slimebound:ItLooksTasty"],"picked":"Slimebound:SplitAcid","floor":12},{"not_picked":["Slimebound:Grow","Slimebound:SplitAcid"],"picked":"Slimebound:ProtectTheBoss","floor":15},{"not_picked":["Slimebound:SlimeSlap","Slimebound:WasteNot"],"picked":"Slimebound:Recycling","floor":16},{"not_picked":["Slimebound:PressTheAttack+1","Slimebound:GoopSpray+1"],"picked":"Slimebound:ComboTackle+1","floor":19},{"not_picked":["Slimebound:LeechingTouch","Slimebound:PressTheAttack+1"],"picked":"Slimebound:Schlurp+1","floor":20},{"not_picked":["Slimebound:FormOfPuddle","Slimebound:HungryTackle+1"],"picked":"Slimebound:SelfFormingGoo","floor":22},{"not_picked":["Slimebound:LeechEnergy","Slimebound:Schlurp+1"],"picked":"Slimebound:RollThrough+1","floor":23},{"not_picked":["Slimebound:DisruptingSlam+1","Slimebound:HauntingLick"],"picked":"Slimebound:RejuvenatingLick+1","floor":25},{"not_picked":["Slimebound:FinishingTackle","Slimebound:RollThrough"],"picked":"Slimebound:ItLooksTasty+1","floor":27},{"not_picked":["Slimebound:Gluttony","Slimebound:SlimeSpikes"],"picked":"Slimebound:TongueLash+1","floor":29}],"player_experience":91640,"relics_obtained":[{"floor":7,"key":"Oddly Smooth Stone"},{"floor":17,"key":"reliquary:TatteredRug"},{"floor":17,"key":"infinitespire:WardingShard"},{"floor":17,"key":"Lizard Tail"},{"floor":24,"key":"Letter Opener"},{"floor":29,"key":"reliquary:SharkskinSheath"}],"event_choices":[{"cards_removed":["Doubt"],"damage_healed":0,"gold_gain":0,"player_choice":"Offered Curse","damage_taken":0,"relics_obtained":["Spirit Poop"],"max_hp_gain":0,"max_hp_loss":0,"event_name":"Bonfire Elementals","floor":4,"gold_loss":0}],"is_beta":false,"boss_relics":[{"not_picked":["bronze:MakeshiftBattery","SlaversCollar"],"picked":"Calling Bell"}],"items_purged_floors":[22],"is_endless":false,"potions_floor_spawned":[5,6,15,19,23,27],"killed_by":"Chosen and Byrds","ascension_level":0}}