{"host":"eksvfr80mef7di1h","time":1613857877,"event":{"mods":["AchievementEnabler","BaseMod","Colored Map","Minty Spire (QoL Compilation)","StSLib","SuperFastMode"],"gold_per_floor":[119,136,86,261,279,279,279,289,289,289,300,318,333,353,353,449,449,459,469,484,103,122,151,171,181,231,247,265,265,278,278,278,383,383,401,401,420,420,434,462,475,475,501,513,468,499,516,535,535,535],"floor_reached":51,"language":"ENG","playtime":2011,"items_purged":["Doubt"],"score":808,"play_id":"54a3129d-27b2-4714-8375-f8e6ab1dd771","local_time":"20210220225117","is_ascension_mode":false,"campfire_choices":[{"floor":6,"key":"REST"},{"floor":15,"key":"REST"},{"floor":29,"key":"REST"},{"floor":32,"key":"REST"},{"floor":42,"key":"REST"},{"floor":49,"key":"REST"}],"circlet_count":0,"master_deck":["Defend_R","Defend_R","Defend_R","Defend_R","Bash","Shrug It Off","Shrug It Off","Offering","Battle Trance","Body Slam","Uppercut","Feed","Barricade","Body Slam+1","Entrench","Body Slam","Bite","Bite","Bite","Bite","Bite","Enlightenment","Shrug It Off+1","Iron Wave+1","Metallicize+1","Shrug It Off","Disarm+1","Battle Trance"],"relics":["Fusion Hammer","Ornamental Fan","Lizard Tail","Tiny Chest","Sozu","Champion Belt","Ancient Tea Set","Vajra","Black Star","Bottled Flame","Bottled Lightning","Happy Flower","Blood Vial","Thread and Needle"],"acts_visited":["Exordium","TheCity","TheBeyond"],"potions_floor_usage":[16],"damage_taken":[{"damage":7,"enemies":"Small Slimes","floor":1,"turns":3},{"damage":3,"enemies":"Jaw Worm","floor":2,"turns":3},{"damage":0,"enemies":"2 Louse","floor":5,"turns":3},{"damage":6,"enemies":"Blue Slaver","floor":8,"turns":3},{"damage":6,"enemies":"2 Fungi Beasts","floor":11,"turns":3},{"damage":3,"enemies":"Exordium Wildlife","floor":12,"turns":5},{"damage":6,"enemies":"3 Louse","floor":13,"turns":3},{"damage":6,"enemies":"Large Slime","floor":14,"turns":6},{"damage":76,"enemies":"Slime Boss","floor":16,"turns":22},{"damage":8,"enemies":"Shell Parasite","floor":18,"turns":5},{"damage":6,"enemies":"Spheric Guardian","floor":19,"turns":5},{"damage":6,"enemies":"Centurion and Healer","floor":20,"turns":5},{"damage":6,"enemies":"Cultist and Chosen","floor":22,"turns":5},{"damage":11,"enemies":"Book of Stabbing","floor":23,"turns":5},{"damage":13,"enemies":"Shelled Parasite and Fungi","floor":24,"turns":6},{"damage":6,"enemies":"Chosen and Byrds","floor":25,"turns":5},{"damage":6,"enemies":"3 Cultists","floor":27,"turns":6},{"damage":6,"enemies":"Centurion and Healer","floor":28,"turns":5},{"damage":6,"enemies":"Cultist and Chosen","floor":30,"turns":5},{"damage":54,"enemies":"Automaton","floor":33,"turns":10},{"damage":6,"enemies":"3 Shapes","floor":35,"turns":5},{"damage":16,"enemies":"Orb Walker","floor":37,"turns":3},{"damage":75,"enemies":"Sphere and 2 Shapes","floor":39,"turns":8},{"damage":35,"enemies":"Reptomancer","floor":40,"turns":6},{"damage":0,"enemies":"Transient","floor":41,"turns":5},{"damage":18,"enemies":"4 Shapes","floor":44,"turns":6},{"damage":14,"enemies":"Nemesis","floor":46,"turns":11},{"damage":18,"enemies":"Writhing Mass","floor":47,"turns":7},{"damage":10,"enemies":"Maw","floor":48,"turns":8},{"damage":11,"enemies":"Awakened One","floor":50,"turns":10}],"seed_played":"-1188526144300390861","potions_obtained":[{"floor":2,"key":"GamblersBrew"},{"floor":11,"key":"Regen Potion"}],"is_trial":false,"path_per_floor":["M","M","?","?","M","R","?","M","T","T","M","M","M","M","R","B",null,"M","M","M","$","M","E","M","M","T","M","M","R","M","?","R","B",null,"M","$","M","?","M","E","M","R","T","M","$","E","M","M","R","B",null],"character_chosen":"IRONCLAD","items_purchased":["Champion Belt","Shrug It Off"],"campfire_rested":6,"item_purchase_floors":[21,45],"current_hp_per_floor":[73,70,70,70,70,80,80,74,74,74,68,65,59,56,80,22,86,81,75,69,69,66,55,42,36,36,33,27,55,49,49,66,32,66,69,69,60,60,10,30,38,60,60,57,57,63,63,73,78,78],"gold":535,"neow_bonus":"BOSS_RELIC","is_daily":false,"chose_seed":false,"campfire_upgraded":0,"win_rate":0.0,"timestamp":1613857877,"path_taken":["M","M","?","?","M","R","?","M","T","?","M","M","M","?","R","BOSS","M","M","M","$","M","E","M","M","T","M","M","R","M","?","R","BOSS","M","$","M","?","M","E","M","R","T","M","$","E","M","M","R","BOSS"],"items_purchased_type":["Relic","Card"],"build_version":"2020-12-22","purchased_purges":1,"victory":true,"max_hp_per_floor":[80,80,80,80,80,80,80,80,80,80,80,80,80,83,83,86,86,89,89,89,89,92,92,92,92,92,95,95,95,95,66,66,66,66,69,69,72,72,75,75,75,75,75,78,78,78,78,78,78,78],"card_choices":[{"not_picked":["Clothesline","Cleave"],"picked":"Shrug It Off","floor":1},{"not_picked":["Entrench","Flex"],"picked":"Shrug It Off","floor":2},{"not_picked":["Entrench","Sentinel"],"picked":"Offering","floor":5},{"not_picked":["Wild Strike","Dark Embrace"],"picked":"Battle Trance","floor":8},{"not_picked":["Shockwave","Shrug It Off"],"picked":"Body Slam","floor":11},{"not_picked":["Iron Wave","Power Through"],"picked":"Uppercut","floor":12},{"not_picked":["Shockwave","Dropkick"],"picked":"Feed","floor":13},{"not_picked":["Sever Soul","Sword Boomerang","Perfected Strike"],"picked":"SKIP","floor":14},{"not_picked":["Reaper","Offering"],"picked":"Barricade","floor":16},{"not_picked":["Second Wind","Twin Strike","Cleave+1"],"picked":"SKIP","floor":18},{"not_picked":["Pommel Strike","Cleave"],"picked":"Body Slam+1","floor":19},{"not_picked":["Pommel Strike+1","Rampage"],"picked":"Entrench","floor":20},{"not_picked":["Sword Boomerang","Spot Weakness","Havoc+1"],"picked":"SKIP","floor":22},{"not_picked":["Feed","Dark Embrace","Infernal Blade+1"],"picked":"SKIP","floor":23},{"not_picked":["Body Slam","Cleave","Warcry"],"picked":"SKIP","floor":24},{"not_picked":["Havoc","Searing Blow","Clash"],"picked":"SKIP","floor":25},{"not_picked":["Havoc+1","Cleave"],"picked":"Body Slam","floor":27},{"not_picked":["Intimidate","Thunderclap","Anger"],"picked":"SKIP","floor":28},{"not_picked":["Fire Breathing","Dual Wield","Dark Embrace"],"picked":"SKIP","floor":30},{"not_picked":["Rampage+1","Armaments","Inflame+1"],"picked":"SKIP","floor":35},{"not_picked":["Thunderclap","Carnage","Anger+1"],"picked":"SKIP","floor":37},{"not_picked":["Madness","Bandage Up"],"picked":"Enlightenment","floor":38},{"not_picked":["Wild Strike+1","Rampage+1"],"picked":"Shrug It Off+1","floor":39},{"not_picked":["Rage+1","Wild Strike+1"],"picked":"Iron Wave+1","floor":40},{"not_picked":["Clash+1","Flex+1"],"picked":"Metallicize+1","floor":41},{"not_picked":["Inflame","Feed","Pommel Strike"],"picked":"SKIP","floor":44},{"not_picked":["Warcry","Flex"],"picked":"Disarm+1","floor":46},{"not_picked":["Armaments","Ghostly Armor"],"picked":"Battle Trance","floor":47},{"not_picked":["Second Wind+1","Anger","Armaments"],"picked":"SKIP","floor":48}],"player_experience":172306,"relics_obtained":[{"floor":9,"key":"Lizard Tail"},{"floor":10,"key":"Tiny Chest"},{"floor":23,"key":"Ancient Tea Set"},{"floor":26,"key":"Vajra"},{"floor":40,"key":"Bottled Flame"},{"floor":40,"key":"Bottled Lightning"},{"floor":43,"key":"Happy Flower"},{"floor":46,"key":"Blood Vial"},{"floor":46,"key":"Thread and Needle"}],"event_choices":[{"cards_removed":["Strike_R"],"damage_healed":0,"gold_gain":0,"player_choice":"Card Removal","damage_taken":0,"max_hp_gain":0,"max_hp_loss":0,"event_name":"The Cleric","floor":3,"gold_loss":50},{"damage_healed":0,"gold_gain":175,"player_choice":"AGREE","damage_taken":0,"max_hp_gain":0,"max_hp_loss":0,"event_name":"Liars Game","floor":4,"gold_loss":0,"cards_obtained":["Doubt"]},{"damage_healed":0,"gold_gain":0,"player_choice":"Searched \u00271\u0027 times","damage_taken":0,"relics_obtained":["Ornamental Fan"],"max_hp_gain":0,"max_hp_loss":0,"event_name":"Dead Adventurer","floor":7,"gold_loss":0},{"damage_healed":0,"gold_gain":0,"player_choice":"Became a vampire","damage_taken":0,"max_hp_gain":0,"max_hp_loss":29,"event_name":"Vampires","floor":31,"gold_loss":0,"cards_obtained":["Bite","Bite","Bite","Bite","Bite"]},{"damage_healed":0,"gold_gain":0,"player_choice":"Memory 1","damage_taken":0,"max_hp_gain":0,"max_hp_loss":0,"event_name":"SensoryStone","floor":38,"gold_loss":0}],"is_beta":false,"boss_relics":[{"not_picked":["Coffee Dripper","Snecko Eye"],"picked":"Sozu"},{"not_picked":["Runic Pyramid","Philosopher\u0027s Stone"],"picked":"Black Star"}],"items_purged_floors":[21],"is_endless":false,"potions_floor_spawned":[2,11,18,24,27,28,30,35,37,39,41,47],"ascension_level":0}}