{"host":"ffjrj7fisyni1ebk","time":1613832252,"event":{"mods":["2.2 Compatiblity","BaseMod","Bestiary","Colored Map","Colored Powertips","Curses Come First","Highlight Path","Keyboard Shortcuts","Minty Spire (QoL Compilation)","Relic Stats","Slay the Relics Exporter","StSLib","SuperFastMode"],"gold_per_floor":[109,129,139,156,2,2,35,55,55,55,55,5,5,5,5,109,109,127,143,163,7,7,24,24,24,24],"floor_reached":25,"language":"ENG","playtime":1208,"items_purged":[],"score":228,"play_id":"6adfdd57-fcee-4e5a-9619-a01193f346c0","local_time":"20210220164412","is_ascension_mode":false,"campfire_choices":[{"data":"WindmillStrike","floor":6.0,"key":"SMITH"},{"data":"Establishment","floor":10.0,"key":"SMITH"},{"floor":15.0,"key":"REST"},{"floor":24,"key":"REST"}],"circlet_count":0,"master_deck":["Strike_P","Strike_P","Strike_P","Strike_P","Defend_P","Defend_P+1","Defend_P","Defend_P","Eruption+1","Vigilance","WaveOfTheHand","PathToVictory","WindmillStrike+1","BattleHymn","Establishment+1","FlyingSleeves","Shame","FlyingSleeves+1","ClearTheMind","Devotion","SashWhip+1","SashWhip+1","InnerPeace+1","CutThroughFate+1"],"relics":["Cursed Key","Membership Card","TungstenRod","Molten Egg 2","SacredBark","Ice Cream"],"acts_visited":["Exordium","TheCity"],"potions_floor_usage":[23],"damage_taken":[{"damage":0.0,"enemies":"2 Louse","floor":1.0,"turns":2.0},{"damage":2.0,"enemies":"Small Slimes","floor":2.0,"turns":5.0},{"damage":1.0,"enemies":"Jaw Worm","floor":3.0,"turns":2.0},{"damage":0.0,"enemies":"Looter","floor":4.0,"turns":4.0},{"damage":0.0,"enemies":"Lagavulin","floor":7.0,"turns":3.0},{"damage":15.0,"enemies":"Exordium Thugs","floor":8.0,"turns":4.0},{"damage":24.0,"enemies":"Hexaghost","floor":16.0,"turns":8.0},{"damage":36.0,"enemies":"Spheric Guardian","floor":18.0,"turns":6.0},{"damage":0.0,"enemies":"Chosen","floor":19.0,"turns":4.0},{"damage":8.0,"enemies":"Centurion and Healer","floor":20.0,"turns":5.0},{"damage":6,"enemies":"Snake Plant","floor":23,"turns":5},{"damage":43,"enemies":"3 Cultists","floor":25,"turns":5}],"seed_played":"7839445648225051357","potions_obtained":[{"floor":3.0,"key":"Weak Potion"},{"floor":16.0,"key":"AttackPotion"},{"floor":20.0,"key":"Dexterity Potion"}],"is_trial":false,"path_per_floor":["M","M","M","M","$","R","E","M","T","R","?","$","?","$","R","B",null,"M","M","M","$","?","M","R","M"],"character_chosen":"WATCHER","items_purchased":["Membership Card","FlyingSleeves+1","ClearTheMind","Ice Cream"],"campfire_rested":2,"item_purchase_floors":[5,12,12,21],"current_hp_per_floor":[72,70,69,69,69,69,69,54,54,54,72,72,59,59,72,48,72,36,36,28,28,28,22,43,0,0],"gold":24,"neow_bonus":"BOSS_RELIC","is_daily":false,"chose_seed":false,"campfire_upgraded":2,"win_rate":0.0,"timestamp":1613832252,"path_taken":["M","M","M","M","$","R","E","M","T","R","?","$","?","?","R","BOSS","M","M","M","$","?","M","R","M"],"items_purchased_type":["Relic","Card","Card","Relic"],"build_version":"2020-12-22","purchased_purges":0,"victory":false,"max_hp_per_floor":[72,72,72,72,72,72,72,72,72,72,72,72,72,72,72,72,72,72,72,72,72,72,72,72,72,72],"relic_stats":{"counters":[12,53],"Cursed Key":1,"obtain_stats":[{"Ice Cream":21,"SacredBark":17,"Molten Egg 2":9,"Membership Card":5,"PureWater":0,"Cursed Key":0,"TungstenRod":7},{"Ice Cream":10,"SacredBark":7,"Molten Egg 2":6,"Membership Card":4,"PureWater":0,"Cursed Key":0,"TungstenRod":5},{"Ice Cream":43,"SacredBark":28,"Molten Egg 2":20,"Membership Card":13,"PureWater":0,"Cursed Key":0,"TungstenRod":16}],"TungstenRod":30},"card_choices":[{"not_picked":["Evaluate","SandsOfTime"],"picked":"WaveOfTheHand","floor":1.0},{"not_picked":["MentalFortress","ClearTheMind"],"picked":"PathToVictory","floor":2.0},{"not_picked":["FollowUp","LikeWater"],"picked":"WindmillStrike","floor":3.0},{"not_picked":["EmptyFist","Protect"],"picked":"BattleHymn","floor":4.0},{"not_picked":["Weave","Sanctity"],"picked":"Establishment","floor":7.0},{"not_picked":["ThirdEye","Nirvana"],"picked":"FlyingSleeves","floor":8.0},{"not_picked":["Blasphemy","SpiritShield"],"picked":"Devotion","floor":16.0},{"not_picked":["Prostrate","Consecrate+1"],"picked":"SashWhip+1","floor":18.0},{"not_picked":["Consecrate+1","BowlingBash+1"],"picked":"SashWhip+1","floor":19.0},{"not_picked":["CutThroughFate+1","Consecrate+1"],"picked":"InnerPeace+1","floor":20.0},{"not_picked":["JustLucky+1","CrushJoints+1"],"picked":"CutThroughFate+1","floor":23}],"player_experience":329629,"relics_obtained":[{"floor":7.0,"key":"TungstenRod"},{"floor":9.0,"key":"Molten Egg 2"}],"event_choices":[{"damage_healed":24.0,"max_hp_gain":0.0,"max_hp_loss":0.0,"gold_gain":0.0,"event_name":"Big Fish","player_choice":"Banana","floor":11.0,"gold_loss":0.0,"damage_taken":0.0},{"damage_healed":0.0,"max_hp_gain":0.0,"max_hp_loss":0.0,"gold_gain":0.0,"event_name":"Shining Light","player_choice":"Entered Light","floor":13.0,"gold_loss":0.0,"damage_taken":14.0,"cards_upgraded":["Defend_P","Eruption"]},{"damage_healed":0.0,"max_hp_gain":0.0,"max_hp_loss":0.0,"gold_gain":0.0,"event_name":"Vampires","player_choice":"Ignored","floor":22.0,"gold_loss":0.0,"damage_taken":0.0}],"is_beta":false,"boss_relics":[{"not_picked":["Snecko Eye","Runic Dome"],"picked":"SacredBark"}],"items_purged_floors":[],"is_endless":false,"potions_floor_spawned":[3,16,20],"killed_by":"3 Cultists","ascension_level":0}}