{"host":"8kweeulvvasqx820","time":1613786418,"event":{"mods":["Aspiration","BaseMod","Better Altar","Better Match","Better Note","Better Sensory Stone","Better Skull","Better Third Choice","BetterRewards","Colored Map","Conspire","Displayed Cursed Tome","Downfall","Hubris","Infinite Spire","Jorbs\u0027s Wanderer Trilogy","Minty Spire (QoL Compilation)","Relic Stats","Replay The Spire","Spicy Shops","StSLib","SuperFastMode","Swap Starting Deck Mod","The Construct","The Marked","The Servant 0.9.4","everything is the same but u backflip on backflip","slay the spire mod where everything is the same but ironclad has a cowboy hat"],"gold_per_floor":[99,115,129,114,130,140,190,207,307,307,307,322,322,338,355,355,355,355],"floor_reached":16,"language":"ENG","playtime":1122,"items_purged":[],"score":96,"play_id":"a87d93e0-e979-4872-a375-52ffa70ce9f6","local_time":"20210219210018","is_ascension_mode":false,"campfire_choices":[{"data":"bronze:Goto","floor":1,"key":"SMITH"},{"data":"bronze:Repair","floor":11,"key":"SMITH"},{"data":"bronze:Repair","floor":13,"key":"SMITH"}],"circlet_count":0,"master_deck":["bronze:Strike","bronze:Strike","bronze:Defend","bronze:Defend","bronze:Defend","bronze:Defend","bronze:Replicate","bronze:Goto+1","bronze:FineTuning","bronze:BugBarrage","bronze:Backtrace+1","bronze:Repair+1","bronze:Repair+1","bronze:ChosenStrike","bronze:FineTuning","bronze:WhirlingStrike","bronze:Frontload"],"relics":["bronze:BronzeCore","Happy Flower"],"acts_visited":["Exordium"],"potions_floor_usage":[9,15,16,16],"damage_taken":[{"damage":4,"enemies":"Cultist","floor":2,"turns":4},{"damage":5,"enemies":"Small Slimes","floor":3,"turns":4},{"damage":0,"enemies":"downfall:FleeingMerchant","floor":4,"turns":4},{"damage":0,"enemies":"2 Louse","floor":5,"turns":3},{"damage":0,"enemies":"downfall:LooterAlt","floor":6,"turns":3},{"damage":12,"enemies":"Exordium Thugs","floor":8,"turns":4},{"damage":22,"enemies":"downfall:Heads","floor":9,"turns":7},{"damage":3,"enemies":"2 Fungi Beasts","floor":12,"turns":3},{"damage":7,"enemies":"Blue Slaver","floor":14,"turns":2},{"damage":17,"enemies":"Exordium Thugs","floor":15,"turns":5},{"damage":67,"enemies":"IC_STATUS_ARCHETYPE","floor":16,"turns":10}],"seed_played":"-8929908532894090501","potions_obtained":[{"floor":2,"key":"Swift Potion"},{"floor":5,"key":"EssenceOfSteel"},{"floor":9,"key":"AttackPotion"},{"floor":14,"key":"BlessingOfTheForge"},{"floor":15,"key":"SteroidPotion"}],"is_trial":false,"path_per_floor":["R","M","M","$","M","M","T","M","?","?","R","M","R","M","M","B"],"character_chosen":"THE_AUTOMATON","items_purchased":[],"campfire_rested":0,"item_purchase_floors":[],"current_hp_per_floor":[77,73,68,68,68,68,68,56,34,34,34,48,48,41,44,0,0,0],"gold":355,"neow_bonus":"TEN_PERCENT_HP_BONUS","is_daily":false,"chose_seed":false,"campfire_upgraded":3,"win_rate":0.0,"timestamp":1613786418,"path_taken":["R","M","M","?","M","M","T","?","?","?","R","M","R","M","M","BOSS"],"items_purchased_type":[],"build_version":"2020-12-22","purchased_purges":0,"victory":false,"max_hp_per_floor":[77,77,77,77,77,77,77,77,77,77,77,77,77,77,77,77,77,77],"relic_stats":{"Happy Flower":[10],"counters":[11,49],"obtain_stats":[{"bronze:BronzeCore":0,"Happy Flower":7},{"bronze:BronzeCore":0,"Happy Flower":5},{"bronze:BronzeCore":0,"Happy Flower":18}]},"card_choices":[{"not_picked":["bronze:ItsAFeature","bronze:NullPointer","bronze:Invalidate"],"picked":"SKIP","floor":2},{"not_picked":["bronze:Turbo","bronze:CutThrough"],"picked":"bronze:FineTuning","floor":3},{"not_picked":["bronze:DarkDash","bronze:Turbo","bronze:Safeguard"],"picked":"SKIP","floor":4},{"not_picked":["bronze:Deprecate","bronze:OilSpill"],"picked":"bronze:BugBarrage","floor":5},{"not_picked":["bronze:DelayedGuard","bronze:DarkDash"],"picked":"bronze:Backtrace","floor":6},{"not_picked":["bronze:ItsAFeature","bronze:BronzeOrb"],"picked":"bronze:Repair","floor":8},{"not_picked":["bronze:SpaghettiCode","bronze:NullPointer"],"picked":"bronze:Repair","floor":9},{"not_picked":["bronze:GetLatest","bronze:Deprecate"],"picked":"bronze:FineTuning","floor":12},{"not_picked":["bronze:Philosophize","bronze:DelayedGuard"],"picked":"bronze:WhirlingStrike","floor":14},{"not_picked":["bronze:DelayedGuard","bronze:Branch"],"picked":"bronze:Frontload","floor":15}],"player_experience":168680,"relics_obtained":[{"floor":7,"key":"Happy Flower"}],"event_choices":[],"is_beta":false,"boss_relics":[],"items_purged_floors":[],"is_endless":false,"potions_floor_spawned":[2,5,9,14,15],"killed_by":"IC_STATUS_ARCHETYPE","ascension_level":0}}