{"host":"rsbhidffjle4v6w5","time":1613845945,"event":{"mods":["Act Like it!","Ascension Reborn","BaseMod","Better Note","Better Third Choice","BetterRewards","Block Reminder","Colored Map","Minty Spire (QoL Compilation)","Quick Restart","Reliquary","Replay The Spire","Ruina","StSLib"],"gold_per_floor":[119,161,179,198,216,247,247,260,260,260,304,304,304,325,325,455,555,555,555],"floor_reached":18,"language":"ENG","playtime":741,"items_purged":["Amnesia"],"score":172,"play_id":"60406a7e-0f87-4ffa-9c88-26e25c630b28","local_time":"20210220213225","is_ascension_mode":true,"campfire_choices":[{"data":"Bash","floor":7.0,"key":"SMITH"},{"floor":12.0,"key":"RECALL"},{"data":"Flame Barrier","floor":15.0,"key":"SMITH"}],"circlet_count":0,"master_deck":["Strike_R","Strike_R","Strike_R","Strike_R","Strike_R","Defend_R","Defend_R","Defend_R","Defend_R","Bash+1","Shrug It Off","Twin Strike","Flame Barrier+1","Disarm","Battle Trance","Shrug It Off","Barricade+1"],"relics":["Burning Blood","ReplayTheSpireMod:CursedCoin","Champion Belt","Lee\u0027s Waffle","Omamori","Turnip","ReplayFunnel","reliquary:BoilingFlask","MealTicket","Golden Idol","Frozen Egg 2","Replay:Wanted Poster"],"acts_visited":["Exordium","TheCity"],"potions_floor_usage":[16,16,16],"damage_taken":[{"damage":5.0,"enemies":"Jaw Worm","floor":1.0,"turns":5.0},{"damage":7.0,"enemies":"2 Louse","floor":3.0,"turns":4.0},{"damage":0.0,"enemies":"Cultist","floor":4.0,"turns":4.0},{"damage":9.0,"enemies":"3 Louse","floor":5.0,"turns":4.0},{"damage":17.0,"enemies":"Gremlin Nob","floor":6.0,"turns":4.0},{"damage":5.0,"enemies":"Blue Slaver","floor":8.0,"turns":4.0},{"damage":17.0,"enemies":"3 Sentries","floor":11.0,"turns":6.0},{"damage":7.0,"enemies":"Large Slime","floor":14.0,"turns":5.0},{"damage":69,"enemies":"Slime Boss","floor":16,"turns":15},{"damage":0,"enemies":"3 Byrds","floor":18,"turns":1}],"seed_played":"-3603895927929995891","potions_obtained":[{"floor":5.0,"key":"Energy Potion"},{"floor":6.0,"key":"Swift Potion"},{"floor":8.0,"key":"Explosive Potion"},{"floor":14.0,"key":"Weak Potion"},{"floor":16,"key":"ColorlessPotion"}],"is_trial":false,"path_per_floor":["M","?","M","M","M","E","R","M","T","?","E","R","?","M","R","B",null,"M"],"character_chosen":"IRONCLAD","items_purchased":["ReplayTheSpireMod:CursedCoin","Shrug It Off","Lee\u0027s Waffle","Omamori","ReplayFunnel","Block Potion"],"campfire_rested":0,"item_purchase_floors":[0,0,0,0,0,0],"current_hp_per_floor":[87,66,65,71,68,57,57,58,58,58,47,47,91,90,90,27,75,75,75],"gold":555,"neow_bonus":"","is_daily":false,"chose_seed":false,"campfire_upgraded":2,"win_rate":0.0,"timestamp":1613845945,"path_taken":["M","?","M","M","M","E","R","M","T","?","E","R","?","?","R","BOSS","M"],"items_purchased_type":["Relic","Card","Relic","Relic","Relic","Potion"],"build_version":"2020-12-22","purchased_purges":1,"victory":false,"max_hp_per_floor":[87,87,87,87,87,87,87,87,87,81,81,81,91,91,91,91,91,91,91],"card_choices":[{"not_picked":["Shockwave","ReplayTheSpireMod:Strike From Hell"],"picked":"Twin Strike","floor":1.0},{"not_picked":["Spot Weakness","Heavy Blade"],"picked":"Flame Barrier","floor":2.0},{"not_picked":["Body Slam","Shockwave"],"picked":"Disarm","floor":3.0},{"not_picked":["Armaments","True Grit","Wild Strike"],"picked":"SKIP","floor":4.0},{"not_picked":["Sentinel","Replay:Many Hands","Body Slam"],"picked":"SKIP","floor":5.0},{"not_picked":["Seeing Red","Clothesline"],"picked":"Demon Form","floor":6.0},{"not_picked":["Armaments","Run Through"],"picked":"Battle Trance","floor":8.0},{"not_picked":["Rupture+1","Cleave"],"picked":"Shrug It Off","floor":11.0},{"not_picked":["Replay:Undeath\u0027s Touch","Spot Weakness","Blood for Blood"],"picked":"SKIP","floor":14.0},{"not_picked":["Berserk+1","Limit Break"],"picked":"Barricade+1","floor":16}],"player_experience":1134237,"relics_obtained":[{"floor":2.0,"key":"reliquary:BoilingFlask"},{"floor":6.0,"key":"MealTicket"},{"floor":11.0,"key":"Frozen Egg 2"}],"event_choices":[{"damage_healed":0.0,"max_hp_gain":0.0,"max_hp_loss":6.0,"gold_gain":0.0,"event_name":"Golden Idol","player_choice":"Lose Max HP","floor":10.0,"gold_loss":0.0,"damage_taken":0.0,"relics_obtained":["Golden Idol"]},{"cards_removed":["Demon Form"],"damage_healed":34.0,"max_hp_gain":10.0,"max_hp_loss":0.0,"gold_gain":0.0,"event_name":"Bonfire Elementals","player_choice":"Offered Rare","floor":13.0,"gold_loss":0.0,"damage_taken":0.0}],"is_beta":false,"boss_relics":[{"not_picked":["Kintsugi","reliquary:BigHammer"],"picked":"Replay:Wanted Poster"}],"items_purged_floors":[0],"is_endless":false,"potions_floor_spawned":[5,6,8,14,16],"killed_by":"3 Byrds","ascension_level":0}}