{"host":"3jpcvpprzj9sjffh","time":1613804452,"event":{"mods":["AchievementEnabler","BaseMod","Colored Map","Minty Spire (QoL Compilation)","Rare Cards Sparkle","SuperFastMode","everything is the same but u backflip on backflip"],"gold_per_floor":[110,124,141,152,152,152,187,187,187,187,187,174,174,189,189,290,290,307,397,408,18,31,31,31,31,56,69,69,69],"floor_reached":28,"language":"KOR","playtime":1205,"items_purged":[],"score":220,"play_id":"17234dde-20de-4044-af0d-6583f3d284b5","local_time":"20210220160052","is_ascension_mode":false,"campfire_choices":[{"floor":6,"key":"REST"},{"floor":8,"key":"REST"},{"floor":11,"key":"REST"},{"floor":13,"key":"REST"},{"data":"1","floor":15,"key":"LIFT"},{"floor":24,"key":"REST"}],"circlet_count":0,"master_deck":["Strike_R","Strike_R","Strike_R","Strike_R","Defend_R","Defend_R","Defend_R","Bash","Searing Blow","Reckless Charge","Burning Pact","Wild Strike","Warcry","True Grit","Berserk","Shrug It Off","Disarm","Thunderclap","Body Slam","Immolate","Battle Trance+1","Dramatic Entrance","Good Instincts","Dark Embrace+1","Apotheosis","Metallicize","Perfected Strike","Body Slam"],"relics":["Black Blood","The Courier","Calipers","Girya","Bottled Lightning","Akabeko"],"acts_visited":["Exordium","TheCity"],"potions_floor_usage":[16,16,28,28],"damage_taken":[{"damage":1,"enemies":"2 Louse","floor":1,"turns":3},{"damage":7,"enemies":"Small Slimes","floor":2,"turns":3},{"damage":0,"enemies":"Cultist","floor":3,"turns":2},{"damage":22,"enemies":"Large Slime","floor":4,"turns":5},{"damage":53,"enemies":"Lagavulin","floor":7,"turns":6},{"damage":26,"enemies":"Exordium Thugs","floor":12,"turns":4},{"damage":12,"enemies":"3 Louse","floor":14,"turns":3},{"damage":36,"enemies":"Hexaghost","floor":16,"turns":11},{"damage":32,"enemies":"Chosen","floor":18,"turns":7},{"damage":12,"enemies":"3 Byrds","floor":20,"turns":6},{"damage":26,"enemies":"Sentry and Sphere","floor":22,"turns":6},{"damage":31,"enemies":"Shelled Parasite and Fungi","floor":27,"turns":6},{"damage":0,"enemies":"Snake Plant","floor":28,"turns":2}],"seed_played":"-5669035368227914539","potions_obtained":[{"floor":3,"key":"ElixirPotion"},{"floor":7,"key":"SteroidPotion"},{"floor":12,"key":"Swift Potion"},{"floor":22,"key":"FearPotion"},{"floor":27,"key":"Regen Potion"}],"is_trial":false,"path_per_floor":["M","M","M","M","?","R","E","R","T","?","R","M","R","M","R","B",null,"M","?","M","$","M","$","R","$","T","M","M"],"character_chosen":"IRONCLAD","items_purchased":["Apotheosis","Bottled Lightning","Metallicize"],"campfire_rested":5,"item_purchase_floors":[21,21,21],"current_hp_per_floor":[72,71,72,56,44,65,18,39,39,39,60,40,61,55,55,25,72,52,27,27,27,13,13,34,34,34,15,20,20],"gold":69,"neow_bonus":"TRANSFORM_TWO_CARDS","is_daily":false,"chose_seed":false,"campfire_upgraded":0,"win_rate":0.0,"timestamp":1613804452,"path_taken":["M","M","M","M","?","R","E","R","T","?","R","?","R","M","R","BOSS","M","?","M","$","M","$","R","?","T","M","M"],"items_purchased_type":["Card","Relic","Card"],"build_version":"2020-12-22","purchased_purges":0,"victory":false,"max_hp_per_floor":[72,72,72,72,72,72,72,72,72,72,72,72,72,72,72,72,72,72,72,72,72,72,72,72,72,72,72,72,72],"card_choices":[{"not_picked":["Anger","Body Slam"],"picked":"Burning Pact","floor":1},{"not_picked":["Perfected Strike","Pummel"],"picked":"Wild Strike","floor":2},{"not_picked":["Heavy Blade","Clothesline"],"picked":"Warcry","floor":3},{"not_picked":["Infernal Blade","Burning Pact"],"picked":"True Grit","floor":4},{"not_picked":["Rupture","Headbutt"],"picked":"Berserk","floor":7},{"not_picked":["Havoc","Rupture"],"picked":"Thunderclap","floor":12},{"not_picked":["Pommel Strike","Warcry"],"picked":"Body Slam","floor":14},{"not_picked":["Impervious","Bludgeon"],"picked":"Immolate","floor":16},{"not_picked":["Headbutt","Intimidate"],"picked":"Battle Trance+1","floor":18},{"not_picked":["Body Slam+1","Shrug It Off"],"picked":"Dark Embrace+1","floor":20},{"not_picked":["Wild Strike","Thunderclap"],"picked":"Perfected Strike","floor":22},{"not_picked":["Corruption","Metallicize"],"picked":"Body Slam","floor":27}],"player_experience":339643,"relics_obtained":[{"floor":7,"key":"Calipers"},{"floor":9,"key":"Girya"},{"floor":26,"key":"Akabeko"}],"event_choices":[{"damage_healed":0,"gold_gain":0,"player_choice":"Success","damage_taken":12,"relics_obtained":["The Courier"],"max_hp_gain":0,"max_hp_loss":0,"event_name":"Scrap Ooze","floor":5,"gold_loss":0},{"damage_healed":0,"gold_gain":0,"player_choice":"2 cards matched","damage_taken":0,"max_hp_gain":0,"max_hp_loss":0,"event_name":"Match and Keep!","floor":10,"gold_loss":0,"cards_obtained":["Shrug It Off","Disarm"]},{"damage_healed":0,"gold_gain":90,"player_choice":"GOLD CARD CARD ","damage_taken":25,"max_hp_gain":0,"max_hp_loss":0,"event_name":"Knowing Skull","floor":19,"potions_obtained":[],"gold_loss":0,"cards_obtained":["Dramatic Entrance","Good Instincts"]},{"damage_healed":0,"gold_gain":90,"player_choice":"GOLD CARD CARD ","damage_taken":25,"max_hp_gain":0,"max_hp_loss":0,"event_name":"Knowing Skull","floor":19,"potions_obtained":[],"gold_loss":0,"cards_obtained":["Dramatic Entrance","Good Instincts"]}],"is_beta":false,"boss_relics":[{"not_picked":["Velvet Choker","Ectoplasm"],"picked":"Black Blood"}],"items_purged_floors":[],"is_endless":false,"potions_floor_spawned":[3,7,12,22,27],"killed_by":"Snake Plant","ascension_level":0}}