{"host":"q9szs7qndgdlcq24","time":1613841236,"event":{"mods":["2.2 Compatiblity","AchievementEnabler","BaseMod","Bestiary","Colored Map","Colored Powertips","Dark Map","DeckTracker","Displayed Cursed Tome","Highlight Path","Minty Spire (QoL Compilation)","Random Character Button","StSLib","Unknown Chances"],"gold_per_floor":[117,42,42,55,55,86,109,147,147,147,170,170,135,159,159,290,290,308,328,243,168,267,267,267,143,143,143,164,164,164],"floor_reached":29,"language":"ENG","playtime":1663,"items_purged":["Strike_B","Defend_B"],"score":256,"play_id":"ff559128-3159-4d55-bdb7-4e08685775e3","local_time":"20210220201356","is_ascension_mode":false,"campfire_choices":[{"data":"Streamline","floor":10,"key":"SMITH"},{"data":"Echo Form","floor":12,"key":"SMITH"},{"floor":15,"key":"REST"},{"floor":23,"key":"REST"},{"data":"Echo Form","floor":27,"key":"SMITH"}],"circlet_count":0,"master_deck":["Strike_B","Strike_B","Defend_B","Defend_B","Defend_B","Zap","Dualcast","Ball Lightning","Injury","Darkness","Streamline+1","Turbo+1","Doom and Gloom","Echo Form+1","Leap+1","Echo Form+1","Streamline","Streamline+1","Turbo+1","Redo+1","Amplify+1"],"relics":["Cracked Core","NeowsBlessing","Golden Idol","Toxic Egg 2","Bronze Scales","Mummified Hand","Inserter","Oddly Smooth Stone","StoneCalendar"],"acts_visited":["Exordium","TheCity"],"potions_floor_usage":[16,29,29,29],"damage_taken":[{"damage":0,"enemies":"Small Slimes","floor":1,"turns":1},{"damage":0,"enemies":"Jaw Worm","floor":4,"turns":1},{"damage":0,"enemies":"Lagavulin","floor":6,"turns":1},{"damage":5,"enemies":"2 Louse","floor":7,"turns":3},{"damage":30,"enemies":"3 Sentries","floor":8,"turns":6},{"damage":5,"enemies":"Looter","floor":11,"turns":2},{"damage":7,"enemies":"Blue Slaver","floor":14,"turns":3},{"damage":14,"enemies":"Hexaghost","floor":16,"turns":7},{"damage":14,"enemies":"Chosen","floor":18,"turns":5},{"damage":20,"enemies":"2 Thieves","floor":19,"turns":4},{"damage":26,"enemies":"Centurion and Healer","floor":28,"turns":5},{"damage":43,"enemies":"Sentry and Sphere","floor":29,"turns":4}],"seed_played":"7808151177658451338","potions_obtained":[{"floor":1,"key":"Regen Potion"},{"floor":6,"key":"Weak Potion"},{"floor":18,"key":"EntropicBrew"},{"floor":28,"key":"Ancient Potion"}],"is_trial":false,"path_per_floor":["M","$","?","M","?","E","M","E","T","R","M","R","?","M","R","B",null,"M","M","?","?","?","R","?","$","T","R","M","M"],"character_chosen":"DEFECT","items_purchased":["Redo+1"],"campfire_rested":2,"item_purchase_floors":[25],"current_hp_per_floor":[75,75,75,75,75,75,70,40,40,40,35,35,53,46,68,54,75,61,41,41,41,41,63,63,63,63,63,37,0,0],"gold":164,"neow_bonus":"THREE_ENEMY_KILL","is_daily":false,"chose_seed":false,"campfire_upgraded":3,"win_rate":0.0,"timestamp":1613841236,"path_taken":["M","$","?","M","?","E","M","E","T","R","M","R","?","M","R","BOSS","M","M","?","?","?","R","?","?","T","R","?","M"],"items_purchased_type":["Card"],"build_version":"2020-12-22","purchased_purges":2,"victory":false,"max_hp_per_floor":[75,75,75,75,75,75,75,75,75,75,75,75,75,75,75,75,75,75,75,75,75,75,75,75,75,75,75,75,75,75],"card_choices":[{"not_picked":["Cold Snap","Compile Driver"],"picked":"Ball Lightning","floor":1},{"not_picked":["Cold Snap","Genetic Algorithm"],"picked":"Darkness","floor":4},{"not_picked":["Gash","Double Energy+1"],"picked":"Streamline","floor":6},{"not_picked":["Go for the Eyes","Buffer"],"picked":"Turbo+1","floor":7},{"not_picked":["Rebound","Cold Snap"],"picked":"Doom and Gloom","floor":8},{"not_picked":["Ball Lightning","Barrage"],"picked":"Echo Form","floor":11},{"not_picked":["Streamline","Go for the Eyes"],"picked":"Leap+1","floor":14},{"not_picked":["Multi-Cast+1","Machine Learning"],"picked":"Echo Form","floor":16},{"not_picked":["Stack+1","Chill+1"],"picked":"Streamline","floor":18},{"not_picked":["Sweeping Beam","Compile Driver+1"],"picked":"Streamline+1","floor":19},{"not_picked":["Sunder","White Noise+1"],"picked":"Amplify+1","floor":28}],"player_experience":79519,"relics_obtained":[{"floor":6,"key":"Toxic Egg 2"},{"floor":8,"key":"Bronze Scales"},{"floor":9,"key":"Mummified Hand"},{"floor":26,"key":"StoneCalendar"}],"event_choices":[{"damage_healed":0,"gold_gain":0,"player_choice":"Take Wound","damage_taken":0,"relics_obtained":["Golden Idol"],"max_hp_gain":0,"max_hp_loss":0,"event_name":"Golden Idol","floor":3,"gold_loss":0,"cards_obtained":["Injury"]},{"damage_healed":0,"gold_gain":0,"player_choice":"Ignored","damage_taken":0,"max_hp_gain":0,"max_hp_loss":0,"event_name":"Liars Game","floor":5,"gold_loss":0},{"damage_healed":18,"gold_gain":0,"player_choice":"Healed","damage_taken":0,"max_hp_gain":0,"max_hp_loss":0,"event_name":"The Cleric","floor":13,"gold_loss":35},{"damage_healed":0,"gold_gain":0,"player_choice":"Obtained Relic","damage_taken":0,"relics_obtained":["Oddly Smooth Stone"],"max_hp_gain":0,"max_hp_loss":0,"event_name":"Addict","floor":20,"gold_loss":85},{"cards_removed":["Strike_B"],"damage_healed":0,"gold_gain":0,"player_choice":"Gave Gold","damage_taken":0,"max_hp_gain":0,"max_hp_loss":0,"event_name":"Beggar","floor":21,"gold_loss":75},{"damage_healed":0,"gold_gain":99,"player_choice":"Stole From Cult","damage_taken":0,"max_hp_gain":0,"max_hp_loss":0,"event_name":"Nest","floor":22,"gold_loss":0},{"damage_healed":0,"gold_gain":0,"player_choice":"Read","damage_taken":0,"max_hp_gain":0,"max_hp_loss":0,"event_name":"The Library","floor":24,"gold_loss":0,"cards_obtained":["Turbo"]}],"is_beta":false,"boss_relics":[{"not_picked":["Philosopher\u0027s Stone","Coffee Dripper"],"picked":"Inserter"}],"items_purged_floors":[2,25],"is_endless":false,"potions_floor_spawned":[1,6,18,28],"killed_by":"Sentry and Sphere","ascension_level":0}}