{"host":"pgm1p3lvdjflie30","time":1613791894,"event":{"mods":["ATMod(阿瑾Mod)","AchievementEnabler","Act Like it!","Alarm Clock","Aspiration","BaseMod","Challenge The Spire","Colored Map","Colored Powertips","Conspire","Dark Map","Energized Spire","Gensokyo","GungeonMod","Hallownest","Hermit","HornydragonMod","Jedi Mod","Minty Spire (QoL Compilation)","MostiFishMod","Quarter Circle Forward PUNCH!","Quick Restart","Reimu（博???）","Relic Stats","Reliquary","Replay The Spire","Robot Space Explorer","Spicy Shops","StSLib","TestMod","The Blackbeard","The Bug Knight","The Cursed","The Hayseed","The IronCluck","The Jungle","The Marked","The Runesmith","Waifu the Spire","Yakumo Yukari mod","【功能Mod】混沌之?修复?丁","【?物卡牌】REMEMod","篝火指南"],"gold_per_floor":[118,13,13,13,13,40,40,71,71,87,122,122,47,447,447,525,525,535,535,535,547,573,573,573,597,597,624,683,780,810,107,107,244,244,278,136,136,195,204,318,424,525,558,622,666,744,780,822,822,867,867,867,21,84,128],"floor_reached":56,"language":"ZHS","playtime":2463,"items_purged":["Decay","ReplayTheSpireMod:Restless Dread","Clumsy","Mistake","Gensokyo:ImpossibleRequest"],"score":2612,"play_id":"87ce1461-7d0f-43cc-9ef4-6412eae4e018","local_time":"20210220113134","is_ascension_mode":true,"campfire_choices":[{"floor":7,"key":"RECALL"},{"data":"Fiend Fire","floor":12,"key":"SMITH"},{"data":"AT_DrawKnifeCut","floor":15,"key":"SMITH"},{"data":"Feed","floor":23,"key":"SMITH"},{"floor":32,"key":"DIG"},{"data":"AT_Dispersion","floor":49,"key":"SMITH"},{"data":"MostiFishMod:DarkDeal","floor":52,"key":"SMITH"}],"circlet_count":0,"master_deck":["AscendersBane","Strike_R","Strike_R+1","Strike_R","Strike_R","Strike_R","Defend_R+1","Bash","testmod-EnhanceArmerment","Blade Dance+1","Bullet Time+1","AT_WomanClash","Fiend Fire+1","Cleave","Combust","jedi:unlimitedpower","Feed+1","Spot Weakness","Flex+1","Wild Strike","Pummel+1","Clash+1","AT_Dispersion+1","CommonCold","Bash","jedi:strikingstrike","MostiFishMod:DarkDeal+1","jedi:collectorstrike+1","Perfected Strike+1","jedi:frostbite","Immolate+1","Gensokyo:ImpossibleRequest","TheCursedMod:Dregs","Wild Strike","REME_ACTH+1","Twin Strike+1","Normality","Anger","AT_PowerWithin","Shrug It Off","Sword Boomerang","AT_DiedThrough","REME_TheLastStrike"],"relics":["Burning Blood","DaveBox","testmod-TestBox","REME_ComplimentaryCards","RhineFirstAidKit","testmod-Fortitude","aspiration:Nostalgia","TheSimpletonMod:SpudOfTheInnocent","SynthV:TestCard","Meat on the Bone","Happy Flower","Replay:Bottled Steam","AT_BellDemon","reliquary:NewFriend","qcfpunch:Red_Gi","jedi:archwizardhat","DemoMod:ResourcefulSack","jedi:battlestandard","reliquary:Crutches","Snack Pack","CeramicFish","jedi:crownofsimplicity","testmod-TurbochargingSystem","RuthlessExorcism:ReiMu","ReplayTheSpireMod:Ring of Challenge","Ring of Greed","MawBank","Replay:Bandana","Red Skull","Membership Card","Bronze Scales","conspire:BottledYoYo","reliquary:PorcupineQuills","qcfpunch:Red_Headband","reliquary:Buckler","AT_ImmortalShieldbow","DemoMod:RiddleOfLead","White Beast Statue","MealTicket","ImprovedEquipment","jedi:cryingmask","Runesmith:AutoHammer","Dream Catcher","reliquary:RoseTintedGlasses","ReplayFunnel","CombinedTypeHook","War Paint","Bag of Marbles","reliquary:Knoch","AT_GoldPhoenixTree","Pantograph","REME_HourglassOfDeath","reliquary:GummyVitamins","TheAbacus","Guide Book","DemoMod:DecoyRelic","TheSimpletonMod:WoodChipper","AT_EbonyIvory","Paper Frog","testmod-InfectionSource","Another Sword"],"acts_visited":["Gensokyo:Gensokyo","Gensokyo:Gensokyo","Gensokyo:Gensokyoest","TheEnding"],"potions_floor_usage":[10,11,22,27,33,33,42,44,44,46,50,50,54,55],"damage_taken":[{"damage":0,"enemies":"Gensokyo:Python","floor":1,"turns":2},{"damage":4,"enemies":"Gensokyo:Mamizou","floor":6,"turns":6},{"damage":26,"enemies":"Gensokyo:Cirno","floor":8,"turns":5},{"damage":11,"enemies":"Gensokyo:Gryphon","floor":10,"turns":2},{"damage":34,"enemies":"Gensokyo:Aya","floor":11,"turns":3},{"damage":10,"enemies":"Gensokyo:Reimu","floor":16,"turns":3},{"damage":41,"enemies":"Shell Parasite","floor":18,"turns":2},{"damage":35,"enemies":"theJungle:Flameango_and_Byrd","floor":21,"turns":3},{"damage":37,"enemies":"theJungle:2_Snecko_Cultists","floor":22,"turns":3},{"damage":75,"enemies":"theJungle:2_Flameangoes","floor":25,"turns":2},{"damage":0,"enemies":"Snake Plant","floor":27,"turns":1},{"damage":0,"enemies":"theJungle:Lyon","floor":29,"turns":2},{"damage":22,"enemies":"theJungle:QueenSpyder","floor":33,"turns":3},{"damage":5,"enemies":"Gensokyo:3_Bats","floor":35,"turns":1},{"damage":19,"enemies":"Gensokyo:3_Boulders","floor":38,"turns":2},{"damage":50,"enemies":"Gensokyo:Kasen","floor":40,"turns":1},{"damage":51,"enemies":"Gensokyo:Doremy","floor":42,"turns":3},{"damage":2,"enemies":"Gensokyo:Sharpion","floor":44,"turns":1},{"damage":4,"enemies":"Gensokyo:SeedOfUnknown","floor":45,"turns":2},{"damage":0,"enemies":"Gensokyo:Marisa","floor":46,"turns":2},{"damage":0,"enemies":"Gensokyo:4_Bats","floor":47,"turns":2},{"damage":0,"enemies":"Gensokyo:3_Boulders","floor":48,"turns":2},{"damage":60,"enemies":"Gensokyo:Shinki","floor":50,"turns":6},{"damage":27,"enemies":"Shield and Spear","floor":54,"turns":1},{"damage":64,"enemies":"The Heart","floor":55,"turns":4}],"seed_played":"-5672405527554259935","potions_obtained":[{"floor":6,"key":"Weak Potion"},{"floor":10,"key":"Explosive Potion"},{"floor":21,"key":"ColorlessPotion"},{"floor":22,"key":"Milkshake"},{"floor":27,"key":"Swift Potion"},{"floor":38,"key":"Swift Potion"},{"floor":40,"key":"REME_GoldPotion"},{"floor":42,"key":"jedi:StrikingPotion"},{"floor":44,"key":"DemoMod:LeadSkinPotion"},{"floor":45,"key":"Block Potion"},{"floor":46,"key":"LifebloodPotion"},{"floor":48,"key":"jedi:StrikingPotion"},{"floor":54,"key":"Strength Potion"}],"is_trial":false,"path_per_floor":["M","$","?","?","?","E","R","E","T","M","E","R","$","?","R","B",null,"M","?","?","M","M","R","?","M","T","M","?","M","?","$","R_BF","B",null,"M","$","T","M","?","E","?","E","T","M","M","E","M","M","R","B",null,"R","$","E","B",null],"character_chosen":"IRONCLAD","items_purchased":["Meat on the Bone","Membership Card","Bronze Scales","conspire:BottledYoYo","reliquary:PorcupineQuills","qcfpunch:Red_Headband","jedi:strikingstrike","MealTicket","TheAbacus","Guide Book","DemoMod:DecoyRelic","TheSimpletonMod:WoodChipper","AT_EbonyIvory","FairyPotion","Paper Frog","Energy Potion","Anger","AT_PowerWithin","Shrug It Off","Sword Boomerang","AT_DiedThrough"],"campfire_rested":0,"item_purchase_floors":[2,31,31,31,31,31,31,36,53,53,53,53,53,53,53,53,53,53,53,53,53],"current_hp_per_floor":[74,74,70,70,70,72,72,52,52,47,75,75,75,75,75,71,74,54,54,46,29,81,81,81,30,30,52,52,60,60,60,60,54,91,91,91,91,83,83,57,57,95,95,95,95,99,99,103,103,59,92,92,103,88,61],"gold":128,"neow_bonus":"NOSTALGIA","is_daily":false,"chose_seed":false,"campfire_upgraded":5,"win_rate":0.0,"timestamp":1613791894,"path_taken":["M","$","?","?","?","E","R","E","T","?","E","R","$","?","R","BOSS","M","?","?","M","M","R","?","M","T","M","?","?","?","$","R_BF","BOSS","M","$","?","M","?","E","?","E","T","M","?","E","M","M","R","BOSS","R","$","E","BOSS"],"items_purchased_type":["Relic","Relic","Relic","Relic","Relic","Relic","Card","Relic","Relic","Relic","Relic","Relic","Relic","Potion","Relic","Potion","Card","Card","Card","Card","Card"],"build_version":"2020-12-22","purchased_purges":5,"victory":true,"max_hp_per_floor":[75,75,75,75,75,75,75,75,75,75,75,75,75,75,75,75,75,78,78,78,78,81,81,81,81,81,81,81,81,81,81,81,81,91,91,91,91,91,91,95,95,95,95,95,95,99,99,103,103,103,103,103,103,103,103],"relic_stats":{"Happy Flower":[20],"counters":[25,62],"CeramicFish":306,"War Paint":["Blade Dance","Bullet Time"],"MawBank":36,"Burning Blood":117,"Dream Catcher":0,"TheAbacus":[0],"Bronze Scales":[45],"Pantograph":15,"MealTicket":11,"obtain_stats":[{"CombinedTypeHook":42,"AT_ATBox":0,"CeramicFish":22,"TheSimpletonMod:WoodChipper":53,"DemoMod:GlassGuonStoneRelic":8,"DemoMod:RiddleOfLead":34,"RhineFirstAidKit":0,"qcfpunch:Red_Gi":11,"MealTicket":36,"testmod-InfectionSource":54,"Replay:Bottled Steam":6,"testmod-TestBox":0,"Happy Flower":4,"aspiration:Nostalgia":0,"AT_EbonyIvory":53,"War Paint":43,"testmod-Fortitude":0,"reliquary:PorcupineQuills":31,"REME_HourglassOfDeath":47,"Bronze Scales":31,"DemoMod:DecoyRelic":53,"reliquary:GummyVitamins":48,"conspire:BottledYoYo":31,"DemoMod:ResourcefulSack":16,"reliquary:Knoch":45,"Meat on the Bone":2,"AT_BellDemon":8,"ReplayFunnel":42,"DaveBox":0,"jedi:battlestandard":17,"jedi:archwizardhat":11,"Burning Blood":0,"Replay:Bandana":28,"Dream Catcher":40,"TheAbacus":53,"Pantograph":46,"reliquary:NewFriend":10,"reliquary:Buckler":32,"jedi:cryingmask":38,"reliquary:RoseTintedGlasses":41,"TheSimpletonMod:SpudOfTheInnocent":0,"Red Skull":29,"Paper Frog":53,"ImprovedEquipment":37,"Guide Book":53,"AT_GoldPhoenixTree":46,"jedi:crownofsimplicity":25,"testmod-TurbochargingSystem":26,"Ring of Greed":28,"MawBank":28,"White Beast Statue":35,"reliquary:Crutches":18,"AT_ImmortalShieldbow":33,"SynthV:TestCard":1,"Another Sword":54,"Snack Pack":21,"qcfpunch:Red_Headband":31,"Bag of Marbles":44,"Membership Card":31,"Runesmith:AutoHammer":40,"ReplayTheSpireMod:Ring of Challenge":28,"REME_ComplimentaryCards":0,"RuthlessExorcism:ReiMu":27},{"CombinedTypeHook":17,"AT_ATBox":0,"CeramicFish":9,"TheSimpletonMod:WoodChipper":23,"DemoMod:GlassGuonStoneRelic":3,"DemoMod:RiddleOfLead":13,"RhineFirstAidKit":0,"qcfpunch:Red_Gi":5,"MealTicket":14,"testmod-InfectionSource":24,"Replay:Bottled Steam":2,"testmod-TestBox":0,"Happy Flower":1,"aspiration:Nostalgia":0,"AT_EbonyIvory":23,"War Paint":17,"testmod-Fortitude":0,"reliquary:PorcupineQuills":12,"REME_HourglassOfDeath":21,"Bronze Scales":12,"DemoMod:DecoyRelic":23,"reliquary:GummyVitamins":22,"conspire:BottledYoYo":12,"DemoMod:ResourcefulSack":6,"reliquary:Knoch":19,"Meat on the Bone":1,"AT_BellDemon":3,"ReplayFunnel":17,"DaveBox":0,"jedi:battlestandard":6,"jedi:archwizardhat":5,"Burning Blood":0,"Replay:Bandana":11,"Dream Catcher":16,"TheAbacus":23,"Pantograph":20,"reliquary:NewFriend":4,"reliquary:Buckler":12,"jedi:cryingmask":15,"reliquary:RoseTintedGlasses":16,"TheSimpletonMod:SpudOfTheInnocent":0,"Red Skull":12,"Paper Frog":23,"ImprovedEquipment":14,"Guide Book":23,"AT_GoldPhoenixTree":20,"jedi:crownofsimplicity":10,"testmod-TurbochargingSystem":10,"Ring of Greed":11,"MawBank":11,"White Beast Statue":14,"reliquary:Crutches":7,"AT_ImmortalShieldbow":13,"SynthV:TestCard":1,"Another Sword":24,"Snack Pack":8,"qcfpunch:Red_Headband":12,"Bag of Marbles":18,"Membership Card":12,"Runesmith:AutoHammer":16,"ReplayTheSpireMod:Ring of Challenge":11,"REME_ComplimentaryCards":0,"RuthlessExorcism:ReiMu":11},{"CombinedTypeHook":44,"AT_ATBox":0,"CeramicFish":29,"TheSimpletonMod:WoodChipper":57,"DemoMod:GlassGuonStoneRelic":13,"DemoMod:RiddleOfLead":37,"RhineFirstAidKit":0,"qcfpunch:Red_Gi":18,"MealTicket":38,"testmod-InfectionSource":58,"Replay:Bottled Steam":8,"testmod-TestBox":0,"Happy Flower":2,"aspiration:Nostalgia":0,"AT_EbonyIvory":57,"War Paint":44,"testmod-Fortitude":0,"reliquary:PorcupineQuills":34,"REME_HourglassOfDeath":50,"Bronze Scales":34,"DemoMod:DecoyRelic":57,"reliquary:GummyVitamins":51,"conspire:BottledYoYo":34,"DemoMod:ResourcefulSack":21,"reliquary:Knoch":47,"Meat on the Bone":2,"AT_BellDemon":13,"ReplayFunnel":44,"DaveBox":0,"jedi:battlestandard":21,"jedi:archwizardhat":18,"Burning Blood":0,"Replay:Bandana":32,"Dream Catcher":41,"TheAbacus":57,"Pantograph":49,"reliquary:NewFriend":15,"reliquary:Buckler":34,"jedi:cryingmask":40,"reliquary:RoseTintedGlasses":41,"TheSimpletonMod:SpudOfTheInnocent":0,"Red Skull":34,"Paper Frog":57,"ImprovedEquipment":38,"Guide Book":57,"AT_GoldPhoenixTree":49,"jedi:crownofsimplicity":31,"testmod-TurbochargingSystem":31,"Ring of Greed":32,"MawBank":32,"White Beast Statue":38,"reliquary:Crutches":23,"AT_ImmortalShieldbow":37,"SynthV:TestCard":2,"Another Sword":58,"Snack Pack":26,"qcfpunch:Red_Headband":34,"Bag of Marbles":45,"Membership Card":34,"Runesmith:AutoHammer":41,"ReplayTheSpireMod:Ring of Challenge":32,"REME_ComplimentaryCards":0,"RuthlessExorcism:ReiMu":32}],"Meat on the Bone":84},"card_choices":[{"not_picked":["Uppercut","Thunderclap"],"picked":"Run Through","floor":1},{"not_picked":["Pommel Strike","Armaments","Dual Wield","MostiFishMod:BrandingRite"],"picked":"Fiend Fire","floor":6},{"not_picked":["Defy Death","ReplayTheSpireMod:Limb From Limb","Feel No Pain","Whirlwind"],"picked":"Cleave","floor":8},{"not_picked":["Sentinel","Havoc","Fire Breathing","Abandon"],"picked":"Combust","floor":10},{"not_picked":["Headbutt","MostiFishMod:UltimateDefense","Warcry","Searing Blow"],"picked":"jedi:unlimitedpower","floor":11},{"not_picked":["jedi:unlimitedpower","MostiFishMod:404NotFound","conspire:HitWhereItHurts","Impervious"],"picked":"Feed","floor":16},{"not_picked":["True Grit","Rampage","Iron Wave","Sever Soul"],"picked":"Spot Weakness","floor":18},{"not_picked":["Heavy Blade","Flame Barrier","conspire:Charge","Twin Strike"],"picked":"Flex+1","floor":21},{"not_picked":["True Grit","AT_IchimonjiDouble","Reckless Charge","Clothesline"],"picked":"Wild Strike","floor":22},{"not_picked":["Armaments","Shrug It Off","Headbutt","MostiFishMod:NewArrival"],"picked":"Pummel+1","floor":25},{"not_picked":["AT_IchimonjiDouble","Havoc","Iron Wave","Shrug It Off"],"picked":"Clash+1","floor":27},{"not_picked":["Armaments","Sentinel","Heavy Blade","Iron Wave"],"picked":"AT_Dispersion","floor":29},{"not_picked":["MostiFishMod:KnuckleDown","MostiFishMod:FireWorks","MostiFishMod:WingOfPhoenix","conspire:HitWhereItHurts"],"picked":"MostiFishMod:DarkDeal","floor":33},{"not_picked":["AT_GerminateFire","Cleave","Armaments","Shrug It Off+1"],"picked":"jedi:collectorstrike+1","floor":35},{"not_picked":["AT_ShrugMaster","jedi:collectorstrike+1","Shrug It Off+1","Fire Breathing+1"],"picked":"Perfected Strike+1","floor":38},{"not_picked":["Thunderclap","jedi:collectorstrike+1","Twin Strike","Rage+1"],"picked":"Immolate","floor":40},{"not_picked":["Clash","jedi:fear+1","Warcry+1","Fire Breathing"],"picked":"jedi:collectorstrike+1","floor":41},{"not_picked":["ReplayTheSpireMod:Strike From Hell","MostiFishMod:BrandingRite","Pommel Strike","AT_BodySlamDance+1"],"picked":"jedi:collectorstrike+1","floor":41},{"not_picked":["Sword Boomerang","Evolve","Headbutt","Replay:Undeath\u0027s Touch"],"picked":"jedi:collectorstrike+1","floor":42},{"not_picked":["AT_IchimonjiDouble","Warcry","MostiFishMod:BrandingRite","Combust"],"picked":"jedi:collectorstrike+1","floor":44},{"not_picked":["jedi:collectorstrike+1","ReplayTheSpireMod:Muscle Training","Infernal Blade","Warcry"],"picked":"Wild Strike","floor":45},{"not_picked":["jedi:collectorstrike+1","Anger","MostiFishMod:#F4004","REME_Cut"],"picked":"REME_ACTH","floor":46},{"not_picked":["Defy Death","Cleave","jedi:collectorstrike+1","Replay:Undeath\u0027s Touch"],"picked":"Twin Strike+1","floor":47},{"not_picked":["True Grit","Clothesline","jedi:collectorstrike","Cleave"],"picked":"jedi:collectorstrike+1","floor":48},{"not_picked":["jedi:collectorstrike+1","Intimidate","Flex","jedi:fear"],"picked":"REME_TheLastStrike","floor":54}],"player_experience":558744,"relics_obtained":[{"floor":1,"key":"SynthV:TestCard"},{"floor":6,"key":"Replay:Bottled Steam"},{"floor":8,"key":"AT_BellDemon"},{"floor":10,"key":"reliquary:NewFriend"},{"floor":11,"key":"qcfpunch:Red_Gi"},{"floor":11,"key":"jedi:archwizardhat"},{"floor":16,"key":"DemoMod:ResourcefulSack"},{"floor":18,"key":"reliquary:Crutches"},{"floor":21,"key":"Snack Pack"},{"floor":22,"key":"CeramicFish"},{"floor":25,"key":"jedi:crownofsimplicity"},{"floor":26,"key":"testmod-TurbochargingSystem"},{"floor":27,"key":"RuthlessExorcism:ReiMu"},{"floor":28,"key":"ReplayTheSpireMod:Ring of Challenge"},{"floor":28,"key":"Ring of Greed"},{"floor":28,"key":"MawBank"},{"floor":28,"key":"Replay:Bandana"},{"floor":29,"key":"Red Skull"},{"floor":32,"key":"reliquary:Buckler"},{"floor":33,"key":"AT_ImmortalShieldbow"},{"floor":35,"key":"White Beast Statue"},{"floor":37,"key":"ImprovedEquipment"},{"floor":38,"key":"jedi:cryingmask"},{"floor":40,"key":"Runesmith:AutoHammer"},{"floor":40,"key":"Dream Catcher"},{"floor":41,"key":"reliquary:RoseTintedGlasses"},{"floor":42,"key":"ReplayFunnel"},{"floor":42,"key":"CombinedTypeHook"},{"floor":43,"key":"War Paint"},{"floor":44,"key":"Bag of Marbles"},{"floor":45,"key":"reliquary:Knoch"},{"floor":46,"key":"AT_GoldPhoenixTree"},{"floor":46,"key":"Pantograph"},{"floor":47,"key":"REME_HourglassOfDeath"},{"floor":48,"key":"reliquary:GummyVitamins"},{"floor":54,"key":"testmod-InfectionSource"},{"floor":54,"key":"Another Sword"}],"event_choices":[{"damage_healed":0,"gold_gain":0,"player_choice":"Leave","damage_taken":0,"max_hp_gain":0,"max_hp_loss":0,"event_name":"conspire:Investor","floor":3,"gold_loss":0},{"damage_healed":0,"gold_gain":400,"player_choice":"Sell","damage_taken":0,"max_hp_gain":0,"max_hp_loss":0,"event_name":"恩洛斯的?子","floor":14,"relics_lost":["AT_ATBox"],"gold_loss":0},{"damage_healed":0,"gold_gain":0,"player_choice":"Ignored","damage_taken":0,"max_hp_gain":0,"max_hp_loss":0,"event_name":"?自己的盒子","floor":19,"gold_loss":0},{"damage_healed":0,"gold_gain":0,"player_choice":"1 cards matched","damage_taken":0,"max_hp_gain":0,"max_hp_loss":0,"event_name":"Match and Keep!","floor":30,"gold_loss":0,"cards_obtained":["Bash"]}],"is_beta":false,"boss_relics":[{"not_picked":["reliquary:RustamsPendant","reliquary:WritOfMandamus"],"picked":"jedi:battlestandard"},{"not_picked":["AT_TrinityForce","Honey Jar"],"picked":"DemoMod:RiddleOfLead"}],"items_purged_floors":[13,31,36,53,53],"is_endless":false,"potions_floor_spawned":[6,10,21,22,27,38,40,42,44,45,46,47,48,54],"ascension_level":19}}