{"host":"5f8yr5jxnqok2jdo","time":1613832957,"event":{"mods":["AchievementEnabler","BaseMod","Better Altar","Better Match","Better Note","Better Skull","Better Third Choice","Block Reminder","Colored Map","Colored Powertips","DeckTracker","Displayed Cursed Tome","Filter the Spire","Googly Eyes","Highlight Path","Key Reminder","Minty Spire (QoL Compilation)","Quick Restart","Rare Cards Sparkle","Relic Sorter","Relic Stats","ShortenTheSpire","Smile Girya","Spire Arcade","Spire Birthday Party","StSLib","Steal the Spire","SuperFastMode","Uncapped","Unceasing Turn Reminder","UnlockEverythingMod","Weighted Paths","everything is the same but u backflip on backflip","slay the spire mod where everything is the same but ironclad has a cowboy hat"],"gold_per_floor":[112,262,262,288,338,376,391,407,407,407,455,455,470,517,517,624,633,656,15,40,49,58,58,58,58],"floor_reached":24,"language":"ENG","playtime":515,"items_purged":["Doubt"],"score":474,"play_id":"39ad1cf1-ac69-4666-a49f-6d938a9ce6ba","local_time":"20210220155557","is_ascension_mode":true,"campfire_choices":[{"data":"Bash","floor":10,"key":"SMITH"},{"data":"True Grit","floor":12,"key":"SMITH"},{"data":"Whirlwind","floor":15,"key":"SMITH"},{"floor":23,"key":"REST"}],"circlet_count":0,"master_deck":["AscendersBane","Strike_R","Strike_R","Strike_R+1","Strike_R","Strike_R","Defend_R","Defend_R","Defend_R","Defend_R","Bash+1","Fire Breathing","Cleave+1","Pommel Strike","Burning Pact","True Grit+1","Whirlwind+1","Reaper","CurseOfTheBell","Flame Barrier","Inflame","Wild Strike","Body Slam","Feed"],"relics":["Burning Blood","NeowsBlessing","Golden Idol","Akabeko","Mercury Hourglass","Blood Vial","CeramicFish","Whetstone","Calling Bell","Nunchaku","Gremlin Horn","Calipers","Ornamental Fan","Regal Pillow"],"acts_visited":["Exordium","TheCity"],"potions_floor_usage":[16,16,20],"damage_taken":[{"damage":0.0,"enemies":"2 Louse","floor":1.0,"turns":1.0},{"damage":0.0,"enemies":"Lagavulin","floor":6.0,"turns":1.0},{"damage":0.0,"enemies":"Jaw Worm","floor":7.0,"turns":1.0},{"damage":0.0,"enemies":"Cultist","floor":8.0,"turns":2.0},{"damage":32,"enemies":"Gremlin Nob","floor":11,"turns":4},{"damage":0,"enemies":"2 Fungi Beasts","floor":13,"turns":2},{"damage":26,"enemies":"Lagavulin","floor":14,"turns":7},{"damage":32,"enemies":"The Guardian","floor":16,"turns":13},{"damage":29,"enemies":"Chosen","floor":18,"turns":4},{"damage":35,"enemies":"Spheric Guardian","floor":20,"turns":6},{"damage":63,"enemies":"Book of Stabbing","floor":24,"turns":4}],"seed_played":"-4717304293658990788","potions_obtained":[{"floor":1.0,"key":"SpeedPotion"},{"floor":7.0,"key":"ColorlessPotion"},{"floor":13,"key":"Ancient Potion"},{"floor":18,"key":"EssenceOfSteel"}],"is_trial":false,"path_per_floor":["M","?","?","T","?","E","M","M","T","R","E","R","M","E","R","B",null,"M","$","M","?","?","R","E"],"character_chosen":"IRONCLAD","items_purchased":["Ornamental Fan","Inflame","Wild Strike","Regal Pillow"],"campfire_rested":1,"item_purchase_floors":[19,19,19,19],"current_hp_per_floor":[74,74,48,48,48,54,60,66,66,66,42,42,50,32,32,8,58,37,37,10,10,10,47,0,0],"gold":58,"neow_bonus":"THREE_ENEMY_KILL","is_daily":false,"chose_seed":false,"campfire_upgraded":3,"win_rate":0.0,"timestamp":1613832957,"path_taken":["M","?","?","?","?","E","M","M","T","R","E","R","?","E","R","BOSS","M","$","M","?","?","R","E"],"items_purchased_type":["Relic","Card","Card","Relic"],"build_version":"2020-12-22","purchased_purges":1,"victory":false,"max_hp_per_floor":[75,75,75,75,75,75,75,75,75,75,75,75,75,75,75,75,75,75,75,75,75,75,75,75,75],"relic_stats":{"Blood Vial":14,"Nunchaku":[1],"Regal Pillow":15,"Gremlin Horn":[0,0],"counters":[11,45],"Golden Idol":64,"Ornamental Fan":[4],"CeramicFish":81,"Whetstone":["Cleave","Strike_R"],"obtain_stats":[{"Regal Pillow":19,"Calipers":17,"NeowsBlessing":0,"Gremlin Horn":17,"Golden Idol":3,"CeramicFish":11,"Whetstone":14,"Burning Blood":0,"Akabeko":4,"Mercury Hourglass":6,"Blood Vial":9,"Calling Bell":17,"Nunchaku":17,"Ornamental Fan":19},{"Regal Pillow":9,"Calipers":8,"NeowsBlessing":0,"Gremlin Horn":8,"Golden Idol":1,"CeramicFish":5,"Whetstone":7,"Burning Blood":0,"Akabeko":1,"Mercury Hourglass":2,"Blood Vial":4,"Calling Bell":8,"Nunchaku":8,"Ornamental Fan":9},{"Regal Pillow":35,"Calipers":31,"NeowsBlessing":0,"Gremlin Horn":31,"Golden Idol":1,"CeramicFish":9,"Whetstone":18,"Burning Blood":0,"Akabeko":1,"Mercury Hourglass":2,"Blood Vial":5,"Calling Bell":31,"Nunchaku":31,"Ornamental Fan":35}],"Burning Blood":60,"Mercury Hourglass":[106]},"card_choices":[{"not_picked":["Burning Pact","Disarm"],"picked":"Fire Breathing","floor":1.0},{"not_picked":["True Grit","Pommel Strike"],"picked":"Cleave","floor":6.0},{"not_picked":["Body Slam","Perfected Strike"],"picked":"Pommel Strike","floor":7.0},{"not_picked":["Rage","Flex"],"picked":"Burning Pact","floor":8},{"not_picked":["Searing Blow","Warcry"],"picked":"True Grit","floor":11},{"not_picked":["Clothesline","Clash","Bloodletting"],"picked":"SKIP","floor":13},{"not_picked":["Offering","Searing Blow"],"picked":"Whirlwind","floor":14},{"not_picked":["Limit Break","Demon Form"],"picked":"Reaper","floor":16},{"not_picked":["Dual Wield+1","Heavy Blade"],"picked":"Flame Barrier","floor":18},{"not_picked":["Perfected Strike","Heavy Blade","Blood for Blood"],"picked":"SKIP","floor":20}],"player_experience":371085,"relics_obtained":[{"floor":4.0,"key":"Akabeko"},{"floor":6.0,"key":"Mercury Hourglass"},{"floor":9,"key":"Blood Vial"},{"floor":11,"key":"CeramicFish"},{"floor":14,"key":"Whetstone"},{"floor":17,"key":"Nunchaku"},{"floor":17,"key":"Gremlin Horn"},{"floor":17,"key":"Calipers"}],"event_choices":[{"damage_healed":0.0,"max_hp_gain":0.0,"max_hp_loss":0.0,"gold_gain":150.0,"event_name":"betterThird:BetterSerpent","player_choice":"AGREE","floor":2.0,"gold_loss":0.0,"damage_taken":112.0},{"damage_healed":0.0,"max_hp_gain":0.0,"max_hp_loss":0.0,"gold_gain":0.0,"event_name":"Golden Idol","player_choice":"Take Damage","floor":3.0,"gold_loss":0.0,"damage_taken":26.0,"relics_obtained":["Golden Idol"]},{"damage_healed":0.0,"max_hp_gain":0.0,"max_hp_loss":0.0,"gold_gain":50.0,"event_name":"Golden Shrine","player_choice":"Pray","floor":5.0,"gold_loss":0.0,"damage_taken":0.0},{"damage_healed":0,"gold_gain":0,"player_choice":"Read","damage_taken":0,"max_hp_gain":0,"max_hp_loss":0,"event_name":"The Library","floor":21,"gold_loss":0,"cards_obtained":["Body Slam"]}],"is_beta":false,"boss_relics":[{"not_picked":["Busted Crown","Fusion Hammer"],"picked":"Calling Bell"}],"items_purged_floors":[19],"is_endless":false,"potions_floor_spawned":[1,7,13,14,18],"killed_by":"Book of Stabbing","ascension_level":20}}