{"host":"f76wcztdlwlduum6","time":1613861115,"event":{"mods":["BaseMod","BetterRewards","Colored Powertips","Minty Spire (QoL Compilation)","Quick Restart","Rare Cards Sparkle","Relic Stats","StSLib","SuperFastMode","everything is the same but u backflip on backflip"],"gold_per_floor":[110,126,51,51,51,80,80,80,131,131,131,147,147,183,183,272,272,295,220,220,110,125,154,168,197,222,222,232,232,72,97,97,168,168,188,205,220,120,120,153,153,69,69,121,133,133,133,164,164,164,164,164],"floor_reached":51,"language":"ENG","playtime":1566,"items_purged":["Strike_G","Defend_G"],"score":1659,"play_id":"2cf22213-189a-4043-a52e-3e1159136f90","local_time":"20210220164515","is_ascension_mode":true,"campfire_choices":[{"data":"Cloak And Dagger","floor":7,"key":"SMITH"},{"data":"Adrenaline","floor":13,"key":"SMITH"},{"data":"Cloak And Dagger","floor":15,"key":"SMITH"},{"data":"Cloak And Dagger","floor":27,"key":"SMITH"},{"data":"Cloak And Dagger","floor":29,"key":"SMITH"},{"data":"Envenom","floor":32,"key":"SMITH"},{"data":"Storm of Steel","floor":41,"key":"SMITH"},{"floor":47,"key":"RECALL"},{"data":"Accuracy","floor":49,"key":"SMITH"}],"circlet_count":0,"master_deck":["AscendersBane","Strike_G","Strike_G","Defend_G+1","Defend_G","Defend_G+1","Defend_G+1","Survivor","Neutralize","Calculated Gamble","Cloak And Dagger+1","Adrenaline+1","Cloak And Dagger+1","Malaise","Cloak And Dagger+1","Cloak And Dagger+1","Noxious Fumes","Cloak And Dagger+1","Envenom+1","Terror","Storm of Steel+1","Acrobatics","Well Laid Plans+1","Accuracy+1","Backflip+1"],"relics":["Ring of the Snake","NeowsBlessing","Du-Vu Doll","Shuriken","Bloody Idol","Snake Skull","Orichalcum","Bronze Scales","WristBlade","Torii","Gambling Chip","Happy Flower","PreservedInsect","InkBottle","Coffee Dripper","Bag of Preparation","Bird Faced Urn","MealTicket"],"acts_visited":["Exordium","TheCity","TheBeyond"],"potions_floor_usage":[14,23,33,44,51],"damage_taken":[{"damage":0,"enemies":"Cultist","floor":1,"turns":1},{"damage":0,"enemies":"Jaw Worm","floor":2,"turns":1},{"damage":0,"enemies":"Lagavulin","floor":6,"turns":1},{"damage":0,"enemies":"2 Louse","floor":12,"turns":4},{"damage":0,"enemies":"Gremlin Nob","floor":14,"turns":2},{"damage":14,"enemies":"The Guardian","floor":16,"turns":13},{"damage":7,"enemies":"2 Thieves","floor":18,"turns":3},{"damage":0,"enemies":"Chosen","floor":22,"turns":4},{"damage":8,"enemies":"Slavers","floor":23,"turns":5},{"damage":1,"enemies":"3 Cultists","floor":24,"turns":5},{"damage":0,"enemies":"Book of Stabbing","floor":25,"turns":4},{"damage":2,"enemies":"Snecko","floor":28,"turns":4},{"damage":1,"enemies":"Slavers","floor":31,"turns":4},{"damage":42,"enemies":"Collector","floor":33,"turns":7},{"damage":0,"enemies":"3 Darklings","floor":35,"turns":3},{"damage":0,"enemies":"3 Shapes","floor":36,"turns":3},{"damage":17,"enemies":"Spire Growth","floor":37,"turns":4},{"damage":0,"enemies":"Nemesis","floor":40,"turns":3},{"damage":16,"enemies":"2 Orb Walkers","floor":44,"turns":3},{"damage":0,"enemies":"Transient","floor":45,"turns":6},{"damage":1,"enemies":"Reptomancer","floor":48,"turns":4},{"damage":36,"enemies":"Donu and Deca","floor":50,"turns":5},{"damage":37,"enemies":"Time Eater","floor":51,"turns":2}],"seed_played":"-5994684257669451775","potions_obtained":[{"floor":2,"key":"SteroidPotion"},{"floor":22,"key":"SteroidPotion"},{"floor":24,"key":"SmokeBomb"},{"floor":25,"key":"ColorlessPotion"},{"floor":35,"key":"GhostInAJar"},{"floor":45,"key":"Explosive Potion"}],"is_trial":false,"path_per_floor":["M","M","$","?","$","E","R","?","T","?","?","M","R","E","R","B",null,"M","?","?","?","M","E","M","E","T","R","M","R","$","E","R","B",null,"M","M","M","$","?","E","R","$","T","?","M","?","R","E","R","B","B"],"character_chosen":"THE_SILENT","items_purchased":["PreservedInsect","Accuracy"],"campfire_rested":0,"item_purchase_floors":[30,42],"current_hp_per_floor":[59,59,59,54,54,54,54,54,54,54,36,36,36,36,36,22,51,44,44,44,44,49,46,50,55,60,60,60,60,60,60,60,23,51,56,60,48,48,48,53,53,53,53,42,53,50,50,58,58,30,0,0],"gold":164,"neow_bonus":"THREE_ENEMY_KILL","is_daily":false,"chose_seed":false,"campfire_upgraded":8,"win_rate":0.0,"timestamp":1613861115,"path_taken":["M","M","$","?","$","E","R","?","T","?","?","M","R","E","R","BOSS","M","?","?","?","M","E","?","E","T","R","M","R","$","E","R","BOSS","M","?","M","$","?","E","R","?","T","?","M","?","R","E","R","BOSS","BOSS"],"items_purchased_type":["Relic","Card"],"build_version":"2020-12-22","purchased_purges":2,"victory":false,"max_hp_per_floor":[66,66,66,66,66,66,66,60,60,60,60,60,60,60,60,60,60,60,60,60,60,60,60,60,60,60,60,60,60,60,60,60,60,60,60,60,60,60,60,60,60,60,60,60,60,60,60,60,60,60,60,60],"relic_stats":{"Torii":12,"Happy Flower":[16],"counters":[23,91],"Snake Skull":[171],"PreservedInsect":153,"Bag of Preparation":[10],"Orichalcum":[42],"Shuriken":[72],"Bloody Idol":67,"Bronze Scales":[237],"Gambling Chip":[51],"Bird Faced Urn":[24],"MealTicket":0,"obtain_stats":[{"NeowsBlessing":0,"Torii":23,"Happy Flower":26,"Golden Idol":8,"Snake Skull":9,"PreservedInsect":30,"Bag of Preparation":40,"Orichalcum":10,"Du-Vu Doll":4,"WristBlade":17,"Shuriken":6,"Bronze Scales":14,"Bloody Idol":20,"Gambling Chip":25,"Bird Faced Urn":44,"MealTicket":48,"Coffee Dripper":34,"InkBottle":31,"Ring of the Snake":0},{"NeowsBlessing":0,"Torii":9,"Happy Flower":11,"Golden Idol":3,"Snake Skull":3,"PreservedInsect":12,"Bag of Preparation":18,"Orichalcum":3,"Du-Vu Doll":2,"WristBlade":6,"Shuriken":3,"Bronze Scales":5,"Bloody Idol":7,"Gambling Chip":11,"Bird Faced Urn":19,"MealTicket":21,"Coffee Dripper":14,"InkBottle":13,"Ring of the Snake":0},{"NeowsBlessing":0,"Torii":34,"Happy Flower":43,"Golden Idol":3,"Snake Skull":3,"PreservedInsect":47,"Bag of Preparation":71,"Orichalcum":3,"Du-Vu Doll":2,"WristBlade":22,"Shuriken":3,"Bronze Scales":9,"Bloody Idol":25,"Gambling Chip":43,"Bird Faced Urn":74,"MealTicket":84,"Coffee Dripper":58,"InkBottle":51,"Ring of the Snake":0}],"InkBottle":[30],"Ring of the Snake":[46]},"card_choices":[{"not_picked":["Quick Slash","Outmaneuver"],"picked":"Calculated Gamble","floor":1},{"not_picked":["Deflect","Flying Knee"],"picked":"Cloak And Dagger","floor":2},{"not_picked":["Quick Slash","Underhanded Strike","Setup"],"picked":"SKIP","floor":6},{"not_picked":["Cloak And Dagger","Underhanded Strike"],"picked":"Adrenaline","floor":12},{"not_picked":["Phantasmal Killer","Underhanded Strike"],"picked":"Cloak And Dagger","floor":14},{"not_picked":["Doppelganger","Venomology"],"picked":"Malaise","floor":16},{"not_picked":["Prepared+1","Underhanded Strike"],"picked":"Cloak And Dagger","floor":18},{"not_picked":["All Out Attack","Poisoned Stab"],"picked":"Cloak And Dagger+1","floor":22},{"not_picked":["Crippling Poison","Bane+1"],"picked":"Noxious Fumes","floor":23},{"not_picked":["Tactician","Backstab"],"picked":"Cloak And Dagger","floor":24},{"not_picked":["Slice","Dash+1"],"picked":"Envenom","floor":25},{"not_picked":["Bane","Outmaneuver","Dagger Throw+1"],"picked":"SKIP","floor":28},{"not_picked":["Outmaneuver","Heel Hook"],"picked":"Terror","floor":31},{"not_picked":["Envenom","Glass Knife"],"picked":"Storm of Steel","floor":33},{"not_picked":["Deflect","Backflip"],"picked":"Acrobatics","floor":35},{"not_picked":["Quick Slash","Escape Plan"],"picked":"Well Laid Plans","floor":36},{"not_picked":["Flechettes","Deflect","Quick Slash"],"picked":"SKIP","floor":37},{"not_picked":["Unload","Endless Agony","Bouncing Flask"],"picked":"SKIP","floor":40},{"not_picked":["Acrobatics+1","Deadly Poison+1"],"picked":"Backflip+1","floor":45},{"not_picked":["Poisoned Stab","All Out Attack+1","Sucker Punch"],"picked":"SKIP","floor":48}],"player_experience":363036,"relics_obtained":[{"floor":6,"key":"Shuriken"},{"floor":9,"key":"Snake Skull"},{"floor":14,"key":"Bronze Scales"},{"floor":23,"key":"Torii"},{"floor":25,"key":"Gambling Chip"},{"floor":26,"key":"Happy Flower"},{"floor":31,"key":"InkBottle"},{"floor":40,"key":"Bag of Preparation"},{"floor":44,"key":"Bird Faced Urn"},{"floor":48,"key":"MealTicket"}],"event_choices":[{"damage_healed":0,"gold_gain":0,"player_choice":"Success","damage_taken":5,"relics_obtained":["Du-Vu Doll"],"max_hp_gain":0,"max_hp_loss":0,"event_name":"Scrap Ooze","floor":4,"gold_loss":0},{"damage_healed":0,"gold_gain":0,"player_choice":"Lose Max HP","damage_taken":0,"relics_obtained":["Golden Idol"],"max_hp_gain":0,"max_hp_loss":6,"event_name":"Golden Idol","floor":8,"gold_loss":0},{"damage_healed":0,"gold_gain":0,"player_choice":"Searched \u00271\u0027 times","damage_taken":0,"relics_obtained":["Orichalcum"],"max_hp_gain":0,"max_hp_loss":0,"event_name":"Dead Adventurer","floor":10,"gold_loss":0},{"damage_healed":0,"gold_gain":0,"player_choice":"Entered Light","damage_taken":18,"max_hp_gain":0,"max_hp_loss":0,"event_name":"Shining Light","floor":11,"gold_loss":0,"cards_upgraded":["Defend_G","Defend_G"]},{"cards_removed":["Strike_G"],"damage_healed":0,"gold_gain":0,"player_choice":"Gave Gold","damage_taken":0,"max_hp_gain":0,"max_hp_loss":0,"event_name":"Beggar","floor":19,"gold_loss":75},{"damage_healed":0,"gold_gain":0,"player_choice":"Gave Idol","damage_taken":0,"relics_obtained":["Bloody Idol"],"max_hp_gain":0,"max_hp_loss":0,"event_name":"Forgotten Altar","floor":20,"relics_lost":["Golden Idol"],"gold_loss":0},{"cards_removed":["Strike_G"],"damage_healed":0,"gold_gain":0,"player_choice":"Upgrade and Remove","damage_taken":0,"max_hp_gain":0,"max_hp_loss":0,"event_name":"Designer","floor":21,"gold_loss":110,"cards_upgraded":["Defend_G"]},{"damage_healed":0,"gold_gain":0,"player_choice":"Forge","damage_taken":0,"max_hp_gain":0,"max_hp_loss":0,"event_name":"Accursed Blacksmith","floor":39,"gold_loss":0,"cards_upgraded":["Well Laid Plans"]},{"damage_healed":0,"gold_gain":0,"player_choice":"Fight","damage_taken":0,"max_hp_gain":0,"max_hp_loss":0,"event_name":"Mysterious Sphere","floor":44,"gold_loss":0},{"damage_healed":0,"gold_gain":0,"player_choice":"Bought 0 Potions","damage_taken":0,"max_hp_gain":0,"max_hp_loss":0,"event_name":"The Woman in Blue","floor":46,"gold_loss":0}],"is_beta":false,"boss_relics":[{"not_picked":["Velvet Choker","Ectoplasm"],"picked":"WristBlade"},{"not_picked":["Philosopher\u0027s Stone","Ring of the Serpent"],"picked":"Coffee Dripper"}],"items_purged_floors":[3,38],"is_endless":false,"potions_floor_spawned":[2,22,24,25,35,40,45],"killed_by":"Time Eater","ascension_level":20}}