{"host":"dkr0dog13pegamnp","time":1613834616,"event":{"mods":["AchievementEnabler","BaseMod","Minty Spire (QoL Compilation)","Rare Cards Sparkle","StSLib","SuperFastMode","everything is the same but u backflip on backflip"],"gold_per_floor":[109,109,124,124,142,142,152,152,176,200,225,241,241,251,251,251,251],"floor_reached":16,"language":"KOR","playtime":378,"items_purged":[],"score":158,"play_id":"99dda37f-d573-411b-8178-ded69d63e694","local_time":"20210221002336","is_ascension_mode":true,"campfire_choices":[{"data":"Dagger Throw","floor":6,"key":"SMITH"},{"data":"Tactician","floor":8,"key":"SMITH"},{"data":"Dash","floor":13,"key":"SMITH"},{"floor":15,"key":"REST"}],"circlet_count":0,"master_deck":["AscendersBane","Strike_G","Strike_G","Strike_G","Strike_G","Strike_G","Defend_G","Defend_G","Defend_G","Defend_G","Defend_G","Survivor","Neutralize","Dagger Throw+1","Acrobatics","Tactician+1","Dash+1","Catalyst","PiercingWail"],"relics":["Ring of the Snake","NeowsBlessing","Toy Ornithopter","Regal Pillow","Snake Skull","Sundial"],"acts_visited":["Exordium"],"potions_floor_usage":[7,11,16],"damage_taken":[{"damage":0,"enemies":"Jaw Worm","floor":1,"turns":1},{"damage":0,"enemies":"2 Louse","floor":3,"turns":1},{"damage":0,"enemies":"Cultist","floor":5,"turns":1},{"damage":29,"enemies":"Exordium Thugs","floor":7,"turns":8},{"damage":24,"enemies":"3 Sentries","floor":11,"turns":9},{"damage":4,"enemies":"Red Slaver","floor":12,"turns":4},{"damage":12,"enemies":"Exordium Wildlife","floor":14,"turns":7},{"damage":52,"enemies":"Slime Boss","floor":16,"turns":9}],"seed_played":"2058085051862351870","potions_obtained":[{"floor":1,"key":"Strength Potion"},{"floor":5,"key":"ColorlessPotion"},{"floor":14,"key":"SkillPotion"}],"is_trial":false,"path_per_floor":["M","?","M","?","M","R","M","R","T","T","E","M","R","M","R","B"],"character_chosen":"THE_SILENT","items_purchased":[],"campfire_rested":1,"item_purchase_floors":[],"current_hp_per_floor":[63,63,63,63,63,63,39,39,39,39,20,16,16,4,40,0,0],"gold":251,"neow_bonus":"THREE_ENEMY_KILL","is_daily":false,"chose_seed":false,"campfire_upgraded":3,"win_rate":0.0,"timestamp":1613834616,"path_taken":["M","?","M","?","?","R","M","R","T","?","E","?","R","M","R","BOSS"],"items_purchased_type":[],"build_version":"2020-12-22","purchased_purges":0,"victory":false,"max_hp_per_floor":[70,70,70,70,70,70,70,70,70,70,70,70,70,70,70,70,70],"card_choices":[{"not_picked":["Acrobatics","Finisher"],"picked":"Dagger Throw","floor":1},{"not_picked":["Blade Dance","Prepared"],"picked":"Acrobatics","floor":3},{"not_picked":["Sucker Punch","Setup","Poisoned Stab"],"picked":"SKIP","floor":5},{"not_picked":["Sucker Punch","Setup","Poisoned Stab"],"picked":"SKIP","floor":5},{"not_picked":["Glass Knife","Prepared"],"picked":"Tactician","floor":7},{"not_picked":["Dagger Throw","Flechettes"],"picked":"Dash","floor":11},{"not_picked":["PiercingWail","Calculated Gamble"],"picked":"Catalyst","floor":12},{"not_picked":["Setup","Dodge and Roll"],"picked":"PiercingWail","floor":14}],"player_experience":74794,"relics_obtained":[{"floor":4,"key":"Toy Ornithopter"},{"floor":9,"key":"Regal Pillow"},{"floor":10,"key":"Snake Skull"},{"floor":11,"key":"Sundial"}],"event_choices":[{"damage_healed":0,"gold_gain":0,"player_choice":"Ignored","damage_taken":0,"max_hp_gain":0,"max_hp_loss":0,"event_name":"Liars Game","floor":2,"gold_loss":0},{"damage_healed":0,"gold_gain":0,"player_choice":"Relic","damage_taken":0,"max_hp_gain":0,"max_hp_loss":0,"event_name":"Wheel of Change","floor":4,"gold_loss":0}],"is_beta":false,"boss_relics":[],"items_purged_floors":[],"is_endless":false,"potions_floor_spawned":[1,5,14],"killed_by":"Slime Boss","ascension_level":11}}