{"host":"3z4ju2qnfrhpg6py","time":1613833584,"event":{"mods":["Act Like it!","Arknights","BaseMod","Colored Powertips","Minty Spire (QoL Compilation)","Spicy Shops","StSLib","UnlockEverythingMod","Wide Potions","noobMod","¡¾ÒÅÎï¿¨ÅÆ¡¿REMEMod"],"gold_per_floor":[109,120,120,138,150,150,179,179,179,226,267,342,374,57,57,184,184,210,210,210,229,37,37,70,70,93,129,89,89,107,107,107,226,226,254,270,288,116,137,169,169,169,247,270,295,324,324,373,373,373,373,373,34,63,87],"floor_reached":56,"language":"ZHS","playtime":1996,"items_purged":["Pride","Shame"],"score":1488,"play_id":"2dd6460a-5384-4cf7-bd15-0dd234eb6957","local_time":"20210220230624","is_ascension_mode":false,"campfire_choices":[{"data":"Inflame","floor":6,"key":"SMITH"},{"data":"Bash","floor":8,"key":"SMITH"},{"data":"Heavy Blade","floor":15,"key":"SMITH"},{"data":"Armaments","floor":23,"key":"SMITH"},{"data":"Perfected Strike","floor":32,"key":"SMITH"},{"data":"Limit Break","floor":41,"key":"SMITH"},{"data":"Heavy Blade","floor":47,"key":"SMITH"},{"floor":49,"key":"RECALL"},{"data":"Perfected Strike","floor":52,"key":"SMITH"}],"circlet_count":0,"master_deck":["Strike_R","Strike_R","Strike_R","Strike_R","Strike_R","Defend_R","Defend_R","Bash+1","Shrug It Off","REME_Scribble","Inflame+1","Cleave","Pommel Strike","Twin Strike","Disarm","Spot Weakness","Uppercut+1","Sword Boomerang","Dual Wield+1","Exhume","CurseOfTheBell","Perfected Strike+1","Perfected Strike+1","Flex","Armaments+1","Heavy Blade+1","Impervious","Heavy Blade+1","Brutality","Perfected Strike+1","Shrug It Off","Flex+1","Limit Break+1","Clothesline","Shockwave","Shrug It Off+1","Heavy Blade+1","REME_Cut","Thinking Ahead","Heavy Blade"],"relics":["Burning Blood","REME_ComplimentaryCards","ice","REME_ArchaeologicalTools","Calipers","Bronze Scales","Orrery","Potion Belt","Calling Bell","Boot","Pear","Thread and Needle","Juzu Bracelet","Ice Cream","REME_HandOfSuture","Omamori","Bag of Preparation","Cursed Key","Bottled Tornado","Bottled Lightning","MealTicket","Champion Belt","Membership Card","Pen Nib","Oddly Smooth Stone","Anchor"],"acts_visited":["Exordium","TheCity","TheBeyond","TheEnding"],"potions_floor_usage":[40],"damage_taken":[{"damage":14,"enemies":"2 Louse","floor":1,"turns":3},{"damage":3,"enemies":"Jaw Worm","floor":2,"turns":3},{"damage":8,"enemies":"Cultist","floor":4,"turns":3},{"damage":22,"enemies":"2 Fungi Beasts","floor":5,"turns":4},{"damage":48,"enemies":"Lagavulin","floor":7,"turns":7},{"damage":2,"enemies":"Red Slaver","floor":10,"turns":4},{"damage":16,"enemies":"Gremlin Nob","floor":11,"turns":3},{"damage":11,"enemies":"Lagavulin","floor":13,"turns":5},{"damage":24,"enemies":"Slime Boss","floor":16,"turns":5},{"damage":1,"enemies":"3 Byrds","floor":18,"turns":3},{"damage":8,"enemies":"Shell Parasite","floor":21,"turns":3},{"damage":50,"enemies":"Slavers","floor":24,"turns":3},{"damage":33,"enemies":"REME_1_Revenger","floor":27,"turns":3},{"damage":12,"enemies":"Snake Plant","floor":30,"turns":3},{"damage":39,"enemies":"Automaton","floor":33,"turns":6},{"damage":3,"enemies":"3 Darklings","floor":35,"turns":2},{"damage":3,"enemies":"3 Shapes","floor":36,"turns":2},{"damage":0,"enemies":"Spire Growth","floor":37,"turns":2},{"damage":0,"enemies":"3 Darklings","floor":39,"turns":2},{"damage":15,"enemies":"Reptomancer","floor":40,"turns":2},{"damage":4,"enemies":"Jaw Worm Horde","floor":44,"turns":3},{"damage":0,"enemies":"Nemesis","floor":45,"turns":1},{"damage":1,"enemies":"4 Shapes","floor":46,"turns":2},{"damage":4,"enemies":"2 Orb Walkers","floor":48,"turns":2},{"damage":22,"enemies":"Time Eater","floor":50,"turns":3},{"damage":0,"enemies":"Shield and Spear","floor":54,"turns":1},{"damage":58,"enemies":"The Heart","floor":55,"turns":5}],"seed_played":"264189831855491250","potions_obtained":[{"floor":1,"key":"Energy Potion"},{"floor":7,"key":"Dexterity Potion"},{"floor":10,"key":"SkillPotion"},{"floor":21,"key":"REME_GoldPotion"},{"floor":24,"key":"Regen Potion"},{"floor":30,"key":"Dexterity Potion"},{"floor":33,"key":"HeartOfIron"},{"floor":36,"key":"LiquidBronze"},{"floor":40,"key":"ColorlessPotion"}],"is_trial":false,"path_per_floor":["M","M","?","M","M","R","E","R","T","M","E","?","E","$","R","B",null,"M","?","?","M","$","R","E","?","T","E","?","?","M","?","R","B",null,"M","M","M","$","M","E","R","?","T","M","E","M","R","?","R","B",null,"R","$","E","B",null],"character_chosen":"IRONCLAD","items_purchased":["Spot Weakness","Orrery","Potion Belt","Flex","Armaments","Shrug It Off","Membership Card","Pen Nib","REME_Cut","Thinking Ahead","Oddly Smooth Stone"],"campfire_rested":0,"item_purchase_floors":[14,14,14,22,22,38,53,53,53,53,53],"current_hp_per_floor":[80,83,76,76,62,62,22,22,22,28,20,9,97,97,97,81,115,120,120,120,118,118,118,76,76,76,49,49,49,45,45,45,160,160,165,167,167,167,168,159,159,159,159,163,169,174,174,179,179,163,186,186,186,186,136],"gold":87,"neow_bonus":"TEN_PERCENT_HP_BONUS","is_daily":false,"chose_seed":false,"campfire_upgraded":8,"win_rate":0.0,"timestamp":1613833584,"path_taken":["M","M","?","M","M","R","E","R","T","M","E","?","E","?","R","BOSS","M","?","?","M","$","R","E","?","T","E","?","?","M","?","R","BOSS","M","M","M","$","M","E","R","?","T","M","E","M","R","?","R","BOSS","R","$","E","BOSS"],"items_purchased_type":["Card","Relic","Relic","Card","Card","Card","Relic","Relic","Card","Card","Relic"],"build_version":"2020-12-22","purchased_purges":2,"victory":true,"max_hp_per_floor":[88,88,88,90,92,92,94,94,94,96,98,98,101,101,101,105,115,130,130,130,133,133,133,141,141,141,142,142,142,150,150,150,160,160,165,167,167,167,168,170,170,170,170,173,173,178,178,182,182,186,186,186,186,186,228],"card_choices":[{"not_picked":["REME_FearOfPain","Battle Trance"],"picked":"Shrug It Off","floor":1},{"not_picked":["Clothesline","Cleave"],"picked":"REME_Scribble","floor":2},{"not_picked":["Ghostly Armor","Clothesline"],"picked":"Inflame","floor":4},{"not_picked":["Entrench","Rampage"],"picked":"Cleave","floor":5},{"not_picked":["Corruption","Ghostly Armor"],"picked":"Pommel Strike","floor":7},{"not_picked":["Inflame","True Grit"],"picked":"Twin Strike","floor":10},{"not_picked":["Sentinel","Whirlwind"],"picked":"Disarm","floor":11},{"not_picked":["REME_TheLastStrike","Anger","Feel No Pain"],"picked":"SKIP","floor":13},{"not_picked":["Feel No Pain","Anger"],"picked":"Uppercut","floor":14},{"not_picked":["Whirlwind","Second Wind"],"picked":"Heavy Blade","floor":14},{"not_picked":["Intimidate","Carnage"],"picked":"Sword Boomerang","floor":14},{"not_picked":["Body Slam","Juggernaut"],"picked":"Dual Wield","floor":14},{"not_picked":["Feed","Barricade"],"picked":"Exhume","floor":16},{"not_picked":["Pommel Strike+1","Clothesline"],"picked":"Perfected Strike","floor":18},{"not_picked":["Sword Boomerang","Blood for Blood","Clothesline"],"picked":"SKIP","floor":21},{"not_picked":["Iron Wave","Second Wind+1","Headbutt"],"picked":"SKIP","floor":24},{"not_picked":["Body Slam","Fire Breathing"],"picked":"Heavy Blade+1","floor":27},{"not_picked":["Body Slam","Uppercut"],"picked":"Heavy Blade","floor":30},{"not_picked":["Juggernaut","Barricade"],"picked":"Brutality","floor":33},{"not_picked":["Rampage","Clash"],"picked":"Perfected Strike+1","floor":35},{"not_picked":["Anger+1","Headbutt","Intimidate+1"],"picked":"SKIP","floor":36},{"not_picked":["Cleave+1","Sever Soul","Havoc"],"picked":"SKIP","floor":37},{"not_picked":["Anger","Body Slam"],"picked":"Flex+1","floor":39},{"not_picked":["Uppercut","Armaments+1"],"picked":"Limit Break","floor":40},{"not_picked":["Armaments+1","Havoc"],"picked":"Clothesline","floor":44},{"not_picked":["Twin Strike+1","Cleave+1"],"picked":"Shockwave","floor":45},{"not_picked":["Intimidate+1","REME_FearOfPain"],"picked":"Shrug It Off+1","floor":46},{"not_picked":["Pummel","Sword Boomerang+1"],"picked":"Heavy Blade+1","floor":48},{"not_picked":["Entrench","Cleave+1"],"picked":"Heavy Blade","floor":54}],"player_experience":26885,"relics_obtained":[{"floor":7,"key":"REME_ArchaeologicalTools"},{"floor":11,"key":"Calipers"},{"floor":13,"key":"Bronze Scales"},{"floor":17,"key":"Boot"},{"floor":17,"key":"Pear"},{"floor":17,"key":"Thread and Needle"},{"floor":24,"key":"Ice Cream"},{"floor":26,"key":"Omamori"},{"floor":27,"key":"Bag of Preparation"},{"floor":40,"key":"Bottled Tornado"},{"floor":43,"key":"Bottled Lightning"},{"floor":45,"key":"MealTicket"},{"floor":48,"key":"Champion Belt"},{"floor":54,"key":"Anchor"}],"event_choices":[{"cards_removed":["Defend_R"],"damage_healed":0,"gold_gain":0,"player_choice":"Card Removal","damage_taken":7,"max_hp_gain":0,"max_hp_loss":0,"event_name":"Golden Wing","floor":3,"gold_loss":0},{"damage_healed":0,"gold_gain":75,"player_choice":"Gather Gold","damage_taken":11,"max_hp_gain":0,"max_hp_loss":0,"event_name":"World of Goop","floor":12,"gold_loss":0},{"damage_healed":0,"gold_gain":0,"player_choice":"Read","damage_taken":0,"max_hp_gain":0,"max_hp_loss":0,"event_name":"The Library","floor":19,"gold_loss":0,"cards_obtained":["Perfected Strike"]},{"damage_healed":0,"gold_gain":0,"player_choice":"Gave Potion","damage_taken":0,"relics_obtained":["Juzu Bracelet"],"max_hp_gain":0,"max_hp_loss":0,"event_name":"WeMeetAgain","floor":20,"gold_loss":0},{"damage_healed":0,"gold_gain":0,"player_choice":"Stole Relic","damage_taken":0,"relics_obtained":["REME_HandOfSuture"],"max_hp_gain":0,"max_hp_loss":0,"event_name":"Addict","floor":25,"gold_loss":0,"cards_obtained":["Shame"]},{"damage_healed":0,"gold_gain":0,"player_choice":"Upgraded Two","damage_taken":0,"max_hp_gain":0,"max_hp_loss":0,"event_name":"Designer","floor":28,"gold_loss":40,"cards_upgraded":["Uppercut","Dual Wield"]},{"damage_healed":0,"gold_gain":0,"cards_transformed":["Defend_R"],"player_choice":"Transformed","damage_taken":0,"max_hp_gain":0,"max_hp_loss":0,"event_name":"Transmorgrifier","floor":29,"gold_loss":0,"cards_obtained":["Impervious"]},{"damage_healed":0,"gold_gain":0,"player_choice":"Ignored","damage_taken":0,"max_hp_gain":0,"max_hp_loss":0,"event_name":"Vampires","floor":31,"gold_loss":0},{"cards_removed":["Heavy Blade"],"damage_healed":0,"gold_gain":0,"player_choice":"Removed Attack","damage_taken":0,"max_hp_gain":0,"max_hp_loss":0,"event_name":"Falling","floor":42,"gold_loss":0},{"damage_healed":0,"gold_gain":0,"player_choice":"Fight","damage_taken":0,"max_hp_gain":0,"max_hp_loss":0,"event_name":"Mysterious Sphere","floor":48,"gold_loss":0}],"is_beta":false,"boss_relics":[{"not_picked":["Black Star","Ectoplasm"],"picked":"Calling Bell"},{"not_picked":["Velvet Choker","Busted Crown"],"picked":"Cursed Key"}],"items_purged_floors":[22,38],"is_endless":false,"potions_floor_spawned":[1,7,10,11,21,24,30,33,36,40,45,48,54],"ascension_level":0}}