{"host":"2fgwwnzqc97k7iys","time":1613780360,"event":{"mods":["BaseMod","Colored Map","Minty Spire (QoL Compilation)","Quick Restart","Relic Stats"],"gold_per_floor":[14,14,25,44,59,84,84,99,148,163,174,202,220,251,251,251,251],"floor_reached":16,"language":"ENG","playtime":1129,"items_purged":[],"score":189,"play_id":"c59b4c20-f77c-457f-b85c-95a83801825c","local_time":"20210219181920","is_ascension_mode":true,"campfire_choices":[{"data":"Consecrate","floor":7,"key":"SMITH"},{"floor":15,"key":"REST"}],"circlet_count":0,"master_deck":["AscendersBane","Strike_P","Strike_P","Strike_P","Defend_P","Defend_P","Defend_P","Eruption","Vigilance","Consecrate+1","SashWhip","Adaptation","FearNoEvil","FlurryOfBlows","MentalFortress","WheelKick","FlurryOfBlows"],"relics":["PureWater","Ornamental Fan","Oddly Smooth Stone","TeardropLocket","Pen Nib"],"acts_visited":["Exordium"],"potions_floor_usage":[6,6,8,12,14,14],"damage_taken":[{"damage":0,"enemies":"Small Slimes","floor":1,"turns":2},{"damage":0,"enemies":"Cultist","floor":3,"turns":3},{"damage":0,"enemies":"2 Louse","floor":4,"turns":3},{"damage":22,"enemies":"Large Slime","floor":5,"turns":4},{"damage":15,"enemies":"3 Sentries","floor":6,"turns":4},{"damage":9,"enemies":"Lots of Slimes","floor":8,"turns":2},{"damage":2,"enemies":"Looter","floor":10,"turns":3},{"damage":0,"enemies":"Blue Slaver","floor":11,"turns":3},{"damage":3,"enemies":"Lagavulin","floor":12,"turns":4},{"damage":8,"enemies":"3 Louse","floor":13,"turns":3},{"damage":5,"enemies":"3 Sentries","floor":14,"turns":4},{"damage":23,"enemies":"The Guardian","floor":16,"turns":5}],"seed_played":"6063340527544955609","potions_obtained":[{"floor":2,"key":"StancePotion"},{"floor":2,"key":"SmokeBomb"},{"floor":2,"key":"SteroidPotion"},{"floor":3,"key":"StancePotion"},{"floor":10,"key":"GamblersBrew"},{"floor":12,"key":"SkillPotion"},{"floor":13,"key":"Fire Potion"}],"is_trial":false,"path_per_floor":["M","?","M","M","M","E","R","M","T","M","M","E","M","E","R","B"],"character_chosen":"WATCHER","items_purchased":[],"campfire_rested":1,"item_purchase_floors":[],"current_hp_per_floor":[65,65,65,65,43,28,28,19,19,17,17,14,6,1,22,0,0],"gold":251,"neow_bonus":"REMOVE_TWO","is_daily":false,"chose_seed":false,"campfire_upgraded":1,"win_rate":0.0,"timestamp":1613780360,"path_taken":["M","?","M","M","?","E","R","M","T","M","M","E","M","E","R","BOSS"],"items_purchased_type":[],"build_version":"2020-12-22","purchased_purges":0,"victory":false,"max_hp_per_floor":[72,72,72,72,72,72,72,72,72,72,72,72,72,72,72,72,72],"relic_stats":{"counters":[12,40],"Ornamental Fan":[52],"Pen Nib":[1],"obtain_stats":[{"Ornamental Fan":6,"Oddly Smooth Stone":9,"Pen Nib":14,"TeardropLocket":12,"PureWater":0},{"Ornamental Fan":5,"Oddly Smooth Stone":6,"Pen Nib":11,"TeardropLocket":9,"PureWater":0},{"Ornamental Fan":16,"Oddly Smooth Stone":18,"Pen Nib":35,"TeardropLocket":28,"PureWater":0}]},"card_choices":[{"not_picked":["CutThroughFate","SashWhip"],"picked":"Consecrate","floor":1},{"not_picked":["WindmillStrike","Protect"],"picked":"SashWhip","floor":3},{"not_picked":["FearNoEvil","MentalFortress"],"picked":"Adaptation","floor":4},{"not_picked":["ThirdEye","MasterReality"],"picked":"FearNoEvil","floor":5},{"not_picked":["BowlingBash","ClearTheMind","Nirvana"],"picked":"SKIP","floor":6},{"not_picked":["CutThroughFate","ThirdEye"],"picked":"FlurryOfBlows","floor":8},{"not_picked":["LikeWater","ClearTheMind"],"picked":"MentalFortress","floor":10},{"not_picked":["Consecrate","SashWhip","JustLucky"],"picked":"SKIP","floor":11},{"not_picked":["Consecrate","SashWhip","JustLucky"],"picked":"SKIP","floor":11},{"not_picked":["Crescendo","ClearTheMind"],"picked":"WheelKick","floor":12},{"not_picked":["Wireheading","FearNoEvil"],"picked":"FlurryOfBlows","floor":13},{"not_picked":["Evaluate","Establishment","FlurryOfBlows"],"picked":"SKIP","floor":14}],"player_experience":631740,"relics_obtained":[{"floor":6,"key":"Ornamental Fan"},{"floor":9,"key":"Oddly Smooth Stone"},{"floor":12,"key":"TeardropLocket"},{"floor":14,"key":"Pen Nib"}],"event_choices":[{"damage_healed":0,"gold_gain":0,"player_choice":"Got Potions","damage_taken":0,"max_hp_gain":0,"max_hp_loss":0,"event_name":"Lab","floor":2,"gold_loss":0}],"is_beta":false,"boss_relics":[],"items_purged_floors":[],"is_endless":false,"potions_floor_spawned":[3,10,12,13],"killed_by":"The Guardian","ascension_level":10}}