{"host":"x730sfaw5rd1mxd8","time":1613793674,"event":{"mods":["BaseMod","BetterRewards","Colored Powertips","Downfall","Highlight Path","Minty Spire (QoL Compilation)","Relic Sorter","Relic Stats","Replay The Spire","StSLib"],"gold_per_floor":[99,111,121,138,138,164,164,30,30,30,30,30,15,45,57,162,162,62,80,91,109,36,186,186,206,225,225,241,241,276,276,295,390,390,290,300,300,316,332,348,396,449,449,349,381,86,86,105,122,122,122,147,56,56,56,56,56,56],"floor_reached":56,"language":"ENG","playtime":4000,"items_purged":["Guardian:Strike_Guardian","Guardian:Strike_Guardian"],"score":834,"play_id":"236fb860-af22-4ecd-9b81-8bd5d7905aa7","local_time":"20210219230114","is_ascension_mode":false,"campfire_choices":[{"data":"Guardian:TwinSlam","floor":1.0,"key":"SMITH"},{"data":"Guardian:ChargeUp","floor":9.0,"key":"SMITH"},{"floor":11.0,"key":"REST"},{"data":"Guardian:GatlingBeam","floor":18,"key":"SMITH"},{"data":"Guardian:BodySlam","floor":27,"key":"SMITH"},{"floor":29,"key":"RECALL"},{"data":"Guardian:MultiBeam","floor":35,"key":"SMITH"},{"floor":44,"key":"REST"},{"floor":54,"key":"REST"}],"circlet_count":0,"master_deck":["Guardian:Strike_Guardian","Guardian:Strike_Guardian","Guardian:Defend_Guardian+1","Guardian:Defend_Guardian+1","Guardian:Defend_Guardian","Guardian:Defend_Guardian","Guardian:CurlUp","Guardian:TwinSlam+1","Guardian:ChargeUp+1","Guardian:Clone","Guardian:SpikerProtocol","Guardian:Planning","Guardian:GatlingBeam+1","Guardian:Recover+1","Guardian:TemporalShield+1","Guardian:CrystalBeam+1","Guardian:BodySlam+1","Guardian:MultiBeam+1","Guardian:CrystalBeam+1","Guardian:FloatingOrbs","Guardian:StasisStrike+1","Guardian:Clone","Guardian:Incinerate+1","Parasite","Guardian:Preprogram","Guardian:RefractedBeam+1","Guardian:FierceBash+1","Guardian:Incinerate+1","Guardian:SentryBeam+1","Guardian:TimeCapacitor","Guardian:Orbwalk+1","Guardian:Orbwalk+1","Guardian:Incinerate+1","Guardian:TemporalShield+1"],"relics":["Busted Crown","Lizard Tail","The Courier","Boot","Sozu","downfall:HeartBlessingGreen","Molten Egg 2","War Paint","ChewingGum","downfall:HeartBlessingRed","Dream Catcher","Bag of Preparation","downfall:HeartBlessingBlue","Akabeko","PreservedInsect","OrangePellets","Slimebound:StickyStick","Bottled Flame"],"acts_visited":["Exordium","TheCity","TheBeyond","TheEnding"],"potions_floor_usage":[14,16,56],"damage_taken":[{"damage":3.0,"enemies":"Small Slimes","floor":2.0,"turns":4.0},{"damage":3.0,"enemies":"Jaw Worm","floor":3.0,"turns":5.0},{"damage":0.0,"enemies":"Cultist","floor":4.0,"turns":3.0},{"damage":29.0,"enemies":"Lagavulin","floor":6.0,"turns":8.0},{"damage":7.0,"enemies":"downfall:FleeingMerchant","floor":8.0,"turns":4.0},{"damage":0,"enemies":"downfall:FleeingMerchant","floor":13,"turns":4},{"damage":12,"enemies":"Gremlin Nob","floor":14,"turns":4},{"damage":0,"enemies":"2 Fungi Beasts","floor":15,"turns":3},{"damage":17,"enemies":"WA_ARCHETYPE_RETAIN","floor":16,"turns":9},{"damage":14,"enemies":"downfall:LooterAlt2","floor":19,"turns":4},{"damage":0,"enemies":"Spheric Guardian","floor":20,"turns":3},{"damage":0,"enemies":"Centurion and Healer","floor":21,"turns":7},{"damage":0,"enemies":"downfall:FleeingMerchant","floor":22,"turns":4},{"damage":7,"enemies":"Snake Plant","floor":25,"turns":3},{"damage":0,"enemies":"Cultist and Chosen","floor":26,"turns":4},{"damage":1,"enemies":"Sentry and Sphere","floor":28,"turns":5},{"damage":0,"enemies":"Replay:Snechameleon","floor":30,"turns":5},{"damage":7,"enemies":"Shelled Parasite and Fungi","floor":32,"turns":4},{"damage":43,"enemies":"IC_MUSHROOM_ARCHETYPE","floor":33,"turns":6},{"damage":0,"enemies":"Orb Walker","floor":36,"turns":3},{"damage":16,"enemies":"3 Darklings","floor":38,"turns":4},{"damage":15,"enemies":"Writhing Mass","floor":39,"turns":8},{"damage":38,"enemies":"Transient","floor":40,"turns":5},{"damage":27,"enemies":"Giant Head","floor":45,"turns":7},{"damage":0,"enemies":"downfall:FleeingMerchant","floor":46,"turns":4},{"damage":5,"enemies":"Maw","floor":48,"turns":6},{"damage":13,"enemies":"4 Shapes","floor":49,"turns":4},{"damage":4,"enemies":"SI_POISON_ARCHETYPE","floor":50,"turns":8},{"damage":67,"enemies":"downfall:CharBossMerchant","floor":52,"turns":6},{"damage":34,"enemies":"downfall:NeowBoss","floor":55,"turns":11},{"damage":101,"enemies":"downfall:NeowBossFinal","floor":56,"turns":11}],"seed_played":"-8869670225788025455","potions_obtained":[{"floor":2.0,"key":"Death Potion"},{"floor":3.0,"key":"SneckoOil"},{"floor":16,"key":"Guardian:AcceleratePotion"}],"is_trial":false,"path_per_floor":["R","M","M","M","?","E","T","$","R","?","R","?","$","E","M","B",null,"R","M","M","M","$","?","T","M","M","R","M","R","E","?","M","B",null,"R","M","?","M","M","M","T","?","T","R","E","$","?","M","M","B",null,"E","$","R","B","B"],"character_chosen":"GUARDIAN","items_purchased":["Guardian:Gem_Orange","Guardian:MultiBeam","Guardian:RefractedBeam+1","Guardian:FierceBash+1","PreservedInsect","OrangePellets","Slimebound:StickyStick","Guardian:Incinerate+1","Guardian:Orbwalk+1","Guardian:Incinerate+1"],"campfire_rested":3,"item_purchase_floors":[8,22,46,46,46,46,46,46,53,53],"current_hp_per_floor":[80,77,74,74,74,45,45,38,38,43,68,65,65,53,53,36,85,85,71,71,71,71,71,71,64,64,64,63,63,63,63,56,13,85,85,85,85,69,54,16,16,16,16,54,27,27,27,22,9,5,95,28,28,56,22,0,0,0],"gold":56,"neow_bonus":"BOSS_RELIC","is_daily":false,"chose_seed":false,"campfire_upgraded":5,"win_rate":0.0,"timestamp":1613793674,"path_taken":["R","M","M","M","?","E","T","$","R","?","R","?","$","E","M","BOSS","R","M","M","M","$","?","T","M","?","R","M","R","E","?","M","BOSS","R","M","?","M","?","M","T","?","?","R","E","$","?","?","M","BOSS","E","$","R","BOSS","BOSS"],"items_purchased_type":["Card","Card","Card","Card","Relic","Relic","Relic","Card","Card","Card"],"build_version":"2020-12-22","purchased_purges":2,"victory":false,"max_hp_per_floor":[80,80,80,80,80,80,80,80,80,85,85,85,85,85,85,85,85,85,85,85,85,85,85,85,85,85,85,85,85,85,85,85,85,85,85,85,85,85,85,85,85,85,85,95,95,95,95,95,95,95,95,95,95,95,95,95,95,95],"relic_stats":{"Sozu":9,"OrangePellets":[20],"Lizard Tail":47,"Dream Catcher":2,"Busted Crown":60,"counters":[31,164],"PreservedInsect":75,"Bag of Preparation":[16],"War Paint":["Guardian:Defend_Guardian","Guardian:Defend_Guardian"],"Boot":[114],"obtain_stats":[{"downfall:HeartBlessingRed":35,"Guardian:ModeShifter":0,"downfall:HeartBlessingGreen":18,"The Courier":7,"PreservedInsect":46,"Bag of Preparation":43,"War Paint":30,"Boot":14,"Akabeko":45,"Sozu":17,"OrangePellets":46,"Lizard Tail":6,"Dream Catcher":42,"Bottled Flame":52,"Busted Crown":0,"downfall:BrokenWingStatue":5,"downfall:HeartBlessingBlue":44,"Slimebound:StickyStick":46,"Molten Egg 2":24,"ChewingGum":34,"StrikeDummy":12},{"downfall:HeartBlessingRed":19,"Guardian:ModeShifter":0,"downfall:HeartBlessingGreen":9,"The Courier":4,"PreservedInsect":25,"Bag of Preparation":23,"War Paint":17,"Boot":7,"Akabeko":24,"Sozu":9,"OrangePellets":25,"Lizard Tail":4,"Dream Catcher":23,"Bottled Flame":29,"Busted Crown":0,"downfall:BrokenWingStatue":3,"downfall:HeartBlessingBlue":23,"Slimebound:StickyStick":25,"Molten Egg 2":13,"ChewingGum":19,"StrikeDummy":5},{"downfall:HeartBlessingRed":89,"Guardian:ModeShifter":0,"downfall:HeartBlessingGreen":44,"The Courier":20,"PreservedInsect":118,"Bag of Preparation":107,"War Paint":79,"Boot":32,"Akabeko":114,"Sozu":44,"OrangePellets":118,"Lizard Tail":20,"Dream Catcher":107,"Bottled Flame":142,"Busted Crown":0,"downfall:BrokenWingStatue":12,"downfall:HeartBlessingBlue":107,"Slimebound:StickyStick":118,"Molten Egg 2":62,"ChewingGum":89,"StrikeDummy":24}]},"card_choices":[{"not_picked":[],"picked":"Guardian:Gem_Cyan","floor":2.0},{"not_picked":[],"picked":"Guardian:ChargeUp","floor":3.0},{"not_picked":["Guardian:WalkerClaw"],"picked":"SKIP","floor":4.0},{"not_picked":[],"picked":"Guardian:Clone","floor":6.0},{"not_picked":[],"picked":"Guardian:SpikerProtocol","floor":8.0},{"not_picked":["Guardian:VentSteam"],"picked":"SKIP","floor":13},{"not_picked":[],"picked":"Guardian:Planning","floor":14},{"not_picked":["Guardian:RollAttack"],"picked":"SKIP","floor":15},{"not_picked":[],"picked":"Guardian:GatlingBeam","floor":16},{"not_picked":[],"picked":"Guardian:Recover+1","floor":19},{"not_picked":[],"picked":"Guardian:TemporalShield+1","floor":20},{"not_picked":[],"picked":"Guardian:CrystalBeam+1","floor":21},{"not_picked":[],"picked":"Guardian:BodySlam","floor":22},{"not_picked":["Guardian:Gem_Fragmented"],"picked":"SKIP","floor":25},{"not_picked":["Guardian:VentSteam"],"picked":"SKIP","floor":26},{"not_picked":[],"picked":"Guardian:Gem_Crimson","floor":28},{"not_picked":[],"picked":"Guardian:CrystalBeam+1","floor":30},{"not_picked":[],"picked":"Guardian:FloatingOrbs","floor":32},{"not_picked":[],"picked":"Guardian:StasisStrike+1","floor":33},{"not_picked":["Guardian:Gem_Cyan"],"picked":"SKIP","floor":36},{"not_picked":[],"picked":"Guardian:Incinerate+1","floor":38},{"not_picked":["Guardian:Gem_Fragmented"],"picked":"SKIP","floor":39},{"not_picked":["Guardian:Planning+1"],"picked":"SKIP","floor":40},{"not_picked":["Guardian:Reroute+1"],"picked":"SKIP","floor":45},{"not_picked":[],"picked":"Guardian:Preprogram","floor":46},{"not_picked":[],"picked":"Guardian:SentryBeam+1","floor":48},{"not_picked":[],"picked":"Guardian:TimeCapacitor","floor":49},{"not_picked":[],"picked":"Guardian:Orbwalk+1","floor":52},{"not_picked":[],"picked":"Guardian:TemporalShield+1","floor":54}],"player_experience":4228301,"relics_obtained":[{"floor":6.0,"key":"Lizard Tail"},{"floor":7.0,"key":"The Courier"},{"floor":14,"key":"Boot"},{"floor":24,"key":"Molten Egg 2"},{"floor":30,"key":"War Paint"},{"floor":42,"key":"Dream Catcher"},{"floor":43,"key":"Bag of Preparation"},{"floor":45,"key":"Akabeko"},{"floor":52,"key":"Bottled Flame"}],"event_choices":[{"damage_healed":0.0,"max_hp_gain":5.0,"max_hp_loss":0.0,"gold_gain":0.0,"event_name":"Big Fish","player_choice":"Donut","floor":10.0,"gold_loss":0.0,"damage_taken":0.0},{"damage_healed":0.0,"max_hp_gain":0.0,"max_hp_loss":0.0,"gold_gain":0.0,"event_name":"Scrap Ooze","player_choice":"Success","floor":12.0,"gold_loss":0.0,"damage_taken":3.0,"relics_obtained":["StrikeDummy"]},{"damage_healed":0,"gold_gain":0,"player_choice":"Ignored","damage_taken":0,"max_hp_gain":0,"max_hp_loss":0,"event_name":"NoteForYourself","floor":47,"gold_loss":0}],"is_beta":false,"boss_relics":[{"not_picked":["Guardian:StasisSlotReductionRelic","Replay:Bronze Core"],"picked":"Sozu"},{"not_picked":["Fusion Hammer","Philosopher\u0027s Stone"],"picked":"ChewingGum"}],"items_purged_floors":[8,46],"is_endless":false,"potions_floor_spawned":[2,3,16,19,20,21,26,28,33,38,48,49],"killed_by":"downfall:NeowBossFinal","ascension_level":0}}