{"host":"i2ieyndca3ivj85d","time":1613787673,"event":{"mods":["Act Like it!","Arknights","BaseMod","Minty Spire (QoL Compilation)","Quick Restart","StSLib","¡¾ÒÅÎï¿¨ÅÆ¡¿REMEMod"],"gold_per_floor":[110,185,198,123,123,157,157,182,182,182,200,220,245,245,245,347,347,364,382,382,652,665,700,714,739,739,766,766,185,185,198,198,295,295,305,305,351,0,12,12,23,54,79,89,124,141,171,188,188,188,188,188,63,95,95],"floor_reached":56,"language":"ZHS","playtime":2478,"items_purged":["ats:Defend","ats:Serious Mode+1","ats:Volcano"],"score":1541,"play_id":"894231f4-32bb-480d-b86c-37487abae0ef","local_time":"20210220102113","is_ascension_mode":true,"campfire_choices":[{"data":"REME_MagicPocketWatch","floor":7.0,"key":"SMITH"},{"floor":10.0,"key":"RECALL"},{"data":"ats:Emotion Absorption","floor":15.0,"key":"SMITH"},{"data":"ats:Nebulous Foxfire","floor":30,"key":"SMITH"},{"data":"ats:Disruption Kick","floor":32,"key":"SMITH"},{"data":"ats:Shadow Assault","floor":40,"key":"SMITH"},{"data":"1","floor":49,"key":"LIFT"},{"data":"2","floor":52,"key":"LIFT"}],"circlet_count":0,"master_deck":["ats:Armor Crushing Shot","ats:Emotion Absorption+1","REME_MagicPocketWatch+1","ats:Sashimi Platter","ats:Nebulous Foxfire+1","ats:Serious Mode+1","ats:Disruption Kick+1","ats:Shell Defense","ats:Magnetic Hammer","ats:Hammer On","ats:Composite Medical Shells+1","ats:Thermite Blade","ats:Red Shift","ats:Shadow Assault+1","ats:Part Time Job+1","ats:Healing Drone+1"],"relics":["ats:Sanity","REME_ComplimentaryCards","NeowsBlessing","Frozen Egg 2","ats:Originium","Bag of Preparation","Regal Pillow","ats:Spiritual Recovery","Pandora\u0027s Box","Art of War","Strawberry","ats:Industrial Water Cannon","Oddly Smooth Stone","MutagenicStrength","Vajra","Anchor","ats:Attack","ats:Tactical Delivery","Dead Branch","Red Mask","Girya","ats:Berate","Darkstone Periapt","ats:Rhine Circuitry","REME_HourglassOfDeath"],"acts_visited":["Exordium","TheCity","TheBeyond","TheEnding"],"potions_floor_usage":[16,22,25,55,55,55],"damage_taken":[{"damage":0.0,"enemies":"2 Louse","floor":1.0,"turns":1.0},{"damage":0.0,"enemies":"Cultist","floor":3.0,"turns":1.0},{"damage":0.0,"enemies":"Lagavulin","floor":6.0,"turns":1.0},{"damage":17.0,"enemies":"Gremlin Nob","floor":8.0,"turns":4.0},{"damage":6.0,"enemies":"Jaw Worm","floor":11.0,"turns":4.0},{"damage":18.0,"enemies":"Red Slaver","floor":12.0,"turns":5.0},{"damage":16.0,"enemies":"Lagavulin","floor":13.0,"turns":3.0},{"damage":76,"enemies":"Hexaghost","floor":16,"turns":8},{"damage":18,"enemies":"Chosen","floor":18,"turns":6},{"damage":43,"enemies":"2 Thieves","floor":19,"turns":4},{"damage":9,"enemies":"Snake Plant","floor":22,"turns":4},{"damage":45,"enemies":"Gremlin Leader","floor":23,"turns":6},{"damage":44,"enemies":"Centurion and Healer","floor":24,"turns":5},{"damage":54,"enemies":"Slavers","floor":25,"turns":3},{"damage":39,"enemies":"Gremlin Leader","floor":27,"turns":7},{"damage":0,"enemies":"Cultist and Chosen","floor":31,"turns":3},{"damage":57,"enemies":"Champ","floor":33,"turns":8},{"damage":18,"enemies":"3 Darklings","floor":35,"turns":3},{"damage":35,"enemies":"2 Orb Walkers","floor":37,"turns":3},{"damage":1,"enemies":"Orb Walker","floor":39,"turns":2},{"damage":44,"enemies":"Spire Growth","floor":41,"turns":4},{"damage":24,"enemies":"Reptomancer","floor":42,"turns":4},{"damage":30,"enemies":"Transient","floor":44,"turns":5},{"damage":49,"enemies":"Nemesis","floor":45,"turns":5},{"damage":19,"enemies":"3 Darklings","floor":46,"turns":6},{"damage":38,"enemies":"Reptomancer","floor":47,"turns":5},{"damage":16,"enemies":"Sphere and 2 Shapes","floor":48,"turns":3},{"damage":166,"enemies":"Awakened One","floor":50,"turns":10},{"damage":100,"enemies":"Shield and Spear","floor":54,"turns":6},{"damage":133,"enemies":"The Heart","floor":55,"turns":9}],"seed_played":"-5059071015000351670","potions_obtained":[{"floor":1.0,"key":"ats:Burn Big Potion"},{"floor":3.0,"key":"Explosive Potion"},{"floor":12.0,"key":"DuplicationPotion"},{"floor":13.0,"key":"PowerPotion"},{"floor":16,"key":"Block Potion"},{"floor":23,"key":"BlessingOfTheForge"},{"floor":24,"key":"ats:Burn Big Potion"},{"floor":27,"key":"Swift Potion"},{"floor":33,"key":"Block Potion"},{"floor":39,"key":"PowerPotion"},{"floor":46,"key":"SkillPotion"}],"is_trial":false,"path_per_floor":["M","?","M","$","?","E","R","E","T","R","M","M","E","?","R","B",null,"M","M","?","?","M","E","M","E","T","E","?","$","R","M","R","B",null,"M","?","?","?","M","R","M","E","T","M","E","M","E","M","R","B",null,"R","$","E","B",null],"character_chosen":"DOCTOR_CLASS","items_purchased":["ats:Red Shift","Vajra","Anchor","ats:Attack"],"campfire_rested":0,"item_purchase_floors":[29,29,29,29],"current_hp_per_floor":[72,65,65,65,62,62,62,45,45,45,39,21,5,72,72,39,72,72,49,36,9,31,60,50,25,25,31,31,31,31,38,38,40,84,66,66,51,51,67,67,50,48,48,59,53,84,69,68,68,68,84,84,84,51,46],"gold":95,"neow_bonus":"THREE_ENEMY_KILL","is_daily":false,"chose_seed":false,"campfire_upgraded":5,"win_rate":0.0,"timestamp":1613787673,"path_taken":["M","?","?","$","?","E","R","E","T","R","M","M","E","?","R","BOSS","M","M","?","?","M","E","?","E","T","E","?","$","R","M","R","BOSS","M","?","?","?","M","R","?","E","T","M","E","M","E","M","R","BOSS","R","$","E","BOSS"],"items_purchased_type":["Card","Relic","Relic","Relic"],"build_version":"2020-12-22","purchased_purges":3,"victory":true,"max_hp_per_floor":[72,72,72,72,72,72,72,72,72,72,72,72,72,72,72,72,72,72,72,77,77,77,77,77,84,84,84,84,84,84,84,84,84,84,84,84,84,84,84,84,84,84,84,84,84,84,84,84,84,84,84,84,84,84,84],"card_choices":[{"not_picked":["ats:Spore Proliferation","ats:Poison Spread","ats:Sashimi Platter"],"picked":"SKIP","floor":1.0},{"not_picked":["ats:Chain Hook","ats:Collapsing Strike","ats:Rapid Magazine"],"picked":"SKIP","floor":3.0},{"not_picked":["ats:Curse Doll","ats:Beaten Up","ats:Hook Shot"],"picked":"SKIP","floor":6.0},{"not_picked":["ats:Absolute Focus","ats:Explosion Area Strengthen","ats:Hammer On"],"picked":"SKIP","floor":8.0},{"not_picked":["ats:Guard Mode","ats:Sunburst","ats:Curse Doll"],"picked":"SKIP","floor":11.0},{"not_picked":["ats:Rapid Magazine+1","ats:Cat Scratch"],"picked":"ats:Serious Mode+1","floor":12.0},{"not_picked":["ats:Disruption Kick","ats:Powerful Strike"],"picked":"ats:Sashimi Platter","floor":13.0},{"not_picked":["ats:Volcano","ats:Fractured Body"],"picked":"ats:Nebulous Foxfire","floor":16},{"not_picked":["ats:Magnetic Hammer","ats:Closed Bolt Burst Fire","ats:Directed Diagnosis"],"picked":"SKIP","floor":18},{"not_picked":["ats:Mental Burst","ats:Closed Bolt Burst Fire","ats:Revitalization"],"picked":"SKIP","floor":19},{"not_picked":["ats:Poison Spread+1","ats:Assault Order+1","ats:Soul Absorption"],"picked":"SKIP","floor":22},{"not_picked":["ats:Flexible Camouflage+1","ats:Durian","ats:Serious Mode+1"],"picked":"SKIP","floor":23},{"not_picked":["ats:Absolute Focus","ats:Hammer On","ats:Thorns+1"],"picked":"SKIP","floor":24},{"not_picked":["ats:Beaten Up","ats:Curse Doll","ats:Flexible Camouflage+1"],"picked":"SKIP","floor":25},{"not_picked":["ats:Guard Mode","ats:Revitalization"],"picked":"ats:Thermite Blade","floor":27},{"not_picked":["ats:Powerful Strike","ats:LN2 Cannon","ats:Shell Defense"],"picked":"SKIP","floor":31},{"not_picked":["ats:Ambush+1","ats:Volcano"],"picked":"ats:Shadow Assault","floor":33},{"not_picked":["ats:Shell Defense","ats:Absolute Focus","ats:Revitalization"],"picked":"SKIP","floor":35},{"not_picked":["ats:Spore Proliferation","ats:Guard Mode"],"picked":"ats:Part Time Job+1","floor":37},{"not_picked":["ats:Part Time Job+1","ats:Magnetic Hammer","ats:Curse Doll+1"],"picked":"SKIP","floor":39},{"not_picked":["ats:Consecutive Shot Auto","ats:Sunburst","ats:Guard Mode+1"],"picked":"SKIP","floor":41},{"not_picked":["ats:Ignite","ats:Revitalization+1"],"picked":"ats:Healing Drone+1","floor":42},{"not_picked":["ats:Ignite","ats:Cat Scratch+1","ats:Song Of Battle+1"],"picked":"SKIP","floor":44},{"not_picked":["ats:Sashimi Platter+1","ats:Assault Order","ats:Powerful Strike+1"],"picked":"SKIP","floor":45},{"not_picked":["ats:Hammer On","ats:Flexible Camouflage","ats:Guardian Obelisk+1"],"picked":"SKIP","floor":46},{"not_picked":["ats:Guardian Obelisk+1","ats:Song Of Battle+1","ats:Powerful Strike+1"],"picked":"SKIP","floor":47},{"not_picked":["ats:Hook Shot","ats:Consecutive Shot Auto","ats:Leaping Hammer+1"],"picked":"SKIP","floor":48},{"not_picked":["ats:Hammer On","ats:Collapsing Strike","ats:Hook Shot"],"picked":"SKIP","floor":54}],"player_experience":183244,"relics_obtained":[{"floor":6.0,"key":"ats:Originium"},{"floor":6.0,"key":"Bag of Preparation"},{"floor":8.0,"key":"ats:Originium"},{"floor":8.0,"key":"Regal Pillow"},{"floor":13.0,"key":"ats:Originium"},{"floor":13.0,"key":"ats:Spiritual Recovery"},{"floor":23,"key":"ats:Originium"},{"floor":23,"key":"Art of War"},{"floor":25,"key":"Strawberry"},{"floor":26,"key":"ats:Industrial Water Cannon"},{"floor":27,"key":"Oddly Smooth Stone"},{"floor":37,"key":"Dead Branch"},{"floor":42,"key":"Girya"},{"floor":43,"key":"ats:Berate"},{"floor":45,"key":"Darkstone Periapt"},{"floor":47,"key":"ats:Rhine Circuitry"},{"floor":54,"key":"REME_HourglassOfDeath"}],"event_choices":[{"damage_healed":0.0,"max_hp_gain":0.0,"max_hp_loss":0.0,"gold_gain":75.0,"event_name":"FaceTrader","player_choice":"Touch","floor":2.0,"gold_loss":0.0,"damage_taken":7.0},{"damage_healed":0.0,"max_hp_gain":0.0,"max_hp_loss":0.0,"gold_gain":0.0,"event_name":"Scrap Ooze","player_choice":"Success","floor":5.0,"gold_loss":0.0,"damage_taken":3.0,"relics_obtained":["Frozen Egg 2"]},{"damage_healed":67.0,"max_hp_gain":0.0,"max_hp_loss":0.0,"gold_gain":0.0,"event_name":"Wheel of Change","player_choice":"Full Heal","floor":14.0,"gold_loss":0.0,"damage_taken":0.0},{"damage_healed":0,"gold_gain":0,"player_choice":"Shed Blood","damage_taken":18,"max_hp_gain":5,"max_hp_loss":0,"event_name":"Forgotten Altar","floor":20,"gold_loss":0},{"damage_healed":0,"gold_gain":270,"player_choice":"GOLD GOLD GOLD ","damage_taken":27,"max_hp_gain":0,"max_hp_loss":0,"event_name":"Knowing Skull","floor":21,"potions_obtained":[],"gold_loss":0,"cards_obtained":[]},{"damage_healed":0,"gold_gain":0,"player_choice":"Inject Mutagens","damage_taken":0,"relics_obtained":["MutagenicStrength"],"max_hp_gain":0,"max_hp_loss":0,"event_name":"Drug Dealer","floor":28,"gold_loss":0},{"damage_healed":0,"gold_gain":0,"player_choice":"Memory 1","damage_taken":0,"max_hp_gain":0,"max_hp_loss":0,"event_name":"SensoryStone","floor":36,"gold_loss":0},{"damage_healed":0,"gold_gain":0,"player_choice":"Fight","damage_taken":0,"max_hp_gain":0,"max_hp_loss":0,"event_name":"Mysterious Sphere","floor":37,"gold_loss":0},{"damage_healed":0,"gold_gain":0,"player_choice":"Paid","damage_taken":0,"relics_obtained":["Red Mask"],"max_hp_gain":0,"max_hp_loss":0,"event_name":"Tomb of Lord Red Mask","floor":38,"gold_loss":351}],"is_beta":false,"boss_relics":[{"not_picked":["Astrolabe","REME_DemonsWealth"],"picked":"Pandora\u0027s Box"},{"not_picked":["REME_LowDesire","SlaversCollar"],"picked":"ats:Tactical Delivery"}],"items_purged_floors":[4,29,53],"is_endless":false,"potions_floor_spawned":[1,3,12,13,16,23,24,27,33,37,39,45,46],"ascension_level":1}}