{"host":"jmm0ejj8wulo2lqh","time":1613823701,"event":{"mods":["AchievementEnabler","BaseMod","BetterRewards","Colored Map","Colored Powertips","Conspire","Downfall","Infinite Spire","Koishi","Marisa（霧雨　魔理沙）","Minty Spire (QoL Compilation)","Remilia（蕾米莉?）","Replay The Spire","StSLib","The Bladedancer","The Servant 0.9.4","Transform Curses","Wandering Minibosses"],"gold_per_floor":[114,114,132,142,142,142,157,170,170,198,210,84,100,200,200,297,297,307,325,170,170,101,127,127,127,127,153,153,194,251,350,350,479,479,529,581,145,182,216,258,258,312,324,382,394,442,516,582,594,755,767,843,857,934,948,1012,1111,1123,539,539,560,481,524,524,605,605,763,763,842,842,842,921,921,921,1026,599,623,675,759,820,820,820,820,994,994,1060,1060,558,558,614,682,682,682,736,787,846,910,910,994,994,1171,1171,1265,1366,1109,1109,1195,1609,1331,1331,1331,1456,1406,1506,1506,1618,1618,1832,1832,1971,2120,1773,1773,1902,2049,2199,2199,2222,2381,2381,2561,2561,2767,2767,3062,3162,3387,3070,3279,3325,3534,3804,3804,4066,4066,4066,4066,4066,4340,4660,4660,5055,5055,5055,4708,5056,5495],"floor_reached":158,"language":"ENG","playtime":12619,"items_purged":["Pain","Koishi:BasicStrike","Koishi:BasicStrike","Koishi:BasicDefend","Koishi:BasicDefend","downfall:Icky","Koishi:GhostParty","Koishi:SubconsciousSweep","Koishi:BramblyRoseGarden+1","Koishi:RuptureMind","Injury","Parasite","Koishi:SubterraneanRose+1","Koishi:UnseenTerror+1"],"score":4448,"play_id":"2fcf8fef-bc0c-48ee-8c4f-602338b32dcb","local_time":"20210220222141","is_ascension_mode":false,"campfire_choices":[{"data":"Koishi:Ego","floor":6.0,"key":"SMITH"},{"floor":15.0,"key":"REST"},{"data":"Koishi:ImGoingToCallYouNow","floor":25.0,"key":"SMITH"},{"data":"Koishi:VengefulSpirit","floor":28.0,"key":"SMITH"},{"data":"Koishi:PredatoryInstincts","floor":32.0,"key":"SMITH"},{"data":"Koishi:Catatonia","floor":41.0,"key":"SMITH"},{"floor":49.0,"key":"RECALL"},{"data":"Koishi:PredatoryInstincts","floor":58.0,"key":"SMITH"},{"floor":66.0,"key":"DIG"},{"data":"Koishi:UnconsciousUprising","floor":74.0,"key":"PURGE"},{"data":"infinitespire:DeathsTouch","floor":81.0,"key":"PURGE"},{"data":"Koishi:UnconsciousUprising+1","floor":83.0,"key":"PURGE"},{"data":"Koishi:GeneticsOfTheUnconscious","floor":93.0,"key":"PURGE"},{"data":"Koishi:TremblingHands","floor":100.0,"key":"PURGE"},{"data":"infinitespire:SevenWalls","floor":115.0,"key":"PURGE"},{"data":"Koishi:SubterraneanRose","floor":117.0,"key":"PURGE"},{"data":"Koishi:TerrifyingSpectre","floor":134.0,"key":"SMITH"},{"data":"Koishi:TerrifyingSpectre","floor":147,"key":"SMITH"},{"data":"Koishi:SubterraneanRose+1","floor":151,"key":"PURGE"},{"data":"Koishi:Ego+1","floor":154,"key":"PURGE"}],"circlet_count":0,"master_deck":["Koishi:DanmakuParanoia","Koishi:RacingHeart","Koishi:YoukaiPolygraph","Koishi:ImGoingToCallYouNow+1","Koishi:VengefulSpirit+1","Koishi:PredatoryInstincts+1","Koishi:ParalyzingFear+1","Koishi:MindNumbingTerror","Koishi:Untouchable","Koishi:RacingHeart+1","Koishi:Catatonia+1","Koishi:Catatonia+1","Koishi:TerrifyingSpectre+1","Koishi:TremblingHands+1","Koishi:PredatoryInstincts+1","Koishi:SilentAndRestless","Koishi:TerrifyingSpectre+1","Koishi:PredatoryInstincts+1","Koishi:SilentAndRestless+1","CurseOfTheBell","CurseOfTheBell","Koishi:ImGoingToCallYouNow+1","Koishi:MindNumbingTerror","Koishi:MindNumbingTerror","infinitespire:Menacing","AbeCurse","Koishi:PredatoryInstincts+1"],"relics":["Koishi:ImaginaryFriend","WarpedTongs","Quantum Egg","HornCleat","conspire:SlowCooker","InkBottle","Matryoshka","Happy Flower","infinitespire:Midas Blood","Tiny Chest","ScarletDevilRocket","infinitespire:BottledMercury","conspire:DeflatedDodgeball","infinitespire:EvilPickle","conspire:RunicOctahedron","Ice Cream","conspire:BottledYoYo","Toy Ornithopter","MawBank","wanderingMiniBosses:Inkheart","infinitespire:FocusingShard","Koishi:BloodstainedWhiteRose","Astrolabe","Golden Idol","PreservedInsect","Replay:Bandana","Lantern","Peace Pipe","infinitespire:Lucky Rock","Oddly Smooth Stone","Replay:Wax Seal","Black Star","ReplayTheSpireMod:EnergyBall","infinitespire:Satchel","Kintsugi","Koishi:ImperfectMetamorphosis","Smiling Mask","conspire:TopHat","Bag of Preparation","Vajra","War Paint","Ancient Tea Set","ReplayTheSpireMod:Shallot","Pantograph","downfall:ExtraCursedBell","Blood Vial","Garlic","Incense Burner","Busted Crown","Membership Card","CaptainsWheel","Replay:Bottled Eggs","Divine Protection","Gremlin Horn","Centennial Puzzle","Koishi:TeethAndClaws","Koishi:AHoleWhereASisterShouldBe","Empty Cage","ClockworkSouvenir","Bottled Lightning","Torii","Old Coin","Bronze Scales","Omamori","Pet Ghost","Orrery","Chameleon Ring","Orichalcum","Koishi:LettersToReimu","Replay:Ancient Bell","infinitespire:Beetle Shell","infinitespire:WardingShard","Calipers","OrangePellets","infinitespire:CursedDice","Dream Catcher","MealTicket","White Beast Statue","Regal Pillow","Strawberry","Blue Doll","Replay:PocketPolymizer","Unceasing Top","Anchor","Replay:Wanted Poster","Mummified Hand","ReplayFunnel","Guide Book","Mango","Potion Belt","Bag of Marbles","Ginger","Replay:Rubber Ducky","Replay:Baseball","Koishi:ColorfulDays","Medical Kit","infinitespire:Broken Mirror","ReplayTheSpireMod:Lightbulb","infinitespire:CheckeredPen","StoneCalendar"],"acts_visited":["Exordium","TheCity","TheBeyond","Exordium","TheCity","TheBeyond","Exordium","TheCity","TheBeyond","TheEnding"],"potions_floor_usage":[],"damage_taken":[{"damage":5.0,"enemies":"Jaw Worm","floor":1.0,"turns":6.0},{"damage":15.0,"enemies":"Cultist","floor":3.0,"turns":7.0},{"damage":0.0,"enemies":"Small Slimes","floor":4.0,"turns":3.0},{"damage":10.0,"enemies":"Gremlin Gang","floor":7.0,"turns":6.0},{"damage":7.0,"enemies":"Red Slaver","floor":8.0,"turns":4.0},{"damage":18.0,"enemies":"Gremlin Nob","floor":10.0,"turns":4.0},{"damage":8.0,"enemies":"Exordium Wildlife","floor":11.0,"turns":7.0},{"damage":0.0,"enemies":"Blue Slaver","floor":13.0,"turns":3.0},{"damage":5.0,"enemies":"Slime Boss","floor":16.0,"turns":9.0},{"damage":12.0,"enemies":"2 Thieves","floor":18.0,"turns":5.0},{"damage":3.0,"enemies":"3 Byrds","floor":19.0,"turns":2.0},{"damage":12.0,"enemies":"Nightmare","floor":23.0,"turns":10.0},{"damage":14.0,"enemies":"Slavers","floor":29.0,"turns":5.0},{"damage":3.0,"enemies":"Pondfish","floor":33.0,"turns":10.0},{"damage":24.0,"enemies":"3 Shapes","floor":35.0,"turns":4.0},{"damage":42.0,"enemies":"2 Orb Walkers","floor":36.0,"turns":5.0},{"damage":12.0,"enemies":"Orb Walker","floor":38.0,"turns":7.0},{"damage":12.0,"enemies":"Writhing Mass","floor":39.0,"turns":7.0},{"damage":0.0,"enemies":"Giant Head","floor":40.0,"turns":10.0},{"damage":11.0,"enemies":"Nightmare","floor":42.0,"turns":7.0},{"damage":16.0,"enemies":"3 Darklings","floor":44.0,"turns":8.0},{"damage":0.0,"enemies":"Maw","floor":46.0,"turns":5.0},{"damage":0.0,"enemies":"R_Hoarder","floor":47.0,"turns":7.0},{"damage":9.0,"enemies":"4 Shapes","floor":48.0,"turns":7.0},{"damage":13.0,"enemies":"conspire:OrnateMirror","floor":50.0,"turns":8.0},{"damage":8.0,"enemies":"Small Slimes","floor":52.0,"turns":3.0},{"damage":11.0,"enemies":"Jaw Worm","floor":54.0,"turns":3.0},{"damage":0.0,"enemies":"Lagavulin","floor":57.0,"turns":6.0},{"damage":0.0,"enemies":"conspire:MimicChest","floor":61.0,"turns":6.0},{"damage":0.0,"enemies":"Cultist","floor":63.0,"turns":3.0},{"damage":7.0,"enemies":"Lots of Slimes","floor":65.0,"turns":2.0},{"damage":0.0,"enemies":"Slime Boss","floor":67.0,"turns":3.0},{"damage":12.0,"enemies":"conspire:FuzzyDice","floor":69.0,"turns":5.0},{"damage":0.0,"enemies":"Spheric Guardian","floor":72.0,"turns":3.0},{"damage":21.0,"enemies":"Book of Stabbing","floor":75.0,"turns":4.0},{"damage":0.0,"enemies":"Shelled Parasite and Fungi","floor":78.0,"turns":1.0},{"damage":14.0,"enemies":"conspire:Head Lice","floor":79.0,"turns":5.0},{"damage":13.0,"enemies":"Sentry and Sphere","floor":80.0,"turns":6.0},{"damage":24.0,"enemies":"Collector","floor":84.0,"turns":6.0},{"damage":0.0,"enemies":"3 Darklings","floor":86.0,"turns":6.0},{"damage":0.0,"enemies":"3 Shapes","floor":90.0,"turns":4.0},{"damage":0.0,"enemies":"Nemesis","floor":91.0,"turns":5.0},{"damage":0.0,"enemies":"Transient","floor":95.0,"turns":5.0},{"damage":0.0,"enemies":"3 Darklings","floor":96.0,"turns":4.0},{"damage":0.0,"enemies":"4 Shapes","floor":97.0,"turns":4.0},{"damage":0.0,"enemies":"R_Hoarder","floor":99.0,"turns":5.0},{"damage":9.0,"enemies":"Replay:Hell Engine","floor":101.0,"turns":5.0},{"damage":0.0,"enemies":"2 Louse","floor":103.0,"turns":2.0},{"damage":0.0,"enemies":"Small Slimes","floor":104.0,"turns":2.0},{"damage":0.0,"enemies":"Jaw Worm","floor":107.0,"turns":2.0},{"damage":0.0,"enemies":"Gremlin Nob","floor":108.0,"turns":2.0},{"damage":0.0,"enemies":"Lagavulin","floor":112.0,"turns":3.0},{"damage":0.0,"enemies":"Exordium Thugs","floor":114.0,"turns":4.0},{"damage":0.0,"enemies":"Looter","floor":116.0,"turns":2.0},{"damage":0.0,"enemies":"Fading Forest","floor":118.0,"turns":6.0},{"damage":0.0,"enemies":"2 Thieves","floor":120.0,"turns":3.0},{"damage":0.0,"enemies":"3 Byrds","floor":121.0,"turns":2.0},{"damage":0.0,"enemies":"Centurion and Healer","floor":124.0,"turns":4.0},{"damage":0.0,"enemies":"Nightmare_Alpha","floor":125.0,"turns":6.0},{"damage":0.0,"enemies":"Cultist and Chosen","floor":126.0,"turns":3.0},{"damage":0.0,"enemies":"Snake Plant","floor":129.0,"turns":2.0},{"damage":0.0,"enemies":"Centurion and Healer","floor":131.0,"turns":2.0},{"damage":0.0,"enemies":"Slavers","floor":133.0,"turns":3.0},{"damage":0.0,"enemies":"Champ","floor":135.0,"turns":3.0},{"damage":0.0,"enemies":"Orb Walker","floor":137.0,"turns":2.0},{"damage":0.0,"enemies":"3 Shapes","floor":139.0,"turns":3.0},{"damage":0.0,"enemies":"2 Orb Walkers","floor":140.0,"turns":6.0},{"damage":0.0,"enemies":"Maw","floor":141.0,"turns":7.0},{"damage":0,"enemies":"R_Hoarder","floor":142,"turns":3},{"damage":0,"enemies":"3 Darklings","floor":144,"turns":4},{"damage":0,"enemies":"Jaw Worm Horde","floor":149,"turns":2},{"damage":0,"enemies":"Nemesis","floor":150,"turns":3},{"damage":0,"enemies":"infinitespire:LordOfFortification","floor":152,"turns":9},{"damage":0,"enemies":"Shield and Spear","floor":156,"turns":3},{"damage":0,"enemies":"The Heart","floor":157,"turns":6}],"seed_played":"-4911847032901873687","potions_obtained":[{"floor":3.0,"key":"bronze:BurnAndBuffPotion"},{"floor":10.0,"key":"Fire Potion"},{"floor":11.0,"key":"Explosive Potion"},{"floor":16.0,"key":"AttackPotion"},{"floor":29.0,"key":"CultistPotion"},{"floor":36.0,"key":"PowerPotion"},{"floor":91.0,"key":"AttackPotion"},{"floor":140.0,"key":"LiquidMemories"}],"is_trial":false,"path_per_floor":["M","?","M","M","?","R","M","M","T","E","M","$","M","?","R","B",null,"M","M","$","?","$","NM","T","R","T","T","R","E","?","?","R","B",null,"M","?","$","M","M","E","R","NM","T","M","T","M","E","M","R","B",null,"M","?","M","?","T","E","R","$","T","?","$","M","AVR","M","R_BF","B",null,"M","?","T","M","AVR","R","E","$","T","M","E","M","R","?","R","B",null,"M","?","$","T","M","E","?","R","T","M","M","M","T","E","R_BF","B",null,"M","M","$","T","M","E","$","?","T","E","?","M","R","M","R","B",null,"M","M","$","T","M","NM","M","?","T","M","?","M","AVR","E","R","B",null,"M","$","M","?","M","E","T","M","T","?","R","?","M","E","R","B",null,"R","$","E","B",null],"character_chosen":"KOISHI","items_purchased":["Koishi:UnconsciousUprising","Koishi:UnseenTerror+1","Koishi:GeneticsOfTheUnconscious","conspire:BottledYoYo","Koishi:Untouchable","Lantern","Peace Pipe","Replay:Wax Seal","Vajra","War Paint","Koishi:PredatoryInstincts","Membership Card","CaptainsWheel","Koishi:MindNumbingTerror","Replay:Bottled Eggs","ClockworkSouvenir","Bottled Lightning","Omamori","Pet Ghost","Orrery","OrangePellets","infinitespire:CursedDice","Dream Catcher","Mummified Hand","ReplayFunnel","Guide Book","Medical Kit","infinitespire:Broken Mirror","ReplayTheSpireMod:Lightbulb"],"campfire_rested":1,"item_purchase_floors":[12,20,22,37,37,59,59,62,76,76,76,88,88,88,88,105,105,109,109,109,122,122,122,138,138,138,155,155,155],"current_hp_per_floor":[58,58,45,46,46,46,38,33,33,22,16,16,17,17,35,30,60,60,58,58,58,58,60,60,60,60,60,60,60,60,60,60,60,60,60,55,55,49,60,60,60,60,60,60,60,60,60,60,60,60,60,60,45,47,40,40,60,60,60,60,60,60,60,60,56,56,60,60,60,60,60,60,60,60,60,60,60,60,60,60,60,60,60,60,60,60,60,60,60,60,60,60,60,60,60,60,60,60,60,60,60,60,60,60,60,60,60,60,60,60,60,60,60,60,60,60,60,60,60,60,60,60,60,60,60,60,60,67,67,67,67,64,64,64,64,64,64,64,64,78,78,78,78,78,78,74,74,74,74,74,74,74,74,74,74,74,74],"gold":5495,"neow_bonus":"ONE_RANDOM_RARE_CARD","is_daily":false,"chose_seed":false,"campfire_upgraded":8,"win_rate":0.0,"timestamp":1613823701,"path_taken":["M","?","M","?","?","R","M","M","T","E","?","$","M","?","R","BOSS","M","?","$","?","$","NM","?","R","T","?","R","E","?","?","R","BOSS","M","?","$","M","M","E","R","NM","T","M","?","?","E","M","R","BOSS","BOSS","M","?","M","?","?","E","R","$","T","?","$","?","AVR","M","R_BF","BOSS","M","?","?","?","AVR","R","E","$","T","M","E","M","R","?","R","BOSS","M","?","$","?","?","E","?","R","T","?","M","M","?","E","R_BF","BOSS","M","M","$","?","M","E","$","?","T","E","?","M","R","M","R","BOSS","M","M","$","?","M","NM","M","?","T","M","?","M","AVR","E","R","BOSS","M","$","M","?","M","E","?","M","T","?","R","?","M","E","R","BOSS","R","$","E","BOSS"],"items_purchased_type":["Card","Card","Card","Relic","Card","Relic","Relic","Relic","Relic","Relic","Card","Relic","Relic","Card","Relic","Relic","Relic","Relic","Relic","Relic","Relic","Relic","Relic","Relic","Relic","Relic","Relic","Relic","Relic"],"build_version":"2020-12-22","purchased_purges":14,"victory":true,"max_hp_per_floor":[60,60,60,60,60,60,60,60,60,60,60,60,60,60,60,60,60,60,60,60,60,60,60,60,60,60,60,60,60,60,60,60,60,60,60,60,60,60,60,60,60,60,60,60,60,60,60,60,60,60,60,60,60,60,60,60,60,60,60,60,60,60,60,60,60,60,60,60,60,60,60,60,60,60,60,60,60,60,60,60,60,60,60,60,60,60,60,60,60,60,60,60,60,60,60,60,60,60,60,60,60,60,60,60,60,60,60,60,60,60,60,60,60,60,60,60,60,60,60,60,60,60,60,60,60,60,60,67,67,67,67,64,64,64,64,64,64,64,64,78,78,78,78,78,78,74,74,74,74,74,74,74,74,74,74,74,74],"card_choices":[{"not_picked":["Koishi:EmbryosDream","Koishi:Bloodlust"],"picked":"Koishi:DanmakuParanoia","floor":1.0},{"not_picked":["Koishi:Possession","Koishi:PhantomStrike"],"picked":"Koishi:HeartAttack","floor":3.0},{"not_picked":["Koishi:EmbryosDream","Koishi:JumpScare"],"picked":"Koishi:SubterraneanRose","floor":4.0},{"not_picked":["Koishi:BloodcurdlingScream","Koishi:HeartfeltFancy"],"picked":"Koishi:SubconsciousSweep","floor":7.0},{"not_picked":["Koishi:PhantomStrike","Koishi:HeartfeltFancy"],"picked":"Koishi:RacingHeart","floor":8.0},{"not_picked":["Koishi:CatchAndRose","Koishi:RoseHell"],"picked":"Koishi:YoukaiPolygraph","floor":10.0},{"not_picked":["Koishi:DreadfulBlow","Koishi:FleetingPhantom"],"picked":"Koishi:SubterraneanRose","floor":11.0},{"not_picked":["Koishi:FourthEye","Koishi:Vanish"],"picked":"Koishi:EmbersOfLove","floor":13.0},{"not_picked":["Koishi:MentalBreakdown","Koishi:TerrifyingSpectre"],"picked":"Koishi:ImGoingToCallYouNow","floor":16.0},{"not_picked":["Koishi:CatchAndRose","Koishi:RacingHeart+1"],"picked":"Koishi:GhostParty","floor":18.0},{"not_picked":["Koishi:UnconsciousUprising","Koishi:PhantomStrike+1"],"picked":"Koishi:DreadfulBlow","floor":19.0},{"not_picked":["Koishi:EmbryosDream","Koishi:StingingMind"],"picked":"Koishi:VengefulSpirit","floor":23.0},{"not_picked":["Koishi:RacingHeart","Koishi:PerfectMindControl"],"picked":"Koishi:PredatoryInstincts","floor":29.0},{"not_picked":["Koishi:UnansweredLove","Koishi:PredatoryInstincts"],"picked":"Koishi:ParalyzingFear+1","floor":30.0},{"not_picked":["Koishi:HeartfeltFancy","Koishi:ReflexRadar"],"picked":"Koishi:MindNumbingTerror","floor":30.0},{"not_picked":["Koishi:Ego","Koishi:ConditionedTeleport"],"picked":"Koishi:MentalBreakdown","floor":33.0},{"not_picked":["Koishi:RacingHeart+1","Koishi:RorschachInDanmaku","Koishi:JumpScare"],"picked":"SKIP","floor":35.0},{"not_picked":["Koishi:PhantomStrike","Koishi:PhilosophyOfTheDespised"],"picked":"Koishi:PhantomBarrier+1","floor":36.0},{"not_picked":["Koishi:ParalyzingFear+1","Koishi:HeartfeltFancy+1"],"picked":"Koishi:RacingHeart+1","floor":38.0},{"not_picked":["Koishi:HeartAttack+1","Koishi:RollingInRichesHeart","Koishi:PhantomStrike+1"],"picked":"SKIP","floor":39.0},{"not_picked":["Koishi:FleetingPhantom","Koishi:DreadfulBlow"],"picked":"Koishi:Catatonia","floor":40.0},{"not_picked":["infinitespire:FinalStrike","infinitespire:Collect"],"picked":"infinitespire:SevenWalls","floor":42.0},{"not_picked":["Koishi:BloodcurdlingScream","Koishi:EmbryosDream+1"],"picked":"Koishi:Catatonia+1","floor":42.0},{"not_picked":["Koishi:RacingHeart+1","Koishi:EmbersOfLove+1"],"picked":"Koishi:SubterraneanRose+1","floor":44.0},{"not_picked":["Koishi:HeartfeltFancy","Koishi:JumpScare+1","Koishi:ReleaseOfTheId"],"picked":"SKIP","floor":46.0},{"not_picked":["Koishi:ReleaseOfTheId+1","Koishi:JumpScare+1"],"picked":"Koishi:RuptureMind","floor":47.0},{"not_picked":["Koishi:Bloodlust","Koishi:DreadfulBlow"],"picked":"Koishi:TremblingHands","floor":48.0},{"not_picked":["Koishi:PerfectMindControl","Koishi:GrowingPain"],"picked":"Koishi:TerrifyingSpectre","floor":50.0},{"not_picked":["Koishi:BloodcurdlingScream","Koishi:Vanish","Koishi:GeneticsOfTheUnconscious"],"picked":"SKIP","floor":52.0},{"not_picked":["Koishi:StingingMind","Koishi:JumpScare","Koishi:UnansweredLove"],"picked":"SKIP","floor":54.0},{"not_picked":["Koishi:SpiritedAway","Koishi:BloodcurdlingScream"],"picked":"Koishi:PredatoryInstincts","floor":57.0},{"not_picked":["Koishi:DanmakuParanoia","Koishi:SubconsciousSweep"],"picked":"Koishi:YoukaiPolygraph","floor":63.0},{"not_picked":["Koishi:UnansweredLove","Koishi:ParalyzingFear","Koishi:SubconsciousSweep"],"picked":"SKIP","floor":65.0},{"not_picked":["Koishi:GrowingPain","Koishi:Heartbroken"],"picked":"Koishi:SilentAndRestless","floor":67.0},{"not_picked":["infinitespire:DeathsTouch","infinitespire:TheBestDefense"],"picked":"infinitespire:Starlight","floor":67.0},{"not_picked":["Koishi:ParalyzingFear","Koishi:PhantomStrike","Koishi:IdleWhim+1"],"picked":"SKIP","floor":69.0},{"not_picked":["Koishi:RacingHeart","Koishi:EmbersOfLove","Koishi:Prune"],"picked":"SKIP","floor":72.0},{"not_picked":["Koishi:TremblingHands","Koishi:Possession"],"picked":"Koishi:TerrifyingSpectre","floor":75.0},{"not_picked":["Koishi:UnseenTerror","Koishi:Jaunt","Koishi:PhantomBarrier"],"picked":"SKIP","floor":78.0},{"not_picked":["Koishi:TremblingHands","Koishi:UnansweredLove+1"],"picked":"Koishi:SilentAndRestless","floor":79.0},{"not_picked":["Koishi:YoukaiPolygraph","Koishi:HeartfeltFancy+1","Koishi:UnansweredLove"],"picked":"SKIP","floor":80.0},{"not_picked":["Koishi:Heartbroken","Koishi:RoseHell"],"picked":"Koishi:ImGoingToCallYouNow","floor":84.0},{"not_picked":["Koishi:UnansweredLove+1"],"picked":"SKIP","floor":86.0},{"not_picked":["Koishi:FleetingPhantom"],"picked":"SKIP","floor":90.0},{"not_picked":["Koishi:SpiritedAway"],"picked":"SKIP","floor":91.0},{"not_picked":["Koishi:StrangeCloudFist+1"],"picked":"SKIP","floor":95.0},{"not_picked":["Koishi:EmbryosDream"],"picked":"SKIP","floor":96.0},{"not_picked":["Koishi:GhostParty+1"],"picked":"SKIP","floor":97.0},{"not_picked":["Koishi:FidgetySnatcher+1"],"picked":"SKIP","floor":99.0},{"not_picked":["Koishi:UnseenTerror"],"picked":"SKIP","floor":103.0},{"not_picked":["Koishi:HeartfeltFancy"],"picked":"SKIP","floor":104.0},{"not_picked":["Koishi:CatchAndRose"],"picked":"SKIP","floor":107.0},{"not_picked":["Koishi:UnconsciousUrges"],"picked":"SKIP","floor":108.0},{"not_picked":["Koishi:TerrifyingSpectre"],"picked":"SKIP","floor":112.0},{"not_picked":["Koishi:UnconsciousUprising"],"picked":"SKIP","floor":114.0},{"not_picked":["Koishi:BloodcurdlingScream"],"picked":"SKIP","floor":116.0},{"not_picked":[],"picked":"Replay:Hysterical Blindness","floor":119.0},{"not_picked":[],"picked":"Injury","floor":119.0},{"not_picked":[],"picked":"AbeCurse","floor":119.0},{"not_picked":["Koishi:DanmakuParanoia"],"picked":"SKIP","floor":120.0},{"not_picked":["Koishi:PhantomStrike+1"],"picked":"SKIP","floor":121.0},{"not_picked":["Koishi:SubconsciousSweep"],"picked":"SKIP","floor":124.0},{"not_picked":[],"picked":"Koishi:PredatoryInstincts","floor":125.0},{"not_picked":["Koishi:BloodcurdlingScream"],"picked":"SKIP","floor":126.0},{"not_picked":["Koishi:MassHysteria"],"picked":"SKIP","floor":129.0},{"not_picked":["Koishi:RacingHeart+1"],"picked":"SKIP","floor":131.0},{"not_picked":["Koishi:SprinkleStarAndHeart"],"picked":"SKIP","floor":133.0},{"not_picked":["Koishi:CatchAndRose+1"],"picked":"SKIP","floor":137.0},{"not_picked":["Koishi:JumpScare+1"],"picked":"SKIP","floor":139.0},{"not_picked":["Koishi:SubterraneanRose+1"],"picked":"SKIP","floor":141},{"not_picked":["Koishi:ReflexRadar+1"],"picked":"SKIP","floor":142},{"not_picked":["Koishi:Jaunt"],"picked":"SKIP","floor":144},{"not_picked":["Koishi:ParalyzingFear+1"],"picked":"SKIP","floor":149},{"not_picked":["Koishi:PhantomBarrier"],"picked":"SKIP","floor":150},{"not_picked":["Koishi:JumpScare+1"],"picked":"SKIP","floor":156}],"player_experience":118115,"relics_obtained":[{"floor":9.0,"key":"Quantum Egg"},{"floor":10.0,"key":"HornCleat"},{"floor":23.0,"key":"InkBottle"},{"floor":24.0,"key":"Matryoshka"},{"floor":26.0,"key":"Happy Flower"},{"floor":26.0,"key":"infinitespire:Midas Blood"},{"floor":27.0,"key":"Tiny Chest"},{"floor":27.0,"key":"ScarletDevilRocket"},{"floor":29.0,"key":"infinitespire:BottledMercury"},{"floor":30.0,"key":"conspire:DeflatedDodgeball"},{"floor":36.0,"key":"Ice Cream"},{"floor":40.0,"key":"Toy Ornithopter"},{"floor":42.0,"key":"MawBank"},{"floor":44.0,"key":"wanderingMiniBosses:Inkheart"},{"floor":45.0,"key":"infinitespire:FocusingShard"},{"floor":47.0,"key":"Koishi:BloodstainedWhiteRose"},{"floor":56.0,"key":"PreservedInsect"},{"floor":57.0,"key":"Replay:Bandana"},{"floor":60.0,"key":"infinitespire:Lucky Rock"},{"floor":61.0,"key":"Oddly Smooth Stone"},{"floor":66.0,"key":"infinitespire:Satchel"},{"floor":71.0,"key":"Koishi:ImperfectMetamorphosis"},{"floor":75.0,"key":"conspire:TopHat"},{"floor":75.0,"key":"Bag of Preparation"},{"floor":77.0,"key":"Ancient Tea Set"},{"floor":79.0,"key":"ReplayTheSpireMod:Shallot"},{"floor":79.0,"key":"Pantograph"},{"floor":82.0,"key":"Blood Vial"},{"floor":82.0,"key":"Garlic"},{"floor":82.0,"key":"Incense Burner"},{"floor":89.0,"key":"Divine Protection"},{"floor":91.0,"key":"Gremlin Horn"},{"floor":94.0,"key":"Centennial Puzzle"},{"floor":98.0,"key":"Koishi:TeethAndClaws"},{"floor":99.0,"key":"Koishi:AHoleWhereASisterShouldBe"},{"floor":106.0,"key":"Torii"},{"floor":108.0,"key":"Old Coin"},{"floor":108.0,"key":"Bronze Scales"},{"floor":111.0,"key":"Chameleon Ring"},{"floor":112.0,"key":"Orichalcum"},{"floor":112.0,"key":"Koishi:LettersToReimu"},{"floor":123.0,"key":"MealTicket"},{"floor":125.0,"key":"White Beast Statue"},{"floor":125.0,"key":"Regal Pillow"},{"floor":128.0,"key":"Strawberry"},{"floor":133.0,"key":"Unceasing Top"},{"floor":133.0,"key":"Anchor"},{"floor":140.0,"key":"Mango"},{"floor":142,"key":"Potion Belt"},{"floor":142,"key":"Bag of Marbles"},{"floor":143,"key":"Ginger"},{"floor":150,"key":"Replay:Rubber Ducky"},{"floor":150,"key":"Replay:Baseball"},{"floor":156,"key":"infinitespire:CheckeredPen"},{"floor":156,"key":"StoneCalendar"}],"event_choices":[{"cards_removed":["Koishi:BasicStrike"],"damage_healed":0.0,"max_hp_gain":0.0,"max_hp_loss":0.0,"gold_gain":0.0,"event_name":"Purifier","player_choice":"Purged","floor":2.0,"gold_loss":0.0,"damage_taken":0.0},{"damage_healed":0.0,"max_hp_gain":0.0,"max_hp_loss":0.0,"gold_gain":0.0,"event_name":"Accursed Blacksmith","player_choice":"Rummage","floor":5.0,"gold_loss":0.0,"damage_taken":0.0,"relics_obtained":["WarpedTongs"],"cards_obtained":["Pain"]},{"damage_healed":0.0,"max_hp_gain":0.0,"max_hp_loss":0.0,"gold_gain":100.0,"event_name":"Golden Shrine","player_choice":"Pray","floor":14.0,"gold_loss":0.0,"damage_taken":0.0},{"damage_healed":0.0,"max_hp_gain":0.0,"max_hp_loss":0.0,"gold_gain":99.0,"event_name":"Nest","player_choice":"Stole From Cult","floor":31.0,"gold_loss":0.0,"damage_taken":0.0},{"damage_healed":0.0,"max_hp_gain":0.0,"max_hp_loss":0.0,"gold_gain":0.0,"event_name":"Mysterious Sphere","player_choice":"Fight","floor":36.0,"gold_loss":0.0,"damage_taken":0.0},{"damage_healed":0.0,"max_hp_gain":0.0,"max_hp_loss":0.0,"gold_gain":0.0,"event_name":"Golden Idol","player_choice":"Take Damage","floor":53.0,"gold_loss":0.0,"damage_taken":15.0,"relics_obtained":["Golden Idol"]},{"cards_removed":["Koishi:BasicDefend"],"damage_healed":0.0,"max_hp_gain":0.0,"max_hp_loss":0.0,"gold_gain":0.0,"event_name":"Golden Wing","player_choice":"Card Removal","floor":55.0,"gold_loss":0.0,"damage_taken":7.0},{"damage_healed":0.0,"max_hp_gain":0.0,"max_hp_loss":0.0,"gold_gain":0.0,"event_name":"Tomb of Lord Red Mask","player_choice":"Ignored","floor":87.0,"gold_loss":0.0,"damage_taken":0.0},{"damage_healed":0.0,"max_hp_gain":0.0,"max_hp_loss":0.0,"gold_gain":0.0,"cards_transformed":["infinitespire:Starlight"],"event_name":"Transmorgrifier","player_choice":"Transformed","floor":92.0,"gold_loss":0.0,"damage_taken":0.0,"cards_obtained":["infinitespire:Menacing"]},{"cards_removed":["Koishi:ApparitionsStalkTheNight"],"damage_healed":0.0,"max_hp_gain":0.0,"max_hp_loss":0.0,"gold_gain":0.0,"event_name":"The Cleric","player_choice":"Card Removal","floor":113.0,"gold_loss":50.0,"damage_taken":0.0},{"damage_healed":0.0,"max_hp_gain":0.0,"max_hp_loss":0.0,"gold_gain":0.0,"event_name":"Mysterious Sphere","player_choice":"Fight","floor":140.0,"gold_loss":0.0,"damage_taken":0.0},{"damage_healed":0,"gold_gain":0,"player_choice":"Max HP","damage_taken":0,"max_hp_gain":0,"max_hp_loss":4,"event_name":"Winding Halls","floor":146,"gold_loss":0},{"damage_healed":0,"gold_gain":0,"player_choice":"Ignored","damage_taken":0,"max_hp_gain":0,"max_hp_loss":0,"event_name":"Tomb of Lord Red Mask","floor":148,"gold_loss":0}],"is_beta":false,"boss_relics":[{"not_picked":["ReplayTheSpireMod:SealedPack","Abe\u0027s Treasure"],"picked":"conspire:SlowCooker"},{"not_picked":["Busted Crown","Honey Jar"],"picked":"conspire:RunicOctahedron"},{"not_picked":["Replay:Bronze Core","Runic Dome"],"picked":"Astrolabe"},{"not_picked":["infinitespire:Cupcake","SlaversCollar"],"picked":"Kintsugi"},{"not_picked":["Snecko Eye","Runic Dome"],"picked":"Busted Crown"},{"not_picked":["Sozu","Abe\u0027s Treasure"],"picked":"Empty Cage"},{"not_picked":["Calling Bell","Runic Pyramid"],"picked":"Replay:Ancient Bell"},{"not_picked":["Grinning Jar","Boot"],"picked":"infinitespire:Beetle Shell"},{"not_picked":["Iron Hammer","conspire:Flyswatter"],"picked":"infinitespire:WardingShard"},{"not_picked":["Bird Faced Urn","infinitespire:Lychee Nut"],"picked":"Calipers"},{"not_picked":["Velvet Choker","SacredBark"],"picked":"Replay:Wanted Poster"},{"not_picked":["ChewingGum","conspire:RoyalGoblet"],"picked":"Koishi:ColorfulDays"}],"items_purged_floors":[12,20,37,59,64,73,76,88,105,109,122,132,138,155],"is_endless":true,"potions_floor_spawned":[3,10,11,16,29,33,35,36,48,50,52,57,67,69,78,84,91,96,97,99,104,114,116,118,125,126,129,131,133,135,137,139,140,141,142,144,149,150,152,156,157],"ascension_level":0}}