{"host":"ipcfr4ajj2jkxvg7","time":1613824356,"event":{"mods":["BaseMod","Colored Powertips","GifTheSpireLib","Marisa（F雨　魔理沙）","Minty Spire (QoL Compilation)","Quick Restart","Remilia（蕾米莉亚）","Replay The Spire","RumiaBox-露米娅的神秘盒子","StSLib"],"gold_per_floor":[116,126,126,126,71,101,101,116,116,131,131,131,131,146,146,146,146],"floor_reached":16,"language":"ZHS","playtime":306,"items_purged":[],"score":238,"play_id":"ec59e825-778a-4263-bafe-42826955673d","local_time":"20210220203236","is_ascension_mode":true,"campfire_choices":[{"data":"6A","floor":7.0,"key":"SMITH"},{"data":"AlicesGift","floor":15.0,"key":"SMITH"}],"circlet_count":0,"master_deck":["AscendersBane","Strike_MRS","Strike_MRS","Strike_MRS","Strike_MRS","Defend_MRS","Defend_MRS","Defend_MRS","MasterSpark","UpSweep+1","PulseMagic","Looming Evil","6A+1","6A+1","AlicesGift+1"],"relics":["MiniHakkero","NeowsBlessing","AddBug","SecretRecord","SecretRecord"],"acts_visited":["Exordium"],"potions_floor_usage":[],"damage_taken":[{"damage":0.0,"enemies":"2 Louse","floor":1.0,"turns":1.0},{"damage":0.0,"enemies":"Small Slimes","floor":2.0,"turns":2.0},{"damage":0.0,"enemies":"Lagavulin","floor":6.0,"turns":1.0},{"damage":6.0,"enemies":"Cultist","floor":8.0,"turns":4.0},{"damage":6.0,"enemies":"2 Fungi Beasts","floor":10.0,"turns":4.0},{"damage":3.0,"enemies":"Blue Slaver","floor":14.0,"turns":4.0},{"damage":0,"enemies":"Slime Boss","floor":16,"turns":1}],"seed_played":"-3645822146157912055","potions_obtained":[{"floor":1.0,"key":"Elixir"},{"floor":6.0,"key":"Weak Potion"}],"is_trial":false,"path_per_floor":["M","M","?","?","$","E","R","M","T","M","?","?","?","M","R","B"],"character_chosen":"MARISA","items_purchased":["6A"],"campfire_rested":0,"item_purchase_floors":[5],"current_hp_per_floor":[63,63,63,63,63,63,63,57,57,51,40,40,40,37,37,37,37],"gold":146,"neow_bonus":"THREE_ENEMY_KILL","is_daily":false,"chose_seed":false,"campfire_upgraded":2,"win_rate":0.0,"timestamp":1613824356,"path_taken":["M","M","?","?","$","E","R","?","T","M","?","?","?","?","R","BOSS"],"items_purchased_type":["Card"],"build_version":"2020-12-22","purchased_purges":0,"victory":false,"max_hp_per_floor":[70,70,70,70,70,70,70,70,70,70,77,77,77,77,77,77,77],"card_choices":[{"not_picked":["ChargingUp","6A"],"picked":"PulseMagic","floor":1.0},{"not_picked":["GalacticHalo","6A","GrandCross"],"picked":"SKIP","floor":2.0},{"not_picked":["Singularity","MysteriousBeam","BinaryStars"],"picked":"SKIP","floor":6.0},{"not_picked":["MysteriousBeam","6A","Singularity"],"picked":"SKIP","floor":8.0},{"not_picked":["MysteriousBeam","6A","Singularity"],"picked":"SKIP","floor":8.0},{"not_picked":["RefractionSpark","GravityBeat","AsteroidBelt"],"picked":"SKIP","floor":10.0},{"not_picked":["Orbital","ShootingEcho"],"picked":"AlicesGift","floor":14.0}],"player_experience":486186,"relics_obtained":[{"floor":1.0,"key":"AddBug"},{"floor":3.0,"key":"ReplayTheSpireMod:Ring of Addiction"},{"floor":3.0,"key":"Ring of Peace"},{"floor":6.0,"key":"SecretRecord"},{"floor":6.0,"key":"Question Card"},{"floor":9.0,"key":"MagicDraw3"}],"event_choices":[{"damage_healed":0.0,"max_hp_gain":0.0,"max_hp_loss":0.0,"gold_gain":0.0,"event_name":"Upgrade Shrine","player_choice":"Upgraded","floor":4.0,"gold_loss":0.0,"damage_taken":0.0,"cards_upgraded":["UpSweep"]},{"damage_healed":0.0,"max_hp_gain":0.0,"max_hp_loss":0.0,"gold_gain":0.0,"event_name":"Scrap Ooze","player_choice":"Success","floor":11.0,"gold_loss":0.0,"damage_taken":18.0,"relics_obtained":["Strawberry"]},{"damage_healed":0.0,"max_hp_gain":0.0,"max_hp_loss":0.0,"gold_gain":0.0,"event_name":"Liars Game","player_choice":"Ignored","floor":12.0,"gold_loss":0.0,"damage_taken":0.0}],"is_beta":false,"boss_relics":[],"items_purged_floors":[],"is_endless":false,"potions_floor_spawned":[1,6,10,14],"killed_by":"Slime Boss","ascension_level":18}}