{"host":"ilo0sg5cl3zcnqwd","time":1613844887,"event":{"mods":["BaseMod","Downfall","Minty Spire (QoL Compilation)","StSLib"],"gold_per_floor":[99,115,132,132,132,150,174,184,195,59,59,59,86,96,116,219,219,219,230,242,242,242,260,335,235,247,259,278,278,295,314,328,328,328,328],"floor_reached":33,"language":"ENG","playtime":1273,"items_purged":["downfall:Malfunctioning"],"score":282,"play_id":"f0d00d5a-0942-4e9c-a9cd-59751291c923","local_time":"20210220181447","is_ascension_mode":false,"campfire_choices":[{"data":"bronze:Replicate","floor":1.0,"key":"SMITH"},{"data":"bronze:Iterate","floor":12,"key":"SMITH"},{"floor":18,"key":"RECALL"},{"floor":25,"key":"REST"},{"floor":29,"key":"REST"}],"circlet_count":0,"master_deck":["bronze:Strike","bronze:Strike","bronze:Strike","bronze:Strike+1","bronze:Defend","bronze:Defend+1","bronze:Defend","bronze:Defend+1","bronze:Replicate+1","bronze:Goto","bronze:WhirlingStrike","bronze:FineTuning","bronze:CloningBeam","bronze:DelayedGuard","bronze:FineTuning","bronze:Deprecate","bronze:Iterate+1","bronze:FollowUp","bronze:WhirlingStrike","bronze:Verify","bronze:Shield+1","bronze:Return","bronze:Backtrace","bronze:ChosenStrike","bronze:ForceShield","bronze:FineTuning","bronze:ChosenStrike","bronze:FineTuning","bronze:ClassDefault"],"relics":["bronze:BronzeCore","StrikeDummy","bronze:SilverBullet","StoneCalendar","Fusion Hammer","Mercury Hourglass","downfall:HeartBlessingRed"],"acts_visited":["Exordium","TheCity"],"potions_floor_usage":[],"damage_taken":[{"damage":1.0,"enemies":"Jaw Worm","floor":2.0,"turns":3.0},{"damage":10.0,"enemies":"Small Slimes","floor":3.0,"turns":2.0},{"damage":2.0,"enemies":"2 Louse","floor":6.0,"turns":3.0},{"damage":6.0,"enemies":"Exordium Thugs","floor":8.0,"turns":4.0},{"damage":0.0,"enemies":"Gremlin Gang","floor":9.0,"turns":3.0},{"damage":0,"enemies":"downfall:FleeingMerchant","floor":10,"turns":4},{"damage":10,"enemies":"Gremlin Nob","floor":13,"turns":3},{"damage":4,"enemies":"downfall:LooterAlt","floor":14,"turns":3},{"damage":0,"enemies":"2 Fungi Beasts","floor":15,"turns":2},{"damage":29,"enemies":"DF_ARCHETYPE_STREAMLINE","floor":16,"turns":8},{"damage":5,"enemies":"Chosen","floor":19,"turns":3},{"damage":8,"enemies":"Shell Parasite","floor":20,"turns":5},{"damage":8,"enemies":"3 Cultists","floor":23,"turns":4},{"damage":2,"enemies":"Cultist and Chosen","floor":26,"turns":4},{"damage":21,"enemies":"Snecko","floor":27,"turns":5},{"damage":26,"enemies":"Shelled Parasite and Fungi","floor":28,"turns":4},{"damage":7,"enemies":"Centurion and Healer","floor":30,"turns":5},{"damage":15,"enemies":"3 Cultists","floor":31,"turns":5},{"damage":20,"enemies":"Snake Plant","floor":32,"turns":4},{"damage":11,"enemies":"IC_MUSHROOM_ARCHETYPE","floor":33,"turns":1}],"seed_played":"968818331757129178","potions_obtained":[{"floor":6.0,"key":"champ:CounterPotion"},{"floor":13,"key":"Energy Potion"},{"floor":14,"key":"PowerPotion"},{"floor":27,"key":"bronze:BuildAFunctionPotion"}],"is_trial":false,"path_per_floor":["R","M","M","?","?","M","T","M","M","$","?","R","E","M","M","B",null,"R","M","M","?","?","M","T","R","M","M","M","R","M","M","M","B"],"character_chosen":"THE_AUTOMATON","items_purchased":["bronze:Iterate"],"campfire_rested":2,"item_purchase_floors":[10],"current_hp_per_floor":[77,76,66,66,59,57,57,51,51,51,76,76,66,62,62,33,77,77,72,64,64,64,56,56,77,75,54,28,51,44,29,9,0,0,0],"gold":328,"neow_bonus":"TEN_PERCENT_HP_BONUS","is_daily":false,"chose_seed":false,"campfire_upgraded":2,"win_rate":0.0,"timestamp":1613844887,"path_taken":["R","M","M","?","?","M","T","M","M","$","?","R","E","M","M","BOSS","R","M","M","?","?","M","T","R","?","M","M","R","M","?","M","BOSS"],"items_purchased_type":["Card"],"build_version":"2020-12-22","purchased_purges":1,"victory":false,"max_hp_per_floor":[77,77,77,77,77,77,77,77,77,77,77,77,77,77,77,77,77,77,77,77,77,77,77,77,77,77,77,77,77,77,77,77,77,77,77],"card_choices":[{"not_picked":["bronze:CutThrough","bronze:Boost"],"picked":"bronze:WhirlingStrike","floor":2.0},{"not_picked":["bronze:BugBarrage","bronze:CutThrough"],"picked":"bronze:FineTuning","floor":3.0},{"not_picked":["bronze:Overheat","bronze:Deprecate"],"picked":"bronze:CloningBeam","floor":6.0},{"not_picked":["bronze:AlphaBuild","bronze:Safeguard"],"picked":"bronze:DelayedGuard","floor":8.0},{"not_picked":["bronze:Frontload","bronze:ItsAFeature"],"picked":"bronze:FineTuning","floor":9.0},{"not_picked":["bronze:Frontload","bronze:Overheat"],"picked":"bronze:Deprecate","floor":10},{"not_picked":["bronze:Flail","bronze:Philosophize"],"picked":"bronze:FollowUp","floor":13},{"not_picked":["bronze:DelayedGuard","bronze:WildBeam"],"picked":"bronze:WhirlingStrike","floor":14},{"not_picked":["bronze:Fortify","bronze:NullPointer","bronze:Shell"],"picked":"SKIP","floor":15},{"not_picked":["bronze:ShipIt","bronze:FindAndReplace"],"picked":"bronze:Verify","floor":16},{"not_picked":["bronze:Frontload","bronze:Shield+1","bronze:CutThrough"],"picked":"SKIP","floor":19},{"not_picked":["bronze:Frontload","bronze:CutThrough"],"picked":"bronze:Shield+1","floor":19},{"not_picked":["bronze:FineTuning","bronze:CutThrough+1"],"picked":"bronze:Return","floor":20},{"not_picked":["bronze:Frontload","bronze:WildBeam+1"],"picked":"bronze:ChosenStrike","floor":23},{"not_picked":["bronze:CutThrough+1","bronze:BitShift"],"picked":"bronze:ForceShield","floor":26},{"not_picked":["bronze:Branch","bronze:HyperBeam"],"picked":"bronze:FineTuning","floor":27},{"not_picked":["bronze:GetLatest","bronze:BronzeArmor"],"picked":"bronze:ChosenStrike","floor":28},{"not_picked":["bronze:CutThrough","bronze:Frontload"],"picked":"bronze:FineTuning","floor":30},{"not_picked":["bronze:Shield","bronze:Repulsor","bronze:NullPointer"],"picked":"SKIP","floor":31},{"not_picked":["bronze:Turbo","bronze:Frontload"],"picked":"bronze:ClassDefault","floor":32}],"player_experience":290192,"relics_obtained":[{"floor":7.0,"key":"bronze:SilverBullet"},{"floor":13,"key":"StoneCalendar"},{"floor":24,"key":"Mercury Hourglass"}],"event_choices":[{"damage_healed":0.0,"max_hp_gain":0.0,"max_hp_loss":0.0,"gold_gain":0.0,"event_name":"Scrap Ooze","player_choice":"Success","floor":5.0,"gold_loss":0.0,"damage_taken":7.0,"relics_obtained":["StrikeDummy"]},{"damage_healed":25,"gold_gain":0,"player_choice":"Banana","damage_taken":0,"max_hp_gain":0,"max_hp_loss":0,"event_name":"Big Fish","floor":11,"gold_loss":0},{"damage_healed":0,"gold_gain":0,"player_choice":"Read","damage_taken":0,"max_hp_gain":0,"max_hp_loss":0,"event_name":"The Library","floor":22,"gold_loss":0,"cards_obtained":["bronze:Backtrace"]}],"is_beta":false,"boss_relics":[{"not_picked":["Busted Crown","Snecko Eye"],"picked":"Fusion Hammer"}],"items_purged_floors":[10],"is_endless":false,"potions_floor_spawned":[6,13,14,19,27,31,32],"killed_by":"IC_MUSHROOM_ARCHETYPE","ascension_level":0}}