{"host":"rfvxwqmjnimh09wr","time":1613780753,"event":{"mods":["BaseMod","Colored Map","Hermit","Minty Spire (QoL Compilation)","StSLib"],"gold_per_floor":[110,127,138,42,58,58,68,18,18,52,52,52,81,109,109,109,109],"floor_reached":16,"language":"ENG","playtime":788,"items_purged":[],"score":110,"play_id":"313148a4-5a74-4631-ac0a-af640a4749e4","local_time":"20210219192553","is_ascension_mode":false,"campfire_choices":[{"data":"Pray","floor":6,"key":"SMITH"},{"floor":12,"key":"REST"},{"data":"Blasphemy","floor":15,"key":"SMITH"}],"circlet_count":0,"master_deck":["Strike_P+1","Strike_P+1","Strike_P","Defend_P","Defend_P","Defend_P","Defend_P","Eruption","Vigilance","Prostrate","EmptyBody","Pray+1","BowlingBash","CarveReality","ReachHeaven","Conclude","CarveReality","Blasphemy+1"],"relics":["PureWater","NeowsBlessing","Mummified Hand","Unceasing Top","Odd Mushroom","Singing Bowl"],"acts_visited":["Exordium"],"potions_floor_usage":[7,14,16],"damage_taken":[{"damage":0,"enemies":"Cultist","floor":1,"turns":1},{"damage":0,"enemies":"Small Slimes","floor":2,"turns":1},{"damage":0,"enemies":"Jaw Worm","floor":3,"turns":1},{"damage":4,"enemies":"Exordium Wildlife","floor":5,"turns":4},{"damage":18,"enemies":"Exordium Thugs","floor":7,"turns":6},{"damage":5,"enemies":"Lagavulin","floor":10,"turns":5},{"damage":16,"enemies":"The Mushroom Lair","floor":13,"turns":3},{"damage":19,"enemies":"Gremlin Nob","floor":14,"turns":4},{"damage":100005,"enemies":"The Guardian","floor":16,"turns":6}],"seed_played":"6128478728713615421","potions_obtained":[{"floor":3,"key":"Fruit Juice"},{"floor":7,"key":"SpeedPotion"},{"floor":13,"key":"EssenceOfSteel"},{"floor":14,"key":"Dexterity Potion"}],"is_trial":false,"path_per_floor":["M","M","M","$","M","R","M","?","T","E","?","R","?","E","R","B"],"character_chosen":"WATCHER","items_purchased":["BowlingBash","CarveReality"],"campfire_rested":1,"item_purchase_floors":[4,4],"current_hp_per_floor":[72,72,72,72,68,68,55,55,55,50,35,58,42,23,23,0,0],"gold":109,"neow_bonus":"THREE_ENEMY_KILL","is_daily":false,"chose_seed":false,"campfire_upgraded":2,"win_rate":0.0,"timestamp":1613780753,"path_taken":["M","M","M","$","M","R","M","?","T","E","?","R","?","E","R","BOSS"],"items_purchased_type":["Card","Card"],"build_version":"2020-12-22","purchased_purges":0,"victory":false,"max_hp_per_floor":[72,72,72,72,72,72,77,77,77,77,77,77,77,77,77,77,77],"card_choices":[{"not_picked":["Halt","Fasting2"],"picked":"Prostrate","floor":1},{"not_picked":["JustLucky","Vengeance"],"picked":"EmptyBody","floor":2},{"not_picked":["BowlingBash","Crescendo"],"picked":"Pray","floor":3},{"not_picked":["JustLucky","CrushJoints"],"picked":"ReachHeaven","floor":5},{"not_picked":["Vengeance","CrushJoints","Scrawl"],"picked":"SKIP","floor":7},{"not_picked":["BowlingBash","Halt"],"picked":"Conclude","floor":10},{"not_picked":["EmptyFist","Halt"],"picked":"CarveReality","floor":13},{"not_picked":["ClearTheMind","LikeWater"],"picked":"Blasphemy","floor":14}],"player_experience":210593,"relics_obtained":[{"floor":9,"key":"Mummified Hand"},{"floor":10,"key":"Unceasing Top"},{"floor":13,"key":"Odd Mushroom"},{"floor":14,"key":"Singing Bowl"}],"event_choices":[{"cards_removed":["Strike_P"],"damage_healed":0,"gold_gain":0,"player_choice":"Card Removal","damage_taken":0,"max_hp_gain":0,"max_hp_loss":0,"event_name":"The Cleric","floor":8,"gold_loss":50},{"damage_healed":0,"gold_gain":0,"player_choice":"Entered Light","damage_taken":15,"max_hp_gain":0,"max_hp_loss":0,"event_name":"Shining Light","floor":11,"gold_loss":0,"cards_upgraded":["Strike_P","Strike_P"]},{"damage_healed":0,"gold_gain":0,"player_choice":"Fought Mushrooms","damage_taken":0,"max_hp_gain":0,"max_hp_loss":0,"event_name":"Mushrooms","floor":13,"gold_loss":0}],"is_beta":false,"boss_relics":[],"items_purged_floors":[],"is_endless":false,"potions_floor_spawned":[3,7,13,14],"killed_by":"The Guardian","ascension_level":0}}