{"host":"larixs0aq140idw7","time":1613861634,"event":{"mods":["BaseMod","Colored Powertips","Downfall","Infinite Spire","Minty Spire (QoL Compilation)","Reliquary","StSLib"],"gold_per_floor":[99,99,274,274,274,308,332,344,358,84,84,96,96,111,130,226,226,226,239,87,87,87,99,99,115,134,145,155,180,180,180,191,292,292,292,311,324,338,52,52,52,52,52,52,52,63,91,172,188,283,283,283,208,223,239,249,199,199,229,241,253,253,11,11,36,51,155,155,5,19,38,138,138,156,185,195,207,226,226,51,51,51,66,161,161,111,127,127,147,147,197,227,240,190,203,223,23,23,34,47,47,47,47],"floor_reached":101,"language":"ENG","playtime":7946,"items_purged":["Slimebound:Strike_Slimebound","Slimebound:Defend_Slimebound","Slimebound:Defend_Slimebound","infinitespire:Pacifist","downfall:Malfunctioning","Pain","Slimebound:Strike_Slimebound"],"score":1759,"play_id":"485220f8-38a6-4086-a0b4-689125fe3f96","local_time":"20210220235354","is_ascension_mode":false,"campfire_choices":[{"data":"Slimebound:CorrosiveSpit","floor":1,"key":"SMITH"},{"data":"Slimebound:Nibble","floor":13,"key":"SMITH"},{"data":"Slimebound:Split","floor":18,"key":"SMITH"},{"floor":30,"key":"REST"},{"floor":35,"key":"RECALL"},{"data":"infinitespire:NeuralNetwork","floor":45,"key":"SMITH"},{"data":"Slimebound:AcidTongue","floor":52,"key":"SMITH"},{"data":"Slimebound:MassFeed","floor":57,"key":"SMITH"},{"data":"Slimebound:LeechLife","floor":64,"key":"SMITH"},{"data":"Slimebound:ViciousTackle","floor":69,"key":"SMITH"},{"data":"Slimebound:SplitLeeching","floor":86,"key":"SMITH"},{"data":"Slimebound:Defend_Slimebound","floor":94,"key":"SMITH"},{"data":"Slimebound:Tackle","floor":98,"key":"SMITH"}],"circlet_count":0,"master_deck":["Slimebound:Tackle+1","Slimebound:Defend_Slimebound+1","Slimebound:Split+1","Slimebound:CorrosiveSpit+1","Slimebound:SplitLeeching+1","Slimebound:Equalize+1","Slimebound:FirmFortitude+1","Slimebound:Nibble+1","Slimebound:Dissolve+1","Slimebound:LivingWall+1","Slimebound:LeechLife+1","Slimebound:RainOfGoop+1","Slimebound:GoopSpray+1","Slimebound:MassFeed+1","Slimebound:SplitMire+1","Slimebound:RainOfGoop+1","Slimebound:LeechLife+1","Slimebound:LeechingTouch+1","Slimebound:SplitMire+1","Slimebound:SplitMire+1","Slimebound:PressTheAttack+1","Slimebound:Dissolve+1","Slimebound:RainOfGoop+1","Slimebound:MegaLick+1","Slimebound:WasteNot+1","Slimebound:Dissolve+1","Slimebound:OozeBath+1","Slimebound:Replication+1","infinitespire:Execution+1","infinitespire:NeuralNetwork+1","Slimebound:ViciousTackle+1","Slimebound:AcidTongue+1","Slimebound:Schlurp+1","Slimebound:LeechLife+1","Slimebound:Dissolve+1","Slimebound:HauntingLick+1","Slimebound:RejuvenatingLick+1","Slimebound:MassRepurpose+1","Slimebound:HauntingLick+1","Slimebound:SamplingLick+1","infinitespire:SealOfDarkness+","Slimebound:Schlurp+1","Slimebound:Dissolve+1","Slimebound:HauntingLick+1","Slimebound:ProtectTheBoss+1"],"relics":["Slimebound:AbsorbEndCombatUpgraded","downfall:HeartsMalice","Toxic Egg 2","Ancient Tea Set","infinitespire:Lucky Rock","Cursed Key","DollysMirror","reliquary:Sod","Nloth\u0027s Gift","Frozen Eye","Strawberry","Darkstone Periapt","Philosopher\u0027s Stone","Slimebound:GreedOozeRelic","Bottled Lightning","reliquary:ThirdArm","downfall:HeartBlessingBlue","infinitespire:Joker Card","White Beast Statue","WarpedTongs","Empty Cage","Pocketwatch"],"acts_visited":["Exordium","TheCity","TheBeyond","Exordium","TheCity","TheBeyond"],"potions_floor_usage":[39,39,84,89],"damage_taken":[{"damage":0,"enemies":"Small Slimes","floor":2,"turns":1},{"damage":0,"enemies":"Jaw Worm","floor":4,"turns":1},{"damage":0,"enemies":"Gremlin Nob","floor":6,"turns":1},{"damage":8,"enemies":"2 Louse","floor":8,"turns":3},{"damage":1,"enemies":"Exordium Wildlife","floor":9,"turns":4},{"damage":2,"enemies":"downfall:FleeingMerchant","floor":10,"turns":4},{"damage":0,"enemies":"downfall:LooterAlt","floor":12,"turns":2},{"damage":0,"enemies":"Exordium Thugs","floor":14,"turns":4},{"damage":10,"enemies":"Gremlin Gang","floor":15,"turns":5},{"damage":4,"enemies":"DF_ARCHETYPE_STREAMLINE","floor":16,"turns":9},{"damage":5,"enemies":"Spheric Guardian","floor":19,"turns":4},{"damage":0,"enemies":"downfall:FleeingMerchant","floor":20,"turns":4},{"damage":23,"enemies":"3 Byrds","floor":23,"turns":5},{"damage":4,"enemies":"Snake Plant","floor":25,"turns":3},{"damage":11,"enemies":"Centurion and Healer","floor":26,"turns":4},{"damage":19,"enemies":"Sentry and Sphere","floor":27,"turns":4},{"damage":5,"enemies":"Shelled Parasite and Fungi","floor":28,"turns":3},{"damage":34,"enemies":"Nightmare","floor":29,"turns":5},{"damage":38,"enemies":"Cultist and Chosen","floor":32,"turns":8},{"damage":28,"enemies":"WA_ARCHETYPE_CALM","floor":33,"turns":7},{"damage":9,"enemies":"Orb Walker","floor":36,"turns":2},{"damage":16,"enemies":"3 Shapes","floor":37,"turns":5},{"damage":21,"enemies":"Writhing Mass","floor":38,"turns":5},{"damage":0,"enemies":"downfall:FleeingMerchant","floor":39,"turns":4},{"damage":30,"enemies":"downfall:FleeingMerchant","floor":42,"turns":3},{"damage":49,"enemies":"4 Shapes","floor":46,"turns":4},{"damage":75,"enemies":"Giant Head","floor":47,"turns":9},{"damage":0,"enemies":"downfall:FleeingMerchant","floor":48,"turns":1},{"damage":38,"enemies":"Jaw Worm Horde","floor":49,"turns":4},{"damage":21,"enemies":"SI_POISON_ARCHETYPE","floor":50,"turns":5},{"damage":23,"enemies":"Jaw Worm","floor":54,"turns":2},{"damage":23,"enemies":"Small Slimes","floor":55,"turns":2},{"damage":0,"enemies":"Cultist","floor":56,"turns":2},{"damage":3,"enemies":"Gremlin Nob","floor":59,"turns":2},{"damage":0,"enemies":"2 Fungi Beasts","floor":60,"turns":2},{"damage":6,"enemies":"downfall:LooterAlt","floor":61,"turns":3},{"damage":0,"enemies":"Lagavulin","floor":65,"turns":4},{"damage":0,"enemies":"Large Slime","floor":66,"turns":2},{"damage":3,"enemies":"The Guardian","floor":67,"turns":4},{"damage":16,"enemies":"Chosen","floor":70,"turns":4},{"damage":53,"enemies":"3 Byrds","floor":71,"turns":3},{"damage":23,"enemies":"IC_STATUS_ARCHETYPE","floor":72,"turns":4},{"damage":39,"enemies":"Snake Plant","floor":74,"turns":2},{"damage":57,"enemies":"Gremlin Leader","floor":75,"turns":3},{"damage":12,"enemies":"Centurion and Healer","floor":76,"turns":4},{"damage":9,"enemies":"Snecko","floor":77,"turns":3},{"damage":45,"enemies":"Snake Plant","floor":78,"turns":2},{"damage":20,"enemies":"3 Cultists","floor":83,"turns":3},{"damage":42,"enemies":"Collector","floor":84,"turns":3},{"damage":48,"enemies":"Orb Walker","floor":87,"turns":3},{"damage":25,"enemies":"3 Shapes","floor":89,"turns":6},{"damage":62,"enemies":"2 Orb Walkers","floor":91,"turns":3},{"damage":194,"enemies":"Nightmare_Alpha","floor":92,"turns":6},{"damage":53,"enemies":"Maw","floor":93,"turns":4},{"damage":64,"enemies":"Jaw Worm Horde","floor":95,"turns":4},{"damage":69,"enemies":"Writhing Mass","floor":96,"turns":3},{"damage":61,"enemies":"Transient","floor":99,"turns":5},{"damage":125,"enemies":"4 Shapes","floor":100,"turns":4}],"seed_played":"-9036585975138349825","potions_obtained":[{"floor":6,"key":"SmokeBomb"},{"floor":12,"key":"DuplicationPotion"},{"floor":14,"key":"hexamod:SoulburnPotion"},{"floor":19,"key":"Energy Potion"},{"floor":25,"key":"Guardian:BlockOnCardUsePotion"},{"floor":42,"key":"Dexterity Potion"},{"floor":46,"key":"Energy Potion"},{"floor":67,"key":"FairyPotion"},{"floor":74,"key":"DistilledChaos"},{"floor":83,"key":"infinitespire:BlackPotion"},{"floor":84,"key":"EntropicBrew"},{"floor":89,"key":"Fruit Juice"},{"floor":91,"key":"Swift Potion"}],"is_trial":false,"path_per_floor":["R","M","?","M","?","E","T","M","M","$","?","M","R","M","M","B",null,"R","M","$","?","AVR","M","T","M","M","M","M","NM","R","?","M","B",null,"R","M","M","M","?","?","T","?","?","AVR","R","M","E","$","M","B",null,"R","?","M","M","M","R","T","E","M","M","?","$","R","E","M","B",null,"R","M","M","?","?","M","E","M","M","M","?","$","?","?","M","B",null,"R","M","?","M","?","?","NM","M","R","M","M","$","R","M","M","B"],"character_chosen":"SLIMEBOUND","items_purchased":["Slimebound:LeechLife","Slimebound:SamplingLick+1","Slimebound:RainOfGoop+1","Frozen Eye","Slimebound:AcidTongue","DuplicationPotion","Bottled Lightning"],"campfire_rested":1,"item_purchase_floors":[10,10,20,39,48,48,63],"current_hp_per_floor":[65,65,65,65,65,65,65,63,65,65,65,65,65,65,64,65,65,65,64,65,65,65,65,65,65,64,65,64,37,56,56,24,65,65,65,62,55,40,68,68,75,60,41,41,41,32,78,78,78,69,78,78,78,58,70,76,76,82,85,87,84,89,89,89,92,92,92,92,102,89,59,110,116,84,120,114,120,120,120,120,120,117,117,78,117,117,87,87,112,112,130,53,118,118,126,134,134,134,134,33,33,33,33],"gold":47,"neow_bonus":"THREE_ENEMY_KILL","is_daily":false,"chose_seed":false,"campfire_upgraded":11,"win_rate":0.0,"timestamp":1613861634,"path_taken":["R","M","?","M","?","E","T","M","M","$","?","?","R","M","M","BOSS","R","M","$","?","AVR","M","T","M","?","M","M","NM","R","?","M","BOSS","R","M","?","M","?","?","T","?","?","AVR","R","?","E","?","M","BOSS","R","?","M","M","M","R","T","E","M","M","?","?","R","E","M","BOSS","R","M","M","?","?","M","E","M","?","M","?","$","?","?","M","BOSS","R","M","?","M","?","?","NM","M","R","M","M","$","R","M","M","BOSS"],"items_purchased_type":["Card","Card","Card","Relic","Card","Potion","Relic"],"build_version":"2020-12-22","purchased_purges":7,"victory":false,"max_hp_per_floor":[65,65,65,65,65,65,65,65,65,65,65,65,65,65,65,65,65,65,65,65,65,65,65,65,65,65,65,65,65,65,65,65,65,65,65,65,65,68,68,68,75,78,78,78,78,78,78,78,78,78,78,78,78,78,78,81,81,87,87,87,87,92,92,92,92,92,92,92,102,102,110,110,116,120,120,120,120,120,120,120,120,117,117,117,117,117,117,117,130,130,130,130,130,130,134,134,134,134,134,146,146,146,146],"card_choices":[{"not_picked":["Slimebound:LivingWall","Slimebound:GoopTackle"],"picked":"Slimebound:SplitLeeching","floor":2},{"not_picked":["Slimebound:SplitMire","Slimebound:ItLooksTasty"],"picked":"Slimebound:Equalize","floor":4},{"not_picked":["Slimebound:SlimeSpikes+1","Slimebound:BestDefense"],"picked":"Slimebound:FirmFortitude+1","floor":6},{"not_picked":["Slimebound:BestDefense","Slimebound:ProtectTheBoss"],"picked":"Slimebound:Nibble","floor":8},{"not_picked":["Slimebound:GoopTackle","Slimebound:SlimeSpikes+1"],"picked":"Slimebound:Dissolve+1","floor":9},{"not_picked":["Slimebound:PressTheAttack","Slimebound:ItLooksTasty"],"picked":"Slimebound:LivingWall+1","floor":10},{"not_picked":["Slimebound:ForwardTackle","Slimebound:GrowthPunch","Slimebound:DisruptingSlam"],"picked":"SKIP","floor":12},{"not_picked":["Slimebound:FirmFortitude+1","Slimebound:FlameTackle"],"picked":"Slimebound:RainOfGoop+1","floor":14},{"not_picked":["Slimebound:LeadByExample","Slimebound:Equalize"],"picked":"Slimebound:GoopSpray+1","floor":15},{"not_picked":["Slimebound:SelfFormingGoo","Slimebound:FirmFortitude+1"],"picked":"Slimebound:MassFeed","floor":16},{"not_picked":["Slimebound:LivingWall+1","Slimebound:LeechingTouch"],"picked":"Slimebound:SplitMire+1","floor":19},{"not_picked":["Slimebound:SelfFormingGoo","Slimebound:TongueLash","Slimebound:RollThrough"],"picked":"SKIP","floor":20},{"not_picked":["Slimebound:Schlurp+1","Slimebound:SlimeBarrage"],"picked":"Slimebound:LeechingTouch+1","floor":23},{"not_picked":["Slimebound:PressTheAttack","Slimebound:GoopTackle"],"picked":"Slimebound:SplitMire+1","floor":25},{"not_picked":["Slimebound:ProtectTheBoss","Slimebound:SpikyOuterGoop"],"picked":"Slimebound:SplitMire+1","floor":26},{"not_picked":["Slimebound:LeechEnergy","Slimebound:Overexert"],"picked":"Slimebound:PressTheAttack+1","floor":27},{"not_picked":["Slimebound:ComboTackle","Slimebound:Gluttony"],"picked":"Slimebound:Dissolve+1","floor":28},{"not_picked":["Slimebound:GoopSpray+1","Slimebound:RejuvenatingLick+1"],"picked":"Slimebound:RainOfGoop+1","floor":29},{"not_picked":["Slimebound:FinishingTackle","Slimebound:SlimeBrawl+1"],"picked":"Slimebound:MegaLick+1","floor":32},{"not_picked":["Slimebound:OneTwoCombo","Slimebound:DuplicatedForm"],"picked":"Slimebound:WasteNot+1","floor":33},{"not_picked":["Slimebound:ProtectTheBoss+1","Slimebound:GoopSpray+1"],"picked":"Slimebound:Dissolve+1","floor":36},{"not_picked":["Slimebound:SplitBruiser+1","Slimebound:RainOfGoop+1"],"picked":"Slimebound:OozeBath+1","floor":37},{"not_picked":["Slimebound:SlimeSpikes+1","Slimebound:SplitAcid+1","Slimebound:Grow"],"picked":"SKIP","floor":38},{"not_picked":["Slimebound:BestDefense","Slimebound:LeechingTouch"],"picked":"Slimebound:Equalize+1","floor":39},{"not_picked":["Slimebound:SplitAcid+1","Slimebound:TongueLash+1"],"picked":"Slimebound:Replication+1","floor":42},{"not_picked":["infinitespire:Collect","infinitespire:SevenWalls"],"picked":"infinitespire:Execution","floor":43},{"not_picked":["Slimebound:FormOfPuddle+1","Slimebound:LeadByExample","Slimebound:SplitAcid+1"],"picked":"SKIP","floor":46},{"not_picked":["Slimebound:ItLooksTasty","Slimebound:SplitAcid+1"],"picked":"Slimebound:ViciousTackle","floor":47},{"not_picked":["Slimebound:GoopSpray+1","Slimebound:DuplicatedForm","Slimebound:SplitAcid+1"],"picked":"SKIP","floor":48},{"not_picked":["Slimebound:ViciousTackle","Slimebound:FinishingTackle+1"],"picked":"Slimebound:Schlurp+1","floor":49},{"not_picked":["Slimebound:PrepareCrush+1","Slimebound:OneTwoCombo"],"picked":"Slimebound:LeechLife","floor":50},{"not_picked":["Slimebound:LivingWall+1","Slimebound:ComboTackle","Slimebound:SelfFormingGoo"],"picked":"SKIP","floor":54},{"not_picked":["Slimebound:AcidTongue","Slimebound:ComboTackle"],"picked":"Slimebound:Dissolve+1","floor":55},{"not_picked":["Slimebound:ComboTackle","Slimebound:WasteNot+1","Slimebound:SplitBruiser+1"],"picked":"SKIP","floor":56},{"not_picked":["Slimebound:LeechingTouch","Slimebound:Teamwork+1"],"picked":"Slimebound:HauntingLick+1","floor":59},{"not_picked":["Slimebound:SlimeBarrage","Slimebound:SlimeBrawl+1","Slimebound:RainOfGoop+1"],"picked":"SKIP","floor":60},{"not_picked":["Slimebound:MegaLick+1","Slimebound:SplitBruiser+1"],"picked":"Slimebound:RejuvenatingLick+1","floor":61},{"not_picked":["Slimebound:Nibble","Slimebound:LeechLife","Slimebound:MinionMaster"],"picked":"SKIP","floor":65},{"not_picked":["Slimebound:Repurpose+1","Slimebound:ItLooksTasty"],"picked":"Slimebound:MassRepurpose+1","floor":66},{"not_picked":["Slimebound:SlimeTap+1","Slimebound:ComboTackle","Slimebound:Chomp"],"picked":"SKIP","floor":70},{"not_picked":["Slimebound:SpikyOuterGoop","Slimebound:ProtectTheBoss","Slimebound:Prepare+1"],"picked":"SKIP","floor":71},{"not_picked":["Slimebound:LeechEnergy","Slimebound:ComboTackle","Slimebound:Replication+1"],"picked":"SKIP","floor":74},{"not_picked":["Slimebound:LeechingTouch","Slimebound:GrowthPunch","Slimebound:Gluttony"],"picked":"SKIP","floor":75},{"not_picked":["Slimebound:ComboTackle","Slimebound:RollThrough","Slimebound:TongueLash+1"],"picked":"SKIP","floor":76},{"not_picked":["Slimebound:Gluttony","Slimebound:DuplicatedForm"],"picked":"Slimebound:HauntingLick+1","floor":77},{"not_picked":["Slimebound:SplitMire+1","Slimebound:Gluttony"],"picked":"Slimebound:SamplingLick+1","floor":78},{"not_picked":["Slimebound:Replication+1","Slimebound:SplitLeeching+1","Slimebound:Equalize"],"picked":"SKIP","floor":83},{"not_picked":["infinitespire:Gouge","infinitespire:SevenWalls"],"picked":"infinitespire:SealOfDarkness+","floor":84},{"not_picked":["Slimebound:Overexert","Slimebound:SlimeBarrage+1"],"picked":"Slimebound:Schlurp+1","floor":87},{"not_picked":["Slimebound:DisruptingSlam","Slimebound:LeechEnergy"],"picked":"Slimebound:Dissolve+1","floor":89},{"not_picked":["infinitespire:Starlight","infinitespire:Collect"],"picked":"infinitespire:SealOfDarkness+","floor":92},{"not_picked":["Slimebound:TongueLash","Slimebound:Schlurp+1","Slimebound:RainOfGoop+1"],"picked":"SKIP","floor":92},{"not_picked":["Slimebound:SplitBruiser+1","Slimebound:PressTheAttack","Slimebound:DisruptingSlam+1"],"picked":"SKIP","floor":93},{"not_picked":["Slimebound:BestDefense+1","Slimebound:LeechEnergy"],"picked":"Slimebound:HauntingLick+1","floor":95},{"not_picked":["Slimebound:FlameTackle+1","Slimebound:LeechingTouch+1"],"picked":"Slimebound:ProtectTheBoss+1","floor":96},{"not_picked":["Slimebound:GoopSpray+1","Slimebound:Equalize+1","Slimebound:OneTwoCombo"],"picked":"SKIP","floor":99},{"not_picked":["Slimebound:GoopTackle","Slimebound:PressTheAttack+1","Slimebound:WasteNot+1"],"picked":"SKIP","floor":100}],"player_experience":1146,"relics_obtained":[{"floor":5,"key":"Toxic Egg 2"},{"floor":6,"key":"Ancient Tea Set"},{"floor":7,"key":"infinitespire:Lucky Rock"},{"floor":24,"key":"reliquary:Sod"},{"floor":29,"key":"reliquary:QuartzCube"},{"floor":41,"key":"Strawberry"},{"floor":47,"key":"Darkstone Periapt"},{"floor":72,"key":"infinitespire:Joker Card"},{"floor":72,"key":"White Beast Statue"},{"floor":91,"key":"Pocketwatch"}],"event_choices":[{"cards_removed":["Slimebound:SamplingLick"],"damage_healed":0,"gold_gain":0,"player_choice":"Removed Skill","damage_taken":0,"max_hp_gain":0,"max_hp_loss":0,"event_name":"Falling","floor":40,"gold_loss":0},{"damage_healed":0,"gold_gain":0,"player_choice":"Donut","damage_taken":0,"max_hp_gain":5,"max_hp_loss":0,"event_name":"Big Fish","floor":62,"gold_loss":0},{"damage_healed":0,"gold_gain":0,"player_choice":"Rummage","damage_taken":0,"relics_obtained":["WarpedTongs"],"max_hp_gain":0,"max_hp_loss":0,"event_name":"Accursed Blacksmith","floor":73,"gold_loss":0,"cards_obtained":["Pain"]},{"cards_removed":["Slimebound:Equalize"],"damage_healed":0,"gold_gain":0,"player_choice":"Removed Attack","damage_taken":0,"max_hp_gain":0,"max_hp_loss":0,"event_name":"Falling","floor":88,"gold_loss":0},{"damage_healed":0,"gold_gain":0,"player_choice":"Fight","damage_taken":0,"max_hp_gain":0,"max_hp_loss":0,"event_name":"Mysterious Sphere","floor":91,"gold_loss":0}],"is_beta":false,"boss_relics":[{"not_picked":["Busted Crown","Astrolabe"],"picked":"Cursed Key"},{"not_picked":["Snecko Eye","reliquary:RedPaperclip"],"picked":"Slimebound:AbsorbEndCombatUpgraded"},{"not_picked":["SacredBark","Calling Bell"],"picked":"Philosopher\u0027s Stone"},{"not_picked":["SacredBark","Calling Bell"],"picked":"reliquary:ThirdArm"},{"not_picked":["Astrolabe","Snecko Eye"],"picked":"Empty Cage"}],"items_purged_floors":[10,20,22,39,48,80,97],"is_endless":true,"potions_floor_spawned":[6,12,14,15,16,19,25,26,27,36,38,42,46,50,55,59,67,71,72,74,75,76,77,78,83,84,87,89,91,92,93,95,96,99,100],"killed_by":"Awakened One","ascension_level":0}}