{"host":"ywif2ugnepgiw45s","time":1613782075,"event":{"mods":["Act Like it!","BaseMod","Better Skull","Bossed Relics","Downfall","Elementarium","GifTheSpireLib","Hermit","Lobotomy","Minty Spire (QoL Compilation)","READ ME - Guardian Mod","Shade Mod","Shapeshifter Mod","Shop Mod","StSLib","The Cursed","The Exalted","The Jungle","The Servant 0.9.4"],"gold_per_floor":[112,132,146,146,164,194,194,221,221,221,73,73,92,17,17,119,119,130,143,143,158,158,158,171,71,152,152,170,195,118,128,128,223,223,238,284,334,348,360,394,394,405,430,305,9,22,48,63,63,63,63,63,28,53,53,53],"floor_reached":55,"language":"ENG","playtime":2840,"items_purged":["StSShapeShifter:ShapeShifter_Strike","StSShapeShifter:ShapeShifter_Strike","StSShapeShifter:ShapeShifter_Strike","StSShapeShifter:ShapeShifter_Strike"],"score":734,"play_id":"51b39419-ac6a-4d83-a674-d852a8f8ab7a","local_time":"20210219194755","is_ascension_mode":false,"campfire_choices":[{"floor":7,"key":"REST"},{"floor":10,"key":"REST"},{"data":"StSShapeShifter:BladeOfGrass","floor":15,"key":"SMITH"},{"floor":23,"key":"REST"},{"floor":27,"key":"REST"},{"data":"StSShapeShifter:Synchronicity","floor":32,"key":"SMITH"},{"floor":41,"key":"DIG"},{"floor":49,"key":"RECALL"},{"floor":52,"key":"DIG"}],"circlet_count":0,"master_deck":["StSShapeShifter:ShapeShifter_Defend","StSShapeShifter:ShapeShifter_Defend","StSShapeShifter:ShapeShifter_Defend","StSShapeShifter:ShapeShifter_Defend","StSShapeShifter:ShapeShifter_Defend","StSShapeShifter:Tortoise_Form","StSShapeShifter:Lynx_Form","StSShapeShifter:Hunt","StSShapeShifter:BurstingSpore","StSShapeShifter:AdaptiveStrikes","StSShapeShifter:SpiritOfTheEarth","StSShapeShifter:BladeOfGrass+1","StSShapeShifter:PhoenixForm","StSShapeShifter:BurrBomb","StSShapeShifter:RaptorForm+1","StSShapeShifter:Synchronicity+1","StSShapeShifter:MooseForm","StSShapeShifter:BulwarkOfDiscovery","StSShapeShifter:Efflorescence","StSShapeShifter:Forgiveness","StSShapeShifter:CosmicShifter","StSShapeShifter:EmbraceTheCycle+1","StSShapeShifter:RestoreBalance","StSShapeShifter:EntForm+1","StSShapeShifter:BladeOfGrass+1","StSShapeShifter:LeapingSlash","StSShapeShifter:Guard"],"relics":["StSShapeShifter:AnimalHeart","StSShapeShifter:TheShapeShiftersMagnolia","Ginger","HornCleat","StrikeDummy","Guardian:PocketSentry","Pandora\u0027s Box","StSShapeShifter:DruidicMedallion","Bottled Tornado","Pantograph","Sozu","Shovel","Bromod:ArcanePulse","Blood Vial","StSShapeShifter:PetrifiedLog","Medical Kit","Thread and Needle","StSShapeShifter:Fertilizer","Bronze Scales"],"acts_visited":["Exordium","TheCity","TheBeyond","TheEnding"],"potions_floor_usage":[6,33,55,55,55],"damage_taken":[{"damage":0,"enemies":"Cultist","floor":1,"turns":4},{"damage":0,"enemies":"2 Louse","floor":2,"turns":2},{"damage":0,"enemies":"Small Slimes","floor":3,"turns":2},{"damage":21,"enemies":"Gremlin Gang","floor":5,"turns":4},{"damage":27,"enemies":"Gremlin Nob","floor":6,"turns":5},{"damage":21,"enemies":"3 Sentries","floor":8,"turns":9},{"damage":0,"enemies":"Lots of Slimes","floor":13,"turns":3},{"damage":27,"enemies":"The Guardian","floor":16,"turns":13},{"damage":8,"enemies":"Spheric Guardian","floor":18,"turns":4},{"damage":4,"enemies":"Shell Parasite","floor":19,"turns":4},{"damage":39,"enemies":"Shelled Parasite and Fungi","floor":21,"turns":5},{"damage":30,"enemies":"3 Cultists","floor":24,"turns":5},{"damage":0,"enemies":"Cultist and Chosen","floor":28,"turns":5},{"damage":0,"enemies":"Book of Stabbing","floor":29,"turns":5},{"damage":0,"enemies":"Snake Plant","floor":31,"turns":4},{"damage":18,"enemies":"Collector","floor":33,"turns":12},{"damage":7,"enemies":"Orb Walker","floor":35,"turns":4},{"damage":12,"enemies":"2 Orb Walkers","floor":36,"turns":6},{"damage":15,"enemies":"Mind Bloom Boss Battle","floor":37,"turns":8},{"damage":5,"enemies":"3 Shapes","floor":38,"turns":5},{"damage":15,"enemies":"Sphere and 2 Shapes","floor":39,"turns":6},{"damage":6,"enemies":"Reptomancer","floor":40,"turns":9},{"damage":26,"enemies":"Jaw Worm Horde","floor":42,"turns":6},{"damage":24,"enemies":"Transient","floor":46,"turns":5},{"damage":38,"enemies":"Nemesis","floor":47,"turns":9},{"damage":2,"enemies":"3 Darklings","floor":48,"turns":7},{"damage":64,"enemies":"Awakened One","floor":50,"turns":16},{"damage":67,"enemies":"Shield and Spear","floor":54,"turns":11},{"damage":121,"enemies":"The Heart","floor":55,"turns":12}],"seed_played":"5908067183902422702","potions_obtained":[{"floor":1,"key":"ColorlessPotion"},{"floor":8,"key":"Strength Potion"},{"floor":13,"key":"Dexterity Potion"},{"floor":16,"key":"BlessingOfTheForge"},{"floor":28,"key":"Block Potion"},{"floor":31,"key":"champ:CounterPotion"},{"floor":33,"key":"Dexterity Potion"}],"is_trial":false,"path_per_floor":["M","M","M","?","M","E","R","E","T","R","$","$","M","$","R","B",null,"M","M","?","M","?","R","M","$","T","R","M","E","$","M","R","B",null,"M","?","?","M","M","E","R","M","T","$","$","M","E","M","R","B",null,"R","$","E","B"],"character_chosen":"SHAPESHIFTER","items_purchased":["Guardian:PocketSentry","StSShapeShifter:Efflorescence","Medical Kit","StSShapeShifter:LeapingSlash"],"campfire_rested":4,"item_purchase_floors":[11,30,45,53],"current_hp_per_floor":[57,57,57,57,36,9,32,11,11,34,34,34,34,34,34,7,78,70,66,51,12,12,36,6,6,6,30,30,30,30,30,30,37,83,82,77,76,76,67,66,66,55,55,55,55,54,44,70,70,46,83,83,83,61,0,0],"gold":53,"neow_bonus":"ONE_RARE_RELIC","is_daily":false,"chose_seed":false,"campfire_upgraded":2,"win_rate":0.0,"timestamp":1613782075,"path_taken":["M","M","M","?","M","E","R","E","T","R","?","$","M","$","R","BOSS","M","?","?","M","?","R","?","$","T","R","M","E","?","M","R","BOSS","M","?","?","M","M","E","R","M","T","?","$","M","E","?","R","BOSS","R","$","E","BOSS"],"items_purchased_type":["Relic","Card","Relic","Card"],"build_version":"2020-12-22","purchased_purges":4,"victory":false,"max_hp_per_floor":[78,78,78,78,78,78,78,78,78,78,78,78,78,78,78,78,78,78,78,83,83,83,83,83,83,83,83,83,83,83,83,83,83,83,83,83,83,83,83,83,83,83,83,83,83,83,83,83,83,83,83,83,83,83,83,83],"card_choices":[{"not_picked":["StSShapeShifter:BearForm","StSShapeShifter:ShiftingStrike"],"picked":"StSShapeShifter:Hunt","floor":1},{"not_picked":["StSShapeShifter:FruitBasket","StSShapeShifter:MagicMushrooms"],"picked":"StSShapeShifter:BurstingSpore","floor":2},{"not_picked":["StSShapeShifter:SquirrelForm","StSShapeShifter:MonkeyForm"],"picked":"StSShapeShifter:AdaptiveStrikes","floor":3},{"not_picked":["StSShapeShifter:ThornToss","StSShapeShifter:VileMushroom","StSShapeShifter:OakBlade"],"picked":"SKIP","floor":5},{"not_picked":["StSShapeShifter:DeepWound","StSShapeShifter:BearForm"],"picked":"StSShapeShifter:SpiritOfTheEarth","floor":6},{"not_picked":["StSShapeShifter:Roar","StSShapeShifter:Guard"],"picked":"StSShapeShifter:BladeOfGrass","floor":8},{"not_picked":["StSShapeShifter:VineHandcuffs","StSShapeShifter:Rest"],"picked":"StSShapeShifter:PhoenixForm","floor":13},{"not_picked":["StSShapeShifter:MooseForm","StSShapeShifter:Winter"],"picked":"StSShapeShifter:BurrBomb","floor":16},{"not_picked":["StSShapeShifter:Bonk","StSShapeShifter:RockSlide"],"picked":"StSShapeShifter:RaptorForm+1","floor":18},{"not_picked":["StSShapeShifter:DeerForm+1","StSShapeShifter:Maul"],"picked":"StSShapeShifter:Synchronicity","floor":19},{"not_picked":["StSShapeShifter:Guard","StSShapeShifter:ShiftingStrike+1"],"picked":"StSShapeShifter:MooseForm","floor":21},{"not_picked":["StSShapeShifter:OakBlade","StSShapeShifter:FlowerShield","StSShapeShifter:Rest"],"picked":"SKIP","floor":24},{"not_picked":["StSShapeShifter:BearForm","StSShapeShifter:ShiftingStrike","StSShapeShifter:RaptorForm+1"],"picked":"SKIP","floor":28},{"not_picked":["StSShapeShifter:Evolution","StSShapeShifter:MammothForm"],"picked":"StSShapeShifter:BulwarkOfDiscovery","floor":29},{"not_picked":["StSShapeShifter:ThornToss","StSShapeShifter:CursedApple","StSShapeShifter:Roar+1"],"picked":"SKIP","floor":31},{"not_picked":["StSShapeShifter:Autumn","StSShapeShifter:RhinoCalfForm"],"picked":"StSShapeShifter:Forgiveness","floor":33},{"not_picked":["StSShapeShifter:DeerForm+1","StSShapeShifter:SunflowerShuriken+1","StSShapeShifter:Roar"],"picked":"SKIP","floor":35},{"not_picked":["StSShapeShifter:Sapling","StSShapeShifter:DiverseSpirit+1"],"picked":"StSShapeShifter:CosmicShifter","floor":36},{"not_picked":["StSShapeShifter:Roar","StSShapeShifter:OwlForm+1"],"picked":"StSShapeShifter:EmbraceTheCycle+1","floor":38},{"not_picked":["StSShapeShifter:HippoForm+1","StSShapeShifter:IntimidatingAura+1","StSShapeShifter:DeerForm+1"],"picked":"SKIP","floor":39},{"not_picked":["StSShapeShifter:Sapling","StSShapeShifter:ShiftingStrike+1"],"picked":"StSShapeShifter:RestoreBalance","floor":40},{"not_picked":["StSShapeShifter:AdaptiveStrikes+1","StSShapeShifter:DiverseSpirit+1"],"picked":"StSShapeShifter:EntForm+1","floor":42},{"not_picked":["StSShapeShifter:SunflowerShuriken","StSShapeShifter:Roar+1","StSShapeShifter:DeerForm+1"],"picked":"SKIP","floor":46},{"not_picked":["StSShapeShifter:RockSlide","StSShapeShifter:MonkeyForm+1"],"picked":"StSShapeShifter:BladeOfGrass+1","floor":47},{"not_picked":["StSShapeShifter:Sapling+1","StSShapeShifter:Maul+1","StSShapeShifter:BarkSkin"],"picked":"SKIP","floor":48},{"not_picked":["StSShapeShifter:EmbraceTheCycle","StSShapeShifter:Mystical_Branch"],"picked":"StSShapeShifter:Guard","floor":54}],"player_experience":1815959,"relics_obtained":[{"floor":6,"key":"HornCleat"},{"floor":9,"key":"StrikeDummy"},{"floor":26,"key":"Bottled Tornado"},{"floor":29,"key":"Pantograph"},{"floor":36,"key":"Shovel"},{"floor":37,"key":"Bromod:ArcanePulse"},{"floor":40,"key":"Blood Vial"},{"floor":41,"key":"StSShapeShifter:PetrifiedLog"},{"floor":47,"key":"Thread and Needle"},{"floor":52,"key":"StSShapeShifter:Fertilizer"},{"floor":54,"key":"Bronze Scales"}],"event_choices":[{"cards_removed":["StSShapeShifter:ShapeShifter_Strike"],"damage_healed":0,"gold_gain":0,"player_choice":"Purged","damage_taken":0,"max_hp_gain":0,"max_hp_loss":0,"event_name":"Purifier","floor":4,"gold_loss":0},{"damage_healed":0,"gold_gain":0,"player_choice":"Shed Blood","damage_taken":20,"max_hp_gain":5,"max_hp_loss":0,"event_name":"Forgotten Altar","floor":20,"gold_loss":0},{"damage_healed":0,"gold_gain":0,"player_choice":"Gave Potion","damage_taken":0,"relics_obtained":["StSShapeShifter:DruidicMedallion"],"max_hp_gain":0,"max_hp_loss":0,"event_name":"WeMeetAgain","floor":22,"gold_loss":0},{"damage_healed":0,"gold_gain":0,"player_choice":"Fight","damage_taken":0,"max_hp_gain":0,"max_hp_loss":0,"event_name":"Mysterious Sphere","floor":36,"gold_loss":0},{"damage_healed":0,"gold_gain":0,"player_choice":"Fight","damage_taken":0,"max_hp_gain":0,"max_hp_loss":0,"event_name":"MindBloom","floor":37,"gold_loss":0}],"is_beta":false,"boss_relics":[{"not_picked":["Snecko Eye","Runic Dome"],"picked":"Pandora\u0027s Box"},{"not_picked":["Fusion Hammer","Calling Bell"],"picked":"Sozu"}],"items_purged_floors":[14,25,44,45],"is_endless":false,"potions_floor_spawned":[1,8,13,16,21,28,31,33,36,37,42,46,47,54],"killed_by":"The Heart","ascension_level":0}}