{"host":"bx8ylsmj2ob6hd5u","time":1613840204,"event":{"mods":["AchievementEnabler","Act Like it!","Aspiration","BaseMod","Colored Map","Downfall","Duelist Mod","Friendly Minions","Gensokyo","GifTheSpireLib","Hallownest","Hermit","HololiveMod","Hubris","Infinite Spire","Jorbs\u0027s Wanderer Trilogy","KinomotoSakuraMod(????)","Kiyohime????","Koishi","KomeijiMod","Lobotomy","LobotomyExtend","Marisa????????","Minty Spire (QoL Compilation)","Prisma Mod","Rare Cards Sparkle","Reimu??????","Remilia??????","Replay The Spire","StSLib","Td1madao Mod","The Administrix","The Animator","The Bug Knight","The Construct","The Cursed","The Disciple","The Hierophant","The Necromancer","The Poker Player","The Runesmith","The Senshi","The Servant 0.9.4","WarShipGirlsR/????R mod"],"gold_per_floor":[17,17,36,86,96,96,96,26,52,64,91,103,144,176,188,307,319,353,369,369],"floor_reached":19,"language":"ENG","playtime":1687,"items_purged":[],"score":169,"play_id":"1060324c-d203-4b74-be0e-c669e86ed326","local_time":"20210220185644","is_ascension_mode":false,"campfire_choices":[{"data":"Mayhem","floor":7,"key":"SMITH"},{"data":"Eruption","floor":10,"key":"SMITH"},{"data":"hubris:Counter","floor":15,"key":"SMITH"}],"circlet_count":0,"master_deck":["Strike_P","Strike_P","Strike_P","Defend_P","Defend_P","Eruption+1","Vigilance","Mayhem+1","Sanctity","hubris:Counter+1","Calculated Gamble","Poison Darts","DeceiveReality","Delirium","MasterReality+1","PathToVictory","Gensokyo:CrescentMoonSlash","Looming Evil","FlurryOfBlows","Blasphemy+1","animator:Curse_Nutcracker","Alpha+1","Prostrate"],"relics":["PureWater","LetterFromLob","ReplayTheSpireMod:Ring of Collecting","Ring of Greed","Golden Egg","Blue Doll","Replay:Bandana","Ring of Hypnosis","MawBank","aspiration:PoetsPen_weak"],"acts_visited":["Exordium","Gensokyo:Gensokyo"],"potions_floor_usage":[6,16],"damage_taken":[{"damage":0,"enemies":"Gensokyo:3_Fairies","floor":1,"turns":3},{"damage":0,"enemies":"Gensokyo:2_Kodama","floor":3,"turns":4},{"damage":10,"enemies":"Gensokyo:Python","floor":5,"turns":6},{"damage":5,"enemies":"Gensokyo:Cirno","floor":6,"turns":4},{"damage":2,"enemies":"Gensokyo:VengefulSpirit","floor":11,"turns":4},{"damage":1,"enemies":"Gensokyo:5_Fairies","floor":13,"turns":4},{"damage":0,"enemies":"Gensokyo:Kitsune","floor":14,"turns":3},{"damage":19,"enemies":"Gensokyo:Kokoro","floor":16,"turns":12},{"damage":25,"enemies":"Gensokyo:2_Gloops","floor":18,"turns":4},{"damage":22,"enemies":"Gensokyo:CosmicMonolith","floor":19,"turns":3}],"seed_played":"-6039708540496579043","potions_obtained":[{"floor":5,"key":"SmokeBomb"},{"floor":11,"key":"LifebloodPotion"}],"is_trial":false,"path_per_floor":["M","?","M","?","M","E","R","?","T","R","M","?","M","M","R","B",null,"M","M"],"character_chosen":"WATCHER","items_purchased":[],"campfire_rested":0,"item_purchase_floors":[],"current_hp_per_floor":[72,72,72,72,62,57,57,57,57,57,55,45,44,44,44,25,72,47,25,25],"gold":369,"neow_bonus":"RANDOM_COLORLESS_2","is_daily":false,"chose_seed":false,"campfire_upgraded":3,"win_rate":0.0,"timestamp":1613840204,"path_taken":["M","?","?","?","M","E","R","?","T","R","M","?","M","M","R","BOSS","M","M"],"items_purchased_type":[],"build_version":"2020-12-22","purchased_purges":0,"victory":false,"max_hp_per_floor":[72,72,72,72,72,72,72,72,72,72,72,72,72,72,72,72,72,72,72,72],"card_choices":[{"not_picked":["Master of Strategy","ReplayTheSpireMod:Brewmster"],"picked":"Mayhem","floor":0},{"not_picked":["Wallop","InnerPeace"],"picked":"Sanctity","floor":1},{"not_picked":["EmptyFist","JustLucky"],"picked":"DeceiveReality","floor":3},{"not_picked":["ReachHeaven","Halt"],"picked":"MasterReality","floor":5},{"not_picked":["Replay:BluntJabs","Halt"],"picked":"PathToVictory","floor":11},{"not_picked":["ClearTheMind","Nirvana"],"picked":"FlurryOfBlows","floor":13},{"not_picked":["ClearTheMind","Weave"],"picked":"Blasphemy","floor":14},{"not_picked":["Blasphemy","Establishment"],"picked":"Alpha","floor":16},{"not_picked":["EmptyFist","ClearTheMind"],"picked":"Prostrate","floor":18}],"player_experience":1600227,"relics_obtained":[{"floor":1,"key":"LetterFromLob"},{"floor":4,"key":"ReplayTheSpireMod:Ring of Collecting"},{"floor":4,"key":"Ring of Greed"},{"floor":4,"key":"Golden Egg"},{"floor":4,"key":"Blue Doll"},{"floor":9,"key":"Ring of Hypnosis"},{"floor":9,"key":"MawBank"}],"event_choices":[],"is_beta":false,"boss_relics":[{"not_picked":["VioletLotus","Replay:Ancient Bell"],"picked":"aspiration:PoetsPen_weak"}],"items_purged_floors":[],"is_endless":false,"potions_floor_spawned":[5,6,11],"killed_by":"Gensokyo:CosmicMonolith","ascension_level":0}}