{"host":"e4mqwdeqkh64qloq","time":1613860366,"event":{"mods":["BaseMod","Downfall","Minty Spire (QoL Compilation)","Relic Stats","Replay The Spire","StSLib","The Cursed"],"gold_per_floor":[99,112,125,145,163,181,181,199,199,299,312,98,108,108,124,223,223,223,236,252,252,252,272,272,296,345,339,365,365,365,375,392,501,501,501,525,545,559,243,254,333,333,333,345,345,377,377,391,406,406],"floor_reached":51,"language":"ENG","playtime":6163,"items_purged":[],"score":631,"play_id":"066d3cb6-9f92-421f-ab8b-9ad4fbf02745","local_time":"20210220173246","is_ascension_mode":false,"campfire_choices":[{"floor":1,"key":"DIG"},{"data":"TheCursedMod:HellfireBreathing","floor":9,"key":"SMITH"},{"data":"TheCursedMod:DarkBarrier","floor":18,"key":"SMITH"},{"data":"TheCursedMod:CircleOfFocus","floor":30,"key":"SMITH"},{"floor":35,"key":"DIG"},{"data":"ReplayReversal","floor":42,"key":"SMITH"},{"data":"TheCursedMod:SoulCrush","floor":45,"key":"SMITH"},{"data":"TheCursedMod:CursedStaff","floor":47,"key":"SMITH"}],"circlet_count":0,"master_deck":["TheCursedMod:Strike_TheCursed","TheCursedMod:Strike_TheCursed","TheCursedMod:Defend_TheCursed","TheCursedMod:Defend_TheCursed","TheCursedMod:Defend_TheCursed","TheCursedMod:Defend_TheCursed","TheCursedMod:CursedWand","TheCursedMod:CleanUpWorkshop","TheCursedMod:Dregs","TheCursedMod:CircleOfFocus+1","TheCursedMod:FleshFromBone","TheCursedMod:SoulCrush+1","TheCursedMod:CursedShiv","TheCursedMod:HellfireBreathing+1","TheCursedMod:Stigma","TheCursedMod:VitalStrike","TheCursedMod:RavingStaff","TheCursedMod:CursedStaff+1","TheCursedMod:CursedBlade","TheCursedMod:CursedBlade","TheCursedMod:DarkBarrier+1","hexamod:BacktrackSmack+1","ReplayReversal+1","Guardian:ShieldCharger","Footwork+1","TheCursedMod:LuckyCharm","TheCursedMod:NeowsMight","Sucker Punch+1"],"relics":["TheCursedMod:BlackMagic101","Thread and Needle","Iron Hammer","Replay:Baseball","PrismaticShard","Runic Pyramid","CeramicFish","Blood Vial","Busted Crown","Divine Protection","Bag of Preparation","Pen Nib","Singing Bowl","Bronze Scales"],"acts_visited":["Exordium","TheCity","TheBeyond"],"potions_floor_usage":[28,32,33,50,50,50],"damage_taken":[{"damage":2,"enemies":"Jaw Worm","floor":2,"turns":9},{"damage":0,"enemies":"2 Louse","floor":3,"turns":4},{"damage":0,"enemies":"Small Slimes","floor":4,"turns":3},{"damage":2,"enemies":"2 Fungi Beasts","floor":5,"turns":4},{"damage":0,"enemies":"Blue Slaver","floor":6,"turns":4},{"damage":0,"enemies":"Lots of Slimes","floor":8,"turns":4},{"damage":0,"enemies":"2 Fungi Beasts","floor":11,"turns":2},{"damage":2,"enemies":"downfall:FleeingMerchant","floor":12,"turns":4},{"damage":0,"enemies":"3 Louse","floor":13,"turns":1},{"damage":0,"enemies":"Exordium Wildlife","floor":15,"turns":2},{"damage":27,"enemies":"SI_SHIV_ARCHETYPE","floor":16,"turns":8},{"damage":0,"enemies":"Chosen","floor":19,"turns":5},{"damage":13,"enemies":"3 Byrds","floor":20,"turns":4},{"damage":1,"enemies":"Cultist and Chosen","floor":23,"turns":6},{"damage":6,"enemies":"Shelled Parasite and Fungi","floor":25,"turns":6},{"damage":0,"enemies":"downfall:FleeingMerchant","floor":27,"turns":4},{"damage":0,"enemies":"Snake Plant","floor":28,"turns":2},{"damage":0,"enemies":"3 Cultists","floor":31,"turns":5},{"damage":17,"enemies":"Snecko","floor":32,"turns":7},{"damage":78,"enemies":"IC_MUSHROOM_ARCHETYPE","floor":33,"turns":13},{"damage":0,"enemies":"3 Shapes","floor":36,"turns":4},{"damage":0,"enemies":"Orb Walker","floor":37,"turns":4},{"damage":0,"enemies":"Maw","floor":38,"turns":9},{"damage":0,"enemies":"downfall:FleeingMerchant","floor":39,"turns":4},{"damage":0,"enemies":"Transient","floor":40,"turns":5},{"damage":0,"enemies":"3 Darklings","floor":44,"turns":4},{"damage":19,"enemies":"Reptomancer","floor":46,"turns":6},{"damage":0,"enemies":"4 Shapes","floor":48,"turns":3},{"damage":18,"enemies":"Jaw Worm Horde","floor":49,"turns":3},{"damage":16,"enemies":"DF_ARCHETYPE_ORBS","floor":50,"turns":23}],"seed_played":"-410660587516696744","potions_obtained":[{"floor":2,"key":"Fire Potion"},{"floor":4,"key":"FairyPotion"},{"floor":6,"key":"FearPotion"},{"floor":15,"key":"sneckomod:MuddlingPotion"},{"floor":28,"key":"BlessingOfTheForge"},{"floor":29,"key":"sneckomod:MuddlingPotion"},{"floor":29,"key":"Milkshake"},{"floor":40,"key":"LifebloodPotion"},{"floor":46,"key":"Elixir"},{"floor":48,"key":"BlessingOfTheForge"},{"floor":49,"key":"SteroidPotion"}],"is_trial":false,"path_per_floor":["R","M","M","M","M","M","T","M","R","?","M","$","M","?","M","B",null,"R","M","M","?","?","M","T","M","T","$","M","?","R","M","M","B",null,"R","M","M","M","$","M","T","R","?","M","R","E","R","M","M","B",null],"character_chosen":"THE_CURSED","items_purchased":["Replay:Baseball","TheCursedMod:CursedBlade","Bag of Preparation","Pen Nib"],"campfire_rested":0,"item_purchase_floors":[12,12,39,39],"current_hp_per_floor":[54,52,52,52,50,50,50,50,50,50,50,48,48,48,48,21,75,75,75,62,62,62,61,61,55,55,57,59,59,59,61,46,17,75,75,75,75,75,75,75,75,75,75,77,77,60,60,64,50,36],"gold":406,"neow_bonus":"TRANSFORM_TWO_CARDS","is_daily":false,"chose_seed":false,"campfire_upgraded":6,"win_rate":0.0,"timestamp":1613860366,"path_taken":["R","M","M","M","M","M","T","M","R","?","M","$","M","?","M","BOSS","R","M","M","?","?","M","T","M","?","$","M","?","R","M","M","BOSS","R","M","M","M","$","?","T","R","?","M","R","E","R","M","M","BOSS"],"items_purchased_type":["Relic","Card","Relic","Relic"],"build_version":"2020-12-22","purchased_purges":0,"victory":true,"max_hp_per_floor":[75,75,75,75,75,75,75,75,75,75,75,75,75,75,75,75,75,75,75,75,75,75,75,75,75,75,75,75,75,75,75,75,75,75,75,75,75,75,75,75,75,75,75,77,77,79,79,81,83,83],"relic_stats":{"Blood Vial":16,"Busted Crown":18,"Singing Bowl":8,"counters":[30,162],"CeramicFish":45,"Bronze Scales":[41],"Pen Nib":[11],"Bag of Preparation":[12],"obtain_stats":[{"TheCursedMod:BlackMagic101":0,"Divine Protection":35,"Singing Bowl":41,"CeramicFish":24,"Thread and Needle":1,"Pen Nib":39,"Bag of Preparation":39,"PrismaticShard":14,"Blood Vial":26,"Replay:Baseball":12,"Busted Crown":34,"Bronze Scales":46,"Iron Hammer":7,"Runic Pyramid":17},{"TheCursedMod:BlackMagic101":0,"Divine Protection":20,"Singing Bowl":25,"CeramicFish":14,"Thread and Needle":0,"Pen Nib":24,"Bag of Preparation":24,"PrismaticShard":9,"Blood Vial":15,"Replay:Baseball":8,"Busted Crown":20,"Bronze Scales":27,"Iron Hammer":5,"Runic Pyramid":11},{"TheCursedMod:BlackMagic101":0,"Divine Protection":97,"Singing Bowl":123,"CeramicFish":60,"Thread and Needle":0,"Pen Nib":118,"Bag of Preparation":118,"PrismaticShard":35,"Blood Vial":66,"Replay:Baseball":34,"Busted Crown":97,"Bronze Scales":133,"Iron Hammer":24,"Runic Pyramid":45}]},"card_choices":[{"not_picked":["TheCursedMod:SurpriseAttack","TheCursedMod:BloodBarrier"],"picked":"TheCursedMod:SoulCrush","floor":2},{"not_picked":["TheCursedMod:CursedArmor","TheCursedMod:EmpowerCircles"],"picked":"TheCursedMod:CursedShiv","floor":3},{"not_picked":["TheCursedMod:ReleasedKnowledge","TheCursedMod:CircleOfCorruption"],"picked":"TheCursedMod:HellfireBreathing","floor":4},{"not_picked":["TheCursedMod:Torture","TheCursedMod:BlessingInDisguise","TheCursedMod:TroublousMinions"],"picked":"SKIP","floor":5},{"not_picked":["TheCursedMod:DoubleShield","TheCursedMod:Stretching"],"picked":"TheCursedMod:Stigma","floor":6},{"not_picked":["TheCursedMod:Stretching","TheCursedMod:SoulCrush"],"picked":"TheCursedMod:VitalStrike","floor":8},{"not_picked":["TheCursedMod:BloodBarrier","TheCursedMod:Mangle"],"picked":"TheCursedMod:RavingStaff","floor":11},{"not_picked":["TheCursedMod:ManaCirculation","TheCursedMod:CircleOfCorruption"],"picked":"TheCursedMod:CursedStaff","floor":12},{"not_picked":["TheCursedMod:CursedShiv","TheCursedMod:HellfireBreathing"],"picked":"TheCursedMod:CursedBlade","floor":13},{"not_picked":["TheCursedMod:CursedShiv","Sanctity","Mind Blast"],"picked":"SKIP","floor":15},{"not_picked":["hexamod:UnleashSpirits","All For One"],"picked":"TheCursedMod:DarkBarrier","floor":16},{"not_picked":["bronze:DelayedGuard","Guardian:Harden","bronze:WildBeam"],"picked":"SKIP","floor":19},{"not_picked":["Guardian:Gem_Lightblue","ReplayTheSpireMod:Strike From Hell+1"],"picked":"hexamod:BacktrackSmack+1","floor":20},{"not_picked":["Flex","PanicButton+1"],"picked":"ReplayReversal","floor":23},{"not_picked":["Consecrate","Masterful Stab"],"picked":"Guardian:ShieldCharger","floor":25},{"not_picked":["Replay:Undeath\u0027s Touch","Swift Strike"],"picked":"Footwork+1","floor":27},{"not_picked":["Slimebound:SplitLeeching","champ:EndlessRage"],"picked":"TheCursedMod:LuckyCharm","floor":28},{"not_picked":["champ:Circumvent","Leap","Dodge and Roll"],"picked":"SKIP","floor":31},{"not_picked":["Flex","champ:FancyFootwork+1","Guardian:RollAttack"],"picked":"SKIP","floor":32},{"not_picked":["champ:LastStand","champ:ShieldThrow"],"picked":"TheCursedMod:NeowsMight","floor":33},{"not_picked":[],"picked":"Sucker Punch+1","floor":36},{"not_picked":["bronze:DelayedSlice"],"picked":"SKIP","floor":37},{"not_picked":["Halt"],"picked":"SKIP","floor":38},{"not_picked":["Guardian:RollAttack"],"picked":"SKIP","floor":39},{"not_picked":["Dodge and Roll"],"picked":"SKIP","floor":40},{"not_picked":["sneckomod:UnlimitedRolls"],"picked":"Singing Bowl","floor":44},{"not_picked":["TheCursedMod:SpitefulPray"],"picked":"Singing Bowl","floor":46},{"not_picked":["Cold Snap+1"],"picked":"Singing Bowl","floor":48},{"not_picked":["Rebound+1"],"picked":"Singing Bowl","floor":49}],"player_experience":250364,"relics_obtained":[{"floor":1,"key":"Thread and Needle"},{"floor":7,"key":"Iron Hammer"},{"floor":24,"key":"CeramicFish"},{"floor":26,"key":"Blood Vial"},{"floor":35,"key":"Divine Protection"},{"floor":41,"key":"Singing Bowl"},{"floor":46,"key":"Bronze Scales"}],"event_choices":[{"cards_removed":["Normality"],"damage_healed":0,"gold_gain":0,"player_choice":"Elegance","damage_taken":0,"max_hp_gain":0,"max_hp_loss":0,"event_name":"Back to Basics","floor":21,"gold_loss":0},{"damage_healed":0,"gold_gain":0,"player_choice":"Ignored","damage_taken":0,"max_hp_gain":0,"max_hp_loss":0,"event_name":"Ghosts","floor":22,"gold_loss":0},{"damage_healed":0,"gold_gain":0,"player_choice":"Got Potions","damage_taken":0,"max_hp_gain":0,"max_hp_loss":0,"event_name":"Lab","floor":29,"gold_loss":0},{"damage_healed":0,"gold_gain":0,"player_choice":"Ignored","damage_taken":0,"max_hp_gain":0,"max_hp_loss":0,"event_name":"Mysterious Sphere","floor":43,"gold_loss":0}],"is_beta":false,"boss_relics":[{"not_picked":["TheCursedMod:FourLeafCloverCharm","Sozu"],"picked":"Runic Pyramid"},{"not_picked":["TheCursedMod:BlackMagicAdvanced","Tiny House"],"picked":"Busted Crown"}],"items_purged_floors":[],"is_endless":false,"potions_floor_spawned":[2,4,6,15,19,23,28,40,46,48,49],"ascension_level":0}}