{"host":"v0dnu0zs4qo0v13s","time":1613836651,"event":{"mods":["BaseMod","Colored Map","Colored Powertips","Minty Spire (QoL Compilation)","Relic Stats","StSLib","SuperFastMode","everything is the same but u backflip on backflip"],"gold_per_floor":[112,8,26,44,194,194,207,237,260,260,286,286,306,336,336,407,407,424,424,438,453,467,467,742,755,808,808,824,824,824,824],"floor_reached":30,"language":"ENG","playtime":1458,"items_purged":[],"score":511,"play_id":"48011954-c4af-47ce-afeb-07fb34eb5dac","local_time":"20210220105731","is_ascension_mode":true,"campfire_choices":[{"data":"Hemokinesis","floor":6.0,"key":"SMITH"},{"floor":10.0,"key":"REST"},{"data":"Cleave","floor":12.0,"key":"SMITH"},{"data":"Bash","floor":15.0,"key":"SMITH"},{"floor":23.0,"key":"REST"},{"floor":27.0,"key":"REST"},{"floor":29.0,"key":"REST"}],"circlet_count":0,"master_deck":["AscendersBane","Strike_R","Strike_R","Strike_R","Strike_R","Strike_R","Defend_R","Defend_R","Defend_R","Defend_R","Bash+1","Reckless Charge","Feel No Pain","Hemokinesis+1","Iron Wave","Cleave+1","Doubt","Dark Embrace","Fiend Fire","Headbutt","Pummel","Offering","Second Wind","Exhume","Regret","Intimidate","Shrug It Off"],"relics":["Lantern","Regal Pillow","Bag of Preparation","Blood Vial","Mark of Pain","Nloth\u0027s Gift","Bronze Scales"],"acts_visited":["Exordium","TheCity"],"potions_floor_usage":[30],"damage_taken":[{"damage":1.0,"enemies":"Cultist","floor":1.0,"turns":3.0},{"damage":11.0,"enemies":"Small Slimes","floor":3.0,"turns":3.0},{"damage":0.0,"enemies":"Jaw Worm","floor":4.0,"turns":2.0},{"damage":7.0,"enemies":"Lots of Slimes","floor":7.0,"turns":3.0},{"damage":11.0,"enemies":"3 Sentries","floor":8.0,"turns":6.0},{"damage":0.0,"enemies":"Blue Slaver","floor":13.0,"turns":2.0},{"damage":27.0,"enemies":"Lagavulin","floor":14.0,"turns":7.0},{"damage":2.0,"enemies":"Slime Boss","floor":16.0,"turns":7.0},{"damage":13.0,"enemies":"3 Byrds","floor":18.0,"turns":5.0},{"damage":8.0,"enemies":"Spheric Guardian","floor":20.0,"turns":3.0},{"damage":13.0,"enemies":"3 Cultists","floor":21.0,"turns":3.0},{"damage":25.0,"enemies":"Shelled Parasite and Fungi","floor":22.0,"turns":4.0},{"damage":35.0,"enemies":"Snake Plant","floor":25.0,"turns":4.0},{"damage":44.0,"enemies":"Centurion and Healer","floor":28.0,"turns":4.0},{"damage":41,"enemies":"Gremlin Leader","floor":30,"turns":4}],"seed_played":"-7467424159649866892","potions_obtained":[{"floor":20.0,"key":"BlessingOfTheForge"},{"floor":28.0,"key":"AttackPotion"}],"is_trial":false,"path_per_floor":["M","$","M","M","?","R","M","E","T","R","T","R","M","E","R","B",null,"M","?","M","M","M","R","?","M","T","R","M","R","E"],"character_chosen":"IRONCLAD","items_purchased":["Feel No Pain","Hemokinesis"],"campfire_rested":4,"item_purchase_floors":[2,2],"current_hp_per_floor":[67,67,56,56,56,56,49,38,38,75,75,75,75,48,48,48,68,57,57,51,40,17,54,54,21,21,58,16,53,14,14],"gold":824,"neow_bonus":"BOSS_RELIC","is_daily":false,"chose_seed":false,"campfire_upgraded":3,"win_rate":0.0,"timestamp":1613836651,"path_taken":["M","$","M","?","?","R","M","E","T","R","?","R","?","E","R","BOSS","M","?","M","?","M","R","?","M","T","R","?","R","E"],"items_purchased_type":["Card","Card"],"build_version":"2020-12-22","purchased_purges":0,"victory":false,"max_hp_per_floor":[75,75,75,75,75,75,75,75,75,75,75,75,75,75,75,75,75,75,75,75,75,75,75,75,75,75,75,75,75,75,75],"relic_stats":{"Blood Vial":16,"Regal Pillow":60,"counters":[15,60],"Bronze Scales":[40],"Bag of Preparation":[20],"Nloth\u0027s Gift":1,"obtain_stats":[{"Sozu":0,"Blood Vial":14,"Lantern":8,"Regal Pillow":9,"Bronze Scales":26,"Mark of Pain":17,"Bag of Preparation":11,"Nloth\u0027s Gift":19,"Burning Blood":0},{"Sozu":0,"Blood Vial":7,"Lantern":5,"Regal Pillow":5,"Bronze Scales":13,"Mark of Pain":8,"Bag of Preparation":5,"Nloth\u0027s Gift":9,"Burning Blood":0},{"Sozu":0,"Blood Vial":26,"Lantern":17,"Regal Pillow":17,"Bronze Scales":52,"Mark of Pain":33,"Bag of Preparation":17,"Nloth\u0027s Gift":38,"Burning Blood":0}]},"card_choices":[{"not_picked":["Sword Boomerang","Clash"],"picked":"Reckless Charge","floor":1.0},{"not_picked":["Shrug It Off","Body Slam"],"picked":"Iron Wave","floor":3.0},{"not_picked":["Armaments","Spot Weakness"],"picked":"Cleave","floor":4.0},{"not_picked":["Entrench","Heavy Blade"],"picked":"Dark Embrace","floor":7.0},{"not_picked":["Heavy Blade","Uppercut"],"picked":"Fiend Fire","floor":8.0},{"not_picked":["Iron Wave","Perfected Strike","Headbutt"],"picked":"SKIP","floor":13.0},{"not_picked":["Iron Wave","Perfected Strike"],"picked":"Headbutt","floor":13.0},{"not_picked":["Dark Embrace","Twin Strike"],"picked":"Pummel","floor":14.0},{"not_picked":["Berserk","Impervious"],"picked":"Offering","floor":16.0},{"not_picked":["Blood for Blood","Iron Wave","Carnage"],"picked":"SKIP","floor":18.0},{"not_picked":["Flame Barrier","Havoc"],"picked":"Second Wind","floor":20.0},{"not_picked":["Searing Blow","Flex"],"picked":"Exhume","floor":21.0},{"not_picked":["Clash","Heavy Blade","Clothesline"],"picked":"SKIP","floor":22.0},{"not_picked":["Clash","Clothesline+1"],"picked":"Intimidate","floor":25.0},{"not_picked":["Rage+1","Iron Wave"],"picked":"Shrug It Off","floor":28.0}],"player_experience":736380,"relics_obtained":[{"floor":8.0,"key":"Lantern"},{"floor":9.0,"key":"Regal Pillow"},{"floor":11.0,"key":"Bag of Preparation"},{"floor":14.0,"key":"Blood Vial"},{"floor":26.0,"key":"Bronze Scales"}],"event_choices":[{"damage_healed":0.0,"max_hp_gain":0.0,"max_hp_loss":0.0,"gold_gain":150.0,"event_name":"Liars Game","player_choice":"AGREE","floor":5.0,"gold_loss":0.0,"damage_taken":0.0,"cards_obtained":["Doubt"]},{"damage_healed":0.0,"max_hp_gain":0.0,"max_hp_loss":0.0,"gold_gain":0.0,"event_name":"N\u0027loth","player_choice":"Traded Relic","floor":19.0,"relics_lost":["Sozu"],"gold_loss":0.0,"damage_taken":0.0,"relics_obtained":["Nloth\u0027s Gift"]},{"damage_healed":0.0,"max_hp_gain":0.0,"max_hp_loss":0.0,"gold_gain":275.0,"event_name":"Golden Shrine","player_choice":"Desecrate","floor":24.0,"gold_loss":0.0,"damage_taken":0.0,"cards_obtained":["Regret"]}],"is_beta":false,"boss_relics":[{"not_picked":["Cursed Key","SlaversCollar"],"picked":"Mark of Pain"}],"items_purged_floors":[],"is_endless":false,"potions_floor_spawned":[1,7,8,20,28],"killed_by":"Gremlin Leader","ascension_level":15}}