{"host":"kybn6ox37urbij4t","time":1613848565,"event":{"mods":["Aspiration","BaseMod","Better Third Choice","Dota2Spire","Downfall","Minty Spire (QoL Compilation)","Reliquary","Replay The Spire","StSLib","The Blue Laboratory","TheWitcher"],"gold_per_floor":[99,99,274,274,274,308,308,308,308,343,362,391,391,401,412,515,515,515,534,23,108,150,150,173,173,219,219,219,269,313,362,412,544,544,544,585,661,680,680,39,63,125,165,179,227,268,268,328,372,372,372,372],"floor_reached":50,"language":"ENG","playtime":4315,"items_purged":["Doubt"],"score":674,"play_id":"4cbacd9e-6623-413c-a704-5725dd67e906","local_time":"20210220201605","is_ascension_mode":false,"campfire_choices":[{"data":"Slimebound:Split","floor":1.0,"key":"PURGE"},{"floor":18.0,"key":"RECALL"},{"data":"Slimebound:OozeBath","floor":23.0,"key":"SMITH"},{"data":"Slimebound:Prepare","floor":27.0,"key":"SMITH"},{"data":"Slimebound:Prepare","floor":35.0,"key":"SMITH"},{"data":"Slimebound:CheckThePlaybook","floor":47,"key":"SMITH"}],"circlet_count":0,"master_deck":["Slimebound:Strike_Slimebound","Slimebound:Strike_Slimebound","Slimebound:Tackle","Slimebound:Defend_Slimebound","Slimebound:Defend_Slimebound","Slimebound:Defend_Slimebound","Slimebound:Defend_Slimebound","Slimebound:CorrosiveSpit+1","Slimebound:Schlurp","downfall:Haunted","downfall:Haunted","Slimebound:OozeBath+1","Slimebound:GoopSpray","Slimebound:Prepare+1","Pot Of Greed+1","Pot Of Greed","Slimebound:Dissolve","Slimebound:BestDefense+1","Slimebound:TongueLash","Slimebound:SamplingLick","CurseOfTheBell","Slimebound:SplitAcid","Slimebound:Dissolve","Slimebound:SplitMire+1","Pot Of Greed","Slimebound:SplitAcid","Slimebound:CheckThePlaybook+1","Slimebound:SplitLeeching+1","Slimebound:Prepare+1","Slimebound:SpikyOuterGoop","Slimebound:Overexert","Slimebound:LevelUp","Slimebound:GoopSpray","Slimebound:ComboTackle+1","Slimebound:SamplingLick","Panache","Slimebound:SplitLeeching+1","Pot Of Greed"],"relics":["Slimebound:AbsorbEndCombat","downfall:HeartsMalice","Darkstone Periapt","reliquary:Stiletto","Mummified Hand","aspiration:BabyByrd","reliquary:RosewoodLute","Grinning Jar","Calling Bell","Ancient Tea Set","The Courier","Torii","Dota2Spire:HandOfMidas","reliquary:FingerTrap","Dota2Spire:CrimsonGuard","War Paint","reliquary:ThirdArm","FossilizedHelix","Vajra","Lantern","Iron Hammer","Pet Ghost","Dota2Spire:Satanic"],"acts_visited":["Exordium","TheCity","TheBeyond"],"potions_floor_usage":[50,50],"damage_taken":[{"damage":0.0,"enemies":"2 Louse","floor":2.0,"turns":1.0},{"damage":0.0,"enemies":"Gremlin Nob","floor":6.0,"turns":1.0},{"damage":0.0,"enemies":"Jaw Worm","floor":8.0,"turns":1.0},{"damage":24.0,"enemies":"3 Sentries","floor":10.0,"turns":10.0},{"damage":5.0,"enemies":"Small Slimes","floor":11.0,"turns":4.0},{"damage":54.0,"enemies":"Gremlin Nob","floor":12.0,"turns":6.0},{"damage":2.0,"enemies":"2 Fungi Beasts","floor":14.0,"turns":4.0},{"damage":3.0,"enemies":"3 Louse","floor":15.0,"turns":4.0},{"damage":16.0,"enemies":"SI_SHIV_ARCHETYPE","floor":16.0,"turns":8.0},{"damage":1.0,"enemies":"Chosen","floor":19.0,"turns":6.0},{"damage":0.0,"enemies":"downfall:FleeingMerchant","floor":20.0,"turns":4.0},{"damage":17.0,"enemies":"downfall:LooterAlt2","floor":22.0,"turns":4.0},{"damage":39.0,"enemies":"Chosen and Byrds","floor":26.0,"turns":7.0},{"damage":12.0,"enemies":"Sentry and Sphere","floor":29.0,"turns":4.0},{"damage":30.0,"enemies":"Cultist and Chosen","floor":30.0,"turns":6.0},{"damage":15.0,"enemies":"Snake Plant","floor":31.0,"turns":4.0},{"damage":11.0,"enemies":"Snecko","floor":32.0,"turns":5.0},{"damage":10.0,"enemies":"IC_MUSHROOM_ARCHETYPE","floor":33.0,"turns":6.0},{"damage":2.0,"enemies":"3 Darklings","floor":36.0,"turns":5.0},{"damage":18.0,"enemies":"2 Orb Walkers","floor":37.0,"turns":5.0},{"damage":0.0,"enemies":"Orb Walker","floor":38.0,"turns":3.0},{"damage":0.0,"enemies":"downfall:FleeingMerchant","floor":40.0,"turns":4.0},{"damage":15.0,"enemies":"Reptomancer","floor":42.0,"turns":4.0},{"damage":0.0,"enemies":"Transient","floor":43.0,"turns":5.0},{"damage":0.0,"enemies":"Spire Growth","floor":44.0,"turns":3.0},{"damage":0,"enemies":"4 Shapes","floor":45,"turns":3},{"damage":0,"enemies":"Maw","floor":46,"turns":6},{"damage":0,"enemies":"R_Hoarder","floor":48,"turns":5},{"damage":0,"enemies":"Transient","floor":49,"turns":5},{"damage":87,"enemies":"WA_ARCHETYPE_DIVINITY","floor":50,"turns":5}],"seed_played":"1669365350717497996","potions_obtained":[{"floor":6.0,"key":"DuplicationPotion"},{"floor":11.0,"key":"blueLaboratory:HorrorPotion"},{"floor":12.0,"key":"AttackPotion"},{"floor":15.0,"key":"hexamod:SoulburnPotion"},{"floor":16.0,"key":"FearPotion"},{"floor":19.0,"key":"Swift Potion"},{"floor":25.0,"key":"CultistPotion"},{"floor":43.0,"key":"Block Potion"},{"floor":45,"key":"PowerPotion"}],"is_trial":false,"path_per_floor":["R","M","?","?","?","E","T","M","?","E","M","E","?","M","M","B",null,"R","M","$","?","M","R","T","?","M","R","?","M","M","M","M","B",null,"R","M","?","M","?","$","T","E","M","M","M","M","R","E","M","B"],"character_chosen":"SLIMEBOUND","items_purchased":["Dota2Spire:HandOfMidas","Slimebound:Dissolve","reliquary:FingerTrap","Dota2Spire:CrimsonGuard","Vajra","Lantern","Iron Hammer","Panache"],"campfire_rested":0,"item_purchase_floors":[20,20,20,20,40,40,40,40],"current_hp_per_floor":[65,65,65,77,77,77,77,77,77,60,61,15,15,19,24,16,83,83,83,83,83,72,72,72,72,41,41,68,64,38,29,22,20,83,83,83,65,67,67,71,71,64,72,74,76,83,83,83,83,0,0,0],"gold":372,"neow_bonus":"THREE_ENEMY_KILL","is_daily":false,"chose_seed":false,"campfire_upgraded":4,"win_rate":0.0,"timestamp":1613848565,"path_taken":["R","M","?","?","?","E","T","M","?","E","M","E","?","M","M","BOSS","R","M","$","?","M","R","T","?","M","R","?","M","M","M","M","BOSS","R","M","?","M","?","$","T","E","M","M","?","M","R","E","M","BOSS"],"items_purchased_type":["Relic","Card","Relic","Relic","Relic","Relic","Relic","Card"],"build_version":"2020-12-22","purchased_purges":1,"victory":false,"max_hp_per_floor":[65,65,65,77,77,77,77,77,77,77,77,77,77,77,77,77,83,83,83,83,83,83,83,83,83,83,83,83,83,83,83,83,83,83,83,83,83,83,83,83,83,83,83,83,83,83,83,83,83,83,83,83],"card_choices":[{"not_picked":["Slimebound:RainOfGoop","Slimebound:ItLooksTasty"],"picked":"Slimebound:Schlurp","floor":2.0},{"not_picked":["Slimebound:DisruptingSlam","Slimebound:Chomp"],"picked":"Slimebound:OozeBath","floor":6.0},{"not_picked":["Slimebound:SlimeTap","Slimebound:LivingWall"],"picked":"Slimebound:GoopSpray","floor":8.0},{"not_picked":["Slimebound:GoopTackle","Slimebound:LivingWall","Slimebound:BestDefense"],"picked":"SKIP","floor":10.0},{"not_picked":["Slimebound:Schlurp","Slimebound:GoopSpray"],"picked":"Slimebound:Prepare","floor":11.0},{"not_picked":["Slimebound:Schlurp","Slimebound:Gluttony"],"picked":"Slimebound:Dissolve","floor":12.0},{"not_picked":["Slimebound:Schlurp","Slimebound:RallyTheTroops"],"picked":"Slimebound:TongueLash","floor":14.0},{"not_picked":["Slimebound:ViciousTackle","Slimebound:Nibble"],"picked":"Slimebound:SamplingLick","floor":15.0},{"not_picked":["Slimebound:SplitLeeching","Slimebound:Replication"],"picked":"Slimebound:SplitAcid","floor":19.0},{"not_picked":["Slimebound:Grow","Slimebound:PressTheAttack","Slimebound:DivideAndConquer"],"picked":"SKIP","floor":20.0},{"not_picked":["Slimebound:PressTheAttack","Slimebound:RainOfGoop"],"picked":"Slimebound:SplitMire+1","floor":22.0},{"not_picked":["Slimebound:RainOfGoop","Slimebound:DisruptingSlam+1"],"picked":"Slimebound:SplitAcid","floor":26.0},{"not_picked":["Slimebound:SlimeSpikes","Slimebound:ItLooksTasty+1"],"picked":"Slimebound:CheckThePlaybook","floor":29.0},{"not_picked":["Slimebound:ItLooksTasty","Slimebound:Grow"],"picked":"Slimebound:SplitLeeching+1","floor":30.0},{"not_picked":["Slimebound:SplitMire","Slimebound:RejuvenatingLick"],"picked":"Slimebound:Prepare","floor":31.0},{"not_picked":["Slimebound:LivingWall","Slimebound:ItLooksTasty"],"picked":"Slimebound:SpikyOuterGoop","floor":32.0},{"not_picked":["Slimebound:Teamwork","Slimebound:WasteNot"],"picked":"Slimebound:Overexert","floor":33.0},{"not_picked":["Slimebound:RollThrough","Slimebound:ComboTackle"],"picked":"Slimebound:LevelUp","floor":36.0},{"not_picked":["Slimebound:FinishingTackle","Slimebound:SplitBruiser"],"picked":"Slimebound:GoopSpray","floor":37.0},{"not_picked":["Slimebound:SplitBruiser+1","Slimebound:LeechEnergy+1"],"picked":"Slimebound:ComboTackle+1","floor":38.0},{"not_picked":["Slimebound:LivingWall+1","Slimebound:HauntingLick"],"picked":"Slimebound:SamplingLick","floor":40.0},{"not_picked":["Slimebound:ComboTackle","Slimebound:SlimeSpikes"],"picked":"Slimebound:SplitLeeching+1","floor":42.0},{"not_picked":["Slimebound:ServeAndProtect","Slimebound:SlimeSlap","Slimebound:RollThrough"],"picked":"SKIP","floor":43.0},{"not_picked":["Slimebound:GoopSpray+1","Slimebound:RollThrough+1","Slimebound:LivingWall+1"],"picked":"SKIP","floor":44.0},{"not_picked":["Slimebound:DivideAndConquer+1","Slimebound:SplitMire+1","Slimebound:Gluttony"],"picked":"SKIP","floor":45},{"not_picked":["Slimebound:ItLooksTasty","Slimebound:PressTheAttack","Slimebound:LivingWall+1"],"picked":"SKIP","floor":46},{"not_picked":["Slimebound:Dissolve+1","Slimebound:Prepare","Slimebound:ForwardTackle"],"picked":"SKIP","floor":48},{"not_picked":["Slimebound:Gluttony","Slimebound:Equalize","Slimebound:AcidTongue"],"picked":"SKIP","floor":49}],"player_experience":413498,"relics_obtained":[{"floor":6.0,"key":"reliquary:Stiletto"},{"floor":7.0,"key":"Mummified Hand"},{"floor":10.0,"key":"reliquary:RosewoodLute"},{"floor":12.0,"key":"Grinning Jar"},{"floor":17.0,"key":"Ancient Tea Set"},{"floor":17.0,"key":"The Courier"},{"floor":17.0,"key":"Torii"},{"floor":24.0,"key":"War Paint"},{"floor":37.0,"key":"FossilizedHelix"},{"floor":42.0,"key":"Pet Ghost"},{"floor":48,"key":"Dota2Spire:Satanic"}],"event_choices":[{"damage_healed":27.0,"max_hp_gain":0.0,"max_hp_loss":0.0,"gold_gain":0.0,"event_name":"The Library","player_choice":"Heal","floor":28.0,"gold_loss":0.0,"damage_taken":0.0},{"damage_healed":0.0,"max_hp_gain":0.0,"max_hp_loss":0.0,"gold_gain":0.0,"event_name":"Mysterious Sphere","player_choice":"Fight","floor":37.0,"gold_loss":0.0,"damage_taken":0.0},{"damage_healed":0.0,"max_hp_gain":0.0,"max_hp_loss":0.0,"gold_gain":0.0,"event_name":"NoteForYourself","player_choice":"Ignored","floor":39.0,"gold_loss":0.0,"damage_taken":0.0}],"is_beta":false,"boss_relics":[{"not_picked":["Abe\u0027s Treasure","Runic Pyramid"],"picked":"Calling Bell"},{"not_picked":["Velvet Choker","Replay:Grab Bag"],"picked":"reliquary:ThirdArm"}],"items_purged_floors":[40],"is_endless":false,"potions_floor_spawned":[6,11,12,15,16,19,26,29,31,43,44,45,46,48],"killed_by":"WA_ARCHETYPE_DIVINITY","ascension_level":0}}