{"host":"rg29p8m4aqjozpzt","time":1613815673,"event":{"mods":["100% Spire Juice","Aspiration","Bartender","BaseMod","Beaked The Cultist","Better Altar","Better Match","Better Sensory Stone","Better Skull","Better Third Choice","BetterRewards","Chen","Colored Powertips","Conspire","Downfall","Friendly Minions","Hermit","Hubris","JesterMod","Magitek Elite","Minty Spire (QoL Compilation)","Permanent Neow","Prisma Mod","QueenMod","Quick Restart","Relic Filter","Reorder Act Four","Shade Mod","StSLib","SuperFastMode","The Alterego","The Marked","The Runesmith","Unceasing Turn Reminder"],"gold_per_floor":[112,126,126,141,141,161,175,175,175,199,199,199,213,213,213],"floor_reached":14,"language":"ENG","playtime":726,"items_purged":[],"score":88,"play_id":"045aedbe-4666-4c65-ba17-9334acb7e66d","local_time":"20210220110753","is_ascension_mode":true,"campfire_choices":[{"data":"Moonworks:BackdoorTrade","floor":8,"key":"SMITH"},{"data":"Moonworks:IndiscriminateFireSupport","floor":11,"key":"SMITH"}],"circlet_count":0,"master_deck":["Moonworks:Strike+1","Moonworks:Strike","Moonworks:Strike","Moonworks:Defend+1","Moonworks:Defend","Moonworks:Defend","Moonworks:Defend","Moonworks:Ambush","Moonworks:LongDistanceShot","Moonworks:CloudOfSeagulls","Moonworks:SakisCookie","Moonworks:BackdoorTrade+1","Moonworks:UnpaidWork","Moonworks:IndiscriminateFireSupport+1","Moonworks:RagingMadness","Moonworks:EvilSpyWorkPreparation"],"relics":["Moonworks:BrokenBomb","Moonworks:Homemark","Mythril_Glove","Golden Idol","Moonworks:LittleGull"],"acts_visited":["Exordium"],"potions_floor_usage":[14],"damage_taken":[{"damage":0,"enemies":"Cultist","floor":1,"turns":3},{"damage":0,"enemies":"Small Slimes","floor":2,"turns":3},{"damage":2,"enemies":"2 Louse","floor":4,"turns":4},{"damage":10,"enemies":"Looter","floor":6,"turns":4},{"damage":1,"enemies":"Red Slaver","floor":7,"turns":3},{"damage":1,"enemies":"Blue Slaver","floor":10,"turns":4},{"damage":2,"enemies":"2 Fungi Beasts","floor":13,"turns":2},{"damage":25,"enemies":"Lagavulin","floor":14,"turns":3}],"seed_played":"-4174140724719382324","potions_obtained":[{"floor":2,"key":"Ancient Potion"},{"floor":10,"key":"FearPotion"},{"floor":13,"key":"LiquidBronze"}],"is_trial":false,"path_per_floor":["M","M","?","M","?","M","M","R","T","M","R","?","M","E"],"character_chosen":"THE_STARBREAKER","items_purchased":[],"campfire_rested":0,"item_purchase_floors":[],"current_hp_per_floor":[60,60,45,45,33,23,22,22,22,21,21,21,21,0,0],"gold":213,"neow_bonus":"RANDOM_COMMON_RELIC","is_daily":false,"chose_seed":false,"campfire_upgraded":2,"win_rate":0.0,"timestamp":1613815673,"path_taken":["M","?","?","M","?","M","M","R","T","M","R","?","M","E"],"items_purchased_type":[],"build_version":"2020-12-22","purchased_purges":0,"victory":false,"max_hp_per_floor":[60,60,60,60,60,60,60,60,60,60,60,60,60,60,60],"card_choices":[{"not_picked":["Moonworks:DeployBits","Moonworks:ImOnFire"],"picked":"Moonworks:CloudOfSeagulls","floor":1},{"not_picked":["Moonworks:ImOnFire","Moonworks:ImmovableObject"],"picked":"Moonworks:SakisCookie","floor":2},{"not_picked":["Moonworks:ScrambledEve","Moonworks:TacticalRetreat"],"picked":"Moonworks:BackdoorTrade","floor":4},{"not_picked":["Moonworks:LulusLuckyEgg","Moonworks:Assault"],"picked":"Moonworks:UnpaidWork","floor":6},{"not_picked":["Moonworks:Assault","Moonworks:BigMagnum"],"picked":"Moonworks:IndiscriminateFireSupport","floor":7},{"not_picked":["Moonworks:DeployBits","Moonworks:BigMagnum"],"picked":"Moonworks:RagingMadness","floor":10},{"not_picked":["Moonworks:IndiscriminateFireSupport","Moonworks:x16BigRocket"],"picked":"Moonworks:EvilSpyWorkPreparation","floor":13}],"player_experience":1553988,"relics_obtained":[{"floor":9,"key":"Moonworks:LittleGull"}],"event_choices":[{"damage_healed":0,"gold_gain":0,"player_choice":"Take Damage","damage_taken":15,"relics_obtained":["Golden Idol"],"max_hp_gain":0,"max_hp_loss":0,"event_name":"Golden Idol","floor":3,"gold_loss":0},{"damage_healed":45,"gold_gain":0,"player_choice":"Upgrade","damage_taken":12,"max_hp_gain":0,"max_hp_loss":60,"event_name":"betterThird:BetterShining","floor":5,"gold_loss":0,"cards_upgraded":["Moonworks:Strike","Moonworks:Defend"]},{"cards_removed":["Moonworks:Strike"],"damage_healed":0,"gold_gain":0,"player_choice":"Purged","damage_taken":0,"max_hp_gain":0,"max_hp_loss":0,"event_name":"Purifier","floor":12,"gold_loss":0}],"is_beta":false,"boss_relics":[],"items_purged_floors":[],"is_endless":false,"potions_floor_spawned":[2,10,13],"killed_by":"Lagavulin","ascension_level":1}}