{"host":"1e3ivg30op4goso1","time":1613859758,"event":{"mods":["AchievementEnabler","Ascension Unlocker","BaseMod","Colored Map","Minty Spire (QoL Compilation)","Permanent Neow","Quick Restart","Relic Filter","StSLib","SuperFastMode"],"gold_per_floor":[118,268,108,118,93,93,4,4,50,50,50,67,81,108,108,183,183,195,211,58,58,58,58],"floor_reached":22,"language":"ENG","playtime":741,"items_purged":[],"score":348,"play_id":"3d2a88b3-547f-4a61-b229-42e4ba8a8c96","local_time":"20210220172238","is_ascension_mode":true,"campfire_choices":[{"data":"Hologram","floor":6.0,"key":"SMITH"},{"data":"Finesse","floor":10.0,"key":"SMITH"},{"floor":15.0,"key":"REST"}],"circlet_count":0,"master_deck":["AscendersBane","Strike_B","Strike_B","Strike_B","Defend_B","Defend_B","Defend_B","Defend_B","Recycle+1","Rainbow+1","FTL+1","Gash","Doubt","Hologram+1","Gash","Finesse+1","Sweeping Beam","Reboot","Gash","Beam Cell","Madness"],"relics":["Astrolabe","Boot","Anchor","Orichalcum","Black Star"],"acts_visited":["Exordium","TheCity"],"potions_floor_usage":[19,21],"damage_taken":[{"damage":5.0,"enemies":"Jaw Worm","floor":1.0,"turns":3.0},{"damage":7.0,"enemies":"Small Slimes","floor":4.0,"turns":3.0},{"damage":6.0,"enemies":"Cultist","floor":12.0,"turns":4.0},{"damage":48.0,"enemies":"Gremlin Gang","floor":13.0,"turns":6.0},{"damage":27.0,"enemies":"Slime Boss","floor":16.0,"turns":7.0},{"damage":34.0,"enemies":"Spheric Guardian","floor":18.0,"turns":6.0},{"damage":12,"enemies":"2 Thieves","floor":19,"turns":5},{"damage":0,"enemies":"Snecko","floor":21,"turns":2}],"seed_played":"9015823894371874430","potions_obtained":[{"floor":1.0,"key":"Dexterity Potion"},{"floor":13.0,"key":"FearPotion"},{"floor":16.0,"key":"SkillPotion"},{"floor":19,"key":"SmokeBomb"}],"is_trial":false,"path_per_floor":["M","?","$","M","$","R","$","?","T","R","$","M","M","T","R","B",null,"M","M","$","M","?"],"character_chosen":"DEFECT","items_purchased":["Boot","Gash","Finesse","Beam Cell","Madness"],"campfire_rested":1,"item_purchase_floors":[3,5,7,20,20],"current_hp_per_floor":[59,59,59,52,52,52,52,71,71,71,71,65,17,17,38,11,56,22,10,10,10,0,0],"gold":58,"neow_bonus":"BOSS_RELIC","is_daily":false,"chose_seed":false,"campfire_upgraded":2,"win_rate":0.0,"timestamp":1613859758,"path_taken":["M","?","$","M","?","R","$","?","T","R","$","?","?","?","R","BOSS","M","M","$","M","?"],"items_purchased_type":["Relic","Card","Card","Card","Card"],"build_version":"2020-12-22","purchased_purges":0,"victory":false,"max_hp_per_floor":[71,71,71,71,71,71,71,71,71,71,71,71,71,71,71,71,71,71,71,71,71,71,71],"card_choices":[{"not_picked":["Heatsinks","Turbo"],"picked":"Gash","floor":1.0},{"not_picked":["Skim","Coolheaded"],"picked":"Hologram","floor":4.0},{"not_picked":["Conserve Battery","Blizzard","Genetic Algorithm"],"picked":"SKIP","floor":12.0},{"not_picked":["Glacier","Cold Snap"],"picked":"Sweeping Beam","floor":13.0},{"not_picked":["Buffer","Rainbow"],"picked":"Reboot","floor":16.0},{"not_picked":["Recycle","Stack","Fusion"],"picked":"SKIP","floor":18.0},{"not_picked":["Sweeping Beam","Hologram+1"],"picked":"Gash","floor":19}],"player_experience":9693,"relics_obtained":[{"floor":9.0,"key":"Anchor"},{"floor":14.0,"key":"Orichalcum"}],"event_choices":[{"damage_healed":0.0,"max_hp_gain":0.0,"max_hp_loss":0.0,"gold_gain":150.0,"event_name":"Liars Game","player_choice":"AGREE","floor":2.0,"gold_loss":0.0,"damage_taken":0.0,"cards_obtained":["Doubt"]},{"damage_healed":19.0,"max_hp_gain":0.0,"max_hp_loss":0.0,"gold_gain":0.0,"event_name":"Wheel of Change","player_choice":"Full Heal","floor":8.0,"gold_loss":0.0,"damage_taken":0.0}],"is_beta":false,"boss_relics":[{"not_picked":["Coffee Dripper","Sozu"],"picked":"Black Star"}],"items_purged_floors":[],"is_endless":false,"potions_floor_spawned":[1,13,16,19,21],"ascension_level":20}}