{"host":"Brown Brick","time":1613826557,"event":{"mods":["BaseMod","Melee Mod","Minty Spire (QoL Compilation)","Morshu Shopkeeper","Morshu Shopkeeper - ENHANCED","Rare Cards Sparkle","Relic Stats","StSLib","The Marked","Unceasing Turn Reminder","everything is the same but u backflip on backflip"],"gold_per_floor":[113,113,131,131,143,174,174,174,249,283,283,303,58,68,68,172,172,190,190,205,205,224,251,251,263,288,322,322,350,350,362,362,459,509,528,578,578,588,588,622,622,637,715,731,744,744,744,124,124,124,124],"floor_reached":50,"language":"ENG","playtime":3452,"items_purged":[],"score":540,"play_id":"6931f63b-cedb-4287-9c7f-77e95210a99d","local_time":"20210220140917","is_ascension_mode":false,"campfire_choices":[{"data":"theMarked:EternalStudent","floor":7,"key":"SMITH"},{"floor":15,"key":"REST"},{"data":"theMarked:SoldierOfQuellstein","floor":24,"key":"SMITH"},{"floor":28,"key":"REST"},{"floor":30,"key":"RECALL"},{"data":"theMarked:Levitate","floor":32,"key":"SMITH"},{"floor":41,"key":"REST"},{"data":"theMarked:Toughness","floor":46,"key":"SMITH"},{"floor":49,"key":"REST"}],"circlet_count":0,"master_deck":["theMarked:Strike+1","theMarked:Strike","theMarked:Strike","theMarked:Strike+1","theMarked:Defend+1","theMarked:Defend","theMarked:Defend","theMarked:Defend","theMarked:SoldierOfQuellstein+1","theMarked:EternalStudent+1","theMarked:HeightenedSenses+1","theMarked:SwordAndMagic","theMarked:Levitate+1","theMarked:Levitate","theMarked:Opportunist","theMarked:HeightenedSenses+1","theMarked:HeightenedSenses+1","theMarked:Toughness+1","theMarked:EmpowerWeapon+1","theMarked:ElectricStrings+1","theMarked:ChannelForce+1","Panacea+1"],"relics":["theMarked:ArtifactOfAir","Bronze Scales","theMarked:Gun","Unceasing Top","Gremlin Horn","theMarked:Eyepatch","Toxic Egg 2","Art of War","Lantern","Mercury Hourglass","Tiny House","Incense Burner","Ginger","Darkstone Periapt","Calipers","Boot"],"acts_visited":["Exordium","TheCity","TheBeyond"],"potions_floor_usage":[6,22,27,33,40,48],"damage_taken":[{"damage":3,"enemies":"Small Slimes","floor":1,"turns":4},{"damage":0,"enemies":"Jaw Worm","floor":3,"turns":3},{"damage":1,"enemies":"Cultist","floor":5,"turns":4},{"damage":11,"enemies":"3 Sentries","floor":6,"turns":7},{"damage":23,"enemies":"Lagavulin","floor":10,"turns":6},{"damage":2,"enemies":"Blue Slaver","floor":12,"turns":3},{"damage":0,"enemies":"Exordium Thugs","floor":14,"turns":3},{"damage":5,"enemies":"Hexaghost","floor":16,"turns":9},{"damage":12,"enemies":"2 Thieves","floor":18,"turns":5},{"damage":3,"enemies":"3 Byrds","floor":20,"turns":4},{"damage":3,"enemies":"Snake Plant","floor":22,"turns":2},{"damage":13,"enemies":"Gremlin Leader","floor":23,"turns":6},{"damage":1,"enemies":"Chosen and Byrds","floor":25,"turns":5},{"damage":1,"enemies":"Slavers","floor":27,"turns":4},{"damage":9,"enemies":"Book of Stabbing","floor":29,"turns":4},{"damage":0,"enemies":"Snecko","floor":31,"turns":3},{"damage":42,"enemies":"Champ","floor":33,"turns":10},{"damage":12,"enemies":"Orb Walker","floor":35,"turns":4},{"damage":4,"enemies":"Mind Bloom Boss Battle","floor":36,"turns":9},{"damage":16,"enemies":"3 Darklings","floor":38,"turns":4},{"damage":22,"enemies":"Nemesis","floor":40,"turns":5},{"damage":3,"enemies":"Jaw Worm Horde","floor":42,"turns":5},{"damage":0,"enemies":"Maw","floor":44,"turns":6},{"damage":0,"enemies":"Sphere and 2 Shapes","floor":45,"turns":3},{"damage":85,"enemies":"Donu and Deca","floor":50,"turns":6}],"seed_played":"-7012245463331276634","potions_obtained":[{"floor":3,"key":"theMarked:ChargePotion"},{"floor":5,"key":"CultistPotion"},{"floor":6,"key":"theMarked:HoverShot"},{"floor":12,"key":"SmokeBomb"},{"floor":22,"key":"Fire Potion"},{"floor":25,"key":"Swift Potion"},{"floor":31,"key":"GamblersBrew"},{"floor":33,"key":"AttackPotion"},{"floor":42,"key":"SteroidPotion"},{"floor":47,"key":"DuplicationPotion"}],"is_trial":false,"path_per_floor":["M","?","M","$","M","E","R","?","T","E","?","M","$","M","R","B",null,"M","?","M","$","M","E","R","M","T","E","R","E","R","M","R","B",null,"M","?","?","M","T","E","R","M","T","M","M","R","?","$","R","B"],"character_chosen":"THE_DEFAULT","items_purchased":["Gremlin Horn","Calipers","Boot","Fruit Juice","Panacea+1"],"campfire_rested":4,"item_purchase_floors":[13,48,48,48,48],"current_hp_per_floor":[69,55,55,55,54,43,43,43,43,20,20,18,18,18,39,34,72,60,60,57,57,54,41,41,40,40,39,60,51,51,51,51,9,77,65,61,61,45,45,23,46,43,43,43,43,43,43,48,72,0,0],"gold":124,"neow_bonus":"ONE_RANDOM_RARE_CARD","is_daily":false,"chose_seed":false,"campfire_upgraded":4,"win_rate":0.0,"timestamp":1613826557,"path_taken":["M","?","M","$","M","E","R","?","T","E","?","?","$","M","R","BOSS","M","?","M","$","M","E","R","M","T","E","R","E","R","M","R","BOSS","M","?","?","M","?","E","R","M","T","M","?","R","?","$","R","BOSS"],"items_purchased_type":["Relic","Relic","Relic","Potion","Card"],"build_version":"2020-12-18","purchased_purges":0,"victory":false,"max_hp_per_floor":[72,72,72,72,72,72,72,72,72,72,72,72,72,72,72,72,72,72,72,72,72,72,72,72,72,72,72,72,72,72,72,72,72,77,77,77,77,77,77,77,77,77,77,77,77,77,77,82,82,82,82],"relic_stats":{"Darkstone Periapt":0,"Gremlin Horn":[17,17],"counters":[25,124],"Bronze Scales":[341],"Art of War":[7],"Ginger":[3],"Boot":[1],"obtain_stats":[{"Darkstone Periapt":43,"Lantern":27,"theMarked:Gun":9,"Tiny House":34,"Calipers":48,"Gremlin Horn":13,"Incense Burner":36,"Ginger":40,"Boot":48,"Mercury Hourglass":29,"theMarked:ArtifactOfAir":0,"Bronze Scales":6,"Art of War":26,"Toxic Egg 2":23,"Unceasing Top":10,"theMarked:Eyepatch":17},{"Darkstone Periapt":22,"Lantern":14,"theMarked:Gun":4,"Tiny House":17,"Calipers":24,"Gremlin Horn":6,"Incense Burner":19,"Ginger":21,"Boot":24,"Mercury Hourglass":15,"theMarked:ArtifactOfAir":0,"Bronze Scales":4,"Art of War":13,"Toxic Egg 2":12,"Unceasing Top":5,"theMarked:Eyepatch":8},{"Darkstone Periapt":109,"Lantern":65,"theMarked:Gun":18,"Tiny House":82,"Calipers":118,"Gremlin Horn":27,"Incense Burner":95,"Ginger":104,"Boot":118,"Mercury Hourglass":69,"theMarked:ArtifactOfAir":0,"Bronze Scales":18,"Art of War":61,"Toxic Egg 2":56,"Unceasing Top":24,"theMarked:Eyepatch":39}],"Unceasing Top":[3],"Mercury Hourglass":[161]},"card_choices":[{"not_picked":["theMarked:WardOff","theMarked:TakeCover"],"picked":"theMarked:HeightenedSenses","floor":1},{"not_picked":["theMarked:Generate","theMarked:Frustration"],"picked":"theMarked:SwordAndMagic","floor":3},{"not_picked":["theMarked:TakeCover","theMarked:Reabsorb","theMarked:Electrocute"],"picked":"SKIP","floor":5},{"not_picked":["theMarked:Overcharge","theMarked:TurnInvisible","theMarked:Electrocute"],"picked":"SKIP","floor":6},{"not_picked":["theMarked:Convert","theMarked:ResourceFulStrike","theMarked:WastefulAttack"],"picked":"SKIP","floor":10},{"not_picked":["theMarked:SwordAndMagic","theMarked:MuscleMemory","theMarked:BanishingStrike"],"picked":"SKIP","floor":12},{"not_picked":["theMarked:EmpowerWeapon","theMarked:SwordAndMagic","theMarked:ChainLightning"],"picked":"SKIP","floor":14},{"not_picked":["theMarked:Challenge","theMarked:MagusForm"],"picked":"theMarked:Levitate","floor":16},{"not_picked":["theMarked:Frustration","theMarked:Friction+1","theMarked:Parkour+1"],"picked":"SKIP","floor":18},{"not_picked":["theMarked:Memento","theMarked:Improvise","theMarked:WardOff+1"],"picked":"SKIP","floor":20},{"not_picked":["theMarked:Generate","theMarked:Standoff","theMarked:MuscleMemory+1"],"picked":"SKIP","floor":22},{"not_picked":["theMarked:ElectricStrings","theMarked:ChainLightning","theMarked:Generate+1"],"picked":"SKIP","floor":23},{"not_picked":["theMarked:ElectricStrings+1","theMarked:ChainLightning+1","theMarked:ThrowWeapon"],"picked":"SKIP","floor":25},{"not_picked":["theMarked:Memento+1","theMarked:RepellingDischarge+1"],"picked":"theMarked:Opportunist","floor":27},{"not_picked":["theMarked:Opportunist","theMarked:TurnInvisible+1"],"picked":"theMarked:HeightenedSenses+1","floor":29},{"not_picked":["theMarked:WastefulAttack","theMarked:Frustration"],"picked":"theMarked:HeightenedSenses+1","floor":31},{"not_picked":["theMarked:UnarmedFury","theMarked:ThrowWeapon"],"picked":"theMarked:Toughness","floor":33},{"not_picked":["theMarked:BanishingStrike+1","theMarked:TakeCover+1"],"picked":"theMarked:EmpowerWeapon+1","floor":35},{"not_picked":["theMarked:Snap","theMarked:Standoff","theMarked:Frustration"],"picked":"SKIP","floor":38},{"not_picked":["theMarked:TakeCover+1","theMarked:Determination+1","theMarked:ElectricStrings+1"],"picked":"SKIP","floor":40},{"not_picked":["theMarked:TakeCover+1","theMarked:Determination+1"],"picked":"theMarked:ElectricStrings+1","floor":40},{"not_picked":["theMarked:CreepingChasm+1","theMarked:MuscleMemory+1","theMarked:EmpowerWeapon+1"],"picked":"SKIP","floor":42},{"not_picked":["theMarked:HeightenedSenses+1","theMarked:ResourceFulStrike"],"picked":"theMarked:ChannelForce+1","floor":44},{"not_picked":["theMarked:Overcharge+1","theMarked:WastefulAttack","theMarked:Improvise+1"],"picked":"SKIP","floor":45}],"player_experience":693501,"relics_obtained":[{"floor":6,"key":"Bronze Scales"},{"floor":9,"key":"theMarked:Gun"},{"floor":10,"key":"Unceasing Top"},{"floor":23,"key":"Toxic Egg 2"},{"floor":26,"key":"Art of War"},{"floor":27,"key":"Lantern"},{"floor":29,"key":"Mercury Hourglass"},{"floor":36,"key":"Incense Burner"},{"floor":40,"key":"Ginger"},{"floor":43,"key":"Darkstone Periapt"}],"event_choices":[{"damage_healed":0,"gold_gain":0,"player_choice":"Entered Light","damage_taken":14,"max_hp_gain":0,"max_hp_loss":0,"event_name":"Shining Light","floor":2,"gold_loss":0,"cards_upgraded":["theMarked:Defend","theMarked:Strike"]},{"damage_healed":0,"gold_gain":0,"player_choice":"Grow","damage_taken":0,"max_hp_gain":0,"max_hp_loss":0,"event_name":"Living Wall","floor":8,"gold_loss":0,"cards_upgraded":["theMarked:HeightenedSenses"]},{"cards_removed":["theMarked:Strike"],"damage_healed":0,"gold_gain":0,"player_choice":"Purged","damage_taken":0,"max_hp_gain":0,"max_hp_loss":0,"event_name":"Purifier","floor":11,"gold_loss":0},{"damage_healed":0,"gold_gain":0,"player_choice":"1 cards matched","damage_taken":0,"max_hp_gain":0,"max_hp_loss":0,"event_name":"Match and Keep!","floor":19,"gold_loss":0,"cards_obtained":["theMarked:Levitate"]},{"damage_healed":0,"gold_gain":0,"player_choice":"Fight","damage_taken":0,"max_hp_gain":0,"max_hp_loss":0,"event_name":"MindBloom","floor":36,"gold_loss":0},{"damage_healed":0,"gold_gain":0,"player_choice":"Ignored","damage_taken":0,"max_hp_gain":0,"max_hp_loss":0,"event_name":"Tomb of Lord Red Mask","floor":37,"gold_loss":0},{"damage_healed":0,"gold_gain":0,"player_choice":"Got Potions","damage_taken":0,"max_hp_gain":0,"max_hp_loss":0,"event_name":"Lab","floor":47,"gold_loss":0}],"is_beta":true,"boss_relics":[{"not_picked":["Fusion Hammer","Sozu"],"picked":"theMarked:Eyepatch"},{"not_picked":["Black Star","Cursed Key"],"picked":"Tiny House"}],"items_purged_floors":[],"is_endless":false,"potions_floor_spawned":[3,5,6,12,18,22,25,31,33,42,44,45],"killed_by":"Donu and Deca","ascension_level":0}}