{"host":"siagz6a7l016lv9o","time":1613788833,"event":{"mods":["AchievementEnabler","BaseMod","Colored Map","Downfall","Minty Spire (QoL Compilation)","Quick Restart","StSLib"],"gold_per_floor":[118,118,132,145,162,191,202,228,252,270,282,282,60,95,95,95,95],"floor_reached":16,"language":"ENG","playtime":619,"items_purged":["Strike_R"],"score":130,"play_id":"2251b64c-6f47-4dc6-80fc-d24103f57c93","local_time":"20210220034033","is_ascension_mode":true,"campfire_choices":[{"data":"Limit Break","floor":15,"key":"SMITH"}],"circlet_count":0,"master_deck":["Strike_R","Strike_R","Strike_R","Defend_R","Defend_R","Defend_R","Defend_R","Bash","Decay","Limit Break+1","Flame Barrier","Sword Boomerang","Flex","Cleave","Sword Boomerang","Thunderclap","Sword Boomerang","Shrug It Off"],"relics":["Burning Blood","Juzu Bracelet","Omamori","Regal Pillow","Vajra","Lantern"],"acts_visited":["Exordium"],"potions_floor_usage":[16,16,16],"damage_taken":[{"damage":7.0,"enemies":"Small Slimes","floor":1.0,"turns":5.0},{"damage":0.0,"enemies":"2 Louse","floor":3.0,"turns":2.0},{"damage":8.0,"enemies":"Jaw Worm","floor":4.0,"turns":3.0},{"damage":8.0,"enemies":"2 Fungi Beasts","floor":5.0,"turns":3.0},{"damage":20.0,"enemies":"Lagavulin","floor":6.0,"turns":5.0},{"damage":4.0,"enemies":"Large Slime","floor":7.0,"turns":7.0},{"damage":22.0,"enemies":"3 Sentries","floor":8.0,"turns":8.0},{"damage":10.0,"enemies":"Looter","floor":10.0,"turns":3.0},{"damage":0.0,"enemies":"3 Louse","floor":11.0,"turns":2.0},{"damage":6,"enemies":"Gremlin Nob","floor":14,"turns":3},{"damage":57,"enemies":"Hexaghost","floor":16,"turns":9}],"seed_played":"-3653452241069966014","potions_obtained":[{"floor":3.0,"key":"Dexterity Potion"},{"floor":4.0,"key":"SkillPotion"},{"floor":7.0,"key":"BlessingOfTheForge"},{"floor":10.0,"key":"SpeedPotion"}],"is_trial":false,"path_per_floor":["M","?","M","M","M","E","M","E","T","M","M","?","$","E","R","B"],"character_chosen":"IRONCLAD","items_purchased":["Vajra"],"campfire_rested":0,"item_purchase_floors":[13],"current_hp_per_floor":[79,84,85,83,81,67,69,53,53,49,55,55,55,55,55,0,0],"gold":95,"neow_bonus":"THREE_RARE_CARDS","is_daily":false,"chose_seed":false,"campfire_upgraded":1,"win_rate":0.0,"timestamp":1613788833,"path_taken":["M","?","M","M","M","E","M","E","T","M","M","?","?","E","R","BOSS"],"items_purchased_type":["Relic"],"build_version":"2020-12-22","purchased_purges":1,"victory":false,"max_hp_per_floor":[80,85,85,85,85,85,85,85,85,85,85,85,85,85,85,85,85],"card_choices":[{"not_picked":["Reaper","Offering"],"picked":"Limit Break","floor":0.0},{"not_picked":["Rage","Rupture"],"picked":"Flame Barrier","floor":1.0},{"not_picked":["Clash","True Grit"],"picked":"Sword Boomerang","floor":3.0},{"not_picked":["Warcry","Cleave"],"picked":"Flex","floor":4.0},{"not_picked":["Perfected Strike","Warcry"],"picked":"Cleave","floor":5.0},{"not_picked":["Infernal Blade","Fire Breathing","Clothesline"],"picked":"SKIP","floor":6.0},{"not_picked":["Clothesline","Body Slam"],"picked":"Sword Boomerang","floor":7.0},{"not_picked":["Warcry","Armaments"],"picked":"Thunderclap","floor":8.0},{"not_picked":["Combust","Armaments"],"picked":"Sword Boomerang","floor":10.0},{"not_picked":["Flex","Dropkick"],"picked":"Shrug It Off","floor":11.0},{"not_picked":["Barricade","Intimidate","Burning Pact"],"picked":"SKIP","floor":14}],"player_experience":10643,"relics_obtained":[{"floor":6.0,"key":"Juzu Bracelet"},{"floor":8.0,"key":"Omamori"},{"floor":9.0,"key":"Regal Pillow"},{"floor":14,"key":"Lantern"}],"event_choices":[{"damage_healed":0.0,"max_hp_gain":5.0,"max_hp_loss":0.0,"gold_gain":0.0,"event_name":"Big Fish","player_choice":"Donut","floor":2.0,"gold_loss":0.0,"damage_taken":0.0},{"cards_removed":["Strike_R"],"damage_healed":0.0,"max_hp_gain":0.0,"max_hp_loss":0.0,"gold_gain":0.0,"event_name":"Living Wall","player_choice":"Forget","floor":12.0,"gold_loss":0.0,"damage_taken":0.0}],"is_beta":false,"boss_relics":[],"items_purged_floors":[13],"is_endless":false,"potions_floor_spawned":[3,4,7,10,14],"killed_by":"Hexaghost","ascension_level":1}}