{"host":"n2sr453jcjz6vvl4","time":1613826101,"event":{"mods":["BaseMod","Colored Map","Minty Spire (QoL Compilation)","Permanent Neow","Relic Stats","StSLib"],"gold_per_floor":[362,3,3,3,21,21,46,61,107,138,138,155,189,203,203,302,302,320,339,84,104,104,104,129,129,129,157,0,0,33,33,33,137,137,148,3,3,20,36,36,70,70,70,84,84,84,84,109,109,109],"floor_reached":51,"language":"ENG","playtime":3023,"items_purged":["Strike_B"],"score":827,"play_id":"2fbecfe6-d5b5-4e76-94d3-d1fe3162a0d2","local_time":"20210220090141","is_ascension_mode":true,"campfire_choices":[{"data":"Zap","floor":6.0,"key":"SMITH"},{"floor":11.0,"key":"REST"},{"floor":15.0,"key":"REST"},{"floor":23.0,"key":"DIG"},{"floor":25.0,"key":"REST"},{"floor":29.0,"key":"REST"},{"floor":32.0,"key":"DIG"},{"data":"Echo Form","floor":40,"key":"SMITH"},{"floor":42,"key":"DIG"},{"floor":45,"key":"DIG"},{"floor":47,"key":"DIG"},{"floor":49,"key":"REST"}],"circlet_count":0,"master_deck":["Strike_B","Strike_B","Defend_B","Defend_B+1","Zap+1","Dualcast+1","Parasite","BootSequence","Electrodynamics","Leap","Redo","BootSequence","Genetic Algorithm","Ball Lightning","Buffer","Sweeping Beam","Echo Form+1","Seek","Defragment+1","Streamline+1","Conserve Battery","BootSequence","Buffer","White Noise+1","Reinforced Body+1","Rainbow+1","Compile Driver+1","Coolheaded+1","Scrape+1","Capacitor"],"relics":["Cracked Core","Bronze Scales","Centennial Puzzle","Potion Belt","Shovel","Ginger","Runic Pyramid","Nunchaku","Enchiridion","Boot","Blood Vial","Toxic Egg 2","Regal Pillow","PreservedInsect","War Paint","Astrolabe","Vajra","Question Card","Darkstone Periapt","Molten Egg 2","Ornamental Fan","Happy Flower","Bird Faced Urn","White Beast Statue"],"acts_visited":["Exordium","TheCity","TheBeyond"],"potions_floor_usage":[48,50],"damage_taken":[{"damage":1.0,"enemies":"Cultist","floor":1.0,"turns":3.0},{"damage":0.0,"enemies":"Small Slimes","floor":5.0,"turns":3.0},{"damage":37.0,"enemies":"Lagavulin","floor":7.0,"turns":7.0},{"damage":0.0,"enemies":"2 Louse","floor":8.0,"turns":2.0},{"damage":35.0,"enemies":"Gremlin Nob","floor":10.0,"turns":4.0},{"damage":0.0,"enemies":"Lots of Slimes","floor":12.0,"turns":3.0},{"damage":18.0,"enemies":"3 Sentries","floor":13.0,"turns":3.0},{"damage":0.0,"enemies":"Gremlin Gang","floor":14.0,"turns":2.0},{"damage":21.0,"enemies":"The Guardian","floor":16.0,"turns":10.0},{"damage":6.0,"enemies":"Spheric Guardian","floor":18.0,"turns":5.0},{"damage":4.0,"enemies":"3 Byrds","floor":19.0,"turns":2.0},{"damage":15.0,"enemies":"Snake Plant","floor":21.0,"turns":4.0},{"damage":15.0,"enemies":"Slavers","floor":24.0,"turns":3.0},{"damage":41.0,"enemies":"Gremlin Leader","floor":27.0,"turns":6.0},{"damage":26.0,"enemies":"Slavers","floor":30.0,"turns":4.0},{"damage":72.0,"enemies":"Automaton","floor":33.0,"turns":11.0},{"damage":0,"enemies":"3 Shapes","floor":35,"turns":3},{"damage":0,"enemies":"Orb Walker","floor":38,"turns":5},{"damage":29,"enemies":"3 Darklings","floor":39,"turns":5},{"damage":9,"enemies":"Reptomancer","floor":41,"turns":8},{"damage":0,"enemies":"Spire Growth","floor":44,"turns":8},{"damage":48,"enemies":"Nemesis","floor":48,"turns":8},{"damage":90,"enemies":"Time Eater","floor":50,"turns":12}],"seed_played":"-6923061753001108210","potions_obtained":[{"floor":3.0,"key":"Dexterity Potion"},{"floor":3.0,"key":"FairyPotion"},{"floor":3.0,"key":"Ancient Potion"},{"floor":12.0,"key":"LiquidBronze"},{"floor":13.0,"key":"FearPotion"},{"floor":14.0,"key":"SteroidPotion"},{"floor":27.0,"key":"SpeedPotion"},{"floor":30.0,"key":"AttackPotion"},{"floor":39,"key":"Explosive Potion"}],"is_trial":false,"path_per_floor":["M","$","?","$","M","R","E","M","T","E","R","M","E","M","R","B",null,"M","M","$","M","?","R","E","R","T","E","?","R","E","?","R","B",null,"M","$","T","M","M","R","E","R","T","M","R","$","R","E","R","B",null],"character_chosen":"DEFECT","items_purchased":["Electrodynamics","Bronze Scales","Leap","Conserve Battery","Nunchaku","Vajra"],"campfire_rested":5,"item_purchase_floors":[2,2,2,20,20,36],"current_hp_per_floor":[74,74,74,74,74,74,37,37,37,2,24,24,6,6,28,7,75,69,65,65,50,34,34,19,41,41,2,2,39,15,75,75,3,75,75,75,75,75,46,46,39,39,39,41,41,41,41,15,52,9],"gold":109,"neow_bonus":"TWO_FIFTY_GOLD","is_daily":false,"chose_seed":false,"campfire_upgraded":2,"win_rate":0.0,"timestamp":1613826101,"path_taken":["M","$","?","$","M","R","E","?","T","E","R","M","E","M","R","BOSS","M","M","$","M","?","R","E","R","T","E","?","R","E","?","R","BOSS","M","$","?","?","?","R","E","R","T","M","R","$","R","E","R","BOSS"],"items_purchased_type":["Card","Relic","Card","Card","Relic","Relic"],"build_version":"2020-12-22","purchased_purges":1,"victory":true,"max_hp_per_floor":[75,75,75,75,75,75,75,75,75,75,75,75,75,75,75,75,75,75,75,75,75,75,75,75,75,75,75,75,75,75,75,75,75,75,75,75,75,75,75,75,75,75,75,75,75,75,75,75,75,75],"relic_stats":{"Darkstone Periapt":0,"Regal Pillow":30,"Happy Flower":[6],"counters":[23,121],"Astrolabe":["Compile Driver","Coolheaded","Scrape"],"PreservedInsect":105,"Ginger":[8],"War Paint":["Defend_B","Dualcast"],"Boot":[29],"Question Card":5,"Blood Vial":12,"Centennial Puzzle":[39],"Nunchaku":[5],"Shovel":5,"Ornamental Fan":[8],"Bronze Scales":[412],"Bird Faced Urn":[42],"obtain_stats":[{"Potion Belt":9,"Darkstone Periapt":41,"Regal Pillow":27,"Happy Flower":45,"Astrolabe":34,"Enchiridion":22,"Vajra":36,"PreservedInsect":30,"Ginger":13,"War Paint":32,"Boot":23,"Question Card":37,"White Beast Statue":48,"Blood Vial":24,"Centennial Puzzle":7,"Nunchaku":20,"Shovel":10,"Ornamental Fan":43,"Bronze Scales":2,"Bird Faced Urn":47,"Molten Egg 2":42,"Toxic Egg 2":26,"Cracked Core":0,"Runic Pyramid":17},{"Potion Belt":4,"Darkstone Periapt":20,"Regal Pillow":14,"Happy Flower":21,"Astrolabe":16,"Enchiridion":12,"Vajra":17,"PreservedInsect":15,"Ginger":7,"War Paint":15,"Boot":12,"Question Card":17,"White Beast Statue":22,"Blood Vial":13,"Centennial Puzzle":3,"Nunchaku":11,"Shovel":5,"Ornamental Fan":20,"Bronze Scales":1,"Bird Faced Urn":21,"Molten Egg 2":20,"Toxic Egg 2":13,"Cracked Core":0,"Runic Pyramid":9},{"Potion Belt":15,"Darkstone Periapt":93,"Regal Pillow":57,"Happy Flower":101,"Astrolabe":72,"Enchiridion":48,"Vajra":75,"PreservedInsect":61,"Ginger":25,"War Paint":61,"Boot":48,"Question Card":75,"White Beast Statue":109,"Blood Vial":51,"Centennial Puzzle":13,"Nunchaku":44,"Shovel":19,"Ornamental Fan":93,"Bronze Scales":3,"Bird Faced Urn":101,"Molten Egg 2":93,"Toxic Egg 2":51,"Cracked Core":0,"Runic Pyramid":37}]},"card_choices":[{"not_picked":["Chaos","Hello World"],"picked":"BootSequence","floor":1.0},{"not_picked":["Barrage","Hologram"],"picked":"Redo","floor":5.0},{"not_picked":["Leap","Hologram"],"picked":"BootSequence","floor":7.0},{"not_picked":["Steam","Hello World"],"picked":"Genetic Algorithm","floor":8.0},{"not_picked":["Recycle","Chill"],"picked":"Ball Lightning","floor":10.0},{"not_picked":["Rip and Tear","Hologram"],"picked":"Buffer","floor":12.0},{"not_picked":["Consume","Leap"],"picked":"Sweeping Beam","floor":13.0},{"not_picked":["Go for the Eyes","Redo"],"picked":"Echo Form","floor":14.0},{"not_picked":["All For One","Electrodynamics"],"picked":"Seek","floor":16.0},{"not_picked":["Steam","Storm+1"],"picked":"Defragment+1","floor":18.0},{"not_picked":["Double Energy","Coolheaded"],"picked":"Streamline+1","floor":19.0},{"not_picked":["Barrage","Fusion"],"picked":"BootSequence","floor":21.0},{"not_picked":["Reboot","Chill"],"picked":"Buffer","floor":24.0},{"not_picked":["Gash","Echo Form"],"picked":"White Noise+1","floor":27.0},{"not_picked":["Steam Power+1","Stack+1"],"picked":"Reinforced Body+1","floor":30.0},{"not_picked":["Echo Form","Fission+1"],"picked":"Rainbow+1","floor":33.0},{"not_picked":["Undo+1","Storm","Rip and Tear+1"],"picked":"SKIP","floor":35},{"not_picked":["Tempest+1","Redo+1","Streamline","Compile Driver+1"],"picked":"SKIP","floor":38},{"not_picked":["Gash+1","Rebound","Scrape+1","Barrage+1"],"picked":"SKIP","floor":39},{"not_picked":["Go for the Eyes","Static Discharge+1","White Noise+1"],"picked":"Capacitor","floor":41},{"not_picked":["FTL+1","BootSequence+1","Sunder+1","Aggregate+1"],"picked":"SKIP","floor":44},{"not_picked":["Hologram+1","Cold Snap+1","Streamline+1","Rip and Tear+1"],"picked":"SKIP","floor":48}],"player_experience":201432,"relics_obtained":[{"floor":7.0,"key":"Centennial Puzzle"},{"floor":9.0,"key":"Potion Belt"},{"floor":10.0,"key":"Shovel"},{"floor":13.0,"key":"Ginger"},{"floor":22.0,"key":"Enchiridion"},{"floor":23.0,"key":"Boot"},{"floor":24.0,"key":"Blood Vial"},{"floor":26.0,"key":"Toxic Egg 2"},{"floor":27.0,"key":"Regal Pillow"},{"floor":30.0,"key":"PreservedInsect"},{"floor":32.0,"key":"War Paint"},{"floor":37,"key":"Question Card"},{"floor":41,"key":"Darkstone Periapt"},{"floor":42,"key":"Molten Egg 2"},{"floor":43,"key":"Ornamental Fan"},{"floor":45,"key":"Happy Flower"},{"floor":47,"key":"Bird Faced Urn"},{"floor":48,"key":"White Beast Statue"}],"event_choices":[{"damage_healed":0.0,"max_hp_gain":0.0,"max_hp_loss":0.0,"gold_gain":0.0,"event_name":"Lab","player_choice":"Got Potions","floor":3.0,"gold_loss":0.0,"damage_taken":0.0},{"damage_healed":0.0,"max_hp_gain":0.0,"max_hp_loss":0.0,"gold_gain":0.0,"event_name":"Cursed Tome","player_choice":"Obtained Book","floor":22.0,"gold_loss":0.0,"damage_taken":16.0},{"damage_healed":0.0,"max_hp_gain":0.0,"max_hp_loss":0.0,"gold_gain":0.0,"event_name":"Masked Bandits","player_choice":"Paid Fearfully","floor":28.0,"gold_loss":157.0,"damage_taken":0.0},{"damage_healed":60.0,"max_hp_gain":0.0,"max_hp_loss":0.0,"gold_gain":0.0,"event_name":"Wheel of Change","player_choice":"Full Heal","floor":31.0,"gold_loss":0.0,"damage_taken":0.0}],"is_beta":false,"boss_relics":[{"not_picked":["Inserter","Tiny House"],"picked":"Runic Pyramid"},{"not_picked":["Black Star","Coffee Dripper"],"picked":"Astrolabe"}],"items_purged_floors":[20],"is_endless":false,"potions_floor_spawned":[7,12,13,14,19,24,27,30,39,41],"ascension_level":2}}