{"host":"9l1knhxfturzliqa","time":1613823658,"event":{"mods":["AchievementEnabler","BaseMod","Colored Map","Colored Powertips","DeckTracker","Highlight Path","Keyboard Shortcuts","Minty Spire (QoL Compilation)","Random Character Button"],"gold_per_floor":[369,544,564,514,44,124,124,154,154,154,173,189,189,199,199,296,296,310,225,125,125,141,176,176,191,191,205,222,222,250,260,260,260,260],"floor_reached":33,"language":"KOR","playtime":4670,"items_purged":["Doubt","Strike_B"],"score":539,"play_id":"4b5e463d-c5e2-46d2-845b-027178931aa7","local_time":"20210220212058","is_ascension_mode":true,"campfire_choices":[{"data":"Zap","floor":7.0,"key":"SMITH"},{"data":"Dualcast","floor":10.0,"key":"SMITH"},{"floor":13.0,"key":"REST"},{"data":"Body Slam","floor":15.0,"key":"SMITH"},{"floor":24.0,"key":"REST"},{"floor":29.0,"key":"REST"},{"floor":32.0,"key":"REST"}],"circlet_count":0,"master_deck":["AscendersBane","Strike_B","Strike_B","Strike_B","Defend_B","Defend_B","Defend_B","Defend_B","Zap+1","Dualcast+1","Beam Cell","Rebound","Escape Plan","Body Slam+1","Shrug It Off","Envenom+1","FTL","Self Repair+1","Cold Snap+1","BootSequence","Go for the Eyes","Acrobatics","Discovery","Pommel Strike","PiercingWail"],"relics":["Cracked Core","Matryoshka","PrismaticShard","Pen Nib","StrikeDummy","Akabeko","Boot","Frozen Egg 2","Cursed Key","Symbiotic Virus","MealTicket","Meat on the Bone"],"acts_visited":["Exordium","TheCity"],"potions_floor_usage":[],"damage_taken":[{"damage":0.0,"enemies":"Small Slimes","floor":1.0,"turns":3.0},{"damage":5.0,"enemies":"2 Louse","floor":3.0,"turns":3.0},{"damage":10.0,"enemies":"3 Sentries","floor":8.0,"turns":4.0},{"damage":7.0,"enemies":"Jaw Worm","floor":11.0,"turns":2.0},{"damage":19.0,"enemies":"Exordium Wildlife","floor":12.0,"turns":4.0},{"damage":0.0,"enemies":"3 Louse","floor":14.0,"turns":1.0},{"damage":0.0,"enemies":"Slime Boss","floor":16.0,"turns":7.0},{"damage":17.0,"enemies":"Shell Parasite","floor":18.0,"turns":4.0},{"damage":17.0,"enemies":"2 Thieves","floor":22.0,"turns":3.0},{"damage":42.0,"enemies":"Book of Stabbing","floor":23.0,"turns":5.0},{"damage":24.0,"enemies":"Snake Plant","floor":25.0,"turns":3.0},{"damage":8.0,"enemies":"Cultist and Chosen","floor":27.0,"turns":5.0},{"damage":7.0,"enemies":"3 Cultists","floor":28.0,"turns":5.0},{"damage":35.0,"enemies":"Slavers","floor":30.0,"turns":5.0},{"damage":0.0,"enemies":"Snake Plant","floor":31.0,"turns":2.0},{"damage":49,"enemies":"Champ","floor":33,"turns":8}],"seed_played":"8218783539969616731","potions_obtained":[{"floor":1.0,"key":"Strength Potion"},{"floor":3.0,"key":"Strength Potion"},{"floor":12.0,"key":"Explosive Potion"},{"floor":14.0,"key":"SkillPotion"},{"floor":16.0,"key":"Energy Potion"},{"floor":23.0,"key":"FocusPotion"},{"floor":28.0,"key":"SteroidPotion"},{"floor":30.0,"key":"Swift Potion"}],"is_trial":false,"path_per_floor":["M","?","M","?","$","T","R","E","T","R","M","M","R","M","R","B",null,"M","?","$","?","M","E","R","M","T","M","M","R","E","M","R","B"],"character_chosen":"DEFECT","items_purchased":["Matryoshka","PrismaticShard"],"campfire_rested":4,"item_purchase_floors":[5,5],"current_hp_per_floor":[68,68,63,63,63,63,63,53,53,53,46,27,49,49,49,49,69,52,52,52,52,45,13,35,11,11,13,16,38,13,25,47,0,0],"gold":260,"neow_bonus":"TWO_FIFTY_GOLD","is_daily":false,"chose_seed":false,"campfire_upgraded":3,"win_rate":0.0,"timestamp":1613823658,"path_taken":["M","?","M","?","$","?","R","E","T","R","M","M","R","M","R","BOSS","M","?","$","?","M","E","R","M","T","M","M","R","E","M","R","BOSS"],"items_purchased_type":["Relic","Relic"],"build_version":"2020-12-22","purchased_purges":2,"victory":false,"max_hp_per_floor":[75,75,75,75,75,75,75,75,75,75,75,75,75,75,75,75,75,75,75,75,75,75,75,75,75,75,75,75,75,75,75,75,75,75],"card_choices":[{"not_picked":["Static Discharge","Steam Power"],"picked":"Beam Cell","floor":1.0},{"not_picked":["Beam Cell","Barrage"],"picked":"Rebound","floor":3.0},{"not_picked":["Bandage Up","Flex"],"picked":"Escape Plan","floor":8.0},{"not_picked":["Prostrate","Deadly Poison"],"picked":"Body Slam","floor":11.0},{"not_picked":["Dagger Spray","Wallop","Rupture+1"],"picked":"SKIP","floor":12.0},{"not_picked":["All Out Attack","CutThroughFate"],"picked":"Shrug It Off","floor":14.0},{"not_picked":["Buffer+1","Alpha"],"picked":"Envenom+1","floor":16.0},{"not_picked":["Bane","Conserve Battery"],"picked":"FTL","floor":18.0},{"not_picked":["Glacier","Carnage"],"picked":"Cold Snap+1","floor":22.0},{"not_picked":["Entrench","Conserve Battery"],"picked":"BootSequence","floor":23.0},{"not_picked":["PathToVictory","Rip and Tear"],"picked":"Go for the Eyes","floor":25.0},{"not_picked":["Bouncing Flask","Sucker Punch+1"],"picked":"Acrobatics","floor":27.0},{"not_picked":["Hologram","Infernal Blade"],"picked":"Discovery","floor":28.0},{"not_picked":["Rip and Tear","Sever Soul"],"picked":"Pommel Strike","floor":30.0},{"not_picked":["Acrobatics","Wild Strike"],"picked":"PiercingWail","floor":31.0}],"player_experience":703201,"relics_obtained":[{"floor":6.0,"key":"Pen Nib"},{"floor":6.0,"key":"StrikeDummy"},{"floor":8.0,"key":"Akabeko"},{"floor":9.0,"key":"Boot"},{"floor":9.0,"key":"Frozen Egg 2"},{"floor":23.0,"key":"MealTicket"},{"floor":30.0,"key":"Meat on the Bone"}],"event_choices":[{"damage_healed":0.0,"max_hp_gain":0.0,"max_hp_loss":0.0,"gold_gain":175.0,"event_name":"Liars Game","player_choice":"AGREE","floor":2.0,"gold_loss":0.0,"damage_taken":0.0,"cards_obtained":["Doubt"]},{"cards_removed":["Regret"],"damage_healed":0.0,"max_hp_gain":0.0,"max_hp_loss":0.0,"gold_gain":0.0,"event_name":"The Cleric","player_choice":"Card Removal","floor":4.0,"gold_loss":50.0,"damage_taken":0.0},{"damage_healed":0.0,"max_hp_gain":0.0,"max_hp_loss":0.0,"gold_gain":0.0,"event_name":"Addict","player_choice":"Obtained Relic","floor":19.0,"gold_loss":85.0,"damage_taken":0.0,"relics_obtained":["Symbiotic Virus"]},{"damage_healed":0.0,"max_hp_gain":0.0,"max_hp_loss":0.0,"gold_gain":0.0,"event_name":"The Library","player_choice":"Read","floor":21.0,"gold_loss":0.0,"damage_taken":0.0,"cards_obtained":["Self Repair"]}],"is_beta":false,"boss_relics":[{"not_picked":["Astrolabe","Philosopher\u0027s Stone"],"picked":"Cursed Key"}],"items_purged_floors":[5,20],"is_endless":false,"potions_floor_spawned":[1,3,12,14,16,23,28,30],"killed_by":"Champ","ascension_level":12}}