{"host":"y13mj1mxwnd5xx1x","time":1613807873,"event":{"mods":["AchievementEnabler","BaseMod","Minty Spire (QoL Compilation)"],"gold_per_floor":[111,131,131,142,14,47,59,94,117,133,147,66,84,112,112,212,212,231,247,260,278,295,327,342,22,22,38,55,89,107,22,22,22,22],"floor_reached":33,"language":"ENG","playtime":2126,"items_purged":["Strike_B"],"score":349,"play_id":"9175422c-560a-4332-9b32-d0a3bb525cc6","local_time":"20210220015753","is_ascension_mode":true,"campfire_choices":[{"data":"Cold Snap","floor":15,"key":"SMITH"},{"data":"Barrage","floor":32,"key":"SMITH"}],"circlet_count":0,"master_deck":["Strike_B","Strike_B","Defend_B","Defend_B","Defend_B","Defend_B","Zap+1","Dualcast","Self Repair","Barrage+1","Sweeping Beam","Cold Snap+1","Conserve Battery","Cold Snap","Heatsinks+1","Blizzard","Loop+1","Capacitor+1","Buffer+1","Defragment+1","Ball Lightning","FTL","Redo","Core Surge","Capacitor+1"],"relics":["Cracked Core","Frozen Egg 2","Pen Nib","MealTicket","Art of War","Busted Crown","Bag of Marbles","Boot","StoneCalendar","Bird Faced Urn","Vajra"],"acts_visited":["Exordium","TheCity"],"potions_floor_usage":[14,18,18,23,23,23,23,23,28,29,33],"damage_taken":[{"damage":0,"enemies":"Small Slimes","floor":1,"turns":2},{"damage":0,"enemies":"Cultist","floor":2,"turns":3},{"damage":2,"enemies":"2 Louse","floor":4,"turns":2},{"damage":7,"enemies":"Lagavulin","floor":6,"turns":6},{"damage":0,"enemies":"2 Fungi Beasts","floor":7,"turns":3},{"damage":12,"enemies":"Gremlin Nob","floor":8,"turns":4},{"damage":4,"enemies":"Blue Slaver","floor":10,"turns":3},{"damage":4,"enemies":"Looter","floor":11,"turns":3},{"damage":14,"enemies":"3 Louse","floor":13,"turns":4},{"damage":23,"enemies":"3 Sentries","floor":14,"turns":6},{"damage":26,"enemies":"The Guardian","floor":16,"turns":12},{"damage":22,"enemies":"2 Thieves","floor":18,"turns":4},{"damage":0,"enemies":"Spheric Guardian","floor":19,"turns":4},{"damage":32,"enemies":"Shelled Parasite and Fungi","floor":20,"turns":7},{"damage":3,"enemies":"Chosen and Byrds","floor":21,"turns":6},{"damage":14,"enemies":"Snake Plant","floor":22,"turns":5},{"damage":8,"enemies":"Slavers","floor":23,"turns":4},{"damage":11,"enemies":"Sentry and Sphere","floor":24,"turns":5},{"damage":9,"enemies":"Chosen and Byrds","floor":27,"turns":4},{"damage":12,"enemies":"Snake Plant","floor":28,"turns":5},{"damage":12,"enemies":"Book of Stabbing","floor":29,"turns":4},{"damage":6,"enemies":"Shelled Parasite and Fungi","floor":30,"turns":5},{"damage":50,"enemies":"Collector","floor":33,"turns":6}],"seed_played":"5005075771806489479","potions_obtained":[{"floor":2,"key":"EssenceOfDarkness"},{"floor":7,"key":"SneckoOil"},{"floor":8,"key":"Regen Potion"},{"floor":14,"key":"DistilledChaos"},{"floor":19,"key":"EssenceOfDarkness"},{"floor":21,"key":"EntropicBrew"},{"floor":27,"key":"PowerPotion"},{"floor":28,"key":"LiquidBronze"},{"floor":29,"key":"Energy Potion"}],"is_trial":false,"path_per_floor":["M","M","?","M","$","E","M","E","T","M","M","$","M","E","R","B",null,"M","M","M","M","M","E","M","$","T","M","M","E","M","?","R","B"],"character_chosen":"DEFECT","items_purchased":["Cold Snap","Fire Potion","Conserve Battery","Loop+1","Redo","Boot","PowerPotion"],"campfire_rested":0,"item_purchase_floors":[5,5,5,12,25,25,25],"current_hp_per_floor":[75,75,75,73,73,73,75,70,70,73,75,75,68,57,57,31,75,53,60,35,39,32,31,27,42,42,40,35,23,36,36,36,0,0],"gold":22,"neow_bonus":"REMOVE_CARD","is_daily":false,"chose_seed":false,"campfire_upgraded":2,"win_rate":0.0,"timestamp":1613807873,"path_taken":["M","M","?","M","$","E","M","E","T","M","?","$","M","E","R","BOSS","M","M","M","M","M","E","M","$","T","M","M","E","M","?","R","BOSS"],"items_purchased_type":["Card","Potion","Card","Card","Card","Relic","Potion"],"build_version":"2020-12-22","purchased_purges":1,"victory":false,"max_hp_per_floor":[75,75,75,75,75,75,75,75,75,75,75,75,75,75,75,75,75,75,75,75,75,75,75,75,75,75,75,75,75,75,75,75,75,75],"card_choices":[{"not_picked":["Redo","Hologram"],"picked":"Self Repair","floor":1},{"not_picked":["Steam Power","Go for the Eyes"],"picked":"Barrage","floor":2},{"not_picked":["Static Discharge","Gash"],"picked":"Sweeping Beam","floor":4},{"not_picked":["Turbo","Conserve Battery"],"picked":"Cold Snap","floor":6},{"not_picked":["Coolheaded","Steam"],"picked":"Heatsinks+1","floor":7},{"not_picked":["Consume","Sunder","Turbo"],"picked":"SKIP","floor":8},{"not_picked":["Fusion","Turbo"],"picked":"Blizzard","floor":10},{"not_picked":["Go for the Eyes","Chaos","Streamline"],"picked":"SKIP","floor":11},{"not_picked":["Reprogram","Streamline"],"picked":"Capacitor+1","floor":13},{"not_picked":["Streamline","Heatsinks+1","Rebound"],"picked":"SKIP","floor":14},{"not_picked":["Reboot","Biased Cognition+1"],"picked":"Buffer+1","floor":16},{"not_picked":[],"picked":"Defragment+1","floor":18},{"not_picked":["Sweeping Beam+1"],"picked":"SKIP","floor":19},{"not_picked":[],"picked":"Ball Lightning","floor":20},{"not_picked":["Tempest"],"picked":"SKIP","floor":21},{"not_picked":["Sweeping Beam"],"picked":"SKIP","floor":22},{"not_picked":[],"picked":"FTL","floor":23},{"not_picked":["Rebound+1"],"picked":"SKIP","floor":24},{"not_picked":["Barrage"],"picked":"SKIP","floor":27},{"not_picked":[],"picked":"Core Surge","floor":28},{"not_picked":["Turbo+1"],"picked":"SKIP","floor":29},{"not_picked":[],"picked":"Capacitor+1","floor":30}],"player_experience":184495,"relics_obtained":[{"floor":6,"key":"Frozen Egg 2"},{"floor":8,"key":"Pen Nib"},{"floor":9,"key":"MealTicket"},{"floor":14,"key":"Art of War"},{"floor":23,"key":"Bag of Marbles"},{"floor":26,"key":"StoneCalendar"},{"floor":29,"key":"Bird Faced Urn"}],"event_choices":[{"damage_healed":0,"gold_gain":0,"player_choice":"Forge","damage_taken":0,"max_hp_gain":0,"max_hp_loss":0,"event_name":"Accursed Blacksmith","floor":3,"gold_loss":0,"cards_upgraded":["Zap"]},{"damage_healed":0,"gold_gain":0,"player_choice":"Obtained Relic","damage_taken":0,"relics_obtained":["Vajra"],"max_hp_gain":0,"max_hp_loss":0,"event_name":"Addict","floor":31,"gold_loss":85}],"is_beta":false,"boss_relics":[{"not_picked":["Pandora\u0027s Box","Cursed Key"],"picked":"Busted Crown"}],"items_purged_floors":[25],"is_endless":false,"potions_floor_spawned":[2,7,8,10,14,19,21,27,28,29],"killed_by":"Collector","ascension_level":2}}