{"host":"onfdonezo2qmaex3","time":1613822681,"event":{"mods":["2.2 Compatiblity","AchievementEnabler","Act Like it!","Aspiration","BaseMod","Colored Powertips","Downfall","Friendly Minions","Gensokyo","Hallownest","Hermit","Highlight Path","Jorbs\u0027s Wanderer Trilogy","Marisa????????","Marked Mod","Minty Spire (QoL Compilation)","Quick Restart","Reliquary","Shop Mod","StSLib","The Disciple","The Hayseed","The Hierophant","The Marked","The Runesmith"],"gold_per_floor":[116,127,145,159,4,4,34,34,34,15,48,360,54,73,73,73,73],"floor_reached":16,"language":"ENG","playtime":575,"items_purged":["Defend_G"],"score":130,"play_id":"2078b2d8-8620-48b8-ad26-f9684b4a3abf","local_time":"20210220130441","is_ascension_mode":true,"campfire_choices":[{"data":"Accuracy","floor":6,"key":"SMITH"},{"data":"Cloak And Dagger","floor":8,"key":"SMITH"},{"data":"Cloak And Dagger","floor":15,"key":"SMITH"}],"circlet_count":0,"master_deck":["Strike_G","Strike_G","Strike_G","Strike_G","Strike_G","Defend_G","Defend_G","Defend_G","Defend_G","Survivor","Neutralize","Endless Agony","Escape Plan","Cloak And Dagger+1","Accuracy+1","Cloak And Dagger+1","Burst","Blade Dance","Blade Dance"],"relics":["reliquary:RedCape","Ginger","reliquary:TatteredRug","reliquary:IridiumChain"],"acts_visited":["Gensokyo:Gensokyo"],"potions_floor_usage":[7,11],"damage_taken":[{"damage":1,"enemies":"Gensokyo:2_Kodama","floor":1,"turns":4},{"damage":0,"enemies":"Gensokyo:3_Fairies","floor":2,"turns":5},{"damage":0,"enemies":"Gensokyo:Gryphon","floor":3,"turns":3},{"damage":10,"enemies":"Gensokyo:CorruptedTreant","floor":4,"turns":5},{"damage":4,"enemies":"Gensokyo:Aya","floor":7,"turns":8},{"damage":24,"enemies":"Gensokyo:Mamizou","floor":11,"turns":9},{"damage":0,"enemies":"Gensokyo:LivingMonolith","floor":12,"turns":2},{"damage":0,"enemies":"Gensokyo:VengefulSpirit","floor":14,"turns":3},{"damage":35,"enemies":"Gensokyo:Kokoro","floor":16,"turns":5}],"seed_played":"-8571375467521829031","potions_obtained":[{"floor":3,"key":"SpeedPotion"},{"floor":7,"key":"FearPotion"},{"floor":11,"key":"SteroidPotion"}],"is_trial":false,"path_per_floor":["M","M","M","M","$","R","E","R","T","COS","E","M","$","M","R","B"],"character_chosen":"THE_SILENT","items_purchased":["Accuracy","Cloak And Dagger","Blade Dance","reliquary:IridiumChain"],"campfire_rested":0,"item_purchase_floors":[5,5,13,13],"current_hp_per_floor":[69,69,69,59,59,59,55,55,55,55,31,31,31,31,31,0,0],"gold":73,"neow_bonus":"BOSS_RELIC","is_daily":false,"chose_seed":false,"campfire_upgraded":3,"win_rate":0.0,"timestamp":1613822681,"path_taken":["M","?","M","M","$","R","E","R","T","COS","E","M","?","?","R","BOSS"],"items_purchased_type":["Card","Card","Card","Relic"],"build_version":"2020-12-22","purchased_purges":1,"victory":false,"max_hp_per_floor":[70,70,70,70,70,70,70,70,70,70,70,70,70,70,70,70,70],"card_choices":[{"not_picked":["Bane","Catalyst","Deflect"],"picked":"SKIP","floor":1},{"not_picked":["Dagger Spray","PiercingWail"],"picked":"Endless Agony","floor":2},{"not_picked":["Acrobatics","Deadly Poison"],"picked":"Escape Plan","floor":3},{"not_picked":["Distraction","Eviscerate"],"picked":"Cloak And Dagger","floor":4},{"not_picked":["Bouncing Flask","Crippling Poison"],"picked":"Burst","floor":7},{"not_picked":["Endless Agony","Prepared"],"picked":"Blade Dance","floor":11},{"not_picked":["Dagger Spray","Well Laid Plans","Flying Knee"],"picked":"SKIP","floor":12},{"not_picked":["Underhanded Strike","Flying Knee","Deflect"],"picked":"SKIP","floor":14}],"player_experience":221363,"relics_obtained":[{"floor":7,"key":"Ginger"},{"floor":11,"key":"reliquary:TatteredRug"}],"event_choices":[],"is_beta":false,"boss_relics":[],"items_purged_floors":[5],"is_endless":false,"potions_floor_spawned":[3,7,11],"killed_by":"Gensokyo:Kokoro","ascension_level":4}}