{"host":"shco1hyybuygyub0","time":1613820902,"event":{"mods":["BaseMod","Minty Spire (QoL Compilation)","StSLib","SuperFastMode"],"gold_per_floor":[115,128,146,162,179,179,211,211,262,262,297,222,240,268,268,340,340,359,359,372,386,386,386,400,400,400,23,36,61,61,61,61,138,138,152,169,169,180,193,220,220,240,240,115,128,157,171,183,183,183,183,183,183,105,138,138],"floor_reached":57,"language":"KOR","playtime":2816,"items_purged":["Distraction","Bullet Time+1","Flying Knee"],"score":3491,"play_id":"cc95f7a9-e9e7-4997-8176-c17d07339588","local_time":"20210220203502","is_ascension_mode":true,"campfire_choices":[{"data":"After Image","floor":6.0,"key":"SMITH"},{"data":"Concentrate","floor":8.0,"key":"SMITH"},{"floor":10.0,"key":"REST"},{"data":"Reflex","floor":15.0,"key":"SMITH"},{"data":"Venomology","floor":23.0,"key":"SMITH"},{"data":"Eviscerate","floor":25.0,"key":"SMITH"},{"data":"Neutralize","floor":30.0,"key":"SMITH"},{"data":"RitualDagger","floor":32.0,"key":"SMITH"},{"floor":41.0,"key":"RECALL"},{"data":"Acrobatics","floor":49.0,"key":"SMITH"},{"floor":53.0,"key":"REST"}],"circlet_count":0,"master_deck":["AscendersBane","Survivor","Neutralize+1","Infinite Blades","Eviscerate+1","After Image+1","Underhanded Strike","Reflex+1","Expertise+1","Cloak And Dagger","Concentrate+1","Acrobatics+1","Venomology+1","RitualDagger+1","Blur"],"relics":["Pandora\u0027s Box","Tiny Chest","War Paint","Mummified Hand","Anchor","Philosopher\u0027s Stone","Meat on the Bone","Darkstone Periapt","Singing Bowl","Ice Cream","WristBlade","Letter Opener","Paper Crane","Pear","HornCleat"],"acts_visited":["Exordium","TheCity","TheBeyond","TheEnding"],"potions_floor_usage":[56,56],"damage_taken":[{"damage":16.0,"enemies":"Small Slimes","floor":1.0,"turns":4.0},{"damage":0.0,"enemies":"Jaw Worm","floor":2.0,"turns":2.0},{"damage":4.0,"enemies":"2 Louse","floor":3.0,"turns":3.0},{"damage":0.0,"enemies":"Exordium Wildlife","floor":4.0,"turns":3.0},{"damage":28.0,"enemies":"Exordium Thugs","floor":5.0,"turns":5.0},{"damage":0.0,"enemies":"Gremlin Nob","floor":7.0,"turns":3.0},{"damage":0.0,"enemies":"Lagavulin","floor":11.0,"turns":2.0},{"damage":0.0,"enemies":"Lots of Slimes","floor":13.0,"turns":1.0},{"damage":21.0,"enemies":"3 Sentries","floor":14.0,"turns":7.0},{"damage":0.0,"enemies":"The Guardian","floor":16.0,"turns":3.0},{"damage":0.0,"enemies":"Spheric Guardian","floor":18.0,"turns":1.0},{"damage":7.0,"enemies":"2 Thieves","floor":20.0,"turns":2.0},{"damage":0.0,"enemies":"Snake Plant","floor":21.0,"turns":3.0},{"damage":0.0,"enemies":"3 Cultists","floor":24.0,"turns":1.0},{"damage":0.0,"enemies":"Snecko","floor":28.0,"turns":1.0},{"damage":0.0,"enemies":"Book of Stabbing","floor":29.0,"turns":1.0},{"damage":0.0,"enemies":"Automaton","floor":33.0,"turns":3.0},{"damage":0.0,"enemies":"3 Shapes","floor":35.0,"turns":3.0},{"damage":0.0,"enemies":"Orb Walker","floor":36.0,"turns":2.0},{"damage":0.0,"enemies":"Maw","floor":38.0,"turns":2.0},{"damage":0.0,"enemies":"Sphere and 2 Shapes","floor":39.0,"turns":1.0},{"damage":37.0,"enemies":"Nemesis","floor":40.0,"turns":5.0},{"damage":0.0,"enemies":"Spire Growth","floor":42.0,"turns":2.0},{"damage":0.0,"enemies":"Jaw Worm Horde","floor":45.0,"turns":1.0},{"damage":0.0,"enemies":"Reptomancer","floor":46.0,"turns":2.0},{"damage":0.0,"enemies":"4 Shapes","floor":47.0,"turns":3.0},{"damage":0.0,"enemies":"Sphere and 2 Shapes","floor":48.0,"turns":2.0},{"damage":1.0,"enemies":"Time Eater","floor":50.0,"turns":4.0},{"damage":0.0,"enemies":"Awakened One","floor":51.0,"turns":3.0},{"damage":0.0,"enemies":"Shield and Spear","floor":55.0,"turns":3.0},{"damage":0,"enemies":"The Heart","floor":56,"turns":6}],"seed_played":"4007619461200678296","potions_obtained":[{"floor":1.0,"key":"Fruit Juice"},{"floor":3.0,"key":"Ancient Potion"},{"floor":11.0,"key":"PowerPotion"},{"floor":16.0,"key":"AttackPotion"},{"floor":20.0,"key":"SteroidPotion"},{"floor":35.0,"key":"Energy Potion"},{"floor":36.0,"key":"FearPotion"},{"floor":40.0,"key":"DuplicationPotion"}],"is_trial":false,"path_per_floor":["M","M","M","M","M","R","E","R","T","R","E","$","M","E","R","B",null,"M","?","M","M","T","R","M","R","T","$","M","E","R","?","R","B",null,"M","M","T","M","M","E","R","M","T","$","M","E","M","M","R","B","B",null,"R","$","E","B",null],"character_chosen":"THE_SILENT","items_purchased":["Singing Bowl","Blur"],"campfire_rested":2,"item_purchase_floors":[27,54],"current_hp_per_floor":[43,43,44,44,16,16,16,16,16,37,37,37,37,16,16,16,57,57,37,30,39,39,39,39,39,39,39,41,43,43,37,37,51,74,76,78,78,80,82,59,59,61,61,61,63,75,77,79,79,78,78,104,112,112,114,114],"gold":138,"neow_bonus":"BOSS_RELIC","is_daily":false,"chose_seed":false,"campfire_upgraded":8,"win_rate":0.0,"timestamp":1613820902,"path_taken":["M","M","M","M","M","R","E","R","T","R","E","$","M","E","R","BOSS","M","?","M","M","?","R","M","R","T","$","M","E","R","?","R","BOSS","M","M","?","M","M","E","R","M","T","$","M","E","M","M","R","BOSS","BOSS","R","$","E","BOSS"],"items_purchased_type":["Relic","Card"],"build_version":"2020-12-22","purchased_purges":3,"victory":true,"max_hp_per_floor":[66,66,71,71,71,71,71,71,71,71,71,71,71,71,71,71,71,71,76,76,76,76,76,76,76,76,76,78,80,80,80,80,82,82,84,86,86,88,90,92,92,94,94,94,96,108,110,112,112,112,112,112,112,112,114,114],"card_choices":[{"not_picked":["PiercingWail","Dodge and Roll"],"picked":"Concentrate","floor":1.0},{"not_picked":["Bane","Flying Knee","Dagger Throw"],"picked":"SKIP","floor":2.0},{"not_picked":["Backflip","Underhanded Strike","Sucker Punch"],"picked":"SKIP","floor":3.0},{"not_picked":["Bouncing Flask","Underhanded Strike","Backflip"],"picked":"SKIP","floor":4.0},{"not_picked":["Predator","Glass Knife"],"picked":"Acrobatics","floor":5.0},{"not_picked":["Footwork","Outmaneuver","Quick Slash"],"picked":"SKIP","floor":7.0},{"not_picked":["Dagger Throw","PiercingWail","Flying Knee"],"picked":"SKIP","floor":11.0},{"not_picked":["Prepared","Outmaneuver","Wraith Form v2"],"picked":"SKIP","floor":13.0},{"not_picked":["Bouncing Flask","Crippling Poison","Finisher"],"picked":"SKIP","floor":14.0},{"not_picked":["Tools of the Trade","Bullet Time"],"picked":"Venomology","floor":16.0},{"not_picked":["Prepared","Noxious Fumes","Deadly Poison"],"picked":"SKIP","floor":18.0},{"not_picked":["Distraction","Dodge and Roll","PiercingWail"],"picked":"SKIP","floor":20.0},{"not_picked":["Endless Agony","PiercingWail","Prepared"],"picked":"SKIP","floor":21.0},{"not_picked":["Escape Plan","Quick Slash","Deadly Poison"],"picked":"SKIP","floor":24.0},{"not_picked":["Acrobatics","Outmaneuver","Well Laid Plans"],"picked":"Singing Bowl","floor":28.0},{"not_picked":["Acrobatics","Cloak And Dagger","Blade Dance"],"picked":"Singing Bowl","floor":29.0},{"not_picked":["Wraith Form v2","Phantasmal Killer","Envenom"],"picked":"Singing Bowl","floor":33.0},{"not_picked":["Deadly Poison+1","Flying Knee","Escape Plan"],"picked":"Singing Bowl","floor":35.0},{"not_picked":["Acrobatics","Bane","Well Laid Plans+1"],"picked":"Singing Bowl","floor":36.0},{"not_picked":["Outmaneuver","Storm of Steel","Slice+1"],"picked":"Singing Bowl","floor":38.0},{"not_picked":["Flying Knee","Blade Dance","Noxious Fumes+1"],"picked":"Singing Bowl","floor":39.0},{"not_picked":["Sucker Punch","Terror","Flying Knee"],"picked":"Singing Bowl","floor":40.0},{"not_picked":["Finisher","Caltrops","Slice"],"picked":"Singing Bowl","floor":42.0},{"not_picked":["Dodge and Roll+1","Backstab+1","Poisoned Stab"],"picked":"Singing Bowl","floor":45.0},{"not_picked":["Flechettes","Cloak And Dagger","Wraith Form v2"],"picked":"Singing Bowl","floor":46.0},{"not_picked":["Underhanded Strike+1","Acrobatics+1","PiercingWail"],"picked":"Singing Bowl","floor":47.0},{"not_picked":["Well Laid Plans","PiercingWail","Accuracy+1"],"picked":"Singing Bowl","floor":48.0},{"not_picked":["Underhanded Strike","Backstab","All Out Attack"],"picked":"Singing Bowl","floor":55.0}],"player_experience":1289699,"relics_obtained":[{"floor":7.0,"key":"Tiny Chest"},{"floor":9.0,"key":"War Paint"},{"floor":11.0,"key":"Mummified Hand"},{"floor":14.0,"key":"Anchor"},{"floor":22.0,"key":"Meat on the Bone"},{"floor":26.0,"key":"Darkstone Periapt"},{"floor":29.0,"key":"Ice Cream"},{"floor":40.0,"key":"Letter Opener"},{"floor":43.0,"key":"Paper Crane"},{"floor":46.0,"key":"Pear"},{"floor":55.0,"key":"HornCleat"}],"event_choices":[{"damage_healed":0.0,"max_hp_gain":5.0,"max_hp_loss":0.0,"gold_gain":0.0,"event_name":"Forgotten Altar","player_choice":"Shed Blood","floor":19.0,"gold_loss":0.0,"damage_taken":25.0},{"damage_healed":0.0,"max_hp_gain":0.0,"max_hp_loss":0.0,"gold_gain":0.0,"event_name":"Nest","player_choice":"Joined the Cult","floor":31.0,"gold_loss":0.0,"damage_taken":6.0,"cards_obtained":["RitualDagger"]}],"is_beta":false,"boss_relics":[{"not_picked":["Fusion Hammer","Ectoplasm"],"picked":"Philosopher\u0027s Stone"},{"not_picked":["Cursed Key","Tiny House"],"picked":"WristBlade"}],"items_purged_floors":[12,27,44],"is_endless":false,"potions_floor_spawned":[1,3,11,14,16,20,29,35,36,40,45,48],"ascension_level":20}}