{"host":"yqw1zpryoutrnocq","time":1613844223,"event":{"mods":["2.2 Compatiblity","AchievementEnabler","BaseMod","Colored Map","Custom Start","DeckTracker","Minty Spire (QoL Compilation)","StSLib","SuperFastMode"],"gold_per_floor":[115,115,115,115,134,165,165,204,229,304,304,329,329,36,36,36,36],"floor_reached":16,"language":"KOR","playtime":228,"items_purged":[],"score":210,"play_id":"e71462a5-ee2e-4a56-b688-a43e334c143f","local_time":"20210220120343","is_ascension_mode":true,"campfire_choices":[{"data":"Bash","floor":7,"key":"SMITH"},{"data":"Feed","floor":11,"key":"SMITH"},{"floor":13,"key":"DIG"},{"floor":15,"key":"DIG"}],"circlet_count":0,"master_deck":["AscendersBane","Strike_R","Strike_R","Strike_R","Defend_R","Defend_R","Defend_R","Defend_R","Bash+1","Feel No Pain","Thunderclap","Carnage","Feed+1","Corruption","Pummel"],"relics":["Burning Blood","NeowsBlessing","Golden Idol","Potion Belt","Shovel","CeramicFish","Ancient Tea Set","Omamori","Bag of Marbles"],"acts_visited":["Exordium"],"potions_floor_usage":[],"damage_taken":[{"damage":0,"enemies":"2 Louse","floor":1,"turns":1},{"damage":0,"enemies":"Small Slimes","floor":5,"turns":1},{"damage":0,"enemies":"Gremlin Nob","floor":6,"turns":1},{"damage":33,"enemies":"3 Sentries","floor":8,"turns":9},{"damage":0,"enemies":"Cultist","floor":12,"turns":3},{"damage":35,"enemies":"Hexaghost","floor":16,"turns":9}],"seed_played":"2817254340633691815","potions_obtained":[{"floor":1,"key":"Ancient Potion"}],"is_trial":false,"path_per_floor":["M","?","?","?","M","E","R","E","T","?","R","M","R","$","R","B"],"character_chosen":"IRONCLAD","items_purchased":["Corruption","Omamori","Pummel"],"campfire_rested":0,"item_purchase_floors":[14,14,14],"current_hp_per_floor":[78,71,51,51,57,63,63,36,36,25,25,35,35,35,35,0,0],"gold":36,"neow_bonus":"THREE_ENEMY_KILL","is_daily":false,"chose_seed":false,"campfire_upgraded":2,"win_rate":0.0,"timestamp":1613844223,"path_taken":["M","?","?","?","?","E","R","E","T","?","R","M","R","$","R","BOSS"],"items_purchased_type":["Card","Relic","Card"],"build_version":"2020-12-22","purchased_purges":0,"victory":false,"max_hp_per_floor":[80,80,80,80,80,80,80,80,80,80,80,84,84,84,84,84,84],"card_choices":[{"not_picked":["Rage","Rupture"],"picked":"Feel No Pain","floor":1},{"not_picked":["Heavy Blade","Cleave"],"picked":"Thunderclap","floor":5},{"not_picked":["Twin Strike","Sentinel"],"picked":"Carnage","floor":6},{"not_picked":["Wild Strike","Dropkick"],"picked":"Feed","floor":8},{"not_picked":["Twin Strike","Warcry","Havoc"],"picked":"SKIP","floor":12}],"player_experience":350830,"relics_obtained":[{"floor":6,"key":"Potion Belt"},{"floor":8,"key":"Shovel"},{"floor":9,"key":"CeramicFish"},{"floor":13,"key":"Ancient Tea Set"},{"floor":15,"key":"Bag of Marbles"}],"event_choices":[{"cards_removed":["Strike_R"],"damage_healed":0,"gold_gain":0,"player_choice":"Card Removal","damage_taken":7,"max_hp_gain":0,"max_hp_loss":0,"event_name":"Golden Wing","floor":2,"gold_loss":0},{"damage_healed":0,"gold_gain":0,"player_choice":"Take Damage","damage_taken":20,"relics_obtained":["Golden Idol"],"max_hp_gain":0,"max_hp_loss":0,"event_name":"Golden Idol","floor":3,"gold_loss":0},{"cards_removed":["Strike_R"],"damage_healed":0,"gold_gain":0,"player_choice":"Offered Basic","damage_taken":0,"max_hp_gain":0,"max_hp_loss":0,"event_name":"Bonfire Elementals","floor":4,"gold_loss":0},{"damage_healed":0,"gold_gain":75,"player_choice":"Gather Gold","damage_taken":11,"max_hp_gain":0,"max_hp_loss":0,"event_name":"World of Goop","floor":10,"gold_loss":0}],"is_beta":false,"boss_relics":[],"items_purged_floors":[],"is_endless":false,"potions_floor_spawned":[1],"killed_by":"Hexaghost","ascension_level":12}}