{"host":"b5mzvg96njlg7ry9","time":1613850624,"event":{"mods":["AlwaysNeverKeys","BaseMod","Colored Map","Colored Powertips","Downfall","Highlight Path","Minty Spire (QoL Compilation)","Quick Restart","Relic Sorter","Shop Mod","StSLib","SuperFastMode","everything is the same but u backflip on backflip"],"gold_per_floor":[299,98,111,125,263,295,348,361,361,390,407,440,440,468,479,574,574,574,424,424,438,82,82,82,182,192,210,242,242,276,67,78,178,178,178,195,295,307,324,351,429,429,429,459,27,40,40,94,112,112,112,137,83,83,83,83],"floor_reached":57,"language":"ENG","playtime":5456,"items_purged":["Guardian:Defend_Guardian","Guardian:Defend_Guardian","Guardian:Strike_Guardian","Writhe","Guardian:Strike_Guardian","Guardian:Defend_Guardian"],"score":2445,"play_id":"c6f33934-cf63-45ff-a71c-ece2fa769db9","local_time":"20210220205024","is_ascension_mode":true,"campfire_choices":[{"data":"Guardian:TwinSlam","floor":1.0,"key":"SMITH"},{"floor":9.0,"key":"DIG"},{"floor":13.0,"key":"DIG"},{"data":"Guardian:Strike_Guardian","floor":18.0,"key":"PURGE"},{"data":"Guardian:ShieldSpikes","floor":23,"key":"SMITH"},{"floor":35,"key":"DIG"},{"floor":43,"key":"DIG"},{"floor":47,"key":"DIG"},{"floor":54,"key":"DIG"}],"circlet_count":0,"master_deck":["AscendersBane","Guardian:Defend_Guardian+1","Guardian:TwinSlam+1","Guardian:ShieldSpikes+1","Guardian:SpikerProtocol","Thinking Ahead+1","Guardian:DecasProtection+1","Guardian:PiercingHide+1","Guardian:AncientConstruct","Ghostly+1","Guardian:BronzeArmor+1","Guardian:TemporalStrike+1","Guardian:FastForward+1","Guardian:RevengeProtocol+1","Guardian:ExploitGems+1","Thinking Ahead+1","Guardian:RevengeProtocol+1","Guardian:ConstructionForm+1","Guardian:RevengeProtocol+1"],"relics":["Guardian:ModeShifterPlus","Shovel","downfall:HeartBlessingRed","downfall:HeartBlessingBlue","downfall:HeartBlessingGreen","MerchantsRug","Medical Kit","Guardian:StasisCodex","Gambling Chip","Toxic Egg 2","Bronze Scales","Happy Flower","StrikeDummy","Vajra","Smiling Mask","Bottled Lightning","Peace Pipe","Black Star","ClockworkSouvenir","Eternal Feather","Question Card","Kunai","White Beast Statue","Singing Bowl","Pantograph","Guardian:PickAxe","Lizard Tail","Frozen Egg 2","War Paint","Mummified Hand","Art of War","The Courier","hexamod:CandleOfCauterizing","Calipers","WingedGreaves","Bag of Marbles","Bottled Tornado","bronze:BronzeIdol","PreservedInsect","Sundial","Strawberry","Ancient Tea Set","Du-Vu Doll","sneckomod:BlankCard","Torii","DollysMirror","Mercury Hourglass","bronze:DecasWashers"],"acts_visited":["Exordium","TheCity","TheBeyond","TheEnding"],"potions_floor_usage":[25,25,30,30,32,33,33,45,48,56,56],"damage_taken":[{"damage":0.0,"enemies":"downfall:FleeingMerchant","floor":2.0,"turns":4.0},{"damage":6.0,"enemies":"Small Slimes","floor":3.0,"turns":3.0},{"damage":0.0,"enemies":"2 Louse","floor":4.0,"turns":2.0},{"damage":0.0,"enemies":"downfall:FleeingMerchant","floor":5.0,"turns":4.0},{"damage":5.0,"enemies":"3 Sentries","floor":6.0,"turns":7.0},{"damage":0.0,"enemies":"Jaw Worm","floor":8.0,"turns":3.0},{"damage":0.0,"enemies":"Gremlin Nob","floor":10.0,"turns":3.0},{"damage":6.0,"enemies":"Lots of Slimes","floor":11.0,"turns":3.0},{"damage":10.0,"enemies":"3 Sentries","floor":12.0,"turns":3.0},{"damage":0.0,"enemies":"Lagavulin","floor":14.0,"turns":5.0},{"damage":4.0,"enemies":"downfall:LooterAlt","floor":15.0,"turns":3.0},{"damage":0.0,"enemies":"WA_ARCHETYPE_RETAIN","floor":16.0,"turns":5.0},{"damage":2.0,"enemies":"Chosen","floor":21.0,"turns":4.0},{"damage":0.0,"enemies":"downfall:FleeingMerchant","floor":22.0,"turns":4.0},{"damage":0,"enemies":"downfall:LadyInBlue","floor":25,"turns":13},{"damage":0,"enemies":"Spheric Guardian","floor":26,"turns":4},{"damage":0,"enemies":"Cultist and Chosen","floor":27,"turns":7},{"damage":22,"enemies":"Gremlin Leader","floor":28,"turns":8},{"damage":0,"enemies":"Book of Stabbing","floor":30,"turns":6},{"damage":0,"enemies":"downfall:FleeingMerchant","floor":31,"turns":4},{"damage":0,"enemies":"Sentry and Sphere","floor":32,"turns":5},{"damage":8,"enemies":"SI_MIRROR_ARCHETYPE","floor":33,"turns":9},{"damage":0,"enemies":"Orb Walker","floor":36,"turns":3},{"damage":0,"enemies":"3 Shapes","floor":38,"turns":6},{"damage":0,"enemies":"Maw","floor":39,"turns":6},{"damage":26,"enemies":"Giant Head","floor":40,"turns":9},{"damage":0,"enemies":"Nemesis","floor":44,"turns":9},{"damage":0,"enemies":"downfall:FleeingMerchant","floor":45,"turns":4},{"damage":0,"enemies":"Jaw Worm Horde","floor":46,"turns":4},{"damage":0,"enemies":"2 Orb Walkers","floor":48,"turns":4},{"damage":0,"enemies":"3 Darklings","floor":49,"turns":4},{"damage":0,"enemies":"DF_ARCHETYPE_ORBS","floor":50,"turns":11},{"damage":0,"enemies":"downfall:CharBossMerchant","floor":52,"turns":7},{"damage":0,"enemies":"downfall:NeowBoss","floor":55,"turns":8},{"damage":0,"enemies":"downfall:NeowBossFinal","floor":56,"turns":8}],"seed_played":"3841138337820330606","potions_obtained":[{"floor":4.0,"key":"ColorlessPotion"},{"floor":8.0,"key":"Block Potion"},{"floor":10.0,"key":"PowerPotion"},{"floor":12.0,"key":"FearPotion"},{"floor":21.0,"key":"Guardian:BlockOnCardUsePotion"},{"floor":25,"key":"Block Potion"},{"floor":25,"key":"sneckomod:MuddlingPotion"},{"floor":26,"key":"SkillPotion"},{"floor":30,"key":"Weak Potion"},{"floor":31,"key":"Fruit Juice"},{"floor":32,"key":"Strength Potion"},{"floor":33,"key":"Guardian:BlockOnCardUsePotion"},{"floor":36,"key":"FearPotion"},{"floor":38,"key":"CultistPotion"},{"floor":45,"key":"Fruit Juice"},{"floor":46,"key":"Energy Potion"},{"floor":48,"key":"ColorlessPotion"},{"floor":52,"key":"EssenceOfSteel"}],"is_trial":false,"path_per_floor":["R","$","M","M","$","E","T","M","R","E","M","E","R","E","M","B",null,"R","?","?","M","$","R","T","?","M","M","E","?","E","$","M","B",null,"R","M","?","M","M","E","T","?","R","E","$","M","R","?","M","B",null,"E","$","R","B","B",null],"character_chosen":"GUARDIAN","items_purchased":["Guardian:ShieldSpikes","MerchantsRug","Medical Kit","Guardian:StasisCodex","Gambling Chip","Toxic Egg 2","Thinking Ahead+1","Guardian:Gem_Orange","ClockworkSouvenir","Eternal Feather","Question Card","War Paint","Guardian:Gem_Purple","Thinking Ahead+1","bronze:BronzeIdol","PreservedInsect","Sundial","Strawberry","Guardian:RevengeProtocol+1","Guardian:ConstructionForm+1","DollysMirror","Mercury Hourglass"],"campfire_rested":0,"item_purchase_floors":[2,2,2,2,5,5,5,22,22,22,22,31,45,45,45,45,45,45,53,53,53,53],"current_hp_per_floor":[61,61,55,55,55,50,50,50,50,50,44,34,34,34,30,30,75,75,75,57,55,55,64,64,64,64,64,42,42,42,42,49,66,93,102,104,104,106,106,80,80,80,89,89,103,105,114,116,118,126,126,128,128,128,128,128],"gold":83,"neow_bonus":"ONE_RARE_RELIC","is_daily":false,"chose_seed":false,"campfire_upgraded":2,"win_rate":0.0,"timestamp":1613850624,"path_taken":["R","$","M","M","$","E","T","M","R","E","M","E","R","E","M","BOSS","R","?","?","M","$","R","T","?","M","?","E","?","E","$","M","BOSS","R","M","?","M","?","E","T","?","R","E","$","M","R","?","M","BOSS","E","$","R","BOSS","BOSS"],"items_purchased_type":["Card","Relic","Relic","Relic","Relic","Relic","Card","Card","Relic","Relic","Relic","Relic","Card","Card","Relic","Relic","Relic","Relic","Card","Card","Relic","Relic"],"build_version":"2020-12-22","purchased_purges":6,"victory":true,"max_hp_per_floor":[90,90,90,90,90,90,90,90,90,90,90,90,90,90,90,90,90,90,90,95,95,95,95,95,95,95,95,95,95,95,95,102,102,102,102,104,104,106,106,106,106,106,106,106,120,122,122,124,126,126,126,128,128,128,128,128],"card_choices":[{"not_picked":["Guardian:PrimingBeam","Guardian:Suspension","Guardian:TemporalStrike"],"picked":"SKIP","floor":2.0},{"not_picked":["Guardian:GuardianWhirl","Guardian:Gem_Red"],"picked":"Guardian:SpikerProtocol","floor":3.0},{"not_picked":["Guardian:Gem_Red","Guardian:Gem_Green","Guardian:ShieldCharger"],"picked":"SKIP","floor":4.0},{"not_picked":["Guardian:ShieldCharger","Guardian:Gem_Purple","Guardian:StasisField"],"picked":"SKIP","floor":5.0},{"not_picked":["Guardian:Gem_Red","Guardian:Reroute"],"picked":"Guardian:Gem_Yellow","floor":6.0},{"not_picked":["Guardian:WalkerClaw","Guardian:BronzeOrb","Guardian:Gem_Purple"],"picked":"SKIP","floor":8.0},{"not_picked":["Guardian:FuturePlans","Guardian:Gem_Crimson"],"picked":"Guardian:Gem_Orange","floor":10.0},{"not_picked":["Guardian:Gem_Red","Guardian:PrismaticBarrier+1"],"picked":"Guardian:DecasProtection+1","floor":11.0},{"not_picked":["Guardian:Incinerate","Guardian:PrismaticBeam"],"picked":"Guardian:PiercingHide+1","floor":12.0},{"not_picked":["Guardian:PrismaticBarrier+1","Guardian:DonusPower+1","Guardian:BodySlam"],"picked":"SKIP","floor":14.0},{"not_picked":["Guardian:PrimingBeam","Guardian:Planning+1","Guardian:VentSteam+1"],"picked":"SKIP","floor":15.0},{"not_picked":["Guardian:FastForward+1","Guardian:GemFire"],"picked":"Guardian:AncientConstruct","floor":16.0},{"not_picked":["Guardian:Gem_Red","Guardian:PrismaticBeam","Guardian:Reroute"],"picked":"SKIP","floor":21.0},{"not_picked":["Guardian:ArmoredProtocol","Guardian:Incinerate","Guardian:PiercingHide+1"],"picked":"SKIP","floor":22.0},{"not_picked":["Guardian:WalkerClaw","Guardian:PrismaticBeam","Guardian:DecasProtection+1","Guardian:DonusPower+1"],"picked":"SKIP","floor":26},{"not_picked":["Guardian:PrimingBeam+1","Guardian:Gem_Blue","Guardian:Repulse+1"],"picked":"Guardian:Gem_White","floor":27},{"not_picked":["Guardian:Gem_Lightblue","Guardian:Gem_Green","Guardian:Repulse"],"picked":"Guardian:BronzeArmor+1","floor":28},{"not_picked":["Guardian:BodySlam","Guardian:MultiBeam","Guardian:Gem_Yellow"],"picked":"Guardian:TemporalStrike+1","floor":30},{"not_picked":["Guardian:Gem_Red","Guardian:ShieldCharger+1","Guardian:Incinerate"],"picked":"Guardian:FastForward+1","floor":31},{"not_picked":["Guardian:CrystalBeam","Guardian:Clone+1","Guardian:Gem_Green","Guardian:Planning+1"],"picked":"Singing Bowl","floor":32},{"not_picked":["Guardian:ConstructionForm+1","Guardian:GemFinder+1","Guardian:StasisEngine+1"],"picked":"Guardian:RevengeProtocol+1","floor":33},{"not_picked":["Guardian:Orbwalk+1","Guardian:TemporalShield+1","Guardian:Emergency+1","Guardian:Gem_Lightblue"],"picked":"Singing Bowl","floor":36},{"not_picked":["Guardian:ChargeUp+1","Guardian:Recover+1","Guardian:TimeBomb+1","Guardian:PiercingHide+1"],"picked":"Singing Bowl","floor":38},{"not_picked":["Guardian:Incinerate+1","Guardian:Gem_Lightblue","Guardian:FuturePlans+1"],"picked":"Guardian:Gem_White","floor":39},{"not_picked":["Guardian:Gem_Blue","Guardian:PrismaticBeam+1","Guardian:Gem_Lightblue"],"picked":"Guardian:ExploitGems+1","floor":40},{"not_picked":["Guardian:ShieldCharger+1","Guardian:ChargeCore","Guardian:Planning+1"],"picked":"Guardian:Gem_Lightblue","floor":44},{"not_picked":["Guardian:Gem_Yellow","Guardian:ChargeCore+1","Guardian:ConstructionForm+1","Guardian:PiercingHide+1"],"picked":"Singing Bowl","floor":45},{"not_picked":["Guardian:RollAttack+1","Guardian:Gem_Lightblue","Guardian:VentSteam+1","Guardian:ShieldCharger+1"],"picked":"Singing Bowl","floor":46},{"not_picked":["Guardian:WalkerClaw","Guardian:PrimingBeam","Guardian:BronzeArmor+1","Guardian:Clone+1"],"picked":"Singing Bowl","floor":48},{"not_picked":["Guardian:Orbwalk+1","Guardian:Gem_Green","Guardian:Gem_Yellow","Guardian:CrystalBeam+1"],"picked":"Singing Bowl","floor":49},{"not_picked":["Guardian:MultiBeam+1","Guardian:ShieldSpikes+1","Guardian:DonusPower+1","Guardian:TemporalStrike"],"picked":"Singing Bowl","floor":52}],"player_experience":858567,"relics_obtained":[{"floor":6.0,"key":"Bronze Scales"},{"floor":7.0,"key":"Happy Flower"},{"floor":9.0,"key":"StrikeDummy"},{"floor":10.0,"key":"Vajra"},{"floor":12.0,"key":"Smiling Mask"},{"floor":13.0,"key":"Bottled Lightning"},{"floor":14.0,"key":"Peace Pipe"},{"floor":24,"key":"Kunai"},{"floor":25,"key":"White Beast Statue"},{"floor":28,"key":"Singing Bowl"},{"floor":28,"key":"Pantograph"},{"floor":30,"key":"Lizard Tail"},{"floor":30,"key":"Frozen Egg 2"},{"floor":35,"key":"Mummified Hand"},{"floor":40,"key":"Art of War"},{"floor":40,"key":"The Courier"},{"floor":41,"key":"hexamod:CandleOfCauterizing"},{"floor":43,"key":"Calipers"},{"floor":44,"key":"Bag of Marbles"},{"floor":44,"key":"Bottled Tornado"},{"floor":47,"key":"Ancient Tea Set"},{"floor":48,"key":"Du-Vu Doll"},{"floor":52,"key":"sneckomod:BlankCard"},{"floor":52,"key":"Torii"},{"floor":54,"key":"bronze:DecasWashers"}],"event_choices":[{"cards_removed":["Guardian:CurlUp"],"damage_healed":0,"gold_gain":0,"player_choice":"Removed Skill","damage_taken":0,"max_hp_gain":0,"max_hp_loss":0,"event_name":"Falling","floor":42,"gold_loss":0},{"damage_healed":0,"gold_gain":0,"player_choice":"Fight","damage_taken":0,"max_hp_gain":0,"max_hp_loss":0,"event_name":"Mysterious Sphere","floor":48,"gold_loss":0}],"is_beta":false,"boss_relics":[{"not_picked":["Coffee Dripper","Philosopher\u0027s Stone"],"picked":"Black Star"},{"not_picked":["Snecko Eye","Astrolabe"],"picked":"Guardian:ModeShifterPlus"}],"items_purged_floors":[2,5,22,31,45,53],"is_endless":false,"potions_floor_spawned":[4,8,10,12,16,21,26,27,28,30,31,32,33,36,38,39,40,44,45,46,48,49,52],"ascension_level":11}}