{"host":"anox4050deqdcqoh","time":1613780292,"event":{"mods":["BaseMod","Colored Map","Displayed Cursed Tome","Highlight Path","Minty Spire (QoL Compilation)","Quick Restart","Rare Cards Sparkle","everything is the same but u backflip on backflip"],"gold_per_floor":[119,134,146,146,40,40,65,65,65,65,65,65,135,148,148,248,248,258,348,360,360,360],"floor_reached":21,"language":"ENG","playtime":1091,"items_purged":[],"score":186,"play_id":"d7ac0970-81f1-4914-8734-c37ba2cc673b","local_time":"20210219191812","is_ascension_mode":true,"campfire_choices":[{"data":"CrushJoints","floor":6,"key":"SMITH"},{"data":"ThirdEye","floor":8,"key":"SMITH"},{"data":"Vigilance","floor":10,"key":"SMITH"},{"data":"Weave","floor":12,"key":"SMITH"},{"floor":15,"key":"REST"}],"circlet_count":0,"master_deck":["Strike_P","Strike_P","Strike_P","Strike_P","Defend_P","Defend_P","Defend_P","Defend_P","Eruption+1","Vigilance+1","ThirdEye+1","CrushJoints+1","Meditate","Consecrate","Weave+1","ClearTheMind","Alpha","ThirdEye+1"],"relics":["PureWater","Mummified Hand","Bottled Lightning","Centennial Puzzle","Black Star"],"acts_visited":["Exordium","TheCity"],"potions_floor_usage":[7,21,21],"damage_taken":[{"damage":7,"enemies":"Jaw Worm","floor":1,"turns":6},{"damage":2,"enemies":"Small Slimes","floor":2,"turns":6},{"damage":2,"enemies":"2 Louse","floor":3,"turns":3},{"damage":30,"enemies":"3 Sentries","floor":7,"turns":10},{"damage":0,"enemies":"2 Fungi Beasts","floor":14,"turns":1},{"damage":4,"enemies":"Slime Boss","floor":16,"turns":6},{"damage":15,"enemies":"2 Thieves","floor":18,"turns":4},{"damage":21,"enemies":"Spheric Guardian","floor":20,"turns":5},{"damage":31,"enemies":"Snake Plant","floor":21,"turns":4}],"seed_played":"-8809766437531885716","potions_obtained":[{"floor":1,"key":"Weak Potion"},{"floor":3,"key":"LiquidMemories"},{"floor":14,"key":"SteroidPotion"}],"is_trial":false,"path_per_floor":["M","M","M","?","$","R","E","R","T","R","?","R","?","M","R","B",null,"M","?","M","M"],"character_chosen":"WATCHER","items_purchased":["Consecrate","Fire Potion"],"campfire_rested":1,"item_purchase_floors":[5,5],"current_hp_per_floor":[72,70,68,68,68,68,38,38,38,38,35,35,35,35,58,54,79,64,52,31,0,0],"gold":360,"neow_bonus":"TEN_PERCENT_HP_BONUS","is_daily":false,"chose_seed":false,"campfire_upgraded":4,"win_rate":0.0,"timestamp":1613780292,"path_taken":["M","M","M","?","$","R","E","R","T","R","?","R","?","M","R","BOSS","M","?","M","M"],"items_purchased_type":["Card","Potion"],"build_version":"2020-12-22","purchased_purges":0,"victory":false,"max_hp_per_floor":[79,79,79,79,79,79,79,79,79,79,79,79,79,79,79,79,79,79,79,79,79,79],"card_choices":[{"not_picked":["Fasting2","Evaluate"],"picked":"ThirdEye","floor":1},{"not_picked":["WreathOfFlame","Indignation"],"picked":"CrushJoints","floor":2},{"not_picked":["WaveOfTheHand","Swivel"],"picked":"Meditate","floor":3},{"not_picked":["Fasting2","FlurryOfBlows"],"picked":"Weave","floor":7},{"not_picked":["FearNoEvil","SignatureMove"],"picked":"ClearTheMind","floor":14},{"not_picked":["ConjureBlade","Establishment"],"picked":"Alpha","floor":16},{"not_picked":["JustLucky+1","Conclude+1","WreathOfFlame"],"picked":"SKIP","floor":18},{"not_picked":["InnerPeace+1","CutThroughFate"],"picked":"ThirdEye+1","floor":20}],"player_experience":482733,"relics_obtained":[{"floor":7,"key":"Mummified Hand"},{"floor":9,"key":"Bottled Lightning"}],"event_choices":[{"damage_healed":0,"gold_gain":0,"player_choice":"Grow","damage_taken":0,"max_hp_gain":0,"max_hp_loss":0,"event_name":"Living Wall","floor":4,"gold_loss":0,"cards_upgraded":["Eruption"]},{"damage_healed":0,"gold_gain":0,"player_choice":"Success","damage_taken":3,"relics_obtained":["Centennial Puzzle"],"max_hp_gain":0,"max_hp_loss":0,"event_name":"Scrap Ooze","floor":11,"gold_loss":0},{"damage_healed":0,"gold_gain":70,"player_choice":"Gained Gold","damage_taken":0,"max_hp_gain":0,"max_hp_loss":0,"event_name":"Golden Wing","floor":13,"gold_loss":0},{"damage_healed":0,"gold_gain":90,"player_choice":"GOLD ","damage_taken":12,"max_hp_gain":0,"max_hp_loss":0,"event_name":"Knowing Skull","floor":19,"potions_obtained":[],"gold_loss":0,"cards_obtained":[]}],"is_beta":false,"boss_relics":[{"not_picked":["HolyWater","Runic Pyramid"],"picked":"Black Star"}],"items_purged_floors":[],"is_endless":false,"potions_floor_spawned":[1,3,14,20],"killed_by":"Snake Plant","ascension_level":1}}