{"host":"to2s10i0cynxbiqz","time":1613833738,"event":{"mods":["BaseMod","Colored Powertips","Highlight Path","Minty Spire (QoL Compilation)","Quick Restart","StSLib","slay the spire mod where everything is the same but ironclad has a cowboy hat"],"gold_per_floor":[111,286,286,286,14,14,47,66,66,99,111,121,131,142,142,240,240,180,180],"floor_reached":18,"language":"ZHS","playtime":754,"items_purged":["Defend_G"],"score":286,"play_id":"bf871c09-0a65-4561-a557-d28ada1bc3a8","local_time":"20210220230858","is_ascension_mode":true,"campfire_choices":[{"data":"Acrobatics","floor":6.0,"key":"SMITH"},{"data":"Footwork","floor":15.0,"key":"SMITH"}],"circlet_count":0,"master_deck":["Strike_G","Strike_G","Strike_G","Strike_G","Defend_G","Defend_G","Defend_G","Defend_G","Survivor","Neutralize","Acrobatics+1","Doubt","Backflip","Footwork+1","Underhanded Strike","Leg Sweep","Underhanded Strike","Backflip","Caltrops","Calculated Gamble","Malaise"],"relics":["Ring of the Snake","NeowsBlessing","Chemical X","Happy Flower","Bronze Scales","SlaversCollar"],"acts_visited":["Exordium","TheCity"],"potions_floor_usage":[16],"damage_taken":[{"damage":0.0,"enemies":"Small Slimes","floor":1.0,"turns":1.0},{"damage":0.0,"enemies":"Lagavulin","floor":7.0,"turns":1.0},{"damage":0.0,"enemies":"Jaw Worm","floor":8.0,"turns":1.0},{"damage":27.0,"enemies":"3 Sentries","floor":10.0,"turns":14.0},{"damage":0.0,"enemies":"Cultist","floor":11.0,"turns":4.0},{"damage":3.0,"enemies":"Red Slaver","floor":12.0,"turns":5.0},{"damage":1.0,"enemies":"Looter","floor":13.0,"turns":4.0},{"damage":1.0,"enemies":"Exordium Wildlife","floor":14.0,"turns":7.0},{"damage":33,"enemies":"Hexaghost","floor":16,"turns":13},{"damage":13,"enemies":"2 Thieves","floor":18,"turns":3}],"seed_played":"2735037385647012647","potions_obtained":[{"floor":7.0,"key":"GhostInAJar"},{"floor":10.0,"key":"DistilledChaos"},{"floor":11.0,"key":"Regen Potion"},{"floor":14.0,"key":"SpeedPotion"}],"is_trial":false,"path_per_floor":["M","?","?","?","$","R","E","M","T","E","M","M","M","M","R","B",null,"M"],"character_chosen":"THE_SILENT","items_purchased":["Chemical X","Backflip"],"campfire_rested":0,"item_purchase_floors":[5,5],"current_hp_per_floor":[63,63,56,61,61,61,61,61,61,34,34,45,44,43,43,10,59,46,46],"gold":180,"neow_bonus":"THREE_ENEMY_KILL","is_daily":false,"chose_seed":false,"campfire_upgraded":2,"win_rate":0.0,"timestamp":1613833738,"path_taken":["M","?","?","?","?","R","E","M","T","E","M","M","?","M","R","BOSS","M"],"items_purchased_type":["Relic","Card"],"build_version":"2020-12-22","purchased_purges":1,"victory":false,"max_hp_per_floor":[70,70,70,75,75,75,75,75,75,75,75,75,75,75,75,75,75,75,75],"card_choices":[{"not_picked":["Cloak And Dagger","Flying Knee"],"picked":"Acrobatics","floor":1.0},{"not_picked":["Quick Slash","Infinite Blades"],"picked":"Footwork","floor":7.0},{"not_picked":["Dodge and Roll","Prepared"],"picked":"Underhanded Strike","floor":8.0},{"not_picked":["Deflect","Backstab"],"picked":"Leg Sweep","floor":10.0},{"not_picked":["Flying Knee","A Thousand Cuts"],"picked":"Underhanded Strike","floor":11.0},{"not_picked":["Expertise","Cloak And Dagger"],"picked":"Backflip","floor":12.0},{"not_picked":["Prepared","Poisoned Stab"],"picked":"Caltrops","floor":13.0},{"not_picked":["Blur","Cloak And Dagger"],"picked":"Calculated Gamble","floor":14.0},{"not_picked":["Die Die Die","Night Terror"],"picked":"Malaise","floor":16}],"player_experience":267263,"relics_obtained":[{"floor":7.0,"key":"Happy Flower"},{"floor":10.0,"key":"Bronze Scales"}],"event_choices":[{"damage_healed":0.0,"max_hp_gain":0.0,"max_hp_loss":0.0,"gold_gain":175.0,"event_name":"Liars Game","player_choice":"AGREE","floor":2.0,"gold_loss":0.0,"damage_taken":0.0,"cards_obtained":["Doubt"]},{"cards_removed":["Strike_G"],"damage_healed":0.0,"max_hp_gain":0.0,"max_hp_loss":0.0,"gold_gain":0.0,"event_name":"Golden Wing","player_choice":"Card Removal","floor":3.0,"gold_loss":0.0,"damage_taken":7.0},{"damage_healed":0.0,"max_hp_gain":5.0,"max_hp_loss":0.0,"gold_gain":0.0,"event_name":"Big Fish","player_choice":"Donut","floor":4.0,"gold_loss":0.0,"damage_taken":0.0}],"is_beta":false,"boss_relics":[{"not_picked":["SacredBark","Velvet Choker"],"picked":"SlaversCollar"}],"items_purged_floors":[5],"is_endless":false,"potions_floor_spawned":[7,10,11,14],"killed_by":"2 Thieves","ascension_level":9}}