{"host":"8a72fthmlk1o8pdb","time":1613856183,"event":{"mods":["AchievementEnabler","Aspiration","Astrologer","Bard","BaseMod","Beaked The Cultist","Better Altar","Better Match","Better Note","Better Sensory Stone","Better Skull","Better Third Choice","ChefMod","Colored Map","Colored Powertips","Dark Map","Downfall","Friendly Minions","GifTheSpireLib","Googly Eyes","Gremlin Mod","Hermit","Hubris","JesterMod","Jorbs\u0027s Wanderer Trilogy","Marisa????????","Melee Mod","Minty Spire (QoL Compilation)","Monster B Gone","Permanent Neow","Pikachu Mod","Random Character Button","Rare Cards Sparkle","Relic Filter Mod","Relic Stats","Reliquary","Robot Space Explorer","Shade Mod","Shop Mod","Smile Girya","Somnambulant","Spire Arcade","Spire Birthday Party","StSLib","The Animator","The Blue Laboratory","The Construct","The Cursed","The Disciple","The Edgeheg","The Hayseed","The Hierophant","The Juggle","The Jungle","The Marked","The Mystic","The Necromancer","The Poker Player","The Problem Sleuth","The Runesmith","The Showman","TheBandit","TheFirefly","TheVacant","everything is the same but u backflip on backflip","thorton"],"gold_per_floor":[110,285,301,319,319,319,353,353,353,353,453,468,481,499,499,596,596,612,627,627,164,174,174,199,199,199,212,237,33,58,158,161,164,164],"floor_reached":33,"language":"ENG","playtime":1584,"items_purged":["Strike_B"],"score":347,"play_id":"6d714b3d-0d02-4940-8d8f-152e6a62d320","local_time":"20210220132303","is_ascension_mode":true,"campfire_choices":[{"data":"Beam Cell","floor":6,"key":"SMITH"},{"floor":8,"key":"REST"},{"data":"Gash","floor":10,"key":"SMITH"},{"floor":15,"key":"REST"},{"data":"Hologram","floor":23,"key":"SMITH"},{"floor":25,"key":"REST"},{"floor":32,"key":"REST"}],"circlet_count":0,"master_deck":["Strike_B","Defend_B","Defend_B","Defend_B","Defend_B","Zap","Dualcast","Blizzard","Turbo","Beam Cell+1","Gash+1","Gash","Steam","Cold Snap","Cold Snap","Cold Snap","Echo Form","Steam","Chill","Hologram+1","Beam Cell","BootSequence","Sweeping Beam","Chill+1","Steam","Turbo"],"relics":["Cracked Core","Bronze Scales","hubris:Zylophone","hubris:Backtick","reliquary:TridentHead","Bag of Preparation","hubris:EmptyBottle","aspiration:DSix","hubris:Potato","thethorton:BankDeed","Oddly Smooth Stone","Runesmith:Nanobots"],"acts_visited":["Exordium","TheCity"],"potions_floor_usage":[13,19,22,22,22,24,24,28,28,30],"damage_taken":[{"damage":7,"enemies":"Small Slimes","floor":1,"turns":4},{"damage":0,"enemies":"2 Louse","floor":3,"turns":3},{"damage":5,"enemies":"Cultist","floor":4,"turns":4},{"damage":47,"enemies":"3 Sentries","floor":7,"turns":9},{"damage":0,"enemies":"Exordium Thugs","floor":12,"turns":4},{"damage":2,"enemies":"3 Louse","floor":13,"turns":2},{"damage":0,"enemies":"Exordium Wildlife","floor":14,"turns":3},{"damage":24,"enemies":"The Guardian","floor":16,"turns":7},{"damage":27,"enemies":"2 Thieves","floor":18,"turns":4},{"damage":6,"enemies":"Shell Parasite","floor":19,"turns":2},{"damage":0,"enemies":"3 Cultists","floor":22,"turns":3},{"damage":0,"enemies":"Slavers","floor":24,"turns":5},{"damage":12,"enemies":"Shelled Parasite and Fungi","floor":27,"turns":4},{"damage":30,"enemies":"Gremlin Leader","floor":28,"turns":6},{"damage":6,"enemies":"Book of Stabbing","floor":30,"turns":5},{"damage":44,"enemies":"Champ","floor":33,"turns":11}],"seed_played":"-8495572035953382246","potions_obtained":[{"floor":1,"key":"SteroidPotion"},{"floor":13,"key":"blueLaboratory:BottleOfVodka"},{"floor":16,"key":"blueLaboratory:PhilterOfMotion"},{"floor":18,"key":"blueLaboratory:RelayPotion"},{"floor":19,"key":"CultistPotion"},{"floor":24,"key":"blueLaboratory:RelayPotion"}],"is_trial":false,"path_per_floor":["M","?","M","M","?","R","E","R","T","R","?","M","M","M","R","B",null,"M","M","?","$","M","R","E","R","T","M","E","$","E","?","R","B"],"character_chosen":"DEFECT","items_purchased":["Hologram","Bag of Preparation","hubris:EmptyBottle","blueLaboratory:FruitPunch","Oddly Smooth Stone","Steam"],"campfire_rested":4,"item_purchase_floors":[21,21,21,21,29,29],"current_hp_per_floor":[61,61,61,56,49,49,2,22,22,22,22,22,20,20,40,16,68,41,35,35,35,39,39,39,60,60,48,18,18,12,12,33,0,0],"gold":164,"neow_bonus":"TRANSFORM_TWO_CARDS","is_daily":false,"chose_seed":false,"campfire_upgraded":3,"win_rate":0.0,"timestamp":1613856183,"path_taken":["M","?","M","M","?","R","E","R","T","R","?","M","M","?","R","BOSS","M","M","?","$","M","R","E","R","T","M","E","$","E","?","R","BOSS"],"items_purchased_type":["Card","Relic","Relic","Potion","Relic","Card"],"build_version":"2020-12-22","purchased_purges":1,"victory":false,"max_hp_per_floor":[68,68,68,68,68,68,68,68,68,68,68,68,68,68,68,68,68,68,68,68,68,72,72,72,72,72,72,72,72,72,72,72,72,72],"relic_stats":{"counters":[16,76],"Bronze Scales":[173],"Bag of Preparation":[12],"obtain_stats":[{"hubris:Zylophone":9,"reliquary:TridentHead":17,"Runesmith:Nanobots":30,"hubris:Backtick":17,"Bronze Scales":7,"Oddly Smooth Stone":29,"Bag of Preparation":21,"hubris:EmptyBottle":21,"thethorton:BankDeed":28,"Cracked Core":0,"aspiration:DSix":24,"hubris:Potato":26},{"hubris:Zylophone":4,"reliquary:TridentHead":8,"Runesmith:Nanobots":15,"hubris:Backtick":8,"Bronze Scales":4,"Oddly Smooth Stone":14,"Bag of Preparation":10,"hubris:EmptyBottle":10,"thethorton:BankDeed":14,"Cracked Core":0,"aspiration:DSix":12,"hubris:Potato":12},{"hubris:Zylophone":20,"reliquary:TridentHead":36,"Runesmith:Nanobots":65,"hubris:Backtick":36,"Bronze Scales":20,"Oddly Smooth Stone":60,"Bag of Preparation":42,"hubris:EmptyBottle":42,"thethorton:BankDeed":60,"Cracked Core":0,"aspiration:DSix":50,"hubris:Potato":50}]},"card_choices":[{"not_picked":["Darkness","Double Energy"],"picked":"Beam Cell","floor":1},{"not_picked":["Stack","Scrape"],"picked":"Gash","floor":3},{"not_picked":["Sweeping Beam","Barrage"],"picked":"Gash","floor":4},{"not_picked":["Stack","Sunder"],"picked":"Steam","floor":7},{"not_picked":["Redo","Sweeping Beam"],"picked":"Cold Snap","floor":12},{"not_picked":["Leap","Hello World"],"picked":"Cold Snap","floor":13},{"not_picked":["hubris:Prefetch","Sweeping Beam"],"picked":"Cold Snap","floor":14},{"not_picked":["Seek","hubris:SpecializedCircuitry"],"picked":"Echo Form","floor":16},{"not_picked":["Glacier","Conserve Battery"],"picked":"Steam","floor":18},{"not_picked":["Streamline","Barrage+1"],"picked":"Chill","floor":19},{"not_picked":["Compile Driver","Rip and Tear"],"picked":"Beam Cell","floor":22},{"not_picked":["Scrape","Lockon"],"picked":"BootSequence","floor":24},{"not_picked":["Ball Lightning+1","Compile Driver"],"picked":"Sweeping Beam","floor":27},{"not_picked":["Blizzard","Redo+1"],"picked":"Chill+1","floor":28},{"not_picked":["Ball Lightning","Darkness"],"picked":"Turbo","floor":30}],"player_experience":244659,"relics_obtained":[{"floor":7,"key":"Bronze Scales"},{"floor":9,"key":"hubris:Zylophone"},{"floor":24,"key":"aspiration:DSix"},{"floor":26,"key":"hubris:Potato"},{"floor":28,"key":"thethorton:BankDeed"},{"floor":30,"key":"Runesmith:Nanobots"}],"event_choices":[{"damage_healed":0,"gold_gain":175,"player_choice":"AGREE","damage_taken":110,"max_hp_gain":0,"max_hp_loss":0,"event_name":"betterThird:BetterSerpent","floor":2,"gold_loss":0},{"cards_removed":["Doubt"],"damage_healed":0,"gold_gain":0,"player_choice":"Card Removal","damage_taken":7,"max_hp_gain":0,"max_hp_loss":0,"event_name":"Golden Wing","floor":5,"gold_loss":0},{"damage_healed":0,"gold_gain":100,"player_choice":"Pray","damage_taken":0,"max_hp_gain":0,"max_hp_loss":0,"event_name":"Golden Shrine","floor":11,"gold_loss":0},{"damage_healed":0,"gold_gain":0,"player_choice":"Ignored","damage_taken":0,"max_hp_gain":0,"max_hp_loss":0,"event_name":"Vampires","floor":20,"gold_loss":0},{"damage_healed":0,"gold_gain":99,"player_choice":"Steal","damage_taken":0,"max_hp_gain":0,"max_hp_loss":0,"event_name":"betterThird:BetterNest","floor":31,"gold_loss":0}],"is_beta":false,"boss_relics":[{"not_picked":["aspiration:SecretTechniqueScroll","aspiration:MobileForge"],"picked":"hubris:Backtick"}],"items_purged_floors":[21],"is_endless":false,"potions_floor_spawned":[1,13,16,18,19,24],"killed_by":"Champ","ascension_level":1}}