{"host":"5sw3zovcv0q4yiho","time":1613800651,"event":{"mods":["BaseMod","Minty Spire (QoL Compilation)","Replay The Spire","StSLib"],"gold_per_floor":[109,122,132,132,132,132,145,145,168,188,218,232,428,445,445,540,540,556,574,98,115,134,134,148,148,197,197,197,197,216,216,216],"floor_reached":31,"language":"ENG","playtime":6527,"items_purged":["ReplayTheSpireMod:Splinters"],"score":266,"play_id":"5139c334-c1f9-44bd-95ce-7efa7d0baaac","local_time":"20210219235731","is_ascension_mode":false,"campfire_choices":[{"data":"Wild Strike","floor":6,"key":"SMITH"},{"data":"Bloodletting","floor":8,"key":"SMITH"},{"floor":23,"key":"REST"},{"floor":25,"key":"REST"},{"data":"Armaments","floor":27,"key":"SMITH"}],"circlet_count":0,"master_deck":["Defend_R","Defend_R","Defend_R","Defend_R+1","Bash","ReplayTheSpireMod:Strike From Hell","Wild Strike+1","Headbutt","Bloodletting+1","Sever Soul+1","Infernal Blade","Cleave","Fiend Fire","Demon Form","ReplayTheSpireMod:Strike From Hell+1","Rupture","Bandage Up","Armaments+1","Pot Of Greed","Pot Of Greed","Battle Trance","Pot Of Greed","Spot Weakness","Flex+1","Entrench+1","Bite","Bite","Bite","Bite","Bite","ReplayTheSpireMod:Stacked"],"relics":["Burning Blood","Centennial Puzzle","Pocketwatch","SacredBark","Grinning Jar","Replay:Rubber Ducky"],"acts_visited":["Exordium","TheCity"],"potions_floor_usage":[16,16,16,19],"damage_taken":[{"damage":5,"enemies":"Cultist","floor":1,"turns":4},{"damage":12,"enemies":"Small Slimes","floor":2,"turns":3},{"damage":8,"enemies":"Jaw Worm","floor":3,"turns":3},{"damage":8,"enemies":"Exordium Wildlife","floor":7,"turns":5},{"damage":3,"enemies":"Looter","floor":10,"turns":2},{"damage":15,"enemies":"3 Sentries","floor":11,"turns":4},{"damage":3,"enemies":"Blue Slaver","floor":12,"turns":2},{"damage":0,"enemies":"Exordium Thugs","floor":14,"turns":2},{"damage":24,"enemies":"The Guardian","floor":16,"turns":10},{"damage":8,"enemies":"Chosen","floor":18,"turns":3},{"damage":9,"enemies":"Shell Parasite","floor":19,"turns":3},{"damage":10,"enemies":"Snecko","floor":21,"turns":4},{"damage":49,"enemies":"Centurion and Healer","floor":22,"turns":7},{"damage":26,"enemies":"Sentry and Sphere","floor":24,"turns":5},{"damage":26,"enemies":"Chosen and Byrds","floor":30,"turns":7},{"damage":70,"enemies":"Gremlin Leader","floor":31,"turns":5}],"seed_played":"-8891912961965150683","potions_obtained":[{"floor":7,"key":"Languid Potion"},{"floor":10,"key":"EssenceOfSteel"},{"floor":14,"key":"Block Potion"},{"floor":18,"key":"SkillPotion"},{"floor":30,"key":"BloodPotion"}],"is_trial":false,"path_per_floor":["M","M","M","?","T","R","M","R","T","M","E","M","?","M","R","B",null,"M","M","$","M","M","R","M","R","T","R","?","?","M","E"],"character_chosen":"IRONCLAD","items_purchased":["Bandage Up","Armaments","Feel No Pain","Grinning Jar","Battle Trance"],"campfire_rested":2,"item_purchase_floors":[20,20,20,20,20],"current_hp_per_floor":[80,74,72,72,72,72,70,70,70,73,64,67,67,73,80,62,80,78,75,75,75,36,60,44,68,68,68,56,56,53,0,0],"gold":216,"neow_bonus":"RANDOM_EVENT","is_daily":false,"chose_seed":false,"campfire_upgraded":3,"win_rate":0.0,"timestamp":1613800651,"path_taken":["M","M","?","?","?","R","M","R","T","M","E","?","?","M","R","BOSS","M","M","$","M","M","R","M","R","T","R","?","?","?","E"],"items_purchased_type":["Card","Card","Card","Relic","Card"],"build_version":"2020-12-22","purchased_purges":1,"victory":false,"max_hp_per_floor":[80,80,80,80,80,80,80,80,80,80,80,80,80,80,80,80,80,80,80,80,80,80,80,80,80,80,80,56,56,56,56,56],"card_choices":[{"not_picked":["Iron Wave","Perfected Strike"],"picked":"ReplayTheSpireMod:Strike From Hell","floor":1},{"not_picked":["Reckless Charge","Run Through"],"picked":"Wild Strike","floor":2},{"not_picked":["Massacre","Anger"],"picked":"Headbutt","floor":3},{"not_picked":["Shockwave","Hemokinesis"],"picked":"Bloodletting","floor":7},{"not_picked":["ReplayTheSpireMod:Muscle Training","ReplayTheSpireMod:Strike From Hell"],"picked":"Sever Soul","floor":10},{"not_picked":["Thunderclap","Wild Strike"],"picked":"Infernal Blade","floor":11},{"not_picked":["Sever Soul","Wild Strike"],"picked":"Cleave","floor":12},{"not_picked":["ReplayTheSpireMod:Stacked","Twin Strike"],"picked":"Fiend Fire","floor":13},{"not_picked":["Body Slam","Hemokinesis","Havoc"],"picked":"SKIP","floor":14},{"not_picked":["Hemogenesis","Limit Break"],"picked":"Demon Form","floor":16},{"not_picked":["Headbutt+1","True Grit"],"picked":"ReplayTheSpireMod:Strike From Hell+1","floor":18},{"not_picked":["ReplayTheSpireMod:Corrosion Curse","Perfected Strike+1"],"picked":"Rupture","floor":19},{"not_picked":["Perfected Strike+1","Twin Strike"],"picked":"Spot Weakness","floor":21},{"not_picked":["Twin Strike","Clash"],"picked":"Flex+1","floor":22},{"not_picked":["Twin Strike","Pommel Strike"],"picked":"Entrench+1","floor":24},{"not_picked":["Seeing Red","Whirlwind"],"picked":"ReplayTheSpireMod:Stacked","floor":30}],"player_experience":257452,"relics_obtained":[{"floor":9,"key":"Centennial Puzzle"},{"floor":11,"key":"Pocketwatch"},{"floor":26,"key":"Replay:Rubber Ducky"}],"event_choices":[{"cards_removed":["Strike_R"],"damage_healed":0,"gold_gain":0,"player_choice":"Forget","damage_taken":0,"max_hp_gain":0,"max_hp_loss":0,"event_name":"Living Wall","floor":0,"gold_loss":0},{"damage_healed":0,"gold_gain":0,"player_choice":"Became a vampire","damage_taken":0,"max_hp_gain":0,"max_hp_loss":24,"event_name":"Vampires","floor":28,"gold_loss":0,"cards_obtained":["Bite","Bite","Bite","Bite","Bite"]},{"cards_removed":["Feel No Pain"],"damage_healed":0,"gold_gain":0,"player_choice":"Offered Uncommon","damage_taken":0,"max_hp_gain":0,"max_hp_loss":0,"event_name":"Bonfire Elementals","floor":29,"gold_loss":0}],"is_beta":false,"boss_relics":[{"not_picked":["Kintsugi","Replay:Wanted Poster"],"picked":"SacredBark"}],"items_purged_floors":[20],"is_endless":false,"potions_floor_spawned":[7,10,14,18,30],"killed_by":"Gremlin Leader","ascension_level":0}}