{"host":"mnpd8gh7cwxsn5kh","time":1613843273,"event":{"mods":["BaseMod","Bestiary","Block Reminder","Colored Map","Colored Powertips","Highlight Path","Minty Spire (QoL Compilation)","Relic Sorter","Relic Stats"],"gold_per_floor":[113,113,113,139,149,149,179,179,179,209,209,209,221,231,231,304,304,321,38,38,50,68,93,93,93,93,103,134,134,146,173,173,173,173],"floor_reached":33,"language":"ENG","playtime":2030,"items_purged":[],"score":726,"play_id":"b2da7197-b5f7-40ee-87af-03fe9d9ce7b4","local_time":"20210220184753","is_ascension_mode":true,"campfire_choices":[{"data":"Skewer","floor":6.0,"key":"SMITH"},{"data":"Terror","floor":8.0,"key":"SMITH"},{"data":"Neutralize","floor":11,"key":"SMITH"},{"data":"Blade Dance","floor":15,"key":"SMITH"},{"floor":32,"key":"REST"}],"circlet_count":0,"master_deck":["AscendersBane","Strike_G+1","Strike_G+1","Strike_G+1","Strike_G+1","Defend_G+1","Defend_G+1","Defend_G+1","Defend_G+1","Defend_G+1","Survivor","Neutralize+1","Terror+1","Skewer+1","PiercingWail","Blade Dance+1","Dagger Throw","Escape Plan","Die Die Die","PiercingWail+1","PiercingWail","Well Laid Plans","All Out Attack+1","Malaise","Blade Dance","Die Die Die"],"relics":["Ring of the Snake","NeowsBlessing","Juzu Bracelet","Bottled Lightning","HornCleat","Ninja Scroll","Fusion Hammer","Ornamental Fan","War Paint","Singing Bowl","Question Card","Pear"],"acts_visited":["Exordium","TheCity"],"potions_floor_usage":[18,27,31,33],"damage_taken":[{"damage":0.0,"enemies":"2 Louse","floor":1.0,"turns":1.0},{"damage":0.0,"enemies":"Jaw Worm","floor":5.0,"turns":1.0},{"damage":0.0,"enemies":"Gremlin Nob","floor":7.0,"turns":1.0},{"damage":6,"enemies":"Lagavulin","floor":10,"turns":5},{"damage":0,"enemies":"Cultist","floor":13,"turns":2},{"damage":0,"enemies":"Exordium Wildlife","floor":14,"turns":2},{"damage":27,"enemies":"The Guardian","floor":16,"turns":14},{"damage":3,"enemies":"Shell Parasite","floor":18,"turns":3},{"damage":0,"enemies":"Spheric Guardian","floor":21,"turns":3},{"damage":0,"enemies":"Snecko","floor":22,"turns":3},{"damage":2,"enemies":"Gremlin Leader","floor":23,"turns":5},{"damage":16,"enemies":"Cultist and Chosen","floor":27,"turns":7},{"damage":1,"enemies":"Slavers","floor":28,"turns":4},{"damage":0,"enemies":"Centurion and Healer","floor":30,"turns":5},{"damage":0,"enemies":"Gremlin Leader","floor":31,"turns":5},{"damage":84,"enemies":"Champ","floor":33,"turns":13}],"seed_played":"-1438183558608028633","potions_obtained":[{"floor":1.0,"key":"Energy Potion"},{"floor":5.0,"key":"Swift Potion"},{"floor":22,"key":"PowerPotion"},{"floor":23,"key":"ColorlessPotion"},{"floor":28,"key":"SmokeBomb"},{"floor":30,"key":"DuplicationPotion"}],"is_trial":false,"path_per_floor":["M","?","?","T","M","R","E","R","T","E","R","?","M","M","R","B",null,"M","$","?","M","M","E","?","?","T","M","E","$","M","E","R","B"],"character_chosen":"THE_SILENT","items_purchased":["Ornamental Fan"],"campfire_rested":1,"item_purchase_floors":[19],"current_hp_per_floor":[59,64,64,64,64,64,64,64,64,58,58,58,58,58,58,31,61,58,58,58,58,58,56,56,56,56,40,39,39,39,49,73,0,0],"gold":173,"neow_bonus":"THREE_ENEMY_KILL","is_daily":false,"chose_seed":false,"campfire_upgraded":4,"win_rate":0.0,"timestamp":1613843273,"path_taken":["M","?","?","?","M","R","E","R","T","E","R","?","M","M","R","BOSS","M","$","?","M","M","E","?","?","T","M","E","$","M","E","R","BOSS"],"items_purchased_type":["Relic"],"build_version":"2020-12-22","purchased_purges":0,"victory":false,"max_hp_per_floor":[66,71,71,71,71,71,71,71,71,71,71,71,71,71,71,71,71,71,71,71,71,71,71,71,71,71,71,71,71,71,81,81,81,81],"relic_stats":{"Singing Bowl":0,"counters":[16,74],"Ornamental Fan":[140],"Juzu Bracelet":0,"War Paint":["Defend_G","Defend_G"],"Question Card":2,"obtain_stats":[{"HornCleat":9,"Pear":31,"NeowsBlessing":0,"Singing Bowl":26,"Ninja Scroll":10,"Ornamental Fan":19,"Fusion Hammer":17,"Juzu Bracelet":4,"Bottled Lightning":7,"War Paint":23,"Question Card":28,"Ring of the Snake":0},{"HornCleat":3,"Pear":15,"NeowsBlessing":0,"Singing Bowl":11,"Ninja Scroll":4,"Ornamental Fan":8,"Fusion Hammer":7,"Juzu Bracelet":1,"Bottled Lightning":3,"War Paint":11,"Question Card":13,"Ring of the Snake":0},{"HornCleat":3,"Pear":61,"NeowsBlessing":0,"Singing Bowl":40,"Ninja Scroll":8,"Ornamental Fan":29,"Fusion Hammer":26,"Juzu Bracelet":1,"Bottled Lightning":3,"War Paint":40,"Question Card":51,"Ring of the Snake":0}],"Ring of the Snake":[32]},"card_choices":[{"not_picked":["Accuracy","Choke"],"picked":"Terror","floor":1.0},{"not_picked":["PiercingWail","Escape Plan"],"picked":"Skewer","floor":5.0},{"not_picked":["Night Terror","Backflip"],"picked":"PiercingWail","floor":7.0},{"not_picked":["Cloak And Dagger","Catalyst"],"picked":"Blade Dance","floor":10},{"not_picked":["Prepared","Well Laid Plans"],"picked":"Dagger Throw","floor":13},{"not_picked":["Bane","Acrobatics"],"picked":"Escape Plan","floor":14},{"not_picked":["Unload","Storm of Steel"],"picked":"Die Die Die","floor":16},{"not_picked":["Prepared","Deadly Poison"],"picked":"PiercingWail+1","floor":18},{"not_picked":["Flying Knee","Poisoned Stab","Slice"],"picked":"SKIP","floor":21},{"not_picked":["Outmaneuver","Catalyst"],"picked":"PiercingWail","floor":22},{"not_picked":["Cloak And Dagger","Dagger Spray"],"picked":"Well Laid Plans","floor":23},{"not_picked":["Choke+1","Underhanded Strike"],"picked":"All Out Attack+1","floor":27},{"not_picked":["Masterful Stab","Bane"],"picked":"Malaise","floor":28},{"not_picked":["Underhanded Strike","Acrobatics","Bane"],"picked":"Blade Dance","floor":30},{"not_picked":["Outmaneuver","Cloak And Dagger","Poisoned Stab"],"picked":"Die Die Die","floor":31}],"player_experience":642705,"relics_obtained":[{"floor":4.0,"key":"Juzu Bracelet"},{"floor":7.0,"key":"Bottled Lightning"},{"floor":9.0,"key":"HornCleat"},{"floor":10,"key":"Ninja Scroll"},{"floor":23,"key":"War Paint"},{"floor":26,"key":"Singing Bowl"},{"floor":28,"key":"Question Card"},{"floor":31,"key":"Pear"}],"event_choices":[{"damage_healed":0.0,"max_hp_gain":5.0,"max_hp_loss":0.0,"gold_gain":0.0,"event_name":"Big Fish","player_choice":"Donut","floor":2.0,"gold_loss":0.0,"damage_taken":0.0},{"damage_healed":0.0,"max_hp_gain":0.0,"max_hp_loss":0.0,"gold_gain":0.0,"event_name":"Liars Game","player_choice":"Ignored","floor":3.0,"gold_loss":0.0,"damage_taken":0.0},{"cards_removed":["Strike_G"],"damage_healed":0,"gold_gain":0,"player_choice":"Offered Basic","damage_taken":0,"max_hp_gain":0,"max_hp_loss":0,"event_name":"Bonfire Elementals","floor":12,"gold_loss":0},{"damage_healed":0,"gold_gain":0,"player_choice":"Ignored","damage_taken":0,"max_hp_gain":0,"max_hp_loss":0,"event_name":"The Mausoleum","floor":20,"gold_loss":0},{"damage_healed":0,"gold_gain":0,"player_choice":"Ignored","damage_taken":0,"max_hp_gain":0,"max_hp_loss":0,"event_name":"Ghosts","floor":24,"gold_loss":0},{"damage_healed":0,"gold_gain":0,"player_choice":"Simplicity","damage_taken":0,"max_hp_gain":0,"max_hp_loss":0,"event_name":"Back to Basics","floor":25,"gold_loss":0,"cards_upgraded":["Strike_G","Strike_G","Strike_G","Strike_G","Defend_G","Defend_G","Defend_G"]}],"is_beta":false,"boss_relics":[{"not_picked":["Astrolabe","Empty Cage"],"picked":"Fusion Hammer"}],"items_purged_floors":[],"is_endless":false,"potions_floor_spawned":[1,5,16,22,23,28,30],"killed_by":"Champ","ascension_level":20}}