{"host":"spd19cimorv47raq","time":1613792577,"event":{"mods":["AchievementEnabler","BaseMod","Colored Map","DeckTracker","Keyboard Shortcuts","Minty Spire (QoL Compilation)","Quick Restart","StSLib","SuperFastMode"],"gold_per_floor":[110,123,123,142,142,142,158,171,171,171,203,0,27,37,37,37,37],"floor_reached":16,"language":"KOR","playtime":460,"items_purged":["Strike_R"],"score":224,"play_id":"823ef821-c26b-4bd2-8677-85bf04df55d8","local_time":"20210220124257","is_ascension_mode":true,"campfire_choices":[{"data":"Bash","floor":6.0,"key":"SMITH"},{"data":"Cleave","floor":10.0,"key":"SMITH"},{"data":"Armaments","floor":15,"key":"SMITH"}],"circlet_count":0,"master_deck":["AscendersBane","Strike_R","Strike_R","Strike_R","Strike_R","Defend_R","Defend_R","Defend_R","Defend_R","Bash+1","Cleave+1","Twin Strike","Anger","Perfected Strike","Anger","Carnage","Dropkick","Armaments+1","Headbutt","Dropkick"],"relics":["Burning Blood","Champion Belt","FaceOfCleric","HornCleat","Bottled Flame","StrikeDummy"],"acts_visited":["Exordium"],"potions_floor_usage":[16],"damage_taken":[{"damage":7.0,"enemies":"2 Louse","floor":1.0,"turns":4.0},{"damage":4.0,"enemies":"Cultist","floor":2.0,"turns":4.0},{"damage":4.0,"enemies":"Jaw Worm","floor":4.0,"turns":4.0},{"damage":12.0,"enemies":"Exordium Wildlife","floor":7.0,"turns":2.0},{"damage":11.0,"enemies":"Gremlin Gang","floor":8.0,"turns":4.0},{"damage":20.0,"enemies":"3 Sentries","floor":11.0,"turns":6.0},{"damage":26.0,"enemies":"Lagavulin","floor":13.0,"turns":4.0},{"damage":0,"enemies":"Large Slime","floor":14,"turns":3},{"damage":37,"enemies":"The Guardian","floor":16,"turns":9}],"seed_played":"-8156683841584219384","potions_obtained":[{"floor":2.0,"key":"DistilledChaos"},{"floor":11.0,"key":"ColorlessPotion"},{"floor":13,"key":"ColorlessPotion"}],"is_trial":false,"path_per_floor":["M","M","?","M","?","R","M","M","T","R","E","$","E","M","R","B"],"character_chosen":"IRONCLAD","items_purchased":["Dropkick","Armaments"],"campfire_rested":0,"item_purchase_floors":[12,12],"current_hp_per_floor":[67,68,68,69,69,69,64,60,60,60,47,47,28,35,35,0,0],"gold":37,"neow_bonus":"ONE_RARE_RELIC","is_daily":false,"chose_seed":false,"campfire_upgraded":3,"win_rate":0.0,"timestamp":1613792577,"path_taken":["M","M","?","?","?","R","M","M","T","R","E","?","E","M","R","BOSS"],"items_purchased_type":["Card","Card"],"build_version":"2020-12-22","purchased_purges":1,"victory":false,"max_hp_per_floor":[68,68,68,69,69,69,70,71,71,71,72,72,73,74,74,74,74],"card_choices":[{"not_picked":["Heavy Blade","Clash"],"picked":"Cleave","floor":1.0},{"not_picked":["Corruption","Perfected Strike"],"picked":"Twin Strike","floor":2.0},{"not_picked":["Heavy Blade","Dual Wield"],"picked":"Anger","floor":4.0},{"not_picked":["Havoc","Ghostly Armor"],"picked":"Perfected Strike","floor":7.0},{"not_picked":["Disarm","Corruption"],"picked":"Anger","floor":8.0},{"not_picked":["Evolve","Perfected Strike"],"picked":"Carnage","floor":11.0},{"not_picked":["Heavy Blade","Ghostly Armor"],"picked":"Headbutt","floor":13},{"not_picked":["Blood for Blood","Pommel Strike"],"picked":"Dropkick","floor":14}],"player_experience":877993,"relics_obtained":[{"floor":9.0,"key":"HornCleat"},{"floor":11.0,"key":"Bottled Flame"},{"floor":13,"key":"StrikeDummy"}],"event_choices":[{"damage_healed":0.0,"max_hp_gain":0.0,"max_hp_loss":0.0,"gold_gain":0.0,"event_name":"FaceTrader","player_choice":"Trade","floor":3.0,"gold_loss":0.0,"damage_taken":0.0,"relics_obtained":["FaceOfCleric"]},{"damage_healed":0.0,"max_hp_gain":0.0,"max_hp_loss":0.0,"gold_gain":0.0,"event_name":"Liars Game","player_choice":"Ignored","floor":5.0,"gold_loss":0.0,"damage_taken":0.0}],"is_beta":false,"boss_relics":[],"items_purged_floors":[12],"is_endless":false,"potions_floor_spawned":[2,11,13],"killed_by":"The Guardian","ascension_level":20}}