{"host":"6fhkt7uh7k6h93g3","time":1613861259,"event":{"mods":["AchievementEnabler","Act Like it!","BaseMod","Better Note","BetterRewards","Colored Map","Hermit","Minty Spire (QoL Compilation)","Replay The Spire","StSLib"],"gold_per_floor":[111,127,141,14,34,64,64,99,148,148,148,176,176,195,195,300,300,314,314,225,225,225,225,259,271,271,306,317,317,317,242,242,345,345,365,375,375,390,401,401,417,185,185,200,211,261,276,301,301,301,301,301,145,175,175,175],"floor_reached":55,"language":"ENG","playtime":3560,"items_purged":["Strike_R","Defend_R","Defend_R","Strike_R","Strike_R"],"score":1143,"play_id":"d941b851-8297-43f1-be1c-505312ba7fe7","local_time":"20210220234739","is_ascension_mode":true,"campfire_choices":[{"data":"True Grit","floor":7,"key":"SMITH"},{"data":"Heavy Blade","floor":10,"key":"SMITH"},{"floor":15,"key":"DIG"},{"floor":23,"key":"RECALL"},{"floor":32,"key":"REST"},{"floor":40,"key":"REST"},{"data":"Defend_R","floor":49,"key":"PURGE"},{"data":"Replay:Undeath\u0027s Touch","floor":52,"key":"PURGE"}],"circlet_count":0,"master_deck":["Bash","True Grit+1","Pommel Strike","Spot Weakness","Infernal Blade","Battle Trance","Heavy Blade+1","Flame Barrier","Sword Boomerang","RitualDagger","Ghostly","Ghostly","Ghostly","Ghostly","Ghostly","Inflame+1","Massacre+1","Whirlwind","Armaments","Limit Break","Headbutt+1","Clash+1","Rage","Twin Strike","Heavy Blade+1","Warcry","Iron Wave+1","Infernal Blade+1","Rampage+1","Barricade+1","Pot Of Greed+1","Pot Of Greed+1","Pot Of Greed+1"],"relics":["Burning Blood","Membership Card","Du-Vu Doll","Question Card","Brimstone","WingedGreaves","Mummified Hand","Tiny Chest","Omamori","Eternal Feather","Fusion Hammer","Prayer Wheel","Replay:Bottled Snecko","Letter Opener","Bird Faced Urn","Iron Hammer","Ornamental Fan","Painkiller Herb","Peace Pipe","Red Skull","Golden Egg","Grinning Jar","CaptainsWheel"],"acts_visited":["Exordium","TheCity","TheBeyond","TheEnding"],"potions_floor_usage":[18,28,54,55,55],"damage_taken":[{"damage":2,"enemies":"2 Louse","floor":1,"turns":3},{"damage":3,"enemies":"Jaw Worm","floor":2,"turns":5},{"damage":8,"enemies":"Small Slimes","floor":3,"turns":4},{"damage":10,"enemies":"Exordium Wildlife","floor":5,"turns":3},{"damage":10,"enemies":"Gremlin Nob","floor":6,"turns":3},{"damage":9,"enemies":"3 Sentries","floor":8,"turns":4},{"damage":9,"enemies":"Replay:BlueRogue","floor":12,"turns":2},{"damage":0,"enemies":"Large Slime","floor":14,"turns":4},{"damage":3,"enemies":"Slime Boss","floor":16,"turns":6},{"damage":2,"enemies":"3 Byrds","floor":18,"turns":3},{"damage":3,"enemies":"Replay:Snechameleon","floor":24,"turns":3},{"damage":1,"enemies":"Shell Parasite","floor":25,"turns":2},{"damage":4,"enemies":"Book of Stabbing","floor":27,"turns":5},{"damage":6,"enemies":"Shelled Parasite and Fungi","floor":28,"turns":2},{"damage":1,"enemies":"Collector","floor":33,"turns":6},{"damage":1,"enemies":"3 Shapes","floor":35,"turns":2},{"damage":0,"enemies":"3 Darklings","floor":36,"turns":3},{"damage":2,"enemies":"Maw","floor":38,"turns":6},{"damage":0,"enemies":"Writhing Mass","floor":39,"turns":3},{"damage":0,"enemies":"3 Darklings","floor":41,"turns":2},{"damage":2,"enemies":"Spire Growth","floor":44,"turns":3},{"damage":4,"enemies":"Sphere and 2 Shapes","floor":45,"turns":3},{"damage":0,"enemies":"4 Shapes","floor":47,"turns":3},{"damage":8,"enemies":"R_Hoarder","floor":48,"turns":4},{"damage":4,"enemies":"Donu and Deca","floor":50,"turns":6},{"damage":28,"enemies":"Shield and Spear","floor":54,"turns":4},{"damage":42,"enemies":"The Heart","floor":55,"turns":3}],"seed_played":"-254126241491434600","potions_obtained":[{"floor":6,"key":"Strength Potion"},{"floor":8,"key":"PowerPotion"},{"floor":12,"key":"BlessingOfTheForge"},{"floor":14,"key":"LifebloodPotion"},{"floor":28,"key":"Ancient Potion"},{"floor":45,"key":"DuplicationPotion"}],"is_trial":false,"path_per_floor":["M","M","M","$","M","E","R","E","T","R","?","E","?","M","R_BF","B",null,"M","?","$","T","?","R","E","M","T","E","M","T","T","$","R","B",null,"?","?","?","?","?","T","?","T","T","?","?","T","?","E","T","B",null,"T","T","E","B"],"character_chosen":"IRONCLAD","items_purchased":["Membership Card","True Grit","Pommel Strike","Question Card","Brimstone","Block Potion","Peace Pipe","Barricade","Grinning Jar"],"campfire_rested":2,"item_purchase_floors":[0,0,0,0,4,20,42,53,53],"current_hp_per_floor":[75,75,73,73,69,65,65,62,62,62,55,52,52,58,58,61,75,75,69,69,69,37,37,37,37,37,37,37,37,37,37,37,37,37,37,37,37,37,37,37,37,37,37,37,37,37,37,35,37,37,37,37,37,17,0,0],"gold":175,"neow_bonus":"","is_daily":false,"chose_seed":false,"campfire_upgraded":2,"win_rate":0.0,"timestamp":1613861259,"path_taken":["M","M","M","$","M","E","R","E","T","R","?","E","?","M","R_BF","BOSS","M","?","$","?","?","R","E","?","T","E","M","?","?","?","R","BOSS","?","?","?","?","?","T","?","T","T","?","?","?","?","E","T","BOSS","T","T","E","BOSS"],"items_purchased_type":["Relic","Card","Card","Relic","Relic","Potion","Relic","Card","Relic"],"build_version":"2020-12-22","purchased_purges":5,"victory":false,"max_hp_per_floor":[75,75,75,75,75,75,75,75,75,75,75,75,75,75,75,75,75,75,75,75,75,37,37,37,37,37,37,37,37,37,37,37,37,37,37,37,37,37,37,37,37,37,37,37,37,37,37,37,37,37,37,37,37,37,37,37],"card_choices":[{"not_picked":["Wild Strike","Dual Wield","Havoc"],"picked":"Replay:Undeath\u0027s Touch","floor":1},{"not_picked":["Clash","Pummel","Warcry"],"picked":"Spot Weakness","floor":2},{"not_picked":["Armaments","Shrug It Off","Pommel Strike"],"picked":"Infernal Blade","floor":3},{"not_picked":["ReplayTheSpireMod:Stacked","Body Slam","Spot Weakness"],"picked":"Battle Trance","floor":5},{"not_picked":["Rampage","Bludgeon","Shrug It Off"],"picked":"Heavy Blade","floor":6},{"not_picked":["Fire Breathing","Pommel Strike","Perfected Strike","Shrug It Off"],"picked":"SKIP","floor":8},{"not_picked":["Berserk","Juggernaut","Carnage"],"picked":"Flame Barrier","floor":12},{"not_picked":["Replay:Undeath\u0027s Touch","Twin Strike","Reckless Charge","Heavy Blade"],"picked":"SKIP","floor":14},{"not_picked":["Perfected Strike","Pommel Strike","Seeing Red"],"picked":"Sword Boomerang","floor":18},{"not_picked":["Metallicize","Juggernaut","Pommel Strike"],"picked":"Inflame+1","floor":24},{"not_picked":["ReplayTheSpireMod:Stacked+1","Clothesline","Sword Boomerang"],"picked":"Massacre+1","floor":25},{"not_picked":["Searing Blow","Heavy Blade","Inflame+1"],"picked":"Whirlwind","floor":25},{"not_picked":["Burning Pact","Run Through","Shockwave","Searing Blow"],"picked":"SKIP","floor":27},{"not_picked":["Blood for Blood","Dark Embrace","Burning Pact+1"],"picked":"Armaments","floor":28},{"not_picked":["Flex","Carnage","Seeing Red","Pummel"],"picked":"SKIP","floor":28},{"not_picked":["Hemogenesis","Demon Form","Barricade"],"picked":"Limit Break","floor":33},{"not_picked":["Flex+1","Spot Weakness+1","Defy Death+1"],"picked":"Headbutt+1","floor":35},{"not_picked":["Power Through+1","Battle Trance+1","Reckless Charge","Thunderclap+1"],"picked":"SKIP","floor":35},{"not_picked":["Reckless Charge","Eclipse","Clothesline"],"picked":"Clash+1","floor":36},{"not_picked":["Power Through","Inflame","Shockwave+1"],"picked":"Rage","floor":36},{"not_picked":["Iron Wave","Anger+1","Clothesline+1"],"picked":"Heavy Blade+1","floor":38},{"not_picked":["ReplayTheSpireMod:Muscle Training","Second Wind","Twin Strike","Clash+1"],"picked":"SKIP","floor":38},{"not_picked":["Metallicize","Heavy Blade+1","Havoc+1"],"picked":"Warcry","floor":39},{"not_picked":["Flex","Evolve","Shrug It Off","Power Through+1"],"picked":"SKIP","floor":39},{"not_picked":["Combust","Second Wind+1","Metallicize+1","Flame Barrier"],"picked":"SKIP","floor":41},{"not_picked":["Wild Strike","Cleave+1","Hemogenesis","ReplayTheSpireMod:Strike From Hell"],"picked":"SKIP","floor":41},{"not_picked":["Life Link+1","Thunderclap","Rupture+1"],"picked":"Iron Wave+1","floor":44},{"not_picked":["Warcry","Replay:Undeath\u0027s Touch","Perfected Strike+1"],"picked":"Infernal Blade+1","floor":44},{"not_picked":["Clash+1","Heavy Blade","Searing Blow+1","Disarm+1"],"picked":"SKIP","floor":45},{"not_picked":["Fire Breathing","Dropkick","Dark Embrace+1","Clash"],"picked":"SKIP","floor":45},{"not_picked":["Havoc+1","Headbutt+1","Battle Trance+1"],"picked":"Rampage+1","floor":47},{"not_picked":["Havoc","Feel No Pain","Carnage","ReplayTheSpireMod:Strike From Hell+1"],"picked":"SKIP","floor":47},{"not_picked":["Run Through+1","Havoc+1","Body Slam+1","Warcry+1"],"picked":"SKIP","floor":48},{"not_picked":["Carnage+1","Armaments","Bludgeon","Wild Strike"],"picked":"SKIP","floor":54}],"player_experience":368116,"relics_obtained":[{"floor":6,"key":"WingedGreaves"},{"floor":8,"key":"Mummified Hand"},{"floor":9,"key":"Tiny Chest"},{"floor":12,"key":"Omamori"},{"floor":15,"key":"Eternal Feather"},{"floor":21,"key":"Prayer Wheel"},{"floor":24,"key":"Replay:Bottled Snecko"},{"floor":26,"key":"Letter Opener"},{"floor":27,"key":"Bird Faced Urn"},{"floor":29,"key":"Iron Hammer"},{"floor":30,"key":"Ornamental Fan"},{"floor":43,"key":"Red Skull"},{"floor":48,"key":"Golden Egg"},{"floor":54,"key":"CaptainsWheel"}],"event_choices":[{"cards_removed":["Strike_R"],"damage_healed":0,"gold_gain":0,"player_choice":"Card Removal","damage_taken":7,"max_hp_gain":0,"max_hp_loss":0,"event_name":"Golden Wing","floor":11,"gold_loss":0},{"cards_removed":["Strike_R"],"damage_healed":0,"gold_gain":0,"player_choice":"Forget","damage_taken":0,"max_hp_gain":0,"max_hp_loss":0,"event_name":"Living Wall","floor":13,"gold_loss":0},{"damage_healed":0,"gold_gain":0,"player_choice":"Joined the Cult","damage_taken":6,"max_hp_gain":0,"max_hp_loss":0,"event_name":"Nest","floor":19,"gold_loss":0,"cards_obtained":["RitualDagger"]},{"damage_healed":0,"gold_gain":0,"player_choice":"Became a Ghost","damage_taken":0,"max_hp_gain":0,"max_hp_loss":38,"event_name":"Ghosts","floor":22,"gold_loss":0,"cards_obtained":["Ghostly","Ghostly","Ghostly","Ghostly","Ghostly"]},{"damage_healed":0,"gold_gain":0,"cards_transformed":["Defend_R"],"player_choice":"Transformed","damage_taken":0,"max_hp_gain":0,"max_hp_loss":0,"event_name":"Transmorgrifier","floor":37,"gold_loss":0,"cards_obtained":["Twin Strike"]}],"is_beta":false,"boss_relics":[{"not_picked":["Snecko Eye","Astrolabe"],"picked":"Fusion Hammer"},{"not_picked":["Kintsugi","Pandora\u0027s Box"],"picked":"Painkiller Herb"}],"items_purged_floors":[0,4,20,31,42],"is_endless":false,"potions_floor_spawned":[6,8,12,14,25,28,33,35,44,45,47],"killed_by":"The Heart","ascension_level":4}}