{"host":"po0gzr6h085cygwo","time":1613787044,"event":{"mods":["AchievementEnabler","BaseMod","Colored Map","KOR Keyword Fix","Minty Spire (QoL Compilation)","Rare Cards Sparkle","StSLib","SuperFastMode"],"gold_per_floor":[109,34,46,62,75,110,110,144,144,175,185,198,198,208,208,303,303,321,338,351,8,28,54,54,81,149,163,163,163,40,70,70,174,174,189,207,41,58,58,87,106,122,122,122,122,150,169,44,44,44,44,44,3,37,37],"floor_reached":56,"language":"KOR","playtime":2359,"items_purged":["Defend_R","Strike_R"],"score":1468,"play_id":"e0a9b539-bed6-4d9a-8ef8-08880d6b7d92","local_time":"20210220111044","is_ascension_mode":true,"campfire_choices":[{"data":"Beta","floor":7.0,"key":"SMITH"},{"data":"Shockwave","floor":15.0,"key":"SMITH"},{"data":"Exhume","floor":24.0,"key":"SMITH"},{"data":"Exhume","floor":28.0,"key":"SMITH"},{"data":"Battle Trance","floor":32.0,"key":"SMITH"},{"data":"Corruption","floor":44.0,"key":"SMITH"},{"floor":49.0,"key":"RECALL"},{"data":"True Grit","floor":52.0,"key":"SMITH"}],"circlet_count":0,"master_deck":["Strike_R+1","Strike_R+1","Strike_R+1","Defend_R","Defend_R","Defend_R","Bash+1","Beta+1","Warcry","Iron Wave","Burning Pact","Battle Trance+1","Intimidate","Shockwave+1","Exhume+1","Pommel Strike+1","Feel No Pain","Purity","True Grit+1","Havoc","Exhume+1","Corruption+1","Armaments+1","Parasite"],"relics":["Burning Blood","Bottled Lightning","NeowsBlessing","Du-Vu Doll","Sundial","The Courier","Busted Crown","Membership Card","Mercury Hourglass","Magic Flower","Blood Vial","Question Card","PreservedInsect","Lee\u0027s Waffle","Boot","Cursed Key","Frozen Eye","Darkstone Periapt","Whetstone","Torii","Dream Catcher","Incense Burner","Bottled Flame"],"acts_visited":["Exordium","TheCity","TheBeyond","TheEnding"],"potions_floor_usage":[55],"damage_taken":[{"damage":0.0,"enemies":"Cultist","floor":1.0,"turns":1.0},{"damage":0.0,"enemies":"2 Louse","floor":3.0,"turns":1.0},{"damage":0.0,"enemies":"Small Slimes","floor":4.0,"turns":1.0},{"damage":11.0,"enemies":"2 Fungi Beasts","floor":5.0,"turns":3.0},{"damage":16.0,"enemies":"Gremlin Nob","floor":6.0,"turns":3.0},{"damage":5.0,"enemies":"Lagavulin","floor":8.0,"turns":4.0},{"damage":5.0,"enemies":"3 Sentries","floor":10.0,"turns":2.0},{"damage":6.0,"enemies":"Exordium Thugs","floor":11.0,"turns":3.0},{"damage":0.0,"enemies":"Gremlin Gang","floor":12.0,"turns":2.0},{"damage":4.0,"enemies":"3 Louse","floor":14.0,"turns":2.0},{"damage":30.0,"enemies":"The Guardian","floor":16.0,"turns":7.0},{"damage":13.0,"enemies":"Shell Parasite","floor":18.0,"turns":4.0},{"damage":11.0,"enemies":"Spheric Guardian","floor":19.0,"turns":3.0},{"damage":22.0,"enemies":"Centurion and Healer","floor":20.0,"turns":3.0},{"damage":10.0,"enemies":"Shelled Parasite and Fungi","floor":22.0,"turns":3.0},{"damage":0.0,"enemies":"Slavers","floor":23.0,"turns":1.0},{"damage":21.0,"enemies":"Gremlin Leader","floor":25.0,"turns":3.0},{"damage":0.0,"enemies":"3 Cultists","floor":27.0,"turns":2.0},{"damage":24.0,"enemies":"Slavers","floor":31.0,"turns":2.0},{"damage":24.0,"enemies":"Automaton","floor":33.0,"turns":6.0},{"damage":3.0,"enemies":"Orb Walker","floor":35.0,"turns":3.0},{"damage":15.0,"enemies":"3 Shapes","floor":36.0,"turns":2.0},{"damage":12.0,"enemies":"Transient","floor":38.0,"turns":5.0},{"damage":8.0,"enemies":"Reptomancer","floor":40.0,"turns":4.0},{"damage":7.0,"enemies":"Spire Growth","floor":41.0,"turns":5.0},{"damage":22.0,"enemies":"3 Darklings","floor":42.0,"turns":4.0},{"damage":16.0,"enemies":"Nemesis","floor":46.0,"turns":5.0},{"damage":11.0,"enemies":"Sphere and 2 Shapes","floor":47.0,"turns":3.0},{"damage":41.0,"enemies":"Time Eater","floor":50.0,"turns":6.0},{"damage":19.0,"enemies":"Shield and Spear","floor":54.0,"turns":4.0},{"damage":69,"enemies":"The Heart","floor":55,"turns":6}],"seed_played":"-404622062387490595","potions_obtained":[{"floor":3.0,"key":"Fire Potion"},{"floor":4.0,"key":"LiquidMemories"},{"floor":14.0,"key":"ColorlessPotion"},{"floor":16.0,"key":"LiquidMemories"},{"floor":27.0,"key":"SneckoOil"},{"floor":31.0,"key":"Regen Potion"},{"floor":33.0,"key":"SteroidPotion"},{"floor":38.0,"key":"Energy Potion"},{"floor":42.0,"key":"EntropicBrew"},{"floor":54.0,"key":"PowerPotion"}],"is_trial":false,"path_per_floor":["M","$","M","M","M","E","R","E","T","E","M","M","?","M","R","B",null,"M","M","M","$","M","E","R","E","T","M","R","?","$","E","R","B",null,"M","M","$","M","$","E","M","M","T","R","?","E","M","$","R","B",null,"R","$","E","B",null],"character_chosen":"IRONCLAD","items_purchased":["Membership Card","Purity","Mercury Hourglass","True Grit","Havoc","PreservedInsect","Lee\u0027s Waffle","Frozen Eye","Darkstone Periapt","Incense Burner","SmokeBomb"],"campfire_rested":0,"item_purchase_floors":[21,21,21,21,21,30,30,37,37,48,53],"current_hp_per_floor":[80,80,80,80,75,65,65,66,66,67,67,73,57,59,59,35,80,73,68,52,52,48,54,54,42,42,54,54,54,87,72,72,60,87,87,81,81,81,81,85,87,74,80,80,80,76,77,77,77,67,93,93,93,83,26],"gold":37,"neow_bonus":"THREE_ENEMY_KILL","is_daily":false,"chose_seed":false,"campfire_upgraded":7,"win_rate":0.0,"timestamp":1613787044,"path_taken":["M","$","M","?","M","E","R","E","T","E","M","?","?","M","R","BOSS","M","M","M","$","M","E","R","E","T","M","R","?","$","E","R","BOSS","M","M","$","M","$","E","M","M","T","R","?","E","M","$","R","BOSS","R","$","E","BOSS"],"items_purchased_type":["Relic","Card","Relic","Card","Card","Relic","Relic","Relic","Relic","Relic","Potion"],"build_version":"2020-12-22","purchased_purges":2,"victory":true,"max_hp_per_floor":[80,80,80,80,80,80,80,80,80,80,80,80,80,80,80,80,80,80,80,80,80,80,80,80,80,80,80,80,80,87,87,87,87,87,87,87,87,87,87,87,87,87,93,93,93,93,93,93,93,93,93,93,93,93,93],"card_choices":[{"not_picked":["Body Slam","Metallicize","Pommel Strike"],"picked":"SKIP","floor":1.0},{"not_picked":["Pummel","Cleave"],"picked":"Warcry","floor":3.0},{"not_picked":["Cleave","Warcry"],"picked":"Iron Wave","floor":4.0},{"not_picked":["Reckless Charge","Sword Boomerang","Wild Strike"],"picked":"SKIP","floor":5.0},{"not_picked":["Thunderclap","Sever Soul","Perfected Strike"],"picked":"SKIP","floor":6.0},{"not_picked":["Iron Wave","Cleave","Limit Break"],"picked":"SKIP","floor":8.0},{"not_picked":["Flex","Hemokinesis"],"picked":"Burning Pact","floor":10.0},{"not_picked":["Headbutt","Intimidate"],"picked":"Battle Trance","floor":11.0},{"not_picked":["True Grit","Anger"],"picked":"Intimidate","floor":12.0},{"not_picked":["Armaments","Limit Break"],"picked":"Shockwave","floor":14.0},{"not_picked":["Double Tap","Reaper"],"picked":"Exhume","floor":16.0},{"not_picked":["Clash"],"picked":"SKIP","floor":18.0},{"not_picked":[],"picked":"Pommel Strike+1","floor":19.0},{"not_picked":[],"picked":"Feel No Pain","floor":20.0},{"not_picked":["Thunderclap"],"picked":"SKIP","floor":22.0},{"not_picked":["Twin Strike"],"picked":"SKIP","floor":23.0},{"not_picked":[],"picked":"Exhume","floor":25.0},{"not_picked":["Carnage","Anger"],"picked":"SKIP","floor":27.0},{"not_picked":["Inflame","Twin Strike"],"picked":"SKIP","floor":31.0},{"not_picked":["Fiend Fire"],"picked":"Corruption","floor":33.0},{"not_picked":["Sword Boomerang+1","Inflame+1"],"picked":"SKIP","floor":35.0},{"not_picked":["Cleave","Havoc"],"picked":"SKIP","floor":36.0},{"not_picked":["Double Tap"],"picked":"Armaments+1","floor":38.0},{"not_picked":["Perfected Strike","Rage+1"],"picked":"SKIP","floor":40.0},{"not_picked":["Bloodletting","Warcry"],"picked":"SKIP","floor":41.0},{"not_picked":["True Grit+1","Flex+1"],"picked":"SKIP","floor":42.0},{"not_picked":["Infernal Blade","Body Slam"],"picked":"SKIP","floor":46.0},{"not_picked":["Inflame","Flex"],"picked":"SKIP","floor":47.0},{"not_picked":["Intimidate+1","Cleave+1"],"picked":"SKIP","floor":54.0}],"player_experience":92238,"relics_obtained":[{"floor":6.0,"key":"Du-Vu Doll"},{"floor":8.0,"key":"Sundial"},{"floor":10.0,"key":"The Courier"},{"floor":23.0,"key":"Magic Flower"},{"floor":25.0,"key":"Blood Vial"},{"floor":26.0,"key":"Question Card"},{"floor":31.0,"key":"Boot"},{"floor":40.0,"key":"Whetstone"},{"floor":43.0,"key":"Torii"},{"floor":46.0,"key":"Dream Catcher"},{"floor":54.0,"key":"Bottled Flame"}],"event_choices":[{"damage_healed":0.0,"max_hp_gain":0.0,"max_hp_loss":0.0,"gold_gain":0.0,"event_name":"Shining Light","player_choice":"Entered Light","floor":13.0,"gold_loss":0.0,"damage_taken":16.0,"cards_upgraded":["Strike_R","Strike_R"]},{"cards_removed":["Strike_R"],"damage_healed":0.0,"max_hp_gain":0.0,"max_hp_loss":0.0,"gold_gain":0.0,"event_name":"Back to Basics","player_choice":"Elegance","floor":29.0,"gold_loss":0.0,"damage_taken":0.0},{"damage_healed":0.0,"max_hp_gain":0.0,"max_hp_loss":0.0,"gold_gain":0.0,"event_name":"Tomb of Lord Red Mask","player_choice":"Ignored","floor":45.0,"gold_loss":0.0,"damage_taken":0.0}],"is_beta":false,"boss_relics":[{"not_picked":["Astrolabe","Snecko Eye"],"picked":"Busted Crown"},{"not_picked":["Velvet Choker","SacredBark"],"picked":"Cursed Key"}],"items_purged_floors":[2,21],"is_endless":false,"potions_floor_spawned":[3,4,14,16,27,31,33,38,40,42,47,54],"ascension_level":3}}