{"host":"zjc1tzo4ovig5lll","time":1613826336,"event":{"mods":["AchievementEnabler","Aspiration","BaseMod","Beaked The Cultist","Better Altar","Better Match","Better Note","Better Sensory Stone","Colored Map","Colored Powertips","Conspire","Energized Spire","Friendly Minions","GifTheSpireLib","Hermit","Minty Spire (QoL Compilation)","Rare Cards Sparkle","Reliquary","Replay The Spire","StSLib","The Blue Laboratory","The Construct","The Jungle","everything is the same but u backflip on backflip"],"gold_per_floor":[119,119,454,472,491,526,526,526,526],"floor_reached":8,"language":"ENG","playtime":433,"items_purged":[],"score":67,"play_id":"681e1ab0-ec1d-4a85-b8ab-3083f91f62ea","local_time":"20210220150536","is_ascension_mode":true,"campfire_choices":[{"floor":7,"key":"REST"}],"circlet_count":0,"master_deck":["hermit:Strike_Hermit","hermit:Strike_Hermit","hermit:Strike_Hermit","hermit:Strike_Hermit","hermit:Defend_Hermit","hermit:Defend_Hermit","hermit:Defend_Hermit","hermit:Defend_Hermit","hermit:Snapshot","hermit:Covet","Spot Weakness","Flex"],"relics":["hermit:Momento","aspiration:Nostalgia","m_ByrdBlood","Old Coin","Bag of Preparation"],"acts_visited":["Exordium"],"potions_floor_usage":[],"damage_taken":[{"damage":6,"enemies":"conspire:RoseBush","floor":1,"turns":4},{"damage":31,"enemies":"conspire:MimicChest","floor":3,"turns":6},{"damage":0,"enemies":"Small Slimes","floor":4,"turns":3},{"damage":6,"enemies":"Cultist","floor":5,"turns":3},{"damage":56,"enemies":"Lagavulin","floor":6,"turns":9},{"damage":48,"enemies":"Replay:BlueRogue","floor":8,"turns":7}],"seed_played":"-3710518882539599343","potions_obtained":[{"floor":1,"key":"Flashbang"}],"is_trial":false,"path_per_floor":["M","$","?","M","M","E","R","E"],"character_chosen":"HERMIT","items_purchased":[],"campfire_rested":1,"item_purchase_floors":[],"current_hp_per_floor":[75,75,60,71,75,36,58,21,21],"gold":526,"neow_bonus":"NOSTALGIA","is_daily":false,"chose_seed":false,"campfire_upgraded":0,"win_rate":0.0,"timestamp":1613826336,"path_taken":["M","$","?","?","M","E","R","E"],"items_purchased_type":[],"build_version":"2020-12-22","purchased_purges":0,"victory":false,"max_hp_per_floor":[75,75,75,75,75,75,75,75,75],"card_choices":[{"not_picked":["hermit:CalledShot","hermit:HoleUp"],"picked":"Spot Weakness","floor":1},{"not_picked":["hermit:Dive","hermit:Manifest","hermit:Scavenge"],"picked":"SKIP","floor":4},{"not_picked":["hermit:HoleUp","hermit:DeadMansHand"],"picked":"Flex","floor":5},{"not_picked":["hermit:Snipe","hermit:HighCaliber","hermit:LowProfile"],"picked":"SKIP","floor":6}],"player_experience":742011,"relics_obtained":[{"floor":3,"key":"Old Coin"},{"floor":6,"key":"Bag of Preparation"}],"event_choices":[],"is_beta":false,"boss_relics":[],"items_purged_floors":[],"is_endless":false,"potions_floor_spawned":[1,3,4,6],"killed_by":"Replay:BlueRogue","ascension_level":4}}