{"host":"165j3y1h4d9vtt0z","time":1613852776,"event":{"mods":["2.2 Compatiblity","AchievementEnabler","Aspiration","BaseMod","Colored Map","Colored Powertips","DeckTracker","Highlight Path","Hubris","Infinite Spire","Minty Spire (QoL Compilation)","Permanent Neow","Quick Restart","Random Character Button","Relic Sorter","Replay The Spire","StSLib","Synergy Search","The Cursed","The Disciple","The Jungle","The Runesmith"],"gold_per_floor":[114,114,125,300,319,319,338,364,419,419,437,437,454,165,165,165,165],"floor_reached":16,"language":"ENG","playtime":655,"items_purged":["Pain"],"score":112,"play_id":"e21d7cc0-67ef-4ebb-aa60-26d060b97b91","local_time":"20210220202616","is_ascension_mode":true,"campfire_choices":[{"floor":6.0,"key":"REST"},{"floor":15.0,"key":"DIG"}],"circlet_count":0,"master_deck":["Strike_G","Strike_G","Strike_G","Strike_G","Strike_G","Defend_G","Defend_G","Defend_G","Defend_G","Defend_G","Survivor","Neutralize","Uppercut","FlyingSleeves","Doubt","FollowUp","EmptyFist","Finisher","infinitespire:SevenWalls","Adrenaline+1","Acrobatics","Replay:Poison Smokescreen+1","Wraith Form v2"],"relics":["Ring of the Snake","Replay:M_SmolderingBlood","aspiration:Nostalgia","WarpedTongs","Replay:Mystery Machine","Vajra","Centennial Puzzle"],"acts_visited":["Exordium"],"potions_floor_usage":[],"damage_taken":[{"damage":8.0,"enemies":"Jaw Worm","floor":1.0,"turns":6.0},{"damage":6.0,"enemies":"Cultist","floor":3.0,"turns":4.0},{"damage":4.0,"enemies":"Small Slimes","floor":5.0,"turns":4.0},{"damage":11.0,"enemies":"Looter","floor":7.0,"turns":3.0},{"damage":32.0,"enemies":"3 Sentries","floor":8.0,"turns":11.0},{"damage":1.0,"enemies":"3 Louse","floor":11.0,"turns":3.0},{"damage":6.0,"enemies":"Blue Slaver","floor":13.0,"turns":1.0},{"damage":6,"enemies":"Hexaghost","floor":16,"turns":9}],"seed_played":"5481017944977369190","potions_obtained":[{"floor":1.0,"key":"SpeedPotion"},{"floor":5.0,"key":"Venom Potion"},{"floor":8.0,"key":"Reflective Coating"}],"is_trial":false,"path_per_floor":["M","?","M","?","M","R","M","E","T","?","M","?","M","$","R_BF","B"],"character_chosen":"THE_SILENT","items_purchased":["Replay:Poison Smokescreen+1","Wraith Form v2"],"campfire_rested":1,"item_purchase_floors":[14,14],"current_hp_per_floor":[62,62,56,56,52,70,59,27,27,10,9,9,3,3,3,0,0],"gold":165,"neow_bonus":"NOSTALGIA","is_daily":false,"chose_seed":false,"campfire_upgraded":0,"win_rate":0.0,"timestamp":1613852776,"path_taken":["M","?","?","?","M","R","M","E","T","?","M","?","M","$","R_BF","BOSS"],"items_purchased_type":["Card","Card"],"build_version":"2020-12-22","purchased_purges":1,"victory":false,"max_hp_per_floor":[70,70,70,70,70,70,70,70,70,70,70,70,70,70,70,70,70],"card_choices":[{"not_picked":["hubris:SlightOfHand","Dagger Throw"],"picked":"Uppercut","floor":1.0},{"not_picked":["hubris:Sniper","Bouncing Flask"],"picked":"FlyingSleeves","floor":3.0},{"not_picked":["Outmaneuver","Toxin Wave"],"picked":"FollowUp","floor":5.0},{"not_picked":["Headbutt","Dodge and Roll"],"picked":"EmptyFist","floor":7.0},{"not_picked":["Flying Knee","Tactician"],"picked":"Finisher","floor":8.0},{"not_picked":["infinitespire:Gouge","infinitespire:FutureSight"],"picked":"infinitespire:SevenWalls","floor":10.0},{"not_picked":["PiercingWail","Quick Slash"],"picked":"Adrenaline","floor":11.0},{"not_picked":["Concentrate","Accuracy"],"picked":"Acrobatics","floor":13.0}],"player_experience":223783,"relics_obtained":[{"floor":8.0,"key":"Replay:Mystery Machine"},{"floor":9.0,"key":"Vajra"},{"floor":15.0,"key":"Centennial Puzzle"}],"event_choices":[{"damage_healed":0.0,"max_hp_gain":0.0,"max_hp_loss":0.0,"gold_gain":0.0,"event_name":"Accursed Blacksmith","player_choice":"Rummage","floor":2.0,"gold_loss":0.0,"damage_taken":0.0,"relics_obtained":["WarpedTongs"],"cards_obtained":["Pain"]},{"damage_healed":0.0,"max_hp_gain":0.0,"max_hp_loss":0.0,"gold_gain":175.0,"event_name":"Liars Game","player_choice":"AGREE","floor":4.0,"gold_loss":0.0,"damage_taken":0.0,"cards_obtained":["Doubt"]}],"is_beta":false,"boss_relics":[],"items_purged_floors":[14],"is_endless":false,"potions_floor_spawned":[1,5,8],"killed_by":"Hexaghost","ascension_level":2}}