{"host":"6ggzka4dag2kvku2","time":1613792011,"event":{"mods":["AchievementEnabler","BaseMod","DeckTracker","Minty Spire (QoL Compilation)","Permanent Neow","Quick Restart","SuperFastMode"],"gold_per_floor":[109,109,121,133,57,83,99,112,112,112,144,144,164,174,174,275,275,286,211,211,211],"floor_reached":20,"language":"KOR","playtime":470,"items_purged":[],"score":232,"play_id":"96786cb0-cfaf-4040-bd9e-9a2ae7afa0d4","local_time":"20210220123331","is_ascension_mode":true,"campfire_choices":[{"data":"Sunder","floor":10,"key":"SMITH"},{"data":"Dualcast","floor":12,"key":"SMITH"},{"data":"Zap","floor":15,"key":"SMITH"}],"circlet_count":0,"master_deck":["Strike_B","Defend_B","Defend_B","Defend_B","Defend_B","Zap+1","Dualcast+1","Reboot","Streamline+1","Coolheaded","Loop","Rip and Tear","Core Surge","Sunder+1","BootSequence","Sweeping Beam","Self Repair","Hyperbeam","Redo"],"relics":["Cracked Core","PreservedInsect","Ice Cream","Meat on the Bone","Empty Cage"],"acts_visited":["Exordium","TheCity"],"potions_floor_usage":[11,16],"damage_taken":[{"damage":1,"enemies":"2 Louse","floor":1,"turns":2},{"damage":5,"enemies":"Small Slimes","floor":3,"turns":3},{"damage":7,"enemies":"Jaw Worm","floor":4,"turns":2},{"damage":35,"enemies":"3 Sentries","floor":6,"turns":7},{"damage":6,"enemies":"Looter","floor":7,"turns":2},{"damage":0,"enemies":"2 Fungi Beasts","floor":8,"turns":1},{"damage":0,"enemies":"Gremlin Nob","floor":11,"turns":2},{"damage":0,"enemies":"Lots of Slimes","floor":13,"turns":3},{"damage":0,"enemies":"Red Slaver","floor":14,"turns":2},{"damage":35,"enemies":"The Guardian","floor":16,"turns":9},{"damage":2,"enemies":"Chosen","floor":18,"turns":4},{"damage":0,"enemies":"Spheric Guardian","floor":20,"turns":1}],"seed_played":"-3202763260522098021","potions_obtained":[{"floor":1,"key":"PowerPotion"},{"floor":6,"key":"Weak Potion"},{"floor":7,"key":"LiquidBronze"},{"floor":11,"key":"Energy Potion"},{"floor":18,"key":"Fruit Juice"}],"is_trial":false,"path_per_floor":["M","?","M","M","$","E","M","M","T","R","E","R","M","M","R","B",null,"M","?","M"],"character_chosen":"DEFECT","items_purchased":["Rip and Tear"],"campfire_rested":0,"item_purchase_floors":[5],"current_hp_per_floor":[74,74,69,62,62,27,21,21,21,21,21,21,33,45,45,29,75,73,73,73,73],"gold":211,"neow_bonus":"ONE_RANDOM_RARE_CARD","is_daily":false,"chose_seed":false,"campfire_upgraded":3,"win_rate":0.0,"timestamp":1613792011,"path_taken":["M","?","M","M","$","E","M","M","T","R","E","R","M","M","R","BOSS","M","?","M"],"items_purchased_type":["Card"],"build_version":"2020-12-22","purchased_purges":0,"victory":false,"max_hp_per_floor":[75,75,75,75,75,75,75,75,75,75,75,75,75,75,75,75,75,75,75,75,75],"card_choices":[{"not_picked":["Recycle","Darkness"],"picked":"Streamline","floor":1},{"not_picked":["Gash","Streamline"],"picked":"Coolheaded","floor":3},{"not_picked":["Cold Snap","Force Field"],"picked":"Loop","floor":4},{"not_picked":["Turbo","Coolheaded"],"picked":"Core Surge","floor":6},{"not_picked":["Ball Lightning","Turbo"],"picked":"Sunder","floor":7},{"not_picked":["Go for the Eyes","Hologram"],"picked":"BootSequence","floor":8},{"not_picked":["Force Field","BootSequence","Compile Driver"],"picked":"SKIP","floor":11},{"not_picked":["Gash","Turbo"],"picked":"Sweeping Beam","floor":13},{"not_picked":["Storm","Redo"],"picked":"Self Repair","floor":14},{"not_picked":["Creative AI","Amplify"],"picked":"Hyperbeam","floor":16},{"not_picked":["Coolheaded","Sweeping Beam+1"],"picked":"Redo","floor":18}],"player_experience":97039,"relics_obtained":[{"floor":6,"key":"PreservedInsect"},{"floor":9,"key":"Ice Cream"},{"floor":11,"key":"Meat on the Bone"}],"event_choices":[{"damage_healed":0,"gold_gain":0,"player_choice":"Grow","damage_taken":0,"max_hp_gain":0,"max_hp_loss":0,"event_name":"Living Wall","floor":2,"gold_loss":0,"cards_upgraded":["Streamline"]},{"cards_removed":["Strike_B"],"damage_healed":0,"gold_gain":0,"player_choice":"Gave Gold","damage_taken":0,"max_hp_gain":0,"max_hp_loss":0,"event_name":"Beggar","floor":19,"gold_loss":75}],"is_beta":false,"boss_relics":[{"not_picked":["SlaversCollar","Runic Dome"],"picked":"Empty Cage"}],"items_purged_floors":[],"is_endless":false,"potions_floor_spawned":[1,6,7,11,18],"killed_by":"Spheric Guardian","ascension_level":2}}