{"host":"w14xfy17z3c5mpoi","time":1613832566,"event":{"mods":["AchievementEnabler","BaseMod","Minty Spire (QoL Compilation)","Relic Stats"],"gold_per_floor":[110,126,142,154,0,0,35,49,75,103,113,113,143,20,20,125,125,145,155,155,2,21,55,73,104,104,104,136,148,193,216,228,344,356,385,408,420,176,188,188,219,236,236,256,282,282,282,309,309,309,309,309,0,33,33],"floor_reached":56,"language":"ENG","playtime":5843,"items_purged":["Defend_P","Writhe"],"score":1962,"play_id":"cd8a7d77-6303-444b-a6e9-4cf3b32238e5","local_time":"20210220094926","is_ascension_mode":true,"campfire_choices":[{"data":"Tantrum","floor":15,"key":"SMITH"},{"data":"CrushJoints","floor":27,"key":"SMITH"},{"floor":29,"key":"REST"},{"data":"Wallop","floor":32,"key":"SMITH"},{"data":"BowlingBash","floor":40,"key":"SMITH"},{"floor":46,"key":"RECALL"},{"data":"Wish","floor":49,"key":"SMITH"},{"data":"FearNoEvil","floor":52,"key":"SMITH"}],"circlet_count":0,"master_deck":["Strike_P","Strike_P","Strike_P","Strike_P","Defend_P+1","Defend_P","Eruption","Vigilance+1","FollowUp","Conclude","Tantrum+1","BowlingBash+1","EmptyFist","FearNoEvil+1","Omniscience","MentalFortress+1","EmptyBody+1","CutThroughFate+1","Wallop+1","Omniscience","Meditate+1","Wish+1","TalkToTheHand+1"],"relics":["Snecko Eye","Akabeko","Frozen Egg 2","Strawberry","Centennial Puzzle","Ancient Tea Set","VioletLotus","FaceOfCleric","Strange Spoon","HornCleat","WingedGreaves","Eternal Feather","MawBank","War Paint","Philosopher\u0027s Stone","Lee\u0027s Waffle","Damaru","Shuriken","Art of War","Calipers","Gambling Chip"],"acts_visited":["Exordium","TheCity","TheBeyond","TheEnding"],"potions_floor_usage":[4,13,16,16,28,33,41,42,42,50],"damage_taken":[{"damage":0,"enemies":"Cultist","floor":1,"turns":3},{"damage":0,"enemies":"Small Slimes","floor":2,"turns":1},{"damage":7,"enemies":"Jaw Worm","floor":3,"turns":4},{"damage":8,"enemies":"3 Louse","floor":4,"turns":2},{"damage":25,"enemies":"Gremlin Nob","floor":7,"turns":4},{"damage":0,"enemies":"Large Slime","floor":8,"turns":2},{"damage":0,"enemies":"3 Sentries","floor":10,"turns":2},{"damage":6,"enemies":"Lots of Slimes","floor":11,"turns":2},{"damage":0,"enemies":"Gremlin Nob","floor":13,"turns":2},{"damage":19,"enemies":"Hexaghost","floor":16,"turns":7},{"damage":7,"enemies":"Chosen","floor":18,"turns":2},{"damage":0,"enemies":"Spheric Guardian","floor":19,"turns":2},{"damage":0,"enemies":"Snecko","floor":22,"turns":2},{"damage":17,"enemies":"Book of Stabbing","floor":23,"turns":3},{"damage":15,"enemies":"Centurion and Healer","floor":24,"turns":2},{"damage":0,"enemies":"Gremlin Leader","floor":25,"turns":5},{"damage":25,"enemies":"Slavers","floor":28,"turns":7},{"damage":0,"enemies":"Gremlin Leader","floor":30,"turns":4},{"damage":14,"enemies":"Snake Plant","floor":31,"turns":2},{"damage":9,"enemies":"Collector","floor":33,"turns":8},{"damage":26,"enemies":"3 Shapes","floor":35,"turns":2},{"damage":0,"enemies":"3 Darklings","floor":36,"turns":1},{"damage":0,"enemies":"Jaw Worm Horde","floor":39,"turns":2},{"damage":0,"enemies":"Reptomancer","floor":41,"turns":2},{"damage":7,"enemies":"Writhing Mass","floor":42,"turns":7},{"damage":7,"enemies":"Spire Growth","floor":44,"turns":2},{"damage":16,"enemies":"Giant Head","floor":45,"turns":7},{"damage":13,"enemies":"Reptomancer","floor":48,"turns":4},{"damage":0,"enemies":"Time Eater","floor":50,"turns":7},{"damage":14,"enemies":"Shield and Spear","floor":54,"turns":3},{"damage":37,"enemies":"The Heart","floor":55,"turns":6}],"seed_played":"-8364107092374713846","potions_obtained":[{"floor":3,"key":"Block Potion"},{"floor":4,"key":"SkillPotion"},{"floor":10,"key":"Dexterity Potion"},{"floor":11,"key":"FearPotion"},{"floor":13,"key":"Energy Potion"},{"floor":24,"key":"LiquidMemories"},{"floor":25,"key":"EntropicBrew"},{"floor":30,"key":"Strength Potion"},{"floor":33,"key":"SkillPotion"},{"floor":39,"key":"Strength Potion"},{"floor":41,"key":"LiquidMemories"},{"floor":44,"key":"Ancient Potion"}],"is_trial":false,"path_per_floor":["M","M","M","M","$","?","E","M","T","E","M","?","E","$","R","B",null,"M","M","?","$","M","E","M","E","T","R","E","R","E","M","R","B",null,"M","M","?","$","M","R","E","M","T","M","E","R","?","E","R","B",null,"R","$","E","B",null],"character_chosen":"WATCHER","items_purchased":["Akabeko","Strength Potion","Strange Spoon","Lee\u0027s Waffle","Calipers"],"campfire_rested":1,"item_purchase_floors":[5,14,21,38,53],"current_hp_per_floor":[65,65,58,50,50,50,25,25,32,32,26,26,26,26,26,7,61,54,54,54,54,55,39,25,26,26,35,11,45,46,33,45,37,75,50,51,73,96,97,97,98,92,92,86,71,83,83,71,83,84,98,103,103,90,54],"gold":33,"neow_bonus":"BOSS_RELIC","is_daily":false,"chose_seed":false,"campfire_upgraded":6,"win_rate":0.0,"timestamp":1613832566,"path_taken":["M","?","M","?","$","?","E","M","T","E","M","?","E","$","R","BOSS","M","M","?","?","M","E","M","E","T","R","E","R","E","M","R","BOSS","M","M","?","$","M","R","E","M","T","M","E","R","?","E","R","BOSS","R","$","E","BOSS"],"items_purchased_type":["Relic","Potion","Relic","Relic","Relic"],"build_version":"2020-12-22","purchased_purges":2,"victory":true,"max_hp_per_floor":[72,72,72,72,72,72,72,72,79,79,79,79,79,79,79,79,79,79,79,79,79,80,81,82,83,83,83,84,84,85,86,86,87,87,88,89,89,96,97,97,98,99,99,100,101,101,101,102,102,103,103,103,103,104,105],"relic_stats":{"Lee\u0027s Waffle":23,"counters":[31,109],"Eternal Feather":59,"War Paint":["Defend_P","Vigilance"],"MawBank":120,"Strange Spoon":[35],"Centennial Puzzle":[45],"FaceOfCleric":19,"Shuriken":[15],"Gambling Chip":[0],"Snecko Eye":[191,192,200,212],"VioletLotus":[35],"Art of War":[1],"obtain_stats":[{"Lee\u0027s Waffle":38,"Calipers":53,"Damaru":41,"Eternal Feather":26,"Frozen Egg 2":7,"War Paint":30,"Ancient Tea Set":13,"MawBank":28,"Akabeko":5,"Strange Spoon":21,"Centennial Puzzle":10,"HornCleat":23,"FaceOfCleric":20,"Shuriken":45,"Strawberry":9,"Gambling Chip":54,"Snecko Eye":0,"Philosopher\u0027s Stone":34,"VioletLotus":17,"WingedGreaves":25,"Art of War":48,"PureWater":0},{"Lee\u0027s Waffle":22,"Calipers":29,"Damaru":24,"Eternal Feather":16,"Frozen Egg 2":5,"War Paint":18,"Ancient Tea Set":9,"MawBank":17,"Akabeko":4,"Strange Spoon":12,"Centennial Puzzle":7,"HornCleat":14,"FaceOfCleric":12,"Shuriken":27,"Strawberry":6,"Gambling Chip":30,"Snecko Eye":0,"Philosopher\u0027s Stone":20,"VioletLotus":10,"WingedGreaves":16,"Art of War":28,"PureWater":0},{"Lee\u0027s Waffle":69,"Calipers":100,"Damaru":73,"Eternal Feather":45,"Frozen Egg 2":14,"War Paint":56,"Ancient Tea Set":22,"MawBank":52,"Akabeko":10,"Strange Spoon":33,"Centennial Puzzle":18,"HornCleat":38,"FaceOfCleric":33,"Shuriken":89,"Strawberry":16,"Gambling Chip":103,"Snecko Eye":0,"Philosopher\u0027s Stone":66,"VioletLotus":29,"WingedGreaves":45,"Art of War":93,"PureWater":0}]},"card_choices":[{"not_picked":["FlyingSleeves","Consecrate"],"picked":"FollowUp","floor":1},{"not_picked":["PathToVictory","SashWhip"],"picked":"Conclude","floor":2},{"not_picked":["CrushJoints","BattleHymn"],"picked":"Tantrum","floor":3},{"not_picked":["Nirvana","Perseverance"],"picked":"BowlingBash","floor":4},{"not_picked":["Tantrum","CrushJoints"],"picked":"EmptyFist","floor":7},{"not_picked":["FlyingSleeves","Meditate"],"picked":"CrushJoints","floor":8},{"not_picked":["Halt","Wireheading+1"],"picked":"FearNoEvil","floor":10},{"not_picked":["WindmillStrike","FlurryOfBlows","SpiritShield"],"picked":"SKIP","floor":11},{"not_picked":["Halt","SignatureMove","Swivel"],"picked":"SKIP","floor":13},{"not_picked":["Brilliance","Wish"],"picked":"Omniscience","floor":16},{"not_picked":["EmptyBody","Consecrate","ThirdEye"],"picked":"SKIP","floor":18},{"not_picked":["FearNoEvil","Prostrate+1","WreathOfFlame"],"picked":"SKIP","floor":19},{"not_picked":["Crescendo","Prostrate+1","FlyingSleeves"],"picked":"SKIP","floor":22},{"not_picked":["CutThroughFate","SandsOfTime"],"picked":"MentalFortress+1","floor":23},{"not_picked":["Halt","InnerPeace"],"picked":"EmptyBody+1","floor":24},{"not_picked":["WindmillStrike","Conclude"],"picked":"CutThroughFate+1","floor":25},{"not_picked":["FollowUp","JustLucky","Collect"],"picked":"SKIP","floor":28},{"not_picked":["FearNoEvil","JustLucky"],"picked":"Wallop","floor":30},{"not_picked":["WreathOfFlame","Tantrum","ThirdEye"],"picked":"SKIP","floor":31},{"not_picked":["DevaForm+1","MasterReality+1"],"picked":"Omniscience","floor":33},{"not_picked":["Crescendo","Adaptation+1","BowlingBash"],"picked":"SKIP","floor":35},{"not_picked":["SashWhip","CarveReality","BattleHymn+1"],"picked":"SKIP","floor":36},{"not_picked":["FollowUp+1","DeceiveReality+1"],"picked":"Meditate+1","floor":39},{"not_picked":["EmptyFist+1","Evaluate","Crescendo"],"picked":"SKIP","floor":41},{"not_picked":["Nirvana+1","ClearTheMind+1","PathToVictory+1"],"picked":"SKIP","floor":42},{"not_picked":["SashWhip","Sanctity","PathToVictory"],"picked":"SKIP","floor":44},{"not_picked":["SandsOfTime","Collect+1"],"picked":"Wish","floor":45},{"not_picked":["Weave+1","Crescendo+1"],"picked":"TalkToTheHand+1","floor":48},{"not_picked":["SashWhip","ClearTheMind+1","Worship"],"picked":"SKIP","floor":54}],"player_experience":715701,"relics_obtained":[{"floor":7,"key":"Frozen Egg 2"},{"floor":9,"key":"Strawberry"},{"floor":10,"key":"Centennial Puzzle"},{"floor":13,"key":"Ancient Tea Set"},{"floor":23,"key":"HornCleat"},{"floor":25,"key":"WingedGreaves"},{"floor":26,"key":"Eternal Feather"},{"floor":28,"key":"MawBank"},{"floor":30,"key":"War Paint"},{"floor":41,"key":"Damaru"},{"floor":45,"key":"Shuriken"},{"floor":48,"key":"Art of War"},{"floor":54,"key":"Gambling Chip"}],"event_choices":[{"damage_healed":0,"gold_gain":0,"player_choice":"Ignored","damage_taken":0,"max_hp_gain":0,"max_hp_loss":0,"event_name":"Liars Game","floor":6,"gold_loss":0},{"cards_removed":["Defend_P"],"damage_healed":0,"gold_gain":0,"player_choice":"Forget","damage_taken":0,"max_hp_gain":0,"max_hp_loss":0,"event_name":"Living Wall","floor":12,"gold_loss":0},{"damage_healed":0,"gold_gain":0,"player_choice":"Trade","damage_taken":0,"relics_obtained":["FaceOfCleric"],"max_hp_gain":0,"max_hp_loss":0,"event_name":"FaceTrader","floor":20,"gold_loss":0},{"damage_healed":22,"gold_gain":0,"player_choice":"Writhe","damage_taken":0,"max_hp_gain":0,"max_hp_loss":0,"event_name":"Winding Halls","floor":37,"gold_loss":0,"cards_obtained":["Writhe"]},{"cards_removed":["CrushJoints"],"damage_healed":0,"gold_gain":0,"player_choice":"Removed Attack","damage_taken":0,"max_hp_gain":0,"max_hp_loss":0,"event_name":"Falling","floor":47,"gold_loss":0}],"is_beta":false,"boss_relics":[{"not_picked":["SlaversCollar","Ectoplasm"],"picked":"VioletLotus"},{"not_picked":["Runic Dome","Sozu"],"picked":"Philosopher\u0027s Stone"}],"items_purged_floors":[14,38],"is_endless":false,"potions_floor_spawned":[3,4,10,11,13,24,25,30,33,39,41,44],"ascension_level":8}}