{"host":"lx933ja015x1ub68","time":1613780712,"event":{"mods":["AchievementEnabler","BaseMod","Better Match","Better Third Choice","BetterRewards","Colored Map","Exacting","FTL Soundtrack","Minty Spire (QoL Compilation)","RNG Fix","Shop Mod","StSLib"],"gold_per_floor":[132,150,150,34,49,49,49,64,64,82,94,113,113,125,125,221,221,236,236,267,302,77,109,137,163,189,40,54,54,67,94,94,191,191,205,223,239,42,69,100,100,127,127,139,139,139,64,99,99,198,248,259,259,270,285,299,333,333,358,358,358,358,368,368,398,398,503,503,503,518,438,438,457,757,777,162,194,74,124,141,141,141],"floor_reached":81,"language":"ENG","playtime":4042,"items_purged":["A Thousand Cuts","Infinite Blades+1","Endless Agony","After Image+1"],"score":2040,"play_id":"e44c5d7e-e964-4a32-b446-44a3d9f6eb70","local_time":"20210220112512","daily_mods":["SealedDeck","Vintage","Heirloom","Time Dilation"],"is_ascension_mode":true,"campfire_choices":[{"data":"Accuracy","floor":6,"key":"SMITH"},{"data":"Cloak And Dagger","floor":7,"key":"SMITH"},{"data":"Blade Dance","floor":13,"key":"SMITH"},{"data":"Cloak And Dagger","floor":15,"key":"SMITH"},{"data":"Venomology","floor":32,"key":"SMITH"},{"data":"RitualDagger","floor":41,"key":"SMITH"},{"data":"Infinite Blades","floor":46,"key":"SMITH"},{"data":"Catalyst","floor":49,"key":"SMITH"},{"data":"Grand Finale","floor":58,"key":"SMITH"},{"data":"Terror","floor":61,"key":"SMITH"},{"data":"Infinite Blades","floor":64,"key":"SMITH"},{"data":"Crippling Poison","floor":66,"key":"SMITH"},{"floor":74,"key":"DIG"}],"circlet_count":0,"master_deck":["Cloak And Dagger+1","Blade Dance+1","Terror+1","Accuracy+1","Cloak And Dagger+1","Accuracy+1","Crippling Poison+1","Poisoned Stab+1","Noxious Fumes","Poisoned Stab","Catalyst+1","RitualDagger+1","Slice","Noxious Fumes","Grand Finale+1","Deflect","Infinite Blades+1","Quick Slash","Dagger Spray+1","Venomology+1","Deadly Poison+1","Infinite Blades+1","Dramatic Entrance","Distraction+1","Bullet Time+1","Blade Dance+1","Blade Dance+1"],"relics":["Ring of the Snake","Torii","PreservedInsect","Oddly Smooth Stone","Whetstone","Toy Ornithopter","Boot","Nunchaku","Mummified Hand","Art of War","Black Star","Kunai","Red Mask","Meat on the Bone","Happy Flower","Pocketwatch","Prayer Wheel","Ancient Tea Set","StrikeDummy","Tough Bandages","Anchor","Ornamental Fan","Toxic Egg 2","Bag of Preparation","Runic Pyramid","Regal Pillow","Paper Crane","TwistedFunnel","Centennial Puzzle","Blood Vial","Bottled Lightning","Snake Skull","Bronze Scales","Sundial","Letter Opener","Frozen Egg 2","Bag of Marbles","The Courier","Akabeko","Du-Vu Doll","Fusion Hammer","Gremlin Horn","Shovel","Old Coin","Darkstone Periapt","MerchantsRug","Matryoshka","Vajra","Shuriken","Lantern","Pen Nib"],"acts_visited":["Exordium","TheCity","TheBeyond","Exordium","TheCity"],"potions_floor_usage":[16,16,20,28,30,31,35,36,36,37,39,42,44,44,48,48,50,50,50,54,56,56,56,59,65,65,65,69,72,77,79,80],"damage_taken":[{"damage":0,"enemies":"2 Louse","floor":1,"turns":1},{"damage":0,"enemies":"Cultist","floor":2,"turns":2},{"damage":0,"enemies":"Small Slimes","floor":5,"turns":2},{"damage":0,"enemies":"2 Fungi Beasts","floor":8,"turns":2},{"damage":0,"enemies":"Red Slaver","floor":10,"turns":2},{"damage":0,"enemies":"Exordium Thugs","floor":11,"turns":1},{"damage":0,"enemies":"Exordium Wildlife","floor":12,"turns":2},{"damage":0,"enemies":"2 Fungi Beasts","floor":14,"turns":2},{"damage":8,"enemies":"The Guardian","floor":16,"turns":4},{"damage":1,"enemies":"2 Thieves","floor":18,"turns":2},{"damage":0,"enemies":"Masked Bandits","floor":20,"turns":2},{"damage":1,"enemies":"Spheric Guardian","floor":21,"turns":3},{"damage":1,"enemies":"Gremlin Leader","floor":23,"turns":3},{"damage":2,"enemies":"3 Cultists","floor":24,"turns":3},{"damage":20,"enemies":"Slavers","floor":25,"turns":2},{"damage":0,"enemies":"Snake Plant","floor":28,"turns":1},{"damage":6,"enemies":"Sentry and Sphere","floor":30,"turns":3},{"damage":0,"enemies":"3 Cultists","floor":31,"turns":3},{"damage":0,"enemies":"Champ","floor":33,"turns":3},{"damage":0,"enemies":"Orb Walker","floor":35,"turns":1},{"damage":3,"enemies":"3 Shapes","floor":36,"turns":2},{"damage":19,"enemies":"Writhing Mass","floor":37,"turns":3},{"damage":0,"enemies":"Jaw Worm Horde","floor":39,"turns":2},{"damage":8,"enemies":"Nemesis","floor":40,"turns":3},{"damage":0,"enemies":"Reptomancer","floor":42,"turns":2},{"damage":0,"enemies":"Spire Growth","floor":44,"turns":2},{"damage":0,"enemies":"Nemesis","floor":48,"turns":1},{"damage":59,"enemies":"Time Eater","floor":50,"turns":9},{"damage":0,"enemies":"2 Louse","floor":52,"turns":1},{"damage":0,"enemies":"Small Slimes","floor":54,"turns":1},{"damage":1,"enemies":"Jaw Worm","floor":55,"turns":2},{"damage":0,"enemies":"Looter","floor":56,"turns":1},{"damage":0,"enemies":"Gremlin Nob","floor":57,"turns":2},{"damage":0,"enemies":"3 Sentries","floor":59,"turns":2},{"damage":0,"enemies":"3 Louse","floor":63,"turns":1},{"damage":0,"enemies":"Lagavulin","floor":65,"turns":1},{"damage":11,"enemies":"The Guardian","floor":67,"turns":3},{"damage":0,"enemies":"2 Thieves","floor":69,"turns":1},{"damage":0,"enemies":"Shell Parasite","floor":70,"turns":2},{"damage":0,"enemies":"Centurion and Healer","floor":72,"turns":1},{"damage":0,"enemies":"Snecko","floor":73,"turns":1},{"damage":0,"enemies":"Chosen and Byrds","floor":75,"turns":1},{"damage":0,"enemies":"Book of Stabbing","floor":77,"turns":2},{"damage":0,"enemies":"Slavers","floor":79,"turns":2},{"damage":0,"enemies":"Centurion and Healer","floor":80,"turns":1},{"damage":110,"enemies":"Book of Stabbing","floor":81,"turns":4}],"seed_played":"-2121808017097831736","potions_obtained":[{"floor":10,"key":"SteroidPotion"},{"floor":11,"key":"Weak Potion"},{"floor":12,"key":"BlessingOfTheForge"},{"floor":23,"key":"Dexterity Potion"},{"floor":24,"key":"Swift Potion"},{"floor":28,"key":"LiquidMemories"},{"floor":30,"key":"Block Potion"},{"floor":33,"key":"Fire Potion"},{"floor":35,"key":"PowerPotion"},{"floor":36,"key":"Regen Potion"},{"floor":48,"key":"AttackPotion"},{"floor":50,"key":"Dexterity Potion"},{"floor":51,"key":"CunningPotion"},{"floor":57,"key":"Regen Potion"},{"floor":59,"key":"Fruit Juice"},{"floor":75,"key":"CunningPotion"}],"is_trial":true,"path_per_floor":["M","M","?","$","M","R","R","M","T","M","M","M","R","M","R","B",null,"M","?","?","M","$","E","M","E","T","$","M","?","M","M","R","B",null,"M","M","M","$","M","E","R","E","T","M","?","R","$","E","R","B",null,"M","?","M","M","M","E","R","E","T","R","?","M","R","E","R","B",null,"M","M","$","M","M","R","M","$","E","$","E","M","E"],"character_chosen":"THE_SILENT","items_purchased":["Poisoned Stab","Catalyst","Happy Flower","Noxious Fumes","Orrery","Deadly Poison+1","TwistedFunnel","MerchantsRug","Matryoshka","Vajra","Shuriken","Lantern"],"campfire_rested":0,"item_purchase_floors":[4,4,22,22,27,38,38,76,76,76,76,76],"current_hp_per_floor":[70,70,70,70,70,70,70,70,70,70,70,70,70,70,70,62,70,69,63,68,67,67,66,64,44,44,44,49,49,48,53,53,53,70,70,67,51,51,56,48,48,55,55,70,70,70,70,80,80,33,85,85,82,82,81,82,82,82,87,87,87,87,101,101,101,101,90,101,101,101,101,101,101,101,101,101,101,101,101,101,0,0],"gold":141,"neow_bonus":"","is_daily":false,"chose_seed":false,"campfire_upgraded":12,"win_rate":0.0,"timestamp":1613780712,"path_taken":["M","M","?","?","?","R","R","M","T","M","M","M","R","M","R","BOSS","M","?","?","M","$","E","M","E","T","?","M","?","?","M","R","BOSS","M","M","M","$","M","E","R","E","T","M","?","R","$","E","R","BOSS","M","?","M","M","M","E","R","E","T","R","?","M","R","E","R","BOSS","M","?","$","M","M","R","M","?","E","$","E","M","E"],"items_purchased_type":["Card","Card","Relic","Card","Relic","Card","Relic","Relic","Relic","Relic","Relic","Relic"],"build_version":"2020-12-22","purchased_purges":4,"victory":false,"max_hp_per_floor":[70,70,70,70,70,70,70,70,70,70,70,70,70,70,70,70,70,70,70,70,70,70,70,70,70,70,70,70,70,70,70,70,70,70,70,70,70,70,70,70,70,70,70,70,70,70,70,80,80,80,85,85,82,82,82,82,82,82,87,87,87,87,101,101,101,101,101,101,101,101,101,101,101,101,101,101,101,101,101,101,101,101],"card_choices":[{"not_picked":["Venomology","Die Die Die"],"picked":"After Image","floor":16},{"not_picked":["Cloak And Dagger","Escape Plan"],"picked":"Slice","floor":20},{"not_picked":["Choke+1","Caltrops"],"picked":"Infinite Blades","floor":23},{"not_picked":["Expertise","Slice"],"picked":"Grand Finale","floor":25},{"not_picked":["Dagger Spray","Doppelganger"],"picked":"Deflect","floor":27},{"not_picked":["Flying Knee","Predator"],"picked":"Infinite Blades","floor":27},{"not_picked":["Glass Knife","Outmaneuver+1"],"picked":"Quick Slash","floor":27},{"not_picked":["Underhanded Strike+1","Riddle With Holes"],"picked":"Dagger Spray+1","floor":27},{"not_picked":["Dash","Underhanded Strike"],"picked":"Venomology","floor":27},{"not_picked":["Malaise+1","Unload"],"picked":"A Thousand Cuts","floor":33},{"not_picked":["PiercingWail+1","Bane"],"picked":"Endless Agony","floor":40},{"not_picked":["PiercingWail+1","Quick Slash"],"picked":"Infinite Blades+1","floor":42},{"not_picked":["Deep Breath+1","Finesse+1"],"picked":"Dramatic Entrance","floor":45},{"not_picked":["Escape Plan+1","Dodge and Roll+1"],"picked":"Distraction+1","floor":48},{"not_picked":["Envenom+1","Tools of the Trade+1"],"picked":"Bullet Time+1","floor":50},{"not_picked":["Quick Slash+1","Sucker Punch"],"picked":"Blade Dance+1","floor":51},{"not_picked":["Catalyst+1","Blade Dance+1","Underhanded Strike"],"picked":"SKIP","floor":57},{"not_picked":["Dodge and Roll+1","Storm of Steel+1","Cloak And Dagger+1"],"picked":"SKIP","floor":59},{"not_picked":["Underhanded Strike","Leg Sweep+1"],"picked":"Blade Dance+1","floor":65},{"not_picked":["Dagger Throw","Choke","Sucker Punch"],"picked":"SKIP","floor":77},{"not_picked":["Footwork+1","Sucker Punch+1","Choke+1"],"picked":"SKIP","floor":79}],"player_experience":110609,"relics_obtained":[{"floor":1,"key":"WingedGreaves"},{"floor":2,"key":"PreservedInsect"},{"floor":5,"key":"Oddly Smooth Stone"},{"floor":8,"key":"Whetstone"},{"floor":9,"key":"Toy Ornithopter"},{"floor":10,"key":"Boot"},{"floor":11,"key":"Nunchaku"},{"floor":12,"key":"Mummified Hand"},{"floor":14,"key":"Art of War"},{"floor":18,"key":"Kunai"},{"floor":20,"key":"Red Mask"},{"floor":21,"key":"Meat on the Bone"},{"floor":23,"key":"Pocketwatch"},{"floor":23,"key":"Prayer Wheel"},{"floor":24,"key":"Ancient Tea Set"},{"floor":25,"key":"StrikeDummy"},{"floor":25,"key":"Tough Bandages"},{"floor":26,"key":"Anchor"},{"floor":28,"key":"Ornamental Fan"},{"floor":30,"key":"Toxic Egg 2"},{"floor":31,"key":"Bag of Preparation"},{"floor":35,"key":"Regal Pillow"},{"floor":36,"key":"Paper Crane"},{"floor":37,"key":"Omamori"},{"floor":39,"key":"Centennial Puzzle"},{"floor":40,"key":"Blood Vial"},{"floor":40,"key":"Bottled Lightning"},{"floor":42,"key":"Snake Skull"},{"floor":42,"key":"Bronze Scales"},{"floor":43,"key":"Sundial"},{"floor":44,"key":"Letter Opener"},{"floor":48,"key":"Pear"},{"floor":48,"key":"Frozen Egg 2"},{"floor":52,"key":"Dream Catcher"},{"floor":54,"key":"Bag of Marbles"},{"floor":55,"key":"The Courier"},{"floor":56,"key":"Akabeko"},{"floor":60,"key":"Du-Vu Doll"},{"floor":63,"key":"Mango"},{"floor":70,"key":"Gremlin Horn"},{"floor":73,"key":"Shovel"},{"floor":74,"key":"Old Coin"},{"floor":75,"key":"Darkstone Periapt"},{"floor":80,"key":"Pen Nib"}],"event_choices":[{"damage_healed":0,"gold_gain":0,"player_choice":"Grow","damage_taken":0,"max_hp_gain":0,"max_hp_loss":0,"event_name":"Living Wall","floor":3,"gold_loss":0,"cards_upgraded":["Accuracy"]},{"damage_healed":0,"gold_gain":0,"player_choice":"Dagger","damage_taken":6,"max_hp_gain":0,"max_hp_loss":0,"event_name":"betterThird:BetterNest","floor":19,"gold_loss":0,"cards_obtained":["RitualDagger"]},{"damage_healed":0,"gold_gain":0,"player_choice":"Fought Bandits","damage_taken":0,"max_hp_gain":0,"max_hp_loss":0,"event_name":"Masked Bandits","floor":20,"gold_loss":0},{"damage_healed":0,"gold_gain":0,"player_choice":"Ignored","damage_taken":0,"max_hp_gain":0,"max_hp_loss":0,"event_name":"Ghosts","floor":29,"gold_loss":0},{"damage_healed":0,"gold_gain":0,"player_choice":"Memory 1","damage_taken":0,"max_hp_gain":0,"max_hp_loss":0,"event_name":"SensoryStone","floor":45,"gold_loss":0},{"cards_removed":["Parasite"],"damage_healed":0,"gold_gain":0,"player_choice":"Removed Curses","damage_taken":0,"max_hp_gain":0,"max_hp_loss":0,"event_name":"Fountain of Cleansing","floor":53,"gold_loss":0},{"cards_removed":["Choke"],"damage_healed":0,"gold_gain":0,"player_choice":"Forget","damage_taken":0,"max_hp_gain":0,"max_hp_loss":0,"event_name":"Living Wall","floor":62,"gold_loss":0}],"is_beta":false,"boss_relics":[{"not_picked":["Coffee Dripper","Runic Dome"],"picked":"Black Star"},{"not_picked":["Astrolabe","WristBlade"],"picked":"Runic Pyramid"},{"not_picked":["HoveringKite","SlaversCollar"],"picked":"Tiny House"},{"not_picked":["Calling Bell","Philosopher\u0027s Stone"],"picked":"Fusion Hammer"}],"items_purged_floors":[47,71,76,78],"is_endless":true,"potions_floor_spawned":[10,11,12,14,23,24,28,30,33,35,40,42,48,50,54,57,63,65,69,72,75,79],"killed_by":"Book of Stabbing","ascension_level":3}}