{"host":"ueef25wtkg2eer3h","time":1613846603,"event":{"mods":["AchievementEnabler","BaseMod","Colored Map","Colored Powertips","DeckTracker","Displayed Cursed Tome","Googly Eyes","Highlight Path","Minty Spire (QoL Compilation)","Slay the Relics Exporter","StSLib"],"gold_per_floor":[109,124,136,136,146,146,165,165,219,237,237,253,3,13,13,114,114,97,111,111,111],"floor_reached":20,"language":"ENG","playtime":1785,"items_purged":["Defend_B"],"score":272,"play_id":"2d0d931d-c722-4a9d-a3e1-4f59a185e0ff","local_time":"20210220194323","is_ascension_mode":true,"campfire_choices":[{"floor":6,"key":"REST"},{"data":"Defragment","floor":8,"key":"SMITH"},{"floor":11,"key":"REST"},{"data":"Hologram","floor":15,"key":"SMITH"}],"circlet_count":0,"master_deck":["AscendersBane","Strike_B","Strike_B","Strike_B","Defend_B","Defend_B","Defend_B","Zap","Dualcast","Capacitor","Cold Snap","Defragment+1","Coolheaded","Gash","Self Repair","Rainbow","Barrage","Hologram+1","Machine Learning","White Noise","Double Energy+1"],"relics":["Cracked Core","Gambling Chip","Regal Pillow","Vajra","Black Star"],"acts_visited":["Exordium","TheCity"],"potions_floor_usage":[7,16,16,20],"damage_taken":[{"damage":15,"enemies":"Small Slimes","floor":1,"turns":5},{"damage":9,"enemies":"Cultist","floor":2,"turns":5},{"damage":5,"enemies":"Jaw Worm","floor":3,"turns":3},{"damage":7,"enemies":"Blue Slaver","floor":5,"turns":4},{"damage":10,"enemies":"Exordium Wildlife","floor":7,"turns":6},{"damage":11,"enemies":"Lots of Slimes","floor":10,"turns":6},{"damage":9,"enemies":"2 Fungi Beasts","floor":12,"turns":4},{"damage":11,"enemies":"Blue Slaver","floor":14,"turns":3},{"damage":21,"enemies":"Slime Boss","floor":16,"turns":8},{"damage":37,"enemies":"2 Thieves","floor":18,"turns":4},{"damage":24,"enemies":"Spheric Guardian","floor":19,"turns":4},{"damage":19,"enemies":"Snake Plant","floor":20,"turns":1}],"seed_played":"-4840516292884829249","potions_obtained":[{"floor":1,"key":"FocusPotion"},{"floor":2,"key":"SpeedPotion"},{"floor":10,"key":"Swift Potion"},{"floor":19,"key":"PowerPotion"}],"is_trial":false,"path_per_floor":["M","M","M","?","M","R","M","R","T","M","R","M","$","M","R","B",null,"M","M","M"],"character_chosen":"DEFECT","items_purchased":["Barrage","Vajra"],"campfire_rested":2,"item_purchase_floors":[13,13],"current_hp_per_floor":[35,26,21,21,14,36,26,26,26,15,52,50,50,46,46,32,64,34,17,0,0],"gold":111,"neow_bonus":"ONE_RARE_RELIC","is_daily":false,"chose_seed":false,"campfire_upgraded":2,"win_rate":0.0,"timestamp":1613846603,"path_taken":["M","M","M","?","M","R","M","R","T","?","R","M","$","M","R","BOSS","M","M","?"],"items_purchased_type":["Card","Relic"],"build_version":"2020-12-22","purchased_purges":1,"victory":false,"max_hp_per_floor":[75,75,75,75,75,75,75,75,75,75,75,75,75,75,75,75,75,75,75,75,75],"card_choices":[{"not_picked":["FTL","Steam Power"],"picked":"Capacitor","floor":1},{"not_picked":["Reprogram","Go for the Eyes"],"picked":"Cold Snap","floor":2},{"not_picked":["Steam","Barrage"],"picked":"Defragment","floor":3},{"not_picked":["Hologram","Melter"],"picked":"Coolheaded","floor":5},{"not_picked":["Steam","Conserve Battery"],"picked":"Gash","floor":7},{"not_picked":["Go for the Eyes","Skim"],"picked":"Self Repair","floor":10},{"not_picked":["Ball Lightning","Coolheaded"],"picked":"Rainbow","floor":12},{"not_picked":["Recycle","Auto Shields"],"picked":"Hologram","floor":14},{"not_picked":["All For One","Rainbow"],"picked":"Machine Learning","floor":16},{"not_picked":["Compile Driver","Gash"],"picked":"White Noise","floor":18},{"not_picked":["Chill","Gash+1"],"picked":"Double Energy+1","floor":19}],"player_experience":295196,"relics_obtained":[{"floor":9,"key":"Regal Pillow"}],"event_choices":[{"cards_removed":["Strike_B"],"damage_healed":0,"gold_gain":0,"player_choice":"Purged","damage_taken":0,"max_hp_gain":0,"max_hp_loss":0,"event_name":"Purifier","floor":4,"gold_loss":0}],"is_beta":false,"boss_relics":[{"not_picked":["Inserter","Empty Cage"],"picked":"Black Star"}],"items_purged_floors":[13],"is_endless":false,"potions_floor_spawned":[1,2,10,19],"killed_by":"Snake Plant","ascension_level":12}}