{"host":"dcj2yvrgcvh5dl2s","time":1613786906,"event":{"mods":["BaseMod","Bestiary","Better Note","Block Reminder","Colored Powertips","Curses Come First","DeckTracker","Displayed Cursed Tome","Minty Spire (QoL Compilation)","Quick Restart","Rare Cards Sparkle","Relic Stats","StSLib"],"gold_per_floor":[118,2,22,22,22,22,48,66,111,136,147,162,162,188,188,188,188],"floor_reached":16,"language":"ENG","playtime":427,"items_purged":[],"score":290,"play_id":"5bfb56db-6769-4c20-ac28-77d2059bb3d3","local_time":"20210220120826","is_ascension_mode":true,"campfire_choices":[{"data":"Infernal Blade","floor":6,"key":"SMITH"},{"data":"Entrench","floor":13,"key":"SMITH"},{"floor":15,"key":"REST"}],"circlet_count":0,"master_deck":["AscendersBane","Strike_R","Strike_R","Strike_R","Strike_R","Strike_R","Defend_R","Defend_R","Defend_R","Defend_R","Bash","Shrug It Off","Entrench+1","Searing Blow","Infernal Blade+1","Offering","Entrench","Intimidate","Metallicize"],"relics":["Burning Blood","NeowsBlessing","Tiny Chest","Blood Vial","Sundial","Red Skull"],"acts_visited":["Exordium"],"potions_floor_usage":[10,12,14],"damage_taken":[{"damage":0,"enemies":"Cultist","floor":1,"turns":1},{"damage":0,"enemies":"Jaw Worm","floor":3,"turns":1},{"damage":0,"enemies":"Lagavulin","floor":7,"turns":1},{"damage":6,"enemies":"2 Louse","floor":8,"turns":1},{"damage":14,"enemies":"Gremlin Nob","floor":10,"turns":3},{"damage":6,"enemies":"Looter","floor":11,"turns":2},{"damage":6,"enemies":"Gremlin Gang","floor":12,"turns":4},{"damage":58,"enemies":"Lagavulin","floor":14,"turns":12},{"damage":6,"enemies":"Slime Boss","floor":16,"turns":2}],"seed_played":"-5929241421986144691","potions_obtained":[{"floor":1,"key":"EssenceOfSteel"},{"floor":7,"key":"Fire Potion"},{"floor":10,"key":"ColorlessPotion"}],"is_trial":false,"path_per_floor":["M","$","M","$","$","R","E","M","T","E","M","M","R","E","R","B"],"character_chosen":"IRONCLAD","items_purchased":["Entrench","Searing Blow"],"campfire_rested":1,"item_purchase_floors":[2,2],"current_hp_per_floor":[74,74,75,75,75,75,75,75,75,67,69,71,71,21,43,39,39],"gold":188,"neow_bonus":"THREE_ENEMY_KILL","is_daily":false,"chose_seed":false,"campfire_upgraded":2,"win_rate":0.0,"timestamp":1613786906,"path_taken":["M","$","?","?","$","R","E","M","T","E","M","M","R","E","R","BOSS"],"items_purchased_type":["Card","Card"],"build_version":"2020-12-22","purchased_purges":0,"victory":false,"max_hp_per_floor":[75,75,75,75,75,75,75,75,75,75,75,75,75,75,75,75,75],"relic_stats":{"Blood Vial":8,"counters":[9,27],"Sundial":[2],"Tiny Chest":0,"obtain_stats":[{"Blood Vial":9,"NeowsBlessing":0,"Sundial":10,"Tiny Chest":7,"Burning Blood":0,"Red Skull":14},{"Blood Vial":4,"NeowsBlessing":0,"Sundial":5,"Tiny Chest":3,"Burning Blood":0,"Red Skull":8},{"Blood Vial":4,"NeowsBlessing":0,"Sundial":7,"Tiny Chest":3,"Burning Blood":0,"Red Skull":25}],"Burning Blood":37},"card_choices":[{"not_picked":["Carnage","Pommel Strike"],"picked":"Shrug It Off","floor":1},{"not_picked":["Warcry","Sword Boomerang"],"picked":"Infernal Blade","floor":3},{"not_picked":["Heavy Blade","Searing Blow"],"picked":"Offering","floor":7},{"not_picked":["Pummel","Shockwave"],"picked":"Entrench","floor":8},{"not_picked":["Twin Strike","Wild Strike"],"picked":"Intimidate","floor":10},{"not_picked":["Iron Wave","Dark Embrace","Fire Breathing"],"picked":"SKIP","floor":11},{"not_picked":["Shockwave","Headbutt"],"picked":"Metallicize","floor":12},{"not_picked":["Sword Boomerang","Perfected Strike","Entrench"],"picked":"SKIP","floor":14}],"player_experience":2451474,"relics_obtained":[{"floor":7,"key":"Tiny Chest"},{"floor":9,"key":"Blood Vial"},{"floor":10,"key":"Sundial"},{"floor":14,"key":"Red Skull"}],"event_choices":[],"is_beta":false,"boss_relics":[],"items_purged_floors":[],"is_endless":false,"potions_floor_spawned":[1,7,10],"killed_by":"Slime Boss","ascension_level":20}}