{"host":"3uh6d38h6u62bhfi","time":1613834623,"event":{"mods":["AchievementEnabler","BaseMod","DeckTracker","Minty Spire (QoL Compilation)","Permanent Neow","SuperFastMode","everything is the same but u backflip on backflip"],"gold_per_floor":[115,125,143,46,46,46,60,150,150,150,150,150,150,150,150],"floor_reached":14,"language":"KOR","playtime":474,"items_purged":[],"score":132,"play_id":"59abaa16-5378-4b64-a7a5-5ba08bf5f8ea","local_time":"20210221002343","is_ascension_mode":true,"campfire_choices":[{"data":"Jack Of All Trades","floor":6,"key":"SMITH"},{"floor":10,"key":"REST"},{"floor":12,"key":"REST"},{"data":"Neutralize","floor":13,"key":"SMITH"}],"circlet_count":0,"master_deck":["AscendersBane","Strike_G","Strike_G","Strike_G","Strike_G","Strike_G","Defend_G","Defend_G","Defend_G","Defend_G","Defend_G","Survivor","Neutralize+1","Backstab","Calculated Gamble","Prepared","Jack Of All Trades+1","Dagger Spray","Injury"],"relics":["Ring of the Snake","MealTicket","WingedGreaves","Ornamental Fan","Golden Idol"],"acts_visited":["Exordium"],"potions_floor_usage":[14],"damage_taken":[{"damage":0,"enemies":"2 Louse","floor":1,"turns":3},{"damage":2,"enemies":"Small Slimes","floor":2,"turns":4},{"damage":12,"enemies":"Jaw Worm","floor":3,"turns":3},{"damage":27,"enemies":"Large Slime","floor":7,"turns":9},{"damage":34,"enemies":"3 Sentries","floor":8,"turns":10},{"damage":28,"enemies":"Gremlin Nob","floor":14,"turns":6}],"seed_played":"6063836187052914453","potions_obtained":[{"floor":7,"key":"Block Potion"}],"is_trial":false,"path_per_floor":["M","M","M","$","?","R","M","E","T","R","?","R","R","E"],"character_chosen":"THE_SILENT","items_purchased":["Jack Of All Trades"],"campfire_rested":2,"item_purchase_floors":[4],"current_hp_per_floor":[63,61,49,64,64,64,37,3,3,24,24,45,45,17,17],"gold":150,"neow_bonus":"RANDOM_COMMON_RELIC","is_daily":false,"chose_seed":false,"campfire_upgraded":2,"win_rate":0.0,"timestamp":1613834623,"path_taken":["M","M","M","$","?","R","M","E","T","R","?","R","R","E"],"items_purchased_type":["Card"],"build_version":"2020-12-22","purchased_purges":0,"victory":false,"max_hp_per_floor":[70,70,70,70,70,70,70,70,70,70,70,70,70,70,70],"card_choices":[{"not_picked":["Blade Dance","Dagger Spray"],"picked":"Backstab","floor":1},{"not_picked":["Cloak And Dagger","Sucker Punch"],"picked":"Calculated Gamble","floor":2},{"not_picked":["Slice","Finisher"],"picked":"Prepared","floor":3},{"not_picked":["Predator","Heel Hook","Backstab"],"picked":"SKIP","floor":7},{"not_picked":["Wraith Form v2","Dodge and Roll"],"picked":"Dagger Spray","floor":8}],"player_experience":170265,"relics_obtained":[{"floor":8,"key":"WingedGreaves"},{"floor":9,"key":"Ornamental Fan"}],"event_choices":[{"damage_healed":0,"gold_gain":0,"player_choice":"Leave","damage_taken":0,"max_hp_gain":0,"max_hp_loss":0,"event_name":"The Cleric","floor":5,"gold_loss":0},{"damage_healed":0,"gold_gain":0,"player_choice":"Take Wound","damage_taken":0,"relics_obtained":["Golden Idol"],"max_hp_gain":0,"max_hp_loss":0,"event_name":"Golden Idol","floor":11,"gold_loss":0,"cards_obtained":["Injury"]}],"is_beta":false,"boss_relics":[],"items_purged_floors":[],"is_endless":false,"potions_floor_spawned":[7],"killed_by":"Gremlin Nob","ascension_level":10}}