{"host":"ga4s3hj9m6nkn6gp","time":1613846085,"event":{"mods":["AchievementEnabler","BaseMod","Bestiary","Colored Powertips","Highlight Path","Minty Spire (QoL Compilation)","Relic Stats","everything is the same but u backflip on backflip"],"gold_per_floor":[118,130,205,224,234,234,244,244,244],"floor_reached":8,"language":"ENG","playtime":398,"items_purged":[],"score":100,"play_id":"6a13463c-34ee-409e-8174-949f21abc61f","local_time":"20210220193445","is_ascension_mode":true,"campfire_choices":[{"data":"Bouncing Flask","floor":6,"key":"SMITH"}],"circlet_count":0,"master_deck":["AscendersBane","Strike_G","Strike_G","Strike_G","Strike_G","Strike_G","Defend_G","Defend_G","Defend_G","Defend_G","Defend_G","Survivor","Neutralize","Slice","Bouncing Flask+1","Terror","Crippling Poison","Dash"],"relics":["Ring of the Snake","Thread and Needle"],"acts_visited":["Exordium"],"potions_floor_usage":[8],"damage_taken":[{"damage":3,"enemies":"Jaw Worm","floor":1,"turns":5},{"damage":0,"enemies":"Small Slimes","floor":2,"turns":3},{"damage":0,"enemies":"Cultist","floor":4,"turns":3},{"damage":23,"enemies":"Exordium Wildlife","floor":5,"turns":8},{"damage":4,"enemies":"2 Fungi Beasts","floor":7,"turns":3},{"damage":4,"enemies":"Gremlin Nob","floor":8,"turns":3}],"seed_played":"-6300335092469163467","potions_obtained":[{"floor":1,"key":"GamblersBrew"},{"floor":4,"key":"Swift Potion"},{"floor":7,"key":"BlessingOfTheForge"}],"is_trial":false,"path_per_floor":["M","M","?","M","M","R","M","E"],"character_chosen":"THE_SILENT","items_purchased":[],"campfire_rested":0,"item_purchase_floors":[],"current_hp_per_floor":[56,56,45,45,22,22,18,14,14],"gold":244,"neow_bonus":"ONE_RARE_RELIC","is_daily":false,"chose_seed":false,"campfire_upgraded":1,"win_rate":0.0,"timestamp":1613846085,"path_taken":["M","M","?","M","M","R","M","E"],"items_purchased_type":[],"build_version":"2020-12-22","purchased_purges":0,"victory":false,"max_hp_per_floor":[60,60,60,60,60,60,60,60,60],"relic_stats":{"counters":[6,25],"obtain_stats":[{"Thread and Needle":0,"Ring of the Snake":0},{"Thread and Needle":0,"Ring of the Snake":0},{"Thread and Needle":0,"Ring of the Snake":0}],"Ring of the Snake":[12]},"card_choices":[{"not_picked":["Escape Plan","Sucker Punch"],"picked":"Slice","floor":1},{"not_picked":["Escape Plan","Heel Hook"],"picked":"Bouncing Flask","floor":2},{"not_picked":["PiercingWail","Envenom"],"picked":"Terror","floor":4},{"not_picked":["Prepared","Terror"],"picked":"Crippling Poison","floor":5},{"not_picked":["Underhanded Strike","Prepared"],"picked":"Dash","floor":7}],"player_experience":786447,"relics_obtained":[],"event_choices":[{"damage_healed":0,"gold_gain":75,"player_choice":"Gather Gold","damage_taken":11,"max_hp_gain":0,"max_hp_loss":0,"event_name":"World of Goop","floor":3,"gold_loss":0}],"is_beta":false,"boss_relics":[],"items_purged_floors":[],"is_endless":false,"potions_floor_spawned":[1,4,7],"killed_by":"Gremlin Nob","ascension_level":20}}