{"host":"8pvw2tcf9wctlvur","time":1613843842,"event":{"mods":["BaseMod","Better Third Choice","Colored Powertips","Curses Come First","Minty Spire (QoL Compilation)","Rare Cards Sparkle","Relic Stats","StSLib","SuperFastMode"],"gold_per_floor":[110,110,23,42,53,65,65,65,65,95,95,125,139,159,159,264,264,276,287,66,83,83,83,96,96,96,96,108,142,153,170,170,269,269,279,299,32,44,56,56,66,66,66,83,94,94,121,121,121,121],"floor_reached":51,"language":"ENG","playtime":2882,"items_purged":[],"score":735,"play_id":"f14cd9e9-480d-4a8b-b09e-727ce16fea9f","local_time":"20210220105722","is_ascension_mode":false,"campfire_choices":[{"floor":7,"key":"REST"},{"floor":11,"key":"REST"},{"floor":15,"key":"REST"},{"floor":23,"key":"REST"},{"floor":25,"key":"REST"},{"floor":27,"key":"RECALL"},{"floor":32,"key":"REST"},{"floor":40,"key":"REST"},{"floor":46,"key":"REST"},{"floor":49,"key":"REST"}],"circlet_count":0,"master_deck":["Strike_P","Strike_P","Strike_P","Strike_P","Defend_P","Defend_P","Defend_P","Defend_P","Eruption","Vigilance","Weave","BowlingBash","Judgement","CutThroughFate","Evaluate","ThirdEye","WheelKick+1","CutThroughFate+1","FollowUp+1","DevaForm+1","ClearTheMind","Tantrum+1","Alpha","ClearTheMind","Judgement","FollowUp+1","Crescendo","ForeignInfluence","Study+1","Collect","Vault","Perseverance+1","SandsOfTime+1","Wallop+1","Apotheosis","EmptyBody+1","SpiritShield","ThirdEye+1","Ragnarok+1","Parasite","Protect+1"],"relics":["Runic Pyramid","NlothsMask","Molten Egg 2","Frozen Egg 2","Fusion Hammer","OrangePellets","Boot","White Beast Statue","VioletLotus","Strawberry"],"acts_visited":["Exordium","TheCity","TheBeyond"],"potions_floor_usage":[10,18,28,29,30,31,33,38,38,39,39,41,44,50,50],"damage_taken":[{"damage":0,"enemies":"Small Slimes","floor":1,"turns":2},{"damage":7,"enemies":"Cultist","floor":4,"turns":3},{"damage":0,"enemies":"Jaw Worm","floor":5,"turns":2},{"damage":33,"enemies":"Gremlin Gang","floor":6,"turns":3},{"damage":26,"enemies":"3 Sentries","floor":10,"turns":5},{"damage":10,"enemies":"Lagavulin","floor":12,"turns":5},{"damage":9,"enemies":"2 Fungi Beasts","floor":13,"turns":2},{"damage":0,"enemies":"Exordium Wildlife","floor":14,"turns":2},{"damage":0,"enemies":"Slime Boss","floor":16,"turns":5},{"damage":7,"enemies":"2 Thieves","floor":18,"turns":3},{"damage":0,"enemies":"Chosen","floor":19,"turns":4},{"damage":24,"enemies":"Snake Plant","floor":21,"turns":4},{"damage":10,"enemies":"Cultist and Chosen","floor":24,"turns":4},{"damage":19,"enemies":"Centurion and Healer","floor":28,"turns":4},{"damage":30,"enemies":"Gremlin Leader","floor":29,"turns":6},{"damage":13,"enemies":"3 Cultists","floor":30,"turns":3},{"damage":5,"enemies":"Snecko","floor":31,"turns":4},{"damage":16,"enemies":"Champ","floor":33,"turns":6},{"damage":26,"enemies":"3 Shapes","floor":35,"turns":4},{"damage":10,"enemies":"Orb Walker","floor":36,"turns":3},{"damage":11,"enemies":"4 Shapes","floor":38,"turns":3},{"damage":0,"enemies":"Transient","floor":39,"turns":6},{"damage":34,"enemies":"Jaw Worm Horde","floor":41,"turns":4},{"damage":7,"enemies":"Spire Growth","floor":44,"turns":6},{"damage":3,"enemies":"Writhing Mass","floor":45,"turns":5},{"damage":62,"enemies":"Donu and Deca","floor":50,"turns":8}],"seed_played":"-6615575253892920077","potions_obtained":[{"floor":5,"key":"LiquidBronze"},{"floor":13,"key":"LiquidBronze"},{"floor":14,"key":"SmokeBomb"},{"floor":16,"key":"Explosive Potion"},{"floor":21,"key":"Strength Potion"},{"floor":29,"key":"LiquidBronze"},{"floor":30,"key":"EssenceOfSteel"},{"floor":31,"key":"LiquidMemories"},{"floor":33,"key":"StancePotion"},{"floor":35,"key":"SteroidPotion"},{"floor":36,"key":"Dexterity Potion"},{"floor":38,"key":"DistilledChaos"},{"floor":39,"key":"EssenceOfSteel"},{"floor":41,"key":"SteroidPotion"},{"floor":44,"key":"SneckoOil"},{"floor":45,"key":"Strength Potion"}],"is_trial":false,"path_per_floor":["M","?","$","M","M","M","R","?","T","E","R","E","M","M","R","B",null,"M","M","$","M","?","R","M","R","T","R","M","E","M","M","R","B",null,"M","M","$","M","M","R","M","?","T","M","M","R","T","?","R","B",null],"character_chosen":"WATCHER","items_purchased":["Adaptation","BowlingBash","Alpha","OrangePellets","Wallop+1","Apotheosis"],"campfire_rested":9,"item_purchase_floors":[3,3,20,20,37,37],"current_hp_per_floor":[72,72,72,65,65,32,53,53,53,27,48,38,29,29,50,50,72,65,65,65,41,41,62,52,72,72,72,53,23,10,5,26,10,72,46,36,36,25,25,46,12,12,12,5,2,23,30,69,69,7],"gold":121,"neow_bonus":"BOSS_RELIC","is_daily":false,"chose_seed":false,"campfire_upgraded":0,"win_rate":0.0,"timestamp":1613843842,"path_taken":["M","?","$","M","M","M","R","?","T","E","R","E","M","?","R","BOSS","M","M","$","M","?","R","M","R","T","R","M","E","M","?","R","BOSS","M","M","$","M","M","R","M","?","T","M","M","R","?","?","R","BOSS"],"items_purchased_type":["Card","Card","Card","Relic","Card","Card"],"build_version":"2020-12-22","purchased_purges":0,"victory":true,"max_hp_per_floor":[72,72,72,72,72,72,72,72,72,72,72,72,72,72,72,72,72,72,72,72,72,72,72,72,72,72,72,72,72,72,72,72,72,72,72,72,72,72,72,72,72,72,72,72,72,72,79,69,69,69],"relic_stats":{"OrangePellets":[5],"counters":[26,106],"VioletLotus":[9],"Boot":[43],"obtain_stats":[{"OrangePellets":20,"Strawberry":47,"Molten Egg 2":10,"Fusion Hammer":17,"VioletLotus":34,"PureWater":0,"Frozen Egg 2":12,"Boot":26,"White Beast Statue":29,"Runic Pyramid":0,"NlothsMask":8},{"OrangePellets":11,"Strawberry":25,"Molten Egg 2":5,"Fusion Hammer":9,"VioletLotus":18,"PureWater":0,"Frozen Egg 2":6,"Boot":13,"White Beast Statue":15,"Runic Pyramid":0,"NlothsMask":4},{"OrangePellets":36,"Strawberry":98,"Molten Egg 2":15,"Fusion Hammer":29,"VioletLotus":67,"PureWater":0,"Frozen Egg 2":20,"Boot":44,"White Beast Statue":54,"Runic Pyramid":0,"NlothsMask":10}]},"card_choices":[{"not_picked":["ThirdEye","CrushJoints"],"picked":"Weave","floor":1},{"not_picked":["Prostrate","WheelKick"],"picked":"Judgement","floor":4},{"not_picked":["WaveOfTheHand","Consecrate"],"picked":"CutThroughFate","floor":5},{"not_picked":["Adaptation","EmptyFist"],"picked":"Evaluate","floor":6},{"not_picked":["Fasting2","SandsOfTime+1"],"picked":"ThirdEye","floor":10},{"not_picked":["JustLucky+1","Crescendo"],"picked":"WheelKick+1","floor":12},{"not_picked":["EmptyFist+1","FlurryOfBlows+1"],"picked":"CutThroughFate+1","floor":13},{"not_picked":["Meditate","Vengeance"],"picked":"FollowUp+1","floor":14},{"not_picked":["Establishment+1","SpiritShield"],"picked":"DevaForm+1","floor":16},{"not_picked":["BowlingBash+1","JustLucky+1"],"picked":"ClearTheMind","floor":18},{"not_picked":["Consecrate+1","WindmillStrike+1"],"picked":"Tantrum+1","floor":19},{"not_picked":["Worship","CarveReality+1"],"picked":"ClearTheMind","floor":21},{"not_picked":["FlyingSleeves+1","Meditate"],"picked":"FollowUp+1","floor":24},{"not_picked":["FlurryOfBlows+1","BowlingBash+1"],"picked":"Crescendo","floor":28},{"not_picked":["Judgement","PathToVictory"],"picked":"ForeignInfluence","floor":29},{"not_picked":["Sanctity+1","EmptyFist+1"],"picked":"Study+1","floor":30},{"not_picked":["FlyingSleeves+1","FollowUp+1"],"picked":"Collect","floor":31},{"not_picked":["DevaForm+1","Devotion+1"],"picked":"Vault","floor":33},{"not_picked":["Prostrate","CrushJoints+1"],"picked":"Perseverance+1","floor":35},{"not_picked":["FearNoEvil+1","WheelKick+1"],"picked":"SandsOfTime+1","floor":36},{"not_picked":["FollowUp+1","EmptyFist+1"],"picked":"EmptyBody+1","floor":38},{"not_picked":["Tantrum+1","Consecrate+1"],"picked":"SpiritShield","floor":39},{"not_picked":["FollowUp+1","SashWhip+1"],"picked":"ThirdEye+1","floor":41},{"not_picked":["Pray+1","FlyingSleeves+1"],"picked":"Ragnarok+1","floor":44},{"not_picked":["CrushJoints+1","BowlingBash+1"],"picked":"Protect+1","floor":45}],"player_experience":297045,"relics_obtained":[{"floor":10,"key":"Molten Egg 2"},{"floor":12,"key":"Frozen Egg 2"},{"floor":26,"key":"Boot"},{"floor":29,"key":"White Beast Statue"},{"floor":47,"key":"Strawberry"}],"event_choices":[{"damage_healed":0,"gold_gain":0,"player_choice":"Leave","damage_taken":0,"max_hp_gain":0,"max_hp_loss":0,"event_name":"The Cleric","floor":2,"gold_loss":0},{"damage_healed":0,"gold_gain":0,"player_choice":"Trade","damage_taken":0,"relics_obtained":["NlothsMask"],"max_hp_gain":0,"max_hp_loss":0,"event_name":"FaceTrader","floor":8,"gold_loss":0},{"damage_healed":0,"gold_gain":0,"player_choice":"Copied","damage_taken":0,"max_hp_gain":0,"max_hp_loss":0,"event_name":"Duplicator","floor":22,"gold_loss":0,"cards_obtained":["Judgement"]},{"cards_removed":["Adaptation"],"damage_healed":0,"gold_gain":0,"player_choice":"Removed Power","damage_taken":0,"max_hp_gain":0,"max_hp_loss":0,"event_name":"Falling","floor":42,"gold_loss":0},{"damage_healed":69,"gold_gain":0,"player_choice":"Heal","damage_taken":0,"max_hp_gain":0,"max_hp_loss":10,"event_name":"The Moai Head","floor":48,"gold_loss":0}],"is_beta":false,"boss_relics":[{"not_picked":["Black Star","Ectoplasm"],"picked":"Fusion Hammer"},{"not_picked":["Empty Cage","Snecko Eye"],"picked":"VioletLotus"}],"items_purged_floors":[],"is_endless":false,"potions_floor_spawned":[5,13,14,16,21,29,30,31,33,35,36,38,39,41,44,45],"ascension_level":0}}