{"host":"skr63qsdfgeey3it","time":1613857540,"event":{"mods":["BaseMod","Colored Map","Hubris","Minty Spire (QoL Compilation)","Monster B Gone","Reliquary","Replay The Spire","Spicy Shops","StSLib"],"gold_per_floor":[154,26,59,76,152,152,183,194,219,277,277,289,304,77,77,151,151,161,173,153,78,92,150,150,190,190,390,34,34,34],"floor_reached":29,"language":"ENG","playtime":1576,"items_purged":["Decay","Decay","Decay"],"score":494,"play_id":"815cb431-1355-4a9a-aca2-6095bf9ba8be","local_time":"20210220154540","is_ascension_mode":true,"campfire_choices":[{"data":"HandOfGreed","floor":6,"key":"SMITH"},{"floor":15,"key":"REST"},{"floor":24,"key":"REST"}],"circlet_count":0,"master_deck":["AscendersBane","Strike_B","Strike_B","Strike_B","Strike_B","Defend_B","Defend_B","Defend_B","Defend_B","Zap","Dualcast","HandOfGreed+1","Streamline","Loop","Auto Shields","Pot Of Greed","Pot Of Greed","ReplayTheSpireMod:Omega Cannon","Panic Button","Hyperbeam","Leap","Beam Cell","Echo Form","Conserve Battery","Pot Of Greed","Meteor Strike","Stack+1","Clumsy","hubris:PowerSurge"],"relics":["Cracked Core","Grinning Jar","reliquary:ExpiredCoupon","Art of War","Medical Kit","TheAbacus","Replay:Grab Bag","Cursed Key","Philosopher\u0027s Stone","SlaversCollar","ReplayTheSpireMod:CursedCoin","PreservedInsect","reliquary:TridentHead","Bird Faced Urn"],"acts_visited":["Exordium","TheCity"],"potions_floor_usage":[4,12,12,16,23,23,25,29],"damage_taken":[{"damage":4,"enemies":"Small Slimes","floor":1,"turns":3},{"damage":0,"enemies":"Cultist","floor":3,"turns":3},{"damage":0,"enemies":"Jaw Worm","floor":4,"turns":2},{"damage":16,"enemies":"Lots of Slimes","floor":5,"turns":5},{"damage":8,"enemies":"Replay:BlueRogue","floor":7,"turns":7},{"damage":0,"enemies":"2 Fungi Beasts","floor":8,"turns":1},{"damage":0,"enemies":"3 Sentries","floor":10,"turns":2},{"damage":0,"enemies":"Gremlin Gang","floor":12,"turns":1},{"damage":0,"enemies":"3 Louse","floor":13,"turns":1},{"damage":13,"enemies":"Slime Boss","floor":16,"turns":6},{"damage":9,"enemies":"Chosen","floor":18,"turns":3},{"damage":0,"enemies":"Spheric Guardian","floor":19,"turns":3},{"damage":0,"enemies":"3 Cultists","floor":22,"turns":2},{"damage":25,"enemies":"Book of Stabbing","floor":23,"turns":5},{"damage":43,"enemies":"Shelled Parasite and Fungi","floor":25,"turns":5},{"damage":12,"enemies":"Chosen and Byrds","floor":29,"turns":3}],"seed_played":"9197078270025900145","potions_obtained":[{"floor":3,"key":"Block Potion"},{"floor":5,"key":"AttackPotion"},{"floor":10,"key":"AttackPotion"},{"floor":13,"key":"PowerPotion"},{"floor":19,"key":"Block Potion"},{"floor":20,"key":"DistilledChaos"},{"floor":23,"key":"DuplicationPotion"},{"floor":25,"key":"Swift Potion"}],"is_trial":false,"path_per_floor":["M","$","M","M","M","R","E","M","T","E","?","M","M","$","R_BF","B",null,"M","M","?","$","M","E","R","M","T","?","$","M"],"character_chosen":"DEFECT","items_purchased":["Streamline","Medical Kit","TheAbacus","ReplayTheSpireMod:CursedCoin","Bird Faced Urn","hubris:PowerSurge"],"campfire_rested":2,"item_purchase_floors":[2,14,14,21,28,28],"current_hp_per_floor":[60,60,60,60,44,44,36,36,36,36,36,36,36,36,57,44,64,55,55,55,55,55,30,51,8,8,8,8,0,0],"gold":34,"neow_bonus":"RANDOM_COLORLESS_2","is_daily":false,"chose_seed":false,"campfire_upgraded":1,"win_rate":0.0,"timestamp":1613857540,"path_taken":["M","$","M","M","M","R","E","M","T","E","?","M","M","$","R_BF","BOSS","M","M","?","?","?","E","R","M","T","?","$","?"],"items_purchased_type":["Card","Relic","Relic","Relic","Relic","Card"],"build_version":"2020-12-22","purchased_purges":3,"victory":false,"max_hp_per_floor":[71,71,71,71,71,71,71,71,71,71,71,71,71,71,71,71,71,71,71,71,71,71,71,71,71,71,71,71,71,71],"card_choices":[{"not_picked":["Master of Strategy","Thinking Ahead"],"picked":"HandOfGreed","floor":0},{"not_picked":["Compile Driver","FTL","Barrage"],"picked":"SKIP","floor":1},{"not_picked":["Barrage","Redo","ReplaySort"],"picked":"SKIP","floor":3},{"not_picked":["Genetic Algorithm","hubris:Ukulele"],"picked":"Loop","floor":4},{"not_picked":["Go for the Eyes","Sweeping Beam"],"picked":"Auto Shields","floor":5},{"not_picked":["Go for the Eyes","Rebound"],"picked":"ReplayTheSpireMod:Omega Cannon","floor":7},{"not_picked":["Turbo","Cold Snap","Gash"],"picked":"SKIP","floor":8},{"not_picked":["Turbo","Redo"],"picked":"Panic Button","floor":10},{"not_picked":["Steam Power","Turbo"],"picked":"Leap","floor":12},{"not_picked":["Sweeping Beam","Reboot"],"picked":"Beam Cell","floor":13},{"not_picked":["ReplayTheSpireMod:Omega Cannon","hubris:Prefetch"],"picked":"Echo Form","floor":16},{"not_picked":["Steam","Melter","Barrage"],"picked":"SKIP","floor":18},{"not_picked":["BasicCrystalCard","Doom and Gloom"],"picked":"Conserve Battery","floor":19},{"not_picked":["Compile Driver","Go for the Eyes","Ball Lightning+1"],"picked":"SKIP","floor":22},{"not_picked":["Hologram","Redo"],"picked":"Meteor Strike","floor":23},{"not_picked":["Conserve Battery","Compile Driver"],"picked":"Stack+1","floor":25}],"player_experience":974083,"relics_obtained":[{"floor":7,"key":"Grinning Jar"},{"floor":9,"key":"reliquary:ExpiredCoupon"},{"floor":10,"key":"Art of War"},{"floor":23,"key":"PreservedInsect"},{"floor":26,"key":"reliquary:TridentHead"}],"event_choices":[{"damage_healed":0,"gold_gain":0,"player_choice":"1 cards matched","damage_taken":0,"max_hp_gain":0,"max_hp_loss":0,"event_name":"Match and Keep!","floor":11,"gold_loss":0,"cards_obtained":["Hyperbeam"]},{"damage_healed":0,"gold_gain":0,"player_choice":"Bought 1 Potion","damage_taken":0,"max_hp_gain":0,"max_hp_loss":0,"event_name":"The Woman in Blue","floor":20,"gold_loss":0},{"damage_healed":0,"gold_gain":250,"player_choice":"Bet on Owner","damage_taken":0,"max_hp_gain":0,"max_hp_loss":0,"event_name":"The Joust","floor":27,"gold_loss":50}],"is_beta":false,"boss_relics":[{"not_picked":["hubris:Stopwatch","Nuclear Battery"],"picked":"Replay:Grab Bag"},{"not_picked":["reliquary:KinkedSpring","Replay:Bronze Core"],"picked":"Cursed Key"},{"not_picked":["hubris:VirtuousBlindfold","Replay:Wanted Poster"],"picked":"Philosopher\u0027s Stone"},{"not_picked":["SacredBark","FrozenCore"],"picked":"SlaversCollar"}],"items_purged_floors":[2,21,21],"is_endless":false,"potions_floor_spawned":[3,5,10,13,19,23,25],"killed_by":"Chosen and Byrds","ascension_level":15}}