{"host":"osru0s4hyl5hhaol","time":1613823575,"event":{"mods":["BaseMod","Colored Map","Minty Spire (QoL Compilation)"],"gold_per_floor":[117,132,149,149,149,179,190,190,190,207,382,382,59,59,59,180,180,196,121,142,168,181,181,280,280,359,359,359,375,391,65,65,65,65],"floor_reached":33,"language":"ENG","playtime":1108,"items_purged":[],"score":245,"play_id":"7015aee2-1cdd-4003-baa0-b51bc7876055","local_time":"20210220061935","is_ascension_mode":false,"campfire_choices":[{"data":"Inflame","floor":12,"key":"SMITH"},{"floor":15,"key":"REST"},{"floor":23,"key":"REST"},{"data":"Heavy Blade","floor":25,"key":"SMITH"},{"data":"Apotheosis","floor":27,"key":"SMITH"},{"floor":32,"key":"REST"}],"circlet_count":0,"master_deck":["Strike_R","Strike_R","Strike_R","Strike_R","Strike_R","Defend_R","Defend_R","Defend_R","Defend_R","Bash","Cleave","Inflame+1","Clothesline","Flame Barrier","Wild Strike","Wild Strike","Apotheosis+1","Double Tap","Anger","Infernal Blade","Heavy Blade+1","Pummel","Fiend Fire","Armaments+1","Pummel+1","Burning Pact+1","Combust+1"],"relics":["Black Blood","Ice Cream","Gremlin Horn","Mummified Hand","Orrery","Golden Idol","PreservedInsect","Eternal Feather","Letter Opener"],"acts_visited":["Exordium","TheCity"],"potions_floor_usage":[6,8,16,16,22,30,33],"damage_taken":[{"damage":5,"enemies":"2 Louse","floor":1,"turns":3},{"damage":0,"enemies":"Small Slimes","floor":2,"turns":3},{"damage":10,"enemies":"Jaw Worm","floor":3,"turns":6},{"damage":43,"enemies":"3 Sentries","floor":6,"turns":7},{"damage":2,"enemies":"Looter","floor":7,"turns":4},{"damage":0,"enemies":"Lagavulin Event","floor":8,"turns":1},{"damage":11,"enemies":"Large Slime","floor":10,"turns":5},{"damage":46,"enemies":"Hexaghost","floor":16,"turns":9},{"damage":43,"enemies":"Spheric Guardian","floor":18,"turns":6},{"damage":10,"enemies":"Chosen","floor":20,"turns":3},{"damage":16,"enemies":"3 Cultists","floor":22,"turns":5},{"damage":38,"enemies":"Centurion and Healer","floor":29,"turns":7},{"damage":42,"enemies":"Cultist and Chosen","floor":30,"turns":6},{"damage":76,"enemies":"Collector","floor":33,"turns":10}],"seed_played":"-3750216595554688144","potions_obtained":[{"floor":0,"key":"BlessingOfTheForge"},{"floor":0,"key":"SteroidPotion"},{"floor":0,"key":"Regen Potion"},{"floor":1,"key":"Energy Potion"},{"floor":6,"key":"Ancient Potion"},{"floor":7,"key":"SmokeBomb"},{"floor":20,"key":"Swift Potion"},{"floor":22,"key":"Regen Potion"}],"is_trial":false,"path_per_floor":["M","M","M","?","?","E","M","?","T","M","?","R","$","?","R","B",null,"M","?","M","T","M","R","?","R","T","R","?","M","M","$","R","B"],"character_chosen":"IRONCLAD","items_purchased":["Apotheosis","Orrery","Letter Opener","LiquidBronze"],"campfire_rested":3,"item_purchase_floors":[13,13,31,31],"current_hp_per_floor":[80,80,76,81,81,59,63,69,69,64,64,64,64,64,79,39,79,48,48,50,50,46,69,69,69,69,79,79,53,38,38,76,0,0],"gold":65,"neow_bonus":"THREE_SMALL_POTIONS","is_daily":false,"chose_seed":false,"campfire_upgraded":3,"win_rate":0.0,"timestamp":1613823575,"path_taken":["M","M","M","?","?","E","M","?","T","M","?","R","$","?","R","BOSS","M","?","M","?","M","R","?","R","T","R","?","?","M","$","R","BOSS"],"items_purchased_type":["Card","Relic","Relic","Potion"],"build_version":"2020-12-22","purchased_purges":0,"victory":false,"max_hp_per_floor":[80,80,80,85,85,85,85,85,85,85,85,85,85,79,79,79,79,79,79,79,79,79,79,79,79,79,79,79,79,79,79,79,79,79],"card_choices":[{"not_picked":["Combust","Flex"],"picked":"Cleave","floor":1},{"not_picked":["Wild Strike","Clothesline"],"picked":"Inflame","floor":2},{"not_picked":["Perfected Strike","Body Slam"],"picked":"Clothesline","floor":3},{"not_picked":["Warcry","Twin Strike"],"picked":"Flame Barrier","floor":6},{"not_picked":["Offering","Body Slam"],"picked":"Wild Strike","floor":7},{"not_picked":["Reckless Charge","Perfected Strike"],"picked":"Wild Strike","floor":10},{"not_picked":["Twin Strike","Hemokinesis"],"picked":"Double Tap","floor":13},{"not_picked":["Second Wind","Sentinel"],"picked":"Anger","floor":13},{"not_picked":["Reckless Charge","Cleave"],"picked":"Infernal Blade","floor":13},{"not_picked":["Iron Wave","Berserk"],"picked":"Heavy Blade","floor":13},{"not_picked":["Reckless Charge","Pommel Strike"],"picked":"Pummel","floor":13},{"not_picked":["Juggernaut","Bludgeon"],"picked":"Fiend Fire","floor":16},{"not_picked":["Sword Boomerang","Cleave+1"],"picked":"Armaments+1","floor":18},{"not_picked":["Combust","Second Wind","Armaments"],"picked":"SKIP","floor":20},{"not_picked":["Shockwave","Havoc"],"picked":"Pummel+1","floor":22},{"not_picked":["Dark Embrace","Uppercut"],"picked":"Burning Pact+1","floor":29},{"not_picked":["Sentinel","True Grit"],"picked":"Combust+1","floor":30}],"player_experience":185410,"relics_obtained":[{"floor":6,"key":"Ice Cream"},{"floor":9,"key":"Mummified Hand"},{"floor":21,"key":"PreservedInsect"},{"floor":26,"key":"Eternal Feather"}],"event_choices":[{"damage_healed":0,"gold_gain":0,"player_choice":"Donut","damage_taken":0,"max_hp_gain":5,"max_hp_loss":0,"event_name":"Big Fish","floor":4,"gold_loss":0},{"damage_healed":0,"gold_gain":0,"player_choice":"Ignored","damage_taken":0,"max_hp_gain":0,"max_hp_loss":0,"event_name":"Shining Light","floor":5,"gold_loss":0},{"damage_healed":0,"gold_gain":0,"player_choice":"Searched \u00273\u0027 times","damage_taken":0,"relics_obtained":["Gremlin Horn"],"max_hp_gain":0,"max_hp_loss":0,"event_name":"Dead Adventurer","floor":8,"gold_loss":0},{"damage_healed":0,"gold_gain":175,"player_choice":"AGREE","damage_taken":0,"max_hp_gain":0,"max_hp_loss":0,"event_name":"Liars Game","floor":11,"gold_loss":0,"cards_obtained":["Doubt"]},{"damage_healed":0,"gold_gain":0,"player_choice":"Lose Max HP","damage_taken":0,"relics_obtained":["Golden Idol"],"max_hp_gain":0,"max_hp_loss":6,"event_name":"Golden Idol","floor":14,"gold_loss":0},{"cards_removed":["Doubt"],"damage_healed":0,"gold_gain":0,"player_choice":"Gave Gold","damage_taken":0,"max_hp_gain":0,"max_hp_loss":0,"event_name":"Beggar","floor":19,"gold_loss":75},{"damage_healed":0,"gold_gain":99,"player_choice":"Stole From Cult","damage_taken":0,"max_hp_gain":0,"max_hp_loss":0,"event_name":"Nest","floor":24,"gold_loss":0},{"damage_healed":0,"gold_gain":0,"player_choice":"Ignored","damage_taken":0,"max_hp_gain":0,"max_hp_loss":0,"event_name":"The Mausoleum","floor":28,"gold_loss":0}],"is_beta":false,"boss_relics":[{"not_picked":["Cursed Key","Coffee Dripper"],"picked":"Black Blood"}],"items_purged_floors":[],"is_endless":false,"potions_floor_spawned":[1,6,7,20,22],"killed_by":"Collector","ascension_level":0}}