{"host":"delta","time":1613830142,"event":{"mods":["Act Like it!","BaseMod","Lobotomy","Minty Spire (QoL Compilation)","StSLib","The Hierophant","WarShipGirlsR/战舰少女R mod","残留之物"],"gold_per_floor":[115,135,145,145,232,271,283,312,324,356,368,398,410,443,455,577,589,569,581,621,653,681,693,719,731,769,781,814,868,896,941,953,1076,1088,1111,1150,1180,1212,1251,1298,1322,1334,1400,830,847,847,104,132,132,132],"floor_reached":51,"language":"ZHS","playtime":2440,"items_purged":["PlaceholderMod:BaseStrike","PlaceholderMod:BaseStrike"],"score":867,"play_id":"1b457111-fc18-406d-b15b-7dc78a1bc5b6","local_time":"20210220220902","is_ascension_mode":true,"campfire_choices":[{"data":"PlaceholderMod:HealingAttack","floor":7.0,"key":"SMITH"},{"data":"PlaceholderMod:RadicalHit","floor":11.0,"key":"SMITH"},{"data":"PlaceholderMod:PoisonBlast","floor":13.0,"key":"SMITH"},{"data":"PlaceholderMod:HornyCollision","floor":15.0,"key":"SMITH"},{"data":"PlaceholderMod:MultipleOxi","floor":23.0,"key":"SMITH"},{"data":"PlaceholderMod:DiffusionPoison","floor":25.0,"key":"SMITH"},{"data":"PlaceholderMod:Hard","floor":27.0,"key":"SMITH"},{"data":"PlaceholderMod:DiffusionPoison","floor":32.0,"key":"SMITH"},{"data":"PlaceholderMod:Activation","floor":42.0,"key":"SMITH"},{"data":"1","floor":49.0,"key":"LIFT"}],"circlet_count":0,"master_deck":["PlaceholderMod:BaseStrike","PlaceholderMod:BaseStrike+1","PlaceholderMod:BaseStrike","PlaceholderMod:BaseDefend","PlaceholderMod:BaseDefend","PlaceholderMod:BaseDefend","PlaceholderMod:BaseDefend","PlaceholderMod:BaseDefend","PlaceholderMod:Crystal","PlaceholderMod:PoisonWhip+1","PlaceholderMod:Stratification","PlaceholderMod:PoisonBlast+1","PlaceholderMod:HealingAttack+1","PlaceholderMod:RadicalHit+1","PlaceholderMod:CycleAttack","PlaceholderMod:Hard+1","PlaceholderMod:HornyCollision+1","PlaceholderMod:DiffusionPoison+1","PlaceholderMod:MultipleOxi+1","PlaceholderMod:NutritionAbsorb+1","PlaceholderMod:CrystallizationStrike+1","PlaceholderMod:DiffusionPoison+1","PlaceholderMod:Activation+1","PlaceholderMod:PoisonAbsorb+1","PlaceholderMod:DirectingGroup+1","PlaceholderMod:Assimilation","PlaceholderMod:ParasiteChange","Secret Weapon","PlaceholderMod:Stable","PlaceholderMod:CrystallizationStrike+1"],"relics":["PlaceholderMod:Tancle","MawBank","Pantograph","CeramicFish","Sozu","Boot","Blood Vial","StrikeDummy","Black Star","Toy Ornithopter","Whetstone","Bag of Preparation","Chemical X","Juzu Bracelet","Calipers","Girya"],"acts_visited":["Exordium","TheCity","TheBeyond"],"potions_floor_usage":[],"damage_taken":[{"damage":0.0,"enemies":"Cultist","floor":1.0,"turns":4.0},{"damage":6.0,"enemies":"Jaw Worm","floor":2.0,"turns":4.0},{"damage":0.0,"enemies":"2 Louse","floor":3.0,"turns":2.0},{"damage":12.0,"enemies":"3 Sentries","floor":6.0,"turns":8.0},{"damage":0.0,"enemies":"Large Slime","floor":8.0,"turns":5.0},{"damage":6.0,"enemies":"Lots of Slimes","floor":10.0,"turns":6.0},{"damage":2.0,"enemies":"Looter","floor":12.0,"turns":4.0},{"damage":19.0,"enemies":"Gremlin Gang","floor":14.0,"turns":5.0},{"damage":73.0,"enemies":"Hexaghost","floor":16.0,"turns":10.0},{"damage":22.0,"enemies":"2 Thieves","floor":18.0,"turns":5.0},{"damage":10.0,"enemies":"Chosen","floor":20.0,"turns":4.0},{"damage":14.0,"enemies":"Snake Plant","floor":21.0,"turns":3.0},{"damage":0.0,"enemies":"Snecko","floor":22.0,"turns":5.0},{"damage":0.0,"enemies":"Shelled Parasite and Fungi","floor":24.0,"turns":5.0},{"damage":13.0,"enemies":"Centurion and Healer","floor":28.0,"turns":5.0},{"damage":0.0,"enemies":"Gremlin Leader","floor":29.0,"turns":3.0},{"damage":16.0,"enemies":"Snake Plant","floor":30.0,"turns":2.0},{"damage":22.0,"enemies":"Slavers","floor":31.0,"turns":6.0},{"damage":29.0,"enemies":"Collector","floor":33.0,"turns":5.0},{"damage":15.0,"enemies":"Orb Walker","floor":35.0,"turns":3.0},{"damage":0.0,"enemies":"3 Darklings","floor":36.0,"turns":5.0},{"damage":0.0,"enemies":"Maw","floor":37.0,"turns":7.0},{"damage":0.0,"enemies":"4 Shapes","floor":38.0,"turns":5.0},{"damage":0.0,"enemies":"Sphere and 2 Shapes","floor":39.0,"turns":4.0},{"damage":0.0,"enemies":"Nemesis","floor":40.0,"turns":5.0},{"damage":8.0,"enemies":"Maw","floor":41.0,"turns":6.0},{"damage":6.0,"enemies":"Jaw Worm Horde","floor":45.0,"turns":3.0},{"damage":6.0,"enemies":"Spire Growth","floor":48.0,"turns":5.0},{"damage":36.0,"enemies":"Time Eater","floor":50.0,"turns":9.0},{"damage":3.0,"enemies":"Malkuth","floor":51.0,"turns":7.0},{"damage":10.0,"enemies":"Netzach","floor":51.0,"turns":9.0}],"seed_played":"-8935373252492410147","potions_obtained":[{"floor":1.0,"key":"PowerPotion"},{"floor":8.0,"key":"FearPotion"},{"floor":10.0,"key":"GamblersBrew"}],"is_trial":false,"path_per_floor":["M","M","M","?","?","E","R","M","T","M","R","M","R","M","R","B",null,"M","?","M","M","M","R","M","R","T","R","M","E","M","E","R","B",null,"M","M","M","M","M","E","M","R","T","$","M","?","$","M","R","B",null,null],"character_chosen":"THE_PLACEHOLDER","items_purchased":["Chemical X","PlaceholderMod:ParasiteChange","Secret Weapon","Juzu Bracelet","Calipers","Girya","PlaceholderMod:Stable"],"campfire_rested":0,"item_purchase_floors":[44,44,44,44,47,47,47],"current_hp_per_floor":[78,72,72,60,49,37,37,51,51,60,60,70,70,63,63,20,78,66,66,70,56,65,65,77,77,77,77,73,73,59,48,48,46,78,72,78,78,78,78,78,78,78,78,78,72,72,72,77,77,61],"gold":132,"neow_bonus":"","is_daily":false,"chose_seed":false,"campfire_upgraded":9,"win_rate":0.0,"timestamp":1613830142,"path_taken":["M","?","M","?","?","E","R","M","T","M","R","M","R","M","R","BOSS","M","?","M","M","M","R","M","R","T","R","M","E","M","E","R","BOSS","M","M","?","M","M","E","M","R","T","$","M","?","$","M","R","BOSS"],"items_purchased_type":["Relic","Card","Card","Relic","Relic","Relic","Card"],"build_version":"2020-12-18","purchased_purges":2,"victory":true,"max_hp_per_floor":[78,78,78,78,78,78,78,78,78,78,78,78,78,78,78,78,78,78,78,78,78,78,78,78,78,78,78,78,78,78,78,78,78,78,78,78,78,78,78,78,78,78,78,78,78,78,78,78,78,78],"card_choices":[{"not_picked":["PlaceholderMod:StrongAcid","PlaceholderMod:ChainPoly"],"picked":"PlaceholderMod:Stratification","floor":1.0},{"not_picked":["PlaceholderMod:PoisonAbsorb","PlaceholderMod:SpinBlade"],"picked":"PlaceholderMod:PoisonBlast","floor":2.0},{"not_picked":["PlaceholderMod:ParasiteChange","PlaceholderMod:Internalization"],"picked":"PlaceholderMod:HealingAttack","floor":3.0},{"not_picked":["PlaceholderMod:SprayAttack","PlaceholderMod:TriggerStrike"],"picked":"PlaceholderMod:RadicalHit","floor":6.0},{"not_picked":["PlaceholderMod:Sweep","PlaceholderMod:DirectingGroup"],"picked":"PlaceholderMod:CycleAttack","floor":8.0},{"not_picked":["PlaceholderMod:SeverePoisonStrike","PlaceholderMod:PoisonExcitation"],"picked":"PlaceholderMod:Hard","floor":10.0},{"not_picked":["PlaceholderMod:AttackAsDefend","PlaceholderMod:HardStinger","PlaceholderMod:Internalization"],"picked":"SKIP","floor":12.0},{"not_picked":["PlaceholderMod:SprayAttack","PlaceholderMod:HornyBlast"],"picked":"PlaceholderMod:HornyCollision","floor":14.0},{"not_picked":["PlaceholderMod:AbsorbTouch","PlaceholderMod:SelfCoupling"],"picked":"PlaceholderMod:DiffusionPoison","floor":16.0},{"not_picked":["PlaceholderMod:SpinBlade","PlaceholderMod:DirectingGroup","PlaceholderMod:OHStrongAttack"],"picked":"SKIP","floor":18.0},{"not_picked":["PlaceholderMod:Corrosion","PlaceholderMod:OHStrongAttack"],"picked":"PlaceholderMod:MultipleOxi","floor":20.0},{"not_picked":["PlaceholderMod:SevereHeat","PlaceholderMod:InnerStable"],"picked":"PlaceholderMod:NutritionAbsorb+1","floor":21.0},{"not_picked":["PlaceholderMod:Sweep","PlaceholderMod:Turn","PlaceholderMod:TriggerStrike"],"picked":"SKIP","floor":22.0},{"not_picked":["PlaceholderMod:StrongAcid","PlaceholderMod:Internalization+1","PlaceholderMod:ParasiteChange"],"picked":"SKIP","floor":24.0},{"not_picked":["PlaceholderMod:EvolutionSpray","PlaceholderMod:TriggerStrike"],"picked":"PlaceholderMod:CrystallizationStrike+1","floor":28.0},{"not_picked":["PlaceholderMod:DissolvingSpikes","PlaceholderMod:OHStrongAttack"],"picked":"PlaceholderMod:DiffusionPoison","floor":29.0},{"not_picked":["PlaceholderMod:SpinBlade","PlaceholderMod:Sweep","PlaceholderMod:HardStinger"],"picked":"SKIP","floor":30.0},{"not_picked":["PlaceholderMod:Crystallization","PlaceholderMod:ContinueSpray","PlaceholderMod:HornyBlast"],"picked":"SKIP","floor":31.0},{"not_picked":["PlaceholderMod:ReactionCatalyze","PlaceholderMod:Inner"],"picked":"PlaceholderMod:Activation","floor":33.0},{"not_picked":["PlaceholderMod:ProliferateStrike+1","PlaceholderMod:StressReaction","PlaceholderMod:AngryAttack"],"picked":"SKIP","floor":35.0},{"not_picked":["PlaceholderMod:DirectingGroup+1","PlaceholderMod:ConsolidateHit"],"picked":"PlaceholderMod:PoisonAbsorb+1","floor":36.0},{"not_picked":["PlaceholderMod:Internalization","PlaceholderMod:TriggerStrike","PlaceholderMod:SprayAttack+1"],"picked":"SKIP","floor":37.0},{"not_picked":["PlaceholderMod:ConsolidateHit","PlaceholderMod:Sweep","PlaceholderMod:StrongAcid"],"picked":"SKIP","floor":38.0},{"not_picked":["PlaceholderMod:ParasiteChange+1","PlaceholderMod:ProliferateStrike+1"],"picked":"PlaceholderMod:DirectingGroup+1","floor":39.0},{"not_picked":["PlaceholderMod:DissolvingSpikes+1","PlaceholderMod:RadicalHit"],"picked":"PlaceholderMod:Assimilation","floor":40.0},{"not_picked":["PlaceholderMod:ProliferateStrike+1","PlaceholderMod:Turn+1","PlaceholderMod:ParasiteChange+1"],"picked":"SKIP","floor":41.0},{"not_picked":["PlaceholderMod:ChainPoly","PlaceholderMod:Stratification+1","PlaceholderMod:EvolutionSpray"],"picked":"SKIP","floor":45.0},{"not_picked":["PlaceholderMod:DissolvingSpikes+1","PlaceholderMod:HardStinger"],"picked":"PlaceholderMod:CrystallizationStrike+1","floor":48.0}],"player_experience":332903,"relics_obtained":[{"floor":6.0,"key":"Pantograph"},{"floor":9.0,"key":"CeramicFish"},{"floor":26.0,"key":"Boot"},{"floor":29.0,"key":"Blood Vial"},{"floor":31.0,"key":"StrikeDummy"},{"floor":40.0,"key":"Toy Ornithopter"},{"floor":40.0,"key":"Whetstone"},{"floor":43.0,"key":"Bag of Preparation"}],"event_choices":[{"damage_healed":0.0,"max_hp_gain":0.0,"max_hp_loss":0.0,"gold_gain":0.0,"event_name":"Scrap Ooze","player_choice":"Success","floor":4.0,"gold_loss":0.0,"damage_taken":12.0,"relics_obtained":["MawBank"]},{"damage_healed":0.0,"max_hp_gain":0.0,"max_hp_loss":0.0,"gold_gain":75.0,"event_name":"World of Goop","player_choice":"Gather Gold","floor":5.0,"gold_loss":0.0,"damage_taken":11.0},{"damage_healed":0.0,"max_hp_gain":0.0,"max_hp_loss":0.0,"gold_gain":0.0,"event_name":"Lab","player_choice":"Got Potions","floor":19.0,"gold_loss":0.0,"damage_taken":0.0},{"damage_healed":0.0,"max_hp_gain":0.0,"max_hp_loss":0.0,"gold_gain":0.0,"event_name":"NoteForYourself","player_choice":"Ignored","floor":46.0,"gold_loss":0.0,"damage_taken":0.0}],"is_beta":true,"boss_relics":[{"not_picked":["Cursed Key","Fusion Hammer"],"picked":"Sozu"},{"not_picked":["Velvet Choker","Pandora\u0027s Box"],"picked":"Black Star"}],"items_purged_floors":[44,47],"is_endless":false,"potions_floor_spawned":[1,8,10,14,21,24,28,31,37,40,45,48],"ascension_level":1}}