{"host":"sxnl403xm2xmiyj1","time":1613794980,"event":{"mods":["BaseMod","Colored Map","Keyboard Shortcuts","Koishi","Minty Spire (QoL Compilation)","Quick Restart","StSLib","SuperFastMode"],"gold_per_floor":[113,132,132,16,16,16,48,48,48,80,80,92,92,152,152,226,226,239,239,256,271,271,301,318,352,352,452,452,52,79,91,91,164,164,177,177,197,79,99,127,127,0,0,19,19,53,53,83,83,83,83,83,27,52,52],"floor_reached":56,"language":"KOR","playtime":1148,"items_purged":["Koishi:BasicStrike"],"score":2412,"play_id":"0a41c1ba-d4ec-4a0a-a988-79e01ad058bf","local_time":"20210220132300","is_ascension_mode":true,"campfire_choices":[{"data":"Koishi:Untouchable","floor":6,"key":"SMITH"},{"data":"Koishi:JumpScare","floor":8,"key":"SMITH"},{"data":"Koishi:HauntingSlash","floor":11,"key":"SMITH"},{"data":"Koishi:StingingMind","floor":15,"key":"SMITH"},{"data":"Koishi:HeartStoppingHorror","floor":28,"key":"SMITH"},{"data":"Koishi:JumpScare","floor":32,"key":"SMITH"},{"data":"Koishi:JumpScare","floor":41,"key":"SMITH"},{"data":"Koishi:JumpScare","floor":45,"key":"SMITH"},{"floor":49,"key":"RECALL"},{"data":"Koishi:RoseHell","floor":52,"key":"SMITH"}],"circlet_count":0,"master_deck":["AscendersBane","Koishi:BasicStrike","Koishi:BasicDefend","Koishi:BasicDefend","Koishi:BasicDefend","Koishi:BasicDefend","Koishi:Provoke","Koishi:HauntingSlash+1","Koishi:StingingMind+1","Koishi:DreadfulBlow","Koishi:EmbryosDream","Koishi:Untouchable+1","Koishi:JumpScare+1","Koishi:MindNumbingTerror","Koishi:DreadfulBlow","Koishi:DanmakuParanoia","Koishi:HeartStoppingHorror+1","Koishi:DreadfulBlow","Koishi:ParalyzingFear","Koishi:JumpScare+1","Koishi:StingingMind+1","Koishi:DanmakuParanoia","Koishi:ParalyzingFear","Koishi:BloodcurdlingScream","Koishi:StingingMind","Koishi:StingingMind","Koishi:RoseHell+1","Koishi:RacingHeart+1","Finesse","Koishi:BloodcurdlingScream+1","Koishi:JumpScare+1","Koishi:RacingHeart","Koishi:DreadfulBlow+1","Koishi:JumpScare+1","Koishi:DanmakuParanoia","Madness","Madness","Koishi:JumpScare","Koishi:DreadfulBlow"],"relics":["Koishi:ImaginaryFriend","NeowsBlessing","Meat on the Bone","Mango","White Beast Statue","Art of War","Runic Dome","Pocketwatch","Kunai","Lantern","Turnip","StoneCalendar","Matryoshka","Mercury Hourglass","Letter Opener","Koishi:ColorfulDays","Du-Vu Doll","Red Mask","Omamori","Unceasing Top","Koishi:BloodstainedWhiteRose","Thread and Needle"],"acts_visited":["Exordium","TheCity","TheBeyond","TheEnding"],"potions_floor_usage":[16,18,20,23,25,25,33,54,55],"damage_taken":[{"damage":0,"enemies":"Small Slimes","floor":1,"turns":2},{"damage":0,"enemies":"Cultist","floor":2,"turns":1},{"damage":0,"enemies":"3 Sentries","floor":7,"turns":2},{"damage":20,"enemies":"Gremlin Nob","floor":10,"turns":4},{"damage":1,"enemies":"2 Louse","floor":12,"turns":3},{"damage":29,"enemies":"Gremlin Nob","floor":14,"turns":5},{"damage":35,"enemies":"Slime Boss","floor":16,"turns":9},{"damage":19,"enemies":"2 Thieves","floor":18,"turns":6},{"damage":17,"enemies":"3 Byrds","floor":20,"turns":6},{"damage":12,"enemies":"Snecko","floor":21,"turns":4},{"damage":8,"enemies":"Book of Stabbing","floor":23,"turns":5},{"damage":49,"enemies":"Shelled Parasite and Fungi","floor":24,"turns":5},{"damage":14,"enemies":"Slavers","floor":25,"turns":7},{"damage":2,"enemies":"Colosseum Slavers","floor":27,"turns":5},{"damage":27,"enemies":"Colosseum Nobs","floor":27,"turns":6},{"damage":28,"enemies":"Book of Stabbing","floor":30,"turns":6},{"damage":0,"enemies":"Cultist and Chosen","floor":31,"turns":6},{"damage":48,"enemies":"Collector","floor":33,"turns":11},{"damage":26,"enemies":"3 Shapes","floor":35,"turns":3},{"damage":27,"enemies":"3 Darklings","floor":37,"turns":3},{"damage":18,"enemies":"Spire Growth","floor":39,"turns":5},{"damage":0,"enemies":"Nemesis","floor":40,"turns":7},{"damage":8,"enemies":"Writhing Mass","floor":44,"turns":5},{"damage":22,"enemies":"Giant Head","floor":46,"turns":7},{"damage":0,"enemies":"Nemesis","floor":48,"turns":5},{"damage":55,"enemies":"Time Eater","floor":50,"turns":12},{"damage":0,"enemies":"Shield and Spear","floor":54,"turns":4},{"damage":93,"enemies":"The Heart","floor":55,"turns":8}],"seed_played":"-5319233045010613784","potions_obtained":[{"floor":2,"key":"SneckoOil"},{"floor":12,"key":"Fire Potion"},{"floor":14,"key":"Energy Potion"},{"floor":16,"key":"EssenceOfSteel"},{"floor":18,"key":"Fire Potion"},{"floor":20,"key":"Fruit Juice"},{"floor":21,"key":"DistilledChaos"},{"floor":23,"key":"Swift Potion"},{"floor":25,"key":"SpeedPotion"},{"floor":27,"key":"Energy Potion"},{"floor":31,"key":"FearPotion"},{"floor":33,"key":"DistilledChaos"},{"floor":35,"key":"FairyPotion"},{"floor":54,"key":"CultistPotion"}],"is_trial":false,"path_per_floor":["M","M","?","$","?","R","E","R","T","E","R","M","?","?","R","B",null,"M","?","M","M","?","E","M","E","T","?","R","$","E","M","R","B",null,"M","?","M","$","M","E","R","?","T","M","R","E","?","E","R","B",null,"R","$","E","B",null],"character_chosen":"KOISHI","items_purchased":["Koishi:Untouchable","Koishi:JumpScare","Mercury Hourglass","Koishi:BloodcurdlingScream","Koishi:JumpScare","Koishi:RacingHeart","Koishi:JumpScare"],"campfire_rested":0,"item_purchase_floors":[4,4,29,29,38,38,53],"current_hp_per_floor":[51,51,51,51,44,44,44,44,58,51,51,55,55,43,43,21,59,54,54,58,63,63,73,40,51,51,60,60,60,52,76,76,68,74,60,60,43,43,52,76,76,76,76,76,76,76,62,76,76,50,70,70,70,76,50],"gold":52,"neow_bonus":"THREE_ENEMY_KILL","is_daily":false,"chose_seed":false,"campfire_upgraded":9,"win_rate":0.0,"timestamp":1613794980,"path_taken":["M","M","?","?","?","R","E","R","T","E","R","M","?","?","R","BOSS","M","?","M","?","?","E","M","E","T","?","R","$","E","M","R","BOSS","M","?","M","$","M","E","R","?","T","M","R","E","?","E","R","BOSS","R","$","E","BOSS"],"items_purchased_type":["Card","Card","Relic","Card","Card","Card","Card"],"build_version":"2020-12-22","purchased_purges":1,"victory":true,"max_hp_per_floor":[57,57,57,57,57,57,57,57,71,71,71,71,71,71,71,71,71,71,71,76,76,76,76,76,76,76,76,76,76,76,76,76,76,76,76,76,76,76,76,76,76,76,76,76,76,76,76,76,76,76,76,76,76,76,76],"card_choices":[{"not_picked":["Koishi:RacingHeart","Koishi:CatchAndRose"],"picked":"Koishi:StingingMind","floor":1},{"not_picked":["Koishi:Jaunt","Koishi:SubconsciousSweep"],"picked":"Koishi:DreadfulBlow","floor":2},{"not_picked":["Koishi:StingingMind","Koishi:FidgetySnatcher"],"picked":"Koishi:MindNumbingTerror","floor":7},{"not_picked":["Koishi:Whimsy","Koishi:Possession"],"picked":"Koishi:DreadfulBlow","floor":10},{"not_picked":["Koishi:FreudianInstinct","Koishi:DNAsFlaw","Koishi:ReflexRadar"],"picked":"SKIP","floor":12},{"not_picked":["Koishi:IdleWhim","Koishi:EmbryosDream"],"picked":"Koishi:DanmakuParanoia","floor":14},{"not_picked":["Koishi:MentalBreakdown","Koishi:RuptureMind"],"picked":"Koishi:HeartStoppingHorror","floor":16},{"not_picked":["Koishi:FourthEye+1","Koishi:UnansweredLove"],"picked":"Koishi:DreadfulBlow","floor":18},{"not_picked":["Koishi:PhantomStrike+1","Koishi:SprinkleStarAndHeart"],"picked":"Koishi:ParalyzingFear","floor":20},{"not_picked":["Koishi:Jaunt","Koishi:CatchAndRose"],"picked":"Koishi:JumpScare","floor":21},{"not_picked":["Koishi:ReleaseOfTheId","Koishi:FourthEye","Koishi:UnconsciousUrges"],"picked":"SKIP","floor":23},{"not_picked":["Koishi:DreadfulBlow+1","Koishi:UnconsciousUrges+1"],"picked":"Koishi:StingingMind+1","floor":24},{"not_picked":["Koishi:DreadfulBlow","Koishi:FleetingPhantom+1"],"picked":"Koishi:DanmakuParanoia","floor":25},{"not_picked":["Koishi:SubconsciousSweep","Koishi:CatchAndRose"],"picked":"Koishi:ParalyzingFear","floor":27},{"not_picked":["Koishi:Ego","Koishi:Jaunt"],"picked":"Koishi:StingingMind","floor":30},{"not_picked":["Koishi:UnconsciousUprising","Koishi:UnansweredLove"],"picked":"Koishi:StingingMind","floor":31},{"not_picked":["Koishi:FadingMemory","Koishi:Ego"],"picked":"Koishi:RoseHell","floor":33},{"not_picked":["Koishi:HeartfeltFancy","Koishi:SpiritedAway"],"picked":"Koishi:RacingHeart+1","floor":35},{"not_picked":["PanicButton","Dramatic Entrance"],"picked":"Finesse","floor":36},{"not_picked":["Koishi:StrangeCloudFist","Koishi:DNAsFlaw"],"picked":"Koishi:BloodcurdlingScream+1","floor":37},{"not_picked":["Koishi:UnansweredLove","Koishi:PhantomStrike"],"picked":"Koishi:DreadfulBlow+1","floor":39},{"not_picked":["Koishi:DreadfulBlow","Koishi:DNAsFlaw"],"picked":"Koishi:JumpScare","floor":40},{"not_picked":["Koishi:PhantomStrike+1","Koishi:CatchAndRose","Koishi:GhostParty"],"picked":"SKIP","floor":44},{"not_picked":["Koishi:LastRemote+1","Koishi:FourthEye"],"picked":"Koishi:DanmakuParanoia","floor":46},{"not_picked":["Koishi:LastRemote","Koishi:EmbersOfLove","Koishi:StrangeCloudFist"],"picked":"SKIP","floor":48},{"not_picked":["Koishi:CatchAndRose+1","Koishi:SprinkleStarAndHeart"],"picked":"Koishi:DreadfulBlow","floor":54}],"player_experience":279697,"relics_obtained":[{"floor":7,"key":"Meat on the Bone"},{"floor":9,"key":"Mango"},{"floor":10,"key":"White Beast Statue"},{"floor":14,"key":"Art of War"},{"floor":23,"key":"Kunai"},{"floor":25,"key":"Lantern"},{"floor":26,"key":"Turnip"},{"floor":27,"key":"StoneCalendar"},{"floor":27,"key":"Matryoshka"},{"floor":30,"key":"Letter Opener"},{"floor":40,"key":"Du-Vu Doll"},{"floor":43,"key":"Omamori"},{"floor":46,"key":"Unceasing Top"},{"floor":48,"key":"Koishi:BloodstainedWhiteRose"},{"floor":54,"key":"Thread and Needle"}],"event_choices":[{"damage_healed":0,"gold_gain":0,"cards_transformed":["Koishi:BasicStrike"],"player_choice":"Transformed","damage_taken":0,"max_hp_gain":0,"max_hp_loss":0,"event_name":"Transmorgrifier","floor":3,"gold_loss":0,"cards_obtained":["Koishi:EmbryosDream"]},{"cards_removed":["Koishi:BasicStrike"],"damage_healed":0,"gold_gain":0,"player_choice":"Card Removal","damage_taken":7,"max_hp_gain":0,"max_hp_loss":0,"event_name":"Golden Wing","floor":5,"gold_loss":0},{"damage_healed":0,"gold_gain":0,"player_choice":"Ignored","damage_taken":0,"max_hp_gain":0,"max_hp_loss":0,"event_name":"Liars Game","floor":13,"gold_loss":0},{"damage_healed":0,"gold_gain":0,"player_choice":"Searched \u00271\u0027 times","damage_taken":0,"max_hp_gain":0,"max_hp_loss":0,"event_name":"Dead Adventurer","floor":14,"gold_loss":0},{"damage_healed":0,"gold_gain":0,"player_choice":"Gave Potion","damage_taken":0,"relics_obtained":["Pocketwatch"],"max_hp_gain":0,"max_hp_loss":0,"event_name":"WeMeetAgain","floor":19,"gold_loss":0},{"damage_healed":0,"gold_gain":0,"player_choice":"Ignored","damage_taken":0,"max_hp_gain":0,"max_hp_loss":0,"event_name":"Ghosts","floor":22,"gold_loss":0},{"damage_healed":0,"gold_gain":0,"player_choice":"Fight","damage_taken":0,"max_hp_gain":0,"max_hp_loss":0,"event_name":"Colosseum","floor":27,"gold_loss":0},{"damage_healed":0,"gold_gain":0,"player_choice":"Fled From Nobs","damage_taken":0,"max_hp_gain":0,"max_hp_loss":0,"event_name":"Colosseum","floor":27,"gold_loss":0},{"damage_healed":0,"gold_gain":0,"player_choice":"Fought Nobs","damage_taken":0,"max_hp_gain":0,"max_hp_loss":0,"event_name":"Colosseum","floor":27,"gold_loss":0},{"damage_healed":0,"gold_gain":0,"player_choice":"Memory 1","damage_taken":0,"max_hp_gain":0,"max_hp_loss":0,"event_name":"SensoryStone","floor":36,"gold_loss":0},{"damage_healed":0,"gold_gain":0,"player_choice":"Paid","damage_taken":0,"relics_obtained":["Red Mask"],"max_hp_gain":0,"max_hp_loss":0,"event_name":"Tomb of Lord Red Mask","floor":42,"gold_loss":127},{"damage_healed":0,"gold_gain":0,"player_choice":"Embrace Madness","damage_taken":14,"max_hp_gain":0,"max_hp_loss":0,"event_name":"Winding Halls","floor":47,"gold_loss":0,"cards_obtained":["Madness","Madness"]}],"is_beta":false,"boss_relics":[{"not_picked":["Calling Bell","Busted Crown"],"picked":"Runic Dome"},{"not_picked":["Empty Cage","Snecko Eye"],"picked":"Koishi:ColorfulDays"}],"items_purged_floors":[29],"is_endless":false,"potions_floor_spawned":[2,12,14,16,18,20,21,23,24,25,27,27,30,31,33,35,37,39,40,44,46,48,54],"ascension_level":17}}