{"host":"8d3fefv2347kqkpz","time":1613787464,"event":{"mods":["AchievementEnabler","BaseMod","Better Vampires","BetterRewards","Colored Map","Colored Powertips","Downfall","Emptier Cage","Highlight Path","Marked Mod","Minty Spire (QoL Compilation)","Permanent Neow","Quick Restart","Rare Cards Sparkle","Relic Stats","Say the Spire","Spicy Shops","StSLib","Waifu the Spire"],"gold_per_floor":[111,123,141,159,177,212,225,225,278,308,334,349,85,85,85,181,181,195,206,224,323,336,369,386,386,386,420,440,451,551,570,570,671,671,688,74,90,110,130,130,165,165,213,230,245,279,329,356,356,356,356,356,59,90,90],"floor_reached":56,"language":"ZHS","playtime":3708,"items_purged":["Strike_G","Defend_G","Defend_G","Defend_G"],"score":1447,"play_id":"cc23c140-5f80-4059-b836-8e5dc8b66772","local_time":"20210220101744","is_ascension_mode":false,"campfire_choices":[{"floor":8.0,"key":"REST"},{"floor":15.0,"key":"REST"},{"floor":25,"key":"REST"},{"floor":32,"key":"REST"},{"data":"Apotheosis","floor":40,"key":"SMITH"},{"floor":49,"key":"RECALL"},{"data":"Adrenaline","floor":52,"key":"SMITH"}],"circlet_count":0,"master_deck":["Defend_G","Survivor","Neutralize","Corpse Explosion","Well Laid Plans","Terror","Noxious Fumes","Backstab","Acrobatics","Noxious Fumes","Apotheosis+1","Adrenaline","Tactician","Deflect+1","Tactician+1","Wraith Form v2","Adrenaline+1","Reflex","Acrobatics+1","Masterful Stab+1"],"relics":["Ring of the Snake","Pear","Regal Pillow","Odd Mushroom","SacredBark","Singing Bowl","Boot","Strawberry","Empty Cage","DollysMirror","Bag of Preparation","Akabeko","CeramicFish","Paper Crane","Ginger","InkBottle","Vajra","Eternal Feather"],"acts_visited":["Exordium","TheCity","TheBeyond","TheEnding"],"potions_floor_usage":[16,18,27,35,55],"damage_taken":[{"damage":0.0,"enemies":"2 Louse","floor":1.0,"turns":2.0},{"damage":7.0,"enemies":"Small Slimes","floor":2.0,"turns":4.0},{"damage":0.0,"enemies":"Cultist","floor":3.0,"turns":3.0},{"damage":8.0,"enemies":"Exordium Wildlife","floor":4.0,"turns":4.0},{"damage":1.0,"enemies":"3 Louse","floor":5.0,"turns":3.0},{"damage":34.0,"enemies":"Lagavulin","floor":6.0,"turns":7.0},{"damage":16.0,"enemies":"2 Fungi Beasts","floor":7.0,"turns":4.0},{"damage":23.0,"enemies":"Gremlin Nob","floor":10.0,"turns":5.0},{"damage":0.0,"enemies":"The Mushroom Lair","floor":11.0,"turns":2.0},{"damage":8.0,"enemies":"Exordium Thugs","floor":12.0,"turns":5.0},{"damage":41,"enemies":"Slime Boss","floor":16,"turns":9},{"damage":19,"enemies":"3 Byrds","floor":18,"turns":4},{"damage":0,"enemies":"Shell Parasite","floor":19,"turns":6},{"damage":1,"enemies":"Centurion and Healer","floor":20,"turns":6},{"damage":7,"enemies":"Cultist and Chosen","floor":22,"turns":5},{"damage":20,"enemies":"Gremlin Leader","floor":23,"turns":7},{"damage":12,"enemies":"Snecko","floor":24,"turns":6},{"damage":13,"enemies":"Slavers","floor":27,"turns":5},{"damage":12,"enemies":"Centurion and Healer","floor":28,"turns":5},{"damage":4,"enemies":"Chosen and Byrds","floor":29,"turns":7},{"damage":13,"enemies":"Snake Plant","floor":31,"turns":5},{"damage":29,"enemies":"Automaton","floor":33,"turns":11},{"damage":18,"enemies":"Orb Walker","floor":35,"turns":4},{"damage":0,"enemies":"3 Shapes","floor":37,"turns":3},{"damage":0,"enemies":"Writhing Mass","floor":38,"turns":5},{"damage":0,"enemies":"Sphere and 2 Shapes","floor":39,"turns":2},{"damage":26,"enemies":"Nemesis","floor":41,"turns":7},{"damage":0,"enemies":"Transient","floor":44,"turns":5},{"damage":0,"enemies":"4 Shapes","floor":45,"turns":2},{"damage":0,"enemies":"Reptomancer","floor":46,"turns":2},{"damage":0,"enemies":"Mind Bloom Boss Battle","floor":47,"turns":1},{"damage":0,"enemies":"Giant Head","floor":48,"turns":5},{"damage":0,"enemies":"Awakened One","floor":50,"turns":4},{"damage":10,"enemies":"Shield and Spear","floor":54,"turns":5},{"damage":77,"enemies":"The Heart","floor":55,"turns":11}],"seed_played":"-1546668407159456883","potions_obtained":[{"floor":3.0,"key":"EntropicBrew"},{"floor":6.0,"key":"Fire Potion"},{"floor":10.0,"key":"Weak Potion"},{"floor":12.0,"key":"Fire Potion"},{"floor":16,"key":"Explosive Potion"},{"floor":19,"key":"Ancient Potion"},{"floor":24,"key":"Block Potion"},{"floor":27,"key":"AttackPotion"},{"floor":28,"key":"SpeedPotion"},{"floor":39,"key":"Energy Potion"}],"is_trial":false,"path_per_floor":["M","M","M","M","M","E","M","R","T","E","?","M","$","?","R","B",null,"M","M","M","?","M","E","M","R","T","E","M","M","?","M","R","B",null,"M","$","M","M","M","R","E","?","T","M","M","E","?","E","R","B",null,"R","$","E","B",null],"character_chosen":"THE_SILENT","items_purchased":["Apotheosis","DollysMirror","Bag of Preparation","Reflex","Vajra"],"campfire_rested":4,"item_purchase_floors":[13,36,36,36,53],"current_hp_per_floor":[70,63,63,55,54,30,14,38,38,15,15,7,7,7,46,5,80,61,61,60,60,53,35,25,65,65,59,47,45,45,34,77,50,97,81,81,81,81,83,83,59,59,59,61,63,65,67,69,69,69,113,113,113,105,28],"gold":90,"neow_bonus":"TRANSFORM_CARD","is_daily":false,"chose_seed":false,"campfire_upgraded":2,"win_rate":0.0,"timestamp":1613787464,"path_taken":["M","M","M","M","M","E","M","R","T","E","?","M","$","?","R","BOSS","M","M","M","?","M","E","M","R","T","E","M","M","?","?","R","BOSS","M","$","M","M","M","R","E","?","T","M","M","E","?","E","R","BOSS","R","$","E","BOSS"],"items_purchased_type":["Card","Relic","Relic","Card","Relic"],"build_version":"2020-12-22","purchased_purges":4,"victory":true,"max_hp_per_floor":[70,70,70,70,70,80,80,80,80,80,80,80,80,80,80,80,80,80,80,80,80,80,82,84,84,84,91,91,93,93,95,95,97,97,99,99,99,99,101,101,103,103,103,105,107,109,111,113,113,113,113,113,113,115,115],"relic_stats":{"Regal Pillow":45,"Singing Bowl":28,"counters":[35,171],"CeramicFish":0,"Eternal Feather":0,"Bag of Preparation":[24],"Ginger":[4],"Boot":[70],"obtain_stats":[{"Regal Pillow":10,"Pear":6,"Singing Bowl":23,"SacredBark":17,"CeramicFish":43,"Vajra":53,"Eternal Feather":54,"Bag of Preparation":36,"Ginger":47,"Odd Mushroom":11,"Paper Crane":46,"Boot":26,"Empty Cage":34,"Akabeko":41,"DollysMirror":36,"Strawberry":27,"InkBottle":48,"Ring of the Snake":0},{"Regal Pillow":8,"Pear":6,"Singing Bowl":16,"SacredBark":11,"CeramicFish":27,"Vajra":33,"Eternal Feather":34,"Bag of Preparation":23,"Ginger":31,"Odd Mushroom":9,"Paper Crane":30,"Boot":17,"Empty Cage":22,"Akabeko":27,"DollysMirror":23,"Strawberry":18,"InkBottle":32,"Ring of the Snake":0},{"Regal Pillow":32,"Pear":23,"Singing Bowl":76,"SacredBark":48,"CeramicFish":136,"Vajra":155,"Eternal Feather":160,"Bag of Preparation":119,"Ginger":146,"Odd Mushroom":34,"Paper Crane":145,"Boot":82,"Empty Cage":115,"Akabeko":136,"DollysMirror":119,"Strawberry":87,"InkBottle":151,"Ring of the Snake":0}],"InkBottle":[26],"Ring of the Snake":[70]},"card_choices":[{"not_picked":["Deflect","Dagger Throw"],"picked":"Well Laid Plans","floor":1.0},{"not_picked":["Quick Slash","Prepared"],"picked":"Terror","floor":2.0},{"not_picked":["Crippling Poison","Concentrate"],"picked":"Noxious Fumes","floor":3.0},{"not_picked":["Distraction","Slice"],"picked":"Backstab","floor":4.0},{"not_picked":["Sucker Punch","Endless Agony","Predator"],"picked":"SKIP","floor":5.0},{"not_picked":["Burst","Heel Hook","Reflex"],"picked":"SKIP","floor":6.0},{"not_picked":["Eviscerate","Slice","Dagger Throw"],"picked":"SKIP","floor":7.0},{"not_picked":["Dagger Throw","Blade Dance","Underhanded Strike"],"picked":"SKIP","floor":10.0},{"not_picked":["Blur","Dash"],"picked":"Acrobatics","floor":11.0},{"not_picked":["Expertise","Cloak And Dagger"],"picked":"Noxious Fumes","floor":12.0},{"not_picked":["Glass Knife","Unload"],"picked":"Adrenaline","floor":16},{"not_picked":["Acrobatics+1","Backflip","Dash"],"picked":"SKIP","floor":18},{"not_picked":["Dodge and Roll","Masterful Stab"],"picked":"Tactician","floor":19},{"not_picked":["Crippling Poison+1","PiercingWail"],"picked":"Deflect+1","floor":20},{"not_picked":["Crippling Poison","Well Laid Plans","Dodge and Roll+1"],"picked":"SKIP","floor":22},{"not_picked":["Cloak And Dagger","Dash+1","Slice+1"],"picked":"Singing Bowl","floor":23},{"not_picked":["Sucker Punch","Choke","Blade Dance+1"],"picked":"Singing Bowl","floor":24},{"not_picked":["Prepared+1","Flechettes"],"picked":"Tactician+1","floor":27},{"not_picked":["Poisoned Stab","Dodge and Roll"],"picked":"Wraith Form v2","floor":28},{"not_picked":["Dodge and Roll","Accuracy+1","Heel Hook"],"picked":"Singing Bowl","floor":29},{"not_picked":["Deadly Poison","Catalyst","Flying Knee"],"picked":"Singing Bowl","floor":31},{"not_picked":["Doppelganger","Glass Knife","Phantasmal Killer"],"picked":"Singing Bowl","floor":33},{"not_picked":["Dodge and Roll+1","Bane","Dash"],"picked":"Singing Bowl","floor":35},{"not_picked":["Dagger Spray","Cloak And Dagger+1"],"picked":"Acrobatics+1","floor":37},{"not_picked":["Backflip+1","Quick Slash+1"],"picked":"Masterful Stab+1","floor":38},{"not_picked":["Grand Finale","Prepared+1","Blade Dance+1"],"picked":"Singing Bowl","floor":39},{"not_picked":["Predator","Grand Finale","Flechettes+1"],"picked":"Singing Bowl","floor":41},{"not_picked":["Crippling Poison","Caltrops","Deflect"],"picked":"Singing Bowl","floor":44},{"not_picked":["Dagger Spray","Leg Sweep+1","Poisoned Stab+1"],"picked":"Singing Bowl","floor":45},{"not_picked":["Backflip+1","Deadly Poison","Deflect"],"picked":"Singing Bowl","floor":46},{"not_picked":["All Out Attack","Bane+1","Quick Slash"],"picked":"Singing Bowl","floor":47},{"not_picked":["Phantasmal Killer","Blade Dance","Masterful Stab+1"],"picked":"Singing Bowl","floor":48},{"not_picked":["Footwork+1","Crippling Poison+1","Quick Slash+1"],"picked":"Singing Bowl","floor":54}],"player_experience":485603,"relics_obtained":[{"floor":6.0,"key":"Pear"},{"floor":10.0,"key":"Regal Pillow"},{"floor":11.0,"key":"Odd Mushroom"},{"floor":23,"key":"Singing Bowl"},{"floor":26,"key":"Boot"},{"floor":27,"key":"Strawberry"},{"floor":41,"key":"Akabeko"},{"floor":43,"key":"CeramicFish"},{"floor":46,"key":"Paper Crane"},{"floor":47,"key":"Ginger"},{"floor":48,"key":"InkBottle"},{"floor":54,"key":"Eternal Feather"}],"event_choices":[{"damage_healed":0.0,"max_hp_gain":0.0,"max_hp_loss":0.0,"gold_gain":0.0,"event_name":"Mushrooms","player_choice":"Fought Mushrooms","floor":11.0,"gold_loss":0.0,"damage_taken":0.0},{"damage_healed":0.0,"max_hp_gain":0.0,"max_hp_loss":0.0,"gold_gain":0.0,"event_name":"Golden Idol","player_choice":"Ignored","floor":14.0,"gold_loss":0.0,"damage_taken":0.0},{"damage_healed":0,"gold_gain":99,"player_choice":"Stole From Cult","damage_taken":0,"max_hp_gain":0,"max_hp_loss":0,"event_name":"Nest","floor":21,"gold_loss":0},{"damage_healed":0,"gold_gain":100,"player_choice":"Pray","damage_taken":0,"max_hp_gain":0,"max_hp_loss":0,"event_name":"Golden Shrine","floor":30,"gold_loss":0},{"cards_removed":["Strike_G"],"damage_healed":0,"gold_gain":0,"player_choice":"Removed Attack","damage_taken":0,"max_hp_gain":0,"max_hp_loss":0,"event_name":"Falling","floor":42,"gold_loss":0},{"damage_healed":0,"gold_gain":0,"player_choice":"Fight","damage_taken":0,"max_hp_gain":0,"max_hp_loss":0,"event_name":"MindBloom","floor":47,"gold_loss":0}],"is_beta":false,"boss_relics":[{"not_picked":["Ectoplasm","Cursed Key"],"picked":"SacredBark"},{"not_picked":["HoveringKite","WristBlade"],"picked":"Empty Cage"}],"items_purged_floors":[13,36,36,53],"is_endless":false,"potions_floor_spawned":[3,6,10,12,16,19,24,27,28,39,41,46,48],"ascension_level":0}}