{"host":"4rvakrj1idbgia3f","time":1613823217,"event":{"mods":["BaseMod","Colored Map","Colored Powertips","DeckTracker","Highlight Path","Minty Spire (QoL Compilation)","Random Character Button","StSLib"],"gold_per_floor":[116,128,146,146,221,221,254,254,254,278,294,312,237,237,237,237,237],"floor_reached":16,"language":"JPN","playtime":523,"items_purged":[],"score":204,"play_id":"05cf115e-33a0-4f4b-8129-81f46a59f8c8","local_time":"20210220211337","is_ascension_mode":true,"campfire_choices":[{"data":"Dash","floor":6,"key":"SMITH"},{"floor":8,"key":"REST"},{"data":"After Image","floor":15,"key":"SMITH"}],"circlet_count":0,"master_deck":["AscendersBane","Strike_G","Strike_G","Strike_G","Strike_G","Strike_G","Defend_G","Defend_G","Defend_G","Defend_G","Survivor","Neutralize","After Image+1","Dash+1","Blur","Footwork","All Out Attack","Adrenaline","Blade Dance","Dagger Throw"],"relics":["Ring of the Snake","Golden Idol","Bird Faced Urn","StrikeDummy"],"acts_visited":["Exordium"],"potions_floor_usage":[7,7,16],"damage_taken":[{"damage":0,"enemies":"Cultist","floor":1,"turns":4},{"damage":10,"enemies":"Jaw Worm","floor":2,"turns":9},{"damage":0,"enemies":"2 Louse","floor":3,"turns":4},{"damage":37,"enemies":"Gremlin Nob","floor":7,"turns":6},{"damage":7,"enemies":"2 Fungi Beasts","floor":10,"turns":4},{"damage":9,"enemies":"Large Slime","floor":11,"turns":8},{"damage":5,"enemies":"3 Louse","floor":12,"turns":3},{"damage":35,"enemies":"Hexaghost","floor":16,"turns":12}],"seed_played":"-6876862257271541693","potions_obtained":[{"floor":1,"key":"Regen Potion"},{"floor":3,"key":"EssenceOfSteel"},{"floor":11,"key":"SmokeBomb"},{"floor":12,"key":"Explosive Potion"}],"is_trial":false,"path_per_floor":["M","M","M","?","?","R","E","R","T","M","M","M","?","?","R","B"],"character_chosen":"THE_SILENT","items_purchased":[],"campfire_rested":1,"item_purchase_floors":[],"current_hp_per_floor":[44,34,34,34,23,23,1,19,19,16,11,10,10,30,30,0,0],"gold":237,"neow_bonus":"THREE_RARE_CARDS","is_daily":false,"chose_seed":false,"campfire_upgraded":2,"win_rate":0.0,"timestamp":1613823217,"path_taken":["M","M","?","?","?","R","E","R","T","M","M","M","?","?","R","BOSS"],"items_purchased_type":[],"build_version":"2020-12-22","purchased_purges":0,"victory":false,"max_hp_per_floor":[66,66,66,60,60,60,60,60,60,60,60,60,60,60,60,60,60],"card_choices":[{"not_picked":["Malaise","Die Die Die"],"picked":"After Image","floor":0},{"not_picked":["Catalyst","Flying Knee"],"picked":"Dash","floor":1},{"not_picked":["Outmaneuver","Acrobatics"],"picked":"Blur","floor":2},{"not_picked":["Outmaneuver","Caltrops"],"picked":"Footwork","floor":3},{"not_picked":["Flying Knee","Acrobatics"],"picked":"All Out Attack","floor":7},{"not_picked":["Dagger Throw","Acrobatics"],"picked":"Adrenaline","floor":10},{"not_picked":["Masterful Stab","Dagger Spray"],"picked":"Blade Dance","floor":11},{"not_picked":["Outmaneuver","Choke"],"picked":"Dagger Throw","floor":12}],"player_experience":2459282,"relics_obtained":[{"floor":7,"key":"Bird Faced Urn"},{"floor":9,"key":"StrikeDummy"}],"event_choices":[{"damage_healed":0,"gold_gain":0,"player_choice":"Lose Max HP","damage_taken":0,"relics_obtained":["Golden Idol"],"max_hp_gain":0,"max_hp_loss":6,"event_name":"Golden Idol","floor":4,"gold_loss":0},{"damage_healed":0,"gold_gain":75,"player_choice":"Gather Gold","damage_taken":11,"max_hp_gain":0,"max_hp_loss":0,"event_name":"World of Goop","floor":5,"gold_loss":0},{"cards_removed":["Defend_G"],"damage_healed":0,"gold_gain":0,"player_choice":"Card Removal","damage_taken":0,"max_hp_gain":0,"max_hp_loss":0,"event_name":"The Cleric","floor":13,"gold_loss":75},{"damage_healed":20,"gold_gain":0,"player_choice":"Banana","damage_taken":0,"max_hp_gain":0,"max_hp_loss":0,"event_name":"Big Fish","floor":14,"gold_loss":0}],"is_beta":false,"boss_relics":[],"items_purged_floors":[],"is_endless":false,"potions_floor_spawned":[1,3,11,12],"killed_by":"Hexaghost","ascension_level":20}}