{"host":"2e3z4r48quhw80cc","time":1613846820,"event":{"mods":["BaseMod","Minty Spire (QoL Compilation)","Quick Restart","StSLib","SuperFastMode"],"gold_per_floor":[117,136,21,21,21,21,50,50,74,74,90,101,121,146,146,244,244,257,257,289,289,299,330,330,342,342,342,342,91,103,116,116,214,214,228,244,257,257,274,274,284,318,345,356,410,410,33,33,33,33],"floor_reached":51,"language":"KOR","playtime":1969,"items_purged":["Strike_B"],"score":1266,"play_id":"69878a48-0a01-4467-8d1e-0397a55fb02b","local_time":"20210221034700","is_ascension_mode":true,"campfire_choices":[{"data":"Self Repair","floor":6.0,"key":"SMITH"},{"data":"Dualcast","floor":8.0,"key":"SMITH"},{"data":"Sweeping Beam","floor":10.0,"key":"SMITH"},{"data":"Tempest","floor":15.0,"key":"SMITH"},{"data":"Biased Cognition","floor":24.0,"key":"SMITH"},{"data":"Recycle","floor":32.0,"key":"SMITH"},{"data":"Buffer","floor":40.0,"key":"SMITH"},{"data":"Coolheaded","floor":46.0,"key":"SMITH"},{"data":"Go for the Eyes","floor":49.0,"key":"SMITH"}],"circlet_count":0,"master_deck":["AscendersBane","Strike_B+1","Strike_B+1","Defend_B","Zap+1","Dualcast+1","Tempest+1","Sweeping Beam+1","Self Repair+1","Coolheaded+1","Force Field","Leap","Core Surge","Double Energy+1","Skim+1","Chill+1","Conserve Battery","Biased Cognition+1","Lockon+1","Heatsinks","Recycle+1","Buffer+1","Undo","Go for the Eyes+1","Capacitor"],"relics":["Cracked Core","NeowsBlessing","Tiny Chest","Whetstone","Shuriken","Astrolabe","Red Mask","Singing Bowl","Symbiotic Virus","Bottled Flame","White Beast Statue","Busted Crown","Ornamental Fan","Blood Vial","Omamori","Lantern","Oddly Smooth Stone","Lee\u0027s Waffle"],"acts_visited":["Exordium","TheCity","TheBeyond"],"potions_floor_usage":[50],"damage_taken":[{"damage":0.0,"enemies":"Jaw Worm","floor":1.0,"turns":1.0},{"damage":0.0,"enemies":"Cultist","floor":2.0,"turns":1.0},{"damage":0.0,"enemies":"3 Sentries","floor":7.0,"turns":1.0},{"damage":0.0,"enemies":"2 Louse","floor":11.0,"turns":1.0},{"damage":0.0,"enemies":"Exordium Wildlife","floor":12.0,"turns":2.0},{"damage":0.0,"enemies":"3 Louse","floor":13.0,"turns":3.0},{"damage":35.0,"enemies":"Gremlin Nob","floor":14.0,"turns":4.0},{"damage":13.0,"enemies":"The Guardian","floor":16.0,"turns":13.0},{"damage":18.0,"enemies":"2 Thieves","floor":18.0,"turns":4.0},{"damage":19.0,"enemies":"Masked Bandits","floor":20.0,"turns":4.0},{"damage":0.0,"enemies":"Spheric Guardian","floor":22.0,"turns":3.0},{"damage":35.0,"enemies":"Book of Stabbing","floor":23.0,"turns":6.0},{"damage":29.0,"enemies":"Cultist and Chosen","floor":25.0,"turns":7.0},{"damage":4.0,"enemies":"Snecko","floor":30.0,"turns":4.0},{"damage":3.0,"enemies":"Centurion and Healer","floor":31.0,"turns":6.0},{"damage":38.0,"enemies":"Champ","floor":33.0,"turns":9.0},{"damage":16.0,"enemies":"3 Darklings","floor":35.0,"turns":5.0},{"damage":11.0,"enemies":"Orb Walker","floor":36.0,"turns":4.0},{"damage":14.0,"enemies":"Maw","floor":37.0,"turns":8.0},{"damage":0.0,"enemies":"Jaw Worm Horde","floor":39.0,"turns":4.0},{"damage":6.0,"enemies":"Spire Growth","floor":41.0,"turns":5.0},{"damage":6.0,"enemies":"Nemesis","floor":42.0,"turns":7.0},{"damage":22.0,"enemies":"Writhing Mass","floor":44.0,"turns":5.0},{"damage":111,"enemies":"Time Eater","floor":50,"turns":16}],"seed_played":"346096549041607615","potions_obtained":[{"floor":11.0,"key":"Regen Potion"},{"floor":14.0,"key":"SkillPotion"},{"floor":22.0,"key":"Dexterity Potion"},{"floor":25.0,"key":"LiquidMemories"},{"floor":31.0,"key":"FocusPotion"},{"floor":33.0,"key":"Block Potion"},{"floor":35.0,"key":"SteroidPotion"},{"floor":36.0,"key":"GamblersBrew"},{"floor":37.0,"key":"SpeedPotion"},{"floor":41.0,"key":"FairyPotion"}],"is_trial":false,"path_per_floor":["M","M","$","?","$","R","E","R","T","R","M","M","M","E","R","B",null,"M","?","?","T","M","E","R","M","T","?","?","$","M","M","R","B",null,"M","M","M","T","M","R","M","E","T","M","T","R","$","?","R","B",null],"character_chosen":"DEFECT","items_purchased":["Self Repair","White Beast Statue","Capacitor","Oddly Smooth Stone","Lee\u0027s Waffle"],"campfire_rested":0,"item_purchase_floors":[3,29,47,47,47],"current_hp_per_floor":[68,68,68,68,68,68,68,68,68,68,75,75,75,50,50,47,68,60,60,63,63,73,48,48,29,29,29,29,29,35,44,44,16,62,58,59,55,55,67,67,71,77,77,69,69,69,94,94,94,23],"gold":33,"neow_bonus":"THREE_ENEMY_KILL","is_daily":false,"chose_seed":false,"campfire_upgraded":9,"win_rate":0.0,"timestamp":1613846820,"path_taken":["M","M","$","?","?","R","E","R","T","R","M","M","?","E","R","BOSS","M","?","?","?","M","E","R","M","T","?","?","$","M","?","R","BOSS","M","M","M","?","M","R","?","E","T","?","?","R","$","?","R","BOSS"],"items_purchased_type":["Card","Relic","Card","Relic","Relic"],"build_version":"2020-12-22","purchased_purges":1,"victory":true,"max_hp_per_floor":[75,75,75,75,75,75,75,75,75,75,75,75,75,75,75,75,75,75,75,75,75,75,75,75,75,75,75,75,75,75,77,77,77,77,79,81,81,81,83,83,83,85,85,87,87,87,94,94,94,94],"card_choices":[{"not_picked":["Turbo","Aggregate"],"picked":"Tempest","floor":1.0},{"not_picked":["Beam Cell","Hologram"],"picked":"Sweeping Beam","floor":2.0},{"not_picked":["Turbo","Hyperbeam","Barrage"],"picked":"SKIP","floor":7.0},{"not_picked":["Streamline","Gash"],"picked":"Coolheaded","floor":11.0},{"not_picked":["Coolheaded","Streamline"],"picked":"Force Field","floor":12.0},{"not_picked":["Reprogram","Hello World","Aggregate"],"picked":"SKIP","floor":13.0},{"not_picked":["Doom and Gloom","Rebound"],"picked":"Leap","floor":14.0},{"not_picked":["All For One","Fission"],"picked":"Core Surge","floor":16.0},{"not_picked":["Go for the Eyes","Beam Cell","Rebound"],"picked":"SKIP","floor":18.0},{"not_picked":["Streamline+1","Steam Power"],"picked":"Conserve Battery","floor":20.0},{"not_picked":["Hologram","Steam"],"picked":"Biased Cognition","floor":22.0},{"not_picked":["Undo","Sweeping Beam"],"picked":"Lockon+1","floor":23.0},{"not_picked":["Gash","Genetic Algorithm"],"picked":"Heatsinks","floor":25.0},{"not_picked":["Reprogram","Stack"],"picked":"Recycle","floor":30.0},{"not_picked":["Turbo","Leap","Force Field"],"picked":"Singing Bowl","floor":31.0},{"not_picked":["Biased Cognition","Thunder Strike"],"picked":"Buffer","floor":33.0},{"not_picked":["Redo"],"picked":"Singing Bowl","floor":35.0},{"not_picked":["Double Energy"],"picked":"Singing Bowl","floor":36.0},{"not_picked":[],"picked":"Undo","floor":37.0},{"not_picked":["Stack"],"picked":"Singing Bowl","floor":39.0},{"not_picked":[],"picked":"Go for the Eyes","floor":41.0},{"not_picked":["Streamline"],"picked":"Singing Bowl","floor":42.0},{"not_picked":["Compile Driver"],"picked":"Singing Bowl","floor":44.0}],"player_experience":203347,"relics_obtained":[{"floor":7.0,"key":"Tiny Chest"},{"floor":9.0,"key":"Whetstone"},{"floor":14.0,"key":"Shuriken"},{"floor":20.0,"key":"Red Mask"},{"floor":21.0,"key":"Singing Bowl"},{"floor":23.0,"key":"Symbiotic Virus"},{"floor":26.0,"key":"Bottled Flame"},{"floor":38.0,"key":"Ornamental Fan"},{"floor":42.0,"key":"Blood Vial"},{"floor":43.0,"key":"Omamori"},{"floor":45.0,"key":"Lantern"}],"event_choices":[{"damage_healed":0.0,"max_hp_gain":0.0,"max_hp_loss":0.0,"gold_gain":0.0,"event_name":"Upgrade Shrine","player_choice":"Upgraded","floor":4.0,"gold_loss":0.0,"damage_taken":0.0,"cards_upgraded":["Zap"]},{"damage_healed":0.0,"max_hp_gain":0.0,"max_hp_loss":0.0,"gold_gain":0.0,"event_name":"Ghosts","player_choice":"Ignored","floor":19.0,"gold_loss":0.0,"damage_taken":0.0},{"damage_healed":0.0,"max_hp_gain":0.0,"max_hp_loss":0.0,"gold_gain":0.0,"event_name":"Masked Bandits","player_choice":"Fought Bandits","floor":20.0,"gold_loss":0.0,"damage_taken":0.0},{"damage_healed":0.0,"max_hp_gain":0.0,"max_hp_loss":0.0,"gold_gain":0.0,"event_name":"Vampires","player_choice":"Ignored","floor":27.0,"gold_loss":0.0,"damage_taken":0.0},{"cards_removed":["Defend_B"],"damage_healed":0.0,"max_hp_gain":0.0,"max_hp_loss":0.0,"gold_gain":0.0,"event_name":"Purifier","player_choice":"Purged","floor":28.0,"gold_loss":0.0,"damage_taken":0.0},{"damage_healed":0.0,"max_hp_gain":0.0,"max_hp_loss":0.0,"gold_gain":0.0,"event_name":"SecretPortal","player_choice":"Ignored","floor":48.0,"gold_loss":0.0,"damage_taken":0.0}],"is_beta":false,"boss_relics":[{"not_picked":["FrozenCore","SlaversCollar"],"picked":"Astrolabe"},{"not_picked":["Pandora\u0027s Box","Velvet Choker"],"picked":"Busted Crown"}],"items_purged_floors":[3],"is_endless":false,"potions_floor_spawned":[11,14,16,22,25,30,31,33,35,36,37,39,41,42,44],"ascension_level":12}}