{"host":"lrlpjk0euiz9m2wl","time":1613822322,"event":{"mods":["AchievementEnabler","BaseMod","BetterRewards","Minty Spire (QoL Compilation)","StSLib"],"gold_per_floor":[114,114,132,57,82,82,106,106,184,184,224,224,224,240,240,240,240],"floor_reached":16,"language":"ENG","playtime":1883,"items_purged":["Injury"],"score":100,"play_id":"d9ea67c4-648b-4024-a9e4-2d7d7c67a612","local_time":"20210220125842","is_ascension_mode":false,"campfire_choices":[{"floor":6,"key":"RECALL"},{"floor":12,"key":"REST"},{"data":"Crescendo","floor":15,"key":"SMITH"}],"circlet_count":0,"master_deck":["Strike_P","Strike_P","Strike_P","Strike_P","Defend_P","Defend_P","Defend_P","Eruption","Vigilance","Adaptation","EmptyMind","Meditate+1","Crescendo+1","LessonLearned+1","JustLucky"],"relics":["PureWater","Golden Idol","Toxic Egg 2","Oddly Smooth Stone"],"acts_visited":["Exordium"],"potions_floor_usage":[],"damage_taken":[{"damage":0,"enemies":"Small Slimes","floor":1,"turns":3},{"damage":6,"enemies":"2 Louse","floor":3,"turns":2},{"damage":1,"enemies":"Cultist","floor":5,"turns":3},{"damage":7,"enemies":"Looter","floor":7,"turns":3},{"damage":37,"enemies":"3 Sentries","floor":11,"turns":12},{"damage":0,"enemies":"Large Slime","floor":14,"turns":3},{"damage":46,"enemies":"Slime Boss","floor":16,"turns":9}],"seed_played":"8269816555611809277","potions_obtained":[{"floor":1,"key":"FearPotion"},{"floor":5,"key":"LiquidMemories"}],"is_trial":false,"path_per_floor":["M","?","M","$","M","R","M","?","T","?","E","R","?","M","R","B"],"character_chosen":"WATCHER","items_purchased":[],"campfire_rested":1,"item_purchase_floors":[],"current_hp_per_floor":[67,67,61,61,60,60,53,46,46,51,14,35,35,35,35,0,0],"gold":240,"neow_bonus":"","is_daily":false,"chose_seed":false,"campfire_upgraded":1,"win_rate":0.0,"timestamp":1613822322,"path_taken":["M","?","M","$","M","R","M","?","T","?","E","R","?","M","R","BOSS"],"items_purchased_type":[],"build_version":"2020-12-22","purchased_purges":1,"victory":false,"max_hp_per_floor":[67,67,67,67,67,67,67,67,67,72,72,72,72,72,72,72,72],"card_choices":[{"not_picked":["EmptyBody","Consecrate"],"picked":"Adaptation","floor":1},{"not_picked":["WreathOfFlame","CrushJoints"],"picked":"EmptyMind","floor":3},{"not_picked":["Vengeance","ClearTheMind"],"picked":"Meditate","floor":5},{"not_picked":["SashWhip","Sanctity"],"picked":"Crescendo","floor":7},{"not_picked":["EmptyBody+1","LikeWater"],"picked":"LessonLearned","floor":11},{"not_picked":["Adaptation","Tantrum"],"picked":"JustLucky","floor":14}],"player_experience":100496,"relics_obtained":[{"floor":9,"key":"Toxic Egg 2"},{"floor":11,"key":"Oddly Smooth Stone"}],"event_choices":[{"damage_healed":0,"gold_gain":0,"player_choice":"Take Wound","damage_taken":0,"relics_obtained":["Golden Idol"],"max_hp_gain":0,"max_hp_loss":0,"event_name":"Golden Idol","floor":2,"gold_loss":0,"cards_obtained":["Injury"]},{"cards_removed":["Defend_P"],"damage_healed":0,"gold_gain":0,"player_choice":"Card Removal","damage_taken":7,"max_hp_gain":0,"max_hp_loss":0,"event_name":"Golden Wing","floor":8,"gold_loss":0},{"damage_healed":0,"gold_gain":0,"player_choice":"Donut","damage_taken":0,"max_hp_gain":5,"max_hp_loss":0,"event_name":"Big Fish","floor":10,"gold_loss":0},{"damage_healed":0,"gold_gain":0,"player_choice":"Forge","damage_taken":0,"max_hp_gain":0,"max_hp_loss":0,"event_name":"Accursed Blacksmith","floor":13,"gold_loss":0,"cards_upgraded":["LessonLearned"]}],"is_beta":false,"boss_relics":[],"items_purged_floors":[4],"is_endless":false,"potions_floor_spawned":[1,5],"killed_by":"Slime Boss","ascension_level":0}}