{"host":"x7btokbb0w2jhl7e","time":1613821247,"event":{"mods":["Act Like it!","BaseMod","Gensokyo","Marisa£®ÏF”Í°°ƒß¿Ì…≥£©","Minty Spire (QoL Compilation)","Quick Restart","StSLib","°æ“≈ŒÔø®≈∆°øREMEMod"],"gold_per_floor":[110,110,10,10,10,10,36,49,49,66,66,83,112,112,112,185,185,198,211,225,225,225,225],"floor_reached":22,"language":"ZHS","playtime":666,"items_purged":[],"score":568,"play_id":"bb63a70f-7b50-46a5-8ab8-5f645de88a6e","local_time":"20210220194047","is_ascension_mode":true,"campfire_choices":[{"data":"Apotheosis","floor":6.0,"key":"SMITH"},{"data":"Deadly Poison","floor":11.0,"key":"SMITH"},{"data":"Noxious Fumes","floor":15.0,"key":"SMITH"}],"circlet_count":0,"master_deck":["AscendersBane","Strike_G","Strike_G","Strike_G","Strike_G","Strike_G","Defend_G","Defend_G","Defend_G","Defend_G","Defend_G","Survivor","Apotheosis+1","Well Laid Plans","After Image","Deadly Poison+1","Skewer+1","Noxious Fumes+1","Corpse Explosion","Night Terror"],"relics":["Ring of the Snake","REME_ComplimentaryCards","NeowsBlessing","Mercury Hourglass","Molten Egg 2","Happy Flower","Boot","Tough Bandages","StoneCalendar","Coffee Dripper"],"acts_visited":["Gensokyo:Gensokyo","Gensokyo:Gensokyoer"],"potions_floor_usage":[22],"damage_taken":[{"damage":0.0,"enemies":"Gensokyo:2_Kodama","floor":1.0,"turns":1.0},{"damage":0.0,"enemies":"Gensokyo:Cirno","floor":7.0,"turns":2.0},{"damage":0.0,"enemies":"Gensokyo:Gryphon","floor":8.0,"turns":1.0},{"damage":0.0,"enemies":"Gensokyo:Python","floor":10.0,"turns":4.0},{"damage":0.0,"enemies":"Gensokyo:5_Fairies","floor":12.0,"turns":5.0},{"damage":0.0,"enemies":"Gensokyo:Aya","floor":13.0,"turns":6.0},{"damage":0.0,"enemies":"Gensokyo:Reimu","floor":16.0,"turns":6.0},{"damage":3.0,"enemies":"Gensokyo:CosmicMonolith","floor":18.0,"turns":4.0},{"damage":4.0,"enemies":"Gensokyo:Chomper","floor":19.0,"turns":3.0},{"damage":32,"enemies":"Gensokyo:Monolith_and_Dog","floor":20,"turns":5},{"damage":0,"enemies":"Gensokyo:Slime_Group","floor":22,"turns":1}],"seed_played":"4843412033803306211","potions_obtained":[{"floor":8.0,"key":"FearPotion"},{"floor":10.0,"key":"SpeedPotion"},{"floor":13.0,"key":"CunningPotion"},{"floor":16.0,"key":"SpeedPotion"},{"floor":20,"key":"LiquidBronze"}],"is_trial":false,"path_per_floor":["M","?","?","$","?","R","E","M","T","M","R","M","E","?","R","B",null,"M","M","M","?","M"],"character_chosen":"THE_SILENT","items_purchased":[],"campfire_rested":0,"item_purchase_floors":[],"current_hp_per_floor":[59,43,43,43,43,43,43,43,43,43,43,43,43,43,43,43,60,57,53,21,13,13,13],"gold":225,"neow_bonus":"THREE_ENEMY_KILL","is_daily":false,"chose_seed":false,"campfire_upgraded":3,"win_rate":0.0,"timestamp":1613821247,"path_taken":["M","?","?","$","?","R","E","M","T","M","R","M","E","?","R","BOSS","M","M","M","?","M"],"items_purchased_type":[],"build_version":"2020-12-22","purchased_purges":0,"victory":false,"max_hp_per_floor":[66,66,66,66,66,66,66,66,66,66,66,66,66,66,66,66,66,66,66,66,66,66,66],"card_choices":[{"not_picked":["PiercingWail","Deadly Poison"],"picked":"Well Laid Plans","floor":1.0},{"not_picked":["Slice+1","Poisoned Stab+1","Cloak And Dagger"],"picked":"SKIP","floor":7.0},{"not_picked":["Distraction","Acrobatics"],"picked":"After Image","floor":8.0},{"not_picked":["Caltrops","Dodge and Roll"],"picked":"Deadly Poison","floor":10.0},{"not_picked":["Catalyst","Prepared"],"picked":"Skewer+1","floor":12.0},{"not_picked":["Underhanded Strike+1","Deadly Poison"],"picked":"Noxious Fumes","floor":13.0},{"not_picked":["REME_ShadowForm","Doppelganger"],"picked":"Corpse Explosion","floor":16.0},{"not_picked":["Bane+1","Poisoned Stab+1","Deflect"],"picked":"SKIP","floor":18.0},{"not_picked":["Deflect","Cloak And Dagger","Masterful Stab+1"],"picked":"SKIP","floor":19.0},{"not_picked":["Bouncing Flask","Predator+1","Slice+1"],"picked":"SKIP","floor":20},{"not_picked":["Bouncing Flask","Predator+1","Slice+1"],"picked":"SKIP","floor":20}],"player_experience":305215,"relics_obtained":[{"floor":7.0,"key":"Boot"},{"floor":9.0,"key":"Tough Bandages"},{"floor":13.0,"key":"StoneCalendar"}],"event_choices":[],"is_beta":false,"boss_relics":[{"not_picked":["SacredBark","REME_ChargedStone"],"picked":"Coffee Dripper"}],"items_purged_floors":[],"is_endless":false,"potions_floor_spawned":[8,10,13,16,20],"killed_by":"Gensokyo:Slime_Group","ascension_level":20}}