{"host":"a1eatafr7pisesky","time":1613803476,"event":{"mods":["AchievementEnabler","BaseMod","Colored Map","Keyboard Shortcuts","Minty Spire (QoL Compilation)","Say the Spire","StSLib","SuperFastMode","everything is the same but u backflip on backflip"],"gold_per_floor":[114,164,177,177,177,206,206,281,281,149,61,87,107,121,121,197,197,217,217,228,228,239,273,273,290,317,60,60,77,2,21,21,93,93,111,111,165,185,60,60,75,105,129,129,129,129,454,479,479,479,479,479,117,151,151],"floor_reached":56,"language":"KOR","playtime":2124,"items_purged":["Defend_P","Defend_P","FollowUp","EmptyBody+1"],"score":2592,"play_id":"de1748f2-d44b-40dc-9e6e-dad922adf805","local_time":"20210220154436","is_ascension_mode":true,"campfire_choices":[{"data":"Eruption","floor":7.0,"key":"SMITH"},{"data":"Adaptation","floor":15.0,"key":"SMITH"},{"data":"LessonLearned","floor":24,"key":"SMITH"},{"data":"Meditate","floor":32,"key":"SMITH"},{"floor":40,"key":"REST"},{"floor":45,"key":"REST"},{"floor":49,"key":"RECALL"},{"data":"Indignation","floor":52,"key":"SMITH"}],"circlet_count":0,"master_deck":["AscendersBane","Eruption+1","Vigilance+1","Meditate+1","EmptyBody+1","Adaptation+1","Indignation+1","MentalFortress+1","TalkToTheHand+1","FlurryOfBlows+1","Tantrum+1","InnerPeace+1","FearNoEvil+1"],"relics":["PureWater","NeowsBlessing","Letter Opener","Bottled Lightning","FossilizedHelix","Mango","Empty Cage","Question Card","Anchor","Lantern","Philosopher\u0027s Stone","Gambling Chip","Thread and Needle","Old Coin","Whetstone","Medical Kit","Pear"],"acts_visited":["Exordium","TheCity","TheBeyond","TheEnding"],"potions_floor_usage":[35,35,50,55,55],"damage_taken":[{"damage":0.0,"enemies":"2 Louse","floor":1.0,"turns":1.0},{"damage":0.0,"enemies":"Cultist","floor":3.0,"turns":1.0},{"damage":0.0,"enemies":"Lagavulin","floor":6.0,"turns":1.0},{"damage":13.0,"enemies":"Gremlin Nob","floor":12.0,"turns":4.0},{"damage":0.0,"enemies":"Jaw Worm","floor":13.0,"turns":3.0},{"damage":0.0,"enemies":"Looter","floor":14.0,"turns":2.0},{"damage":6.0,"enemies":"Hexaghost","floor":16.0,"turns":7.0},{"damage":4.0,"enemies":"Shell Parasite","floor":18.0,"turns":3.0},{"damage":10,"enemies":"2 Thieves","floor":20,"turns":4},{"damage":0,"enemies":"Snecko","floor":22,"turns":4},{"damage":0,"enemies":"Book of Stabbing","floor":23,"turns":5},{"damage":0,"enemies":"Centurion and Healer","floor":25,"turns":5},{"damage":0,"enemies":"Chosen and Byrds","floor":29,"turns":5},{"damage":0,"enemies":"Snake Plant","floor":31,"turns":3},{"damage":16,"enemies":"Champ","floor":33,"turns":7},{"damage":65,"enemies":"3 Shapes","floor":35,"turns":6},{"damage":51,"enemies":"2 Orb Walkers","floor":37,"turns":4},{"damage":0,"enemies":"Orb Walker","floor":38,"turns":2},{"damage":0,"enemies":"Writhing Mass","floor":41,"turns":6},{"damage":0,"enemies":"Giant Head","floor":42,"turns":4},{"damage":0,"enemies":"Mind Bloom Boss Battle","floor":47,"turns":3},{"damage":0,"enemies":"Reptomancer","floor":48,"turns":3},{"damage":0,"enemies":"Awakened One","floor":50,"turns":10},{"damage":22,"enemies":"Shield and Spear","floor":54,"turns":3},{"damage":0,"enemies":"The Heart","floor":55,"turns":8}],"seed_played":"1489804864636020676","potions_obtained":[{"floor":1.0,"key":"ColorlessPotion"},{"floor":12.0,"key":"SteroidPotion"},{"floor":13.0,"key":"StancePotion"},{"floor":14.0,"key":"DistilledChaos"},{"floor":18,"key":"Energy Potion"},{"floor":19,"key":"GamblersBrew"},{"floor":37,"key":"AttackPotion"},{"floor":48,"key":"EssenceOfSteel"}],"is_trial":false,"path_per_floor":["M","?","M","?","T","E","R","?","T","$","$","E","M","M","R","B",null,"M","?","M","?","M","E","R","M","T","$","?","M","?","M","R","B",null,"M","?","?","M","$","R","M","E","T","?","R","?","?","E","R","B",null,"R","$","E","B",null],"character_chosen":"WATCHER","items_purchased":["AttackPotion","Adaptation","Lantern","Medical Kit","Swift Potion"],"campfire_rested":2,"item_purchase_floors":[10,11,27,53,53],"current_hp_per_floor":[61,55,55,48,48,48,48,37,37,37,37,38,38,38,38,32,70,66,66,56,56,56,56,56,56,56,56,56,56,56,56,56,40,72,7,67,16,16,16,36,36,36,36,36,56,56,56,56,56,56,62,62,62,50,50],"gold":151,"neow_bonus":"THREE_ENEMY_KILL","is_daily":false,"chose_seed":false,"campfire_upgraded":5,"win_rate":0.0,"timestamp":1613803476,"path_taken":["M","?","?","?","?","E","R","?","T","?","$","E","M","M","R","BOSS","M","?","?","?","M","E","R","M","T","$","?","M","?","?","R","BOSS","M","?","?","M","$","R","M","E","T","?","R","?","?","E","R","BOSS","R","$","E","BOSS"],"items_purchased_type":["Potion","Card","Relic","Relic","Potion"],"build_version":"2020-12-22","purchased_purges":4,"victory":true,"max_hp_per_floor":[68,68,68,68,68,68,68,68,68,68,68,82,82,82,82,82,82,82,82,82,82,82,82,82,82,82,82,82,82,82,82,82,82,82,82,67,67,67,67,67,67,67,67,67,67,64,64,64,64,64,64,64,64,74,74],"card_choices":[{"not_picked":["Halt","ThirdEye"],"picked":"Meditate","floor":1.0},{"not_picked":["Weave","CrushJoints"],"picked":"EmptyBody","floor":3.0},{"not_picked":["Protect","DeceiveReality"],"picked":"FollowUp","floor":6.0},{"not_picked":["JustLucky","DeceiveReality"],"picked":"BowlingBash","floor":12.0},{"not_picked":["Vengeance","WreathOfFlame"],"picked":"Indignation","floor":13.0},{"not_picked":["ClearTheMind","DeceiveReality"],"picked":"MentalFortress","floor":14.0},{"not_picked":["Brilliance","Blasphemy"],"picked":"LessonLearned","floor":16.0},{"not_picked":["FollowUp","JustLucky"],"picked":"TalkToTheHand","floor":18},{"not_picked":["CrushJoints","CarveReality"],"picked":"FlurryOfBlows","floor":20},{"not_picked":["Perseverance+1","Blasphemy","Evaluate"],"picked":"SKIP","floor":22},{"not_picked":["ConjureBlade","CrushJoints","FlyingSleeves"],"picked":"SKIP","floor":23},{"not_picked":["Sanctity","Consecrate","BowlingBash"],"picked":"InnerPeace","floor":25},{"not_picked":["CutThroughFate","Halt","BowlingBash+1","Protect"],"picked":"SKIP","floor":29},{"not_picked":["BowlingBash","InnerPeace+1","Collect","Sanctity"],"picked":"SKIP","floor":31},{"not_picked":["Consecrate+1","WheelKick","WindmillStrike","ThirdEye+1"],"picked":"SKIP","floor":35},{"not_picked":["WheelKick+1","Weave","FollowUp","Study"],"picked":"SKIP","floor":38},{"not_picked":["WreathOfFlame+1","BowlingBash","Worship","DeceiveReality"],"picked":"SKIP","floor":41},{"not_picked":["Perseverance","SashWhip","Weave","LikeWater"],"picked":"SKIP","floor":42},{"not_picked":["Weave+1","CutThroughFate+1","Consecrate"],"picked":"FearNoEvil+1","floor":47},{"not_picked":["Consecrate+1","Crescendo","FlurryOfBlows+1","Halt"],"picked":"SKIP","floor":48},{"not_picked":["Collect","Vault","SpiritShield","Consecrate"],"picked":"SKIP","floor":54}],"player_experience":476589,"relics_obtained":[{"floor":5.0,"key":"Letter Opener"},{"floor":6.0,"key":"Bottled Lightning"},{"floor":9.0,"key":"FossilizedHelix"},{"floor":12.0,"key":"Mango"},{"floor":23,"key":"Question Card"},{"floor":26,"key":"Anchor"},{"floor":37,"key":"Gambling Chip"},{"floor":42,"key":"Thread and Needle"},{"floor":47,"key":"Old Coin"},{"floor":48,"key":"Whetstone"},{"floor":54,"key":"Pear"}],"event_choices":[{"damage_healed":0.0,"max_hp_gain":0.0,"max_hp_loss":0.0,"gold_gain":50.0,"event_name":"FaceTrader","player_choice":"Touch","floor":2.0,"gold_loss":0.0,"damage_taken":6.0},{"cards_removed":["Defend_P"],"damage_healed":0.0,"max_hp_gain":0.0,"max_hp_loss":0.0,"gold_gain":0.0,"event_name":"Golden Wing","player_choice":"Card Removal","floor":4.0,"gold_loss":0.0,"damage_taken":7.0},{"damage_healed":0.0,"max_hp_gain":0.0,"max_hp_loss":0.0,"gold_gain":75.0,"event_name":"World of Goop","player_choice":"Gather Gold","floor":8.0,"gold_loss":0.0,"damage_taken":11.0},{"damage_healed":0,"gold_gain":0,"player_choice":"Got Potions","damage_taken":0,"max_hp_gain":0,"max_hp_loss":0,"event_name":"Lab","floor":19,"gold_loss":0},{"damage_healed":0,"gold_gain":0,"cards_transformed":["Strike_P","Strike_P"],"player_choice":"Became Test Subject","damage_taken":0,"max_hp_gain":0,"max_hp_loss":0,"event_name":"Drug Dealer","floor":21,"gold_loss":0,"cards_obtained":["EmptyBody","Tantrum"]},{"cards_removed":["BowlingBash"],"damage_healed":0,"gold_gain":0,"player_choice":"Elegance","damage_taken":0,"max_hp_gain":0,"max_hp_loss":0,"event_name":"Back to Basics","floor":28,"gold_loss":0},{"cards_removed":["Strike_P"],"damage_healed":0,"gold_gain":0,"player_choice":"Gave Gold","damage_taken":0,"max_hp_gain":0,"max_hp_loss":0,"event_name":"Beggar","floor":30,"gold_loss":75},{"damage_healed":67,"gold_gain":0,"player_choice":"Heal","damage_taken":0,"max_hp_gain":0,"max_hp_loss":15,"event_name":"The Moai Head","floor":36,"gold_loss":0},{"damage_healed":0,"gold_gain":0,"player_choice":"Fight","damage_taken":0,"max_hp_gain":0,"max_hp_loss":0,"event_name":"Mysterious Sphere","floor":37,"gold_loss":0},{"cards_removed":["LessonLearned"],"damage_healed":0,"gold_gain":0,"player_choice":"Removed Attack","damage_taken":0,"max_hp_gain":0,"max_hp_loss":0,"event_name":"Falling","floor":44,"gold_loss":0},{"damage_healed":0,"gold_gain":0,"player_choice":"Max HP","damage_taken":0,"max_hp_gain":0,"max_hp_loss":3,"event_name":"Winding Halls","floor":46,"gold_loss":0},{"damage_healed":0,"gold_gain":0,"player_choice":"Fight","damage_taken":0,"max_hp_gain":0,"max_hp_loss":0,"event_name":"MindBloom","floor":47,"gold_loss":0}],"is_beta":false,"boss_relics":[{"not_picked":["Pandora\u0027s Box","Busted Crown"],"picked":"Empty Cage"},{"not_picked":["Cursed Key","Velvet Choker"],"picked":"Philosopher\u0027s Stone"}],"items_purged_floors":[10,27,39,53],"is_endless":false,"potions_floor_spawned":[1,12,13,14,18,31,33,37,48],"ascension_level":17}}