{"host":"arn2jcql7xd3a3xg","time":1613843755,"event":{"mods":["AchievementEnabler","AlwaysNeverKeys","BaseMod","Better Third Choice","Colored Map","Colored Powertips","Downfall","GifTheSpireLib","Highlight Path","Infinite Spire","Minty Spire (QoL Compilation)","Permanent Neow","Quick Restart","Rare Cards Sparkle","Replay The Spire","StSLib","SuperFastMode"],"gold_per_floor":[99,118,136,136,148,148,172,184,204,219,42,57,76,102,120,219,319,319,229,229,329,345,379,379,389,389,405,405,421,421,455,468,573,573,273,293,305,319,337,369,369,397,397,426,452,471,487,487,497,497,497,530,530,530,530,530],"floor_reached":57,"language":"ENG","playtime":3682,"items_purged":["ReplayTheSpireMod:Doomed"],"score":1493,"play_id":"181c05fc-c167-460d-9a13-ad769752da13","local_time":"20210220095555","is_ascension_mode":true,"campfire_choices":[{"data":"champ:Execute","floor":1.0,"key":"SMITH"},{"data":"champ:RisingSlash","floor":6.0,"key":"SMITH"},{"data":"champ:HoldFirm","floor":18.0,"key":"SMITH"},{"data":"champ:IgnorePain","floor":30.0,"key":"SMITH"},{"data":"champ:Lariat","floor":35.0,"key":"SMITH"},{"data":"champ:TornadoPunch","floor":43.0,"key":"SMITH"},{"data":"champ:ShieldWall","floor":54.0,"key":"SMITH"}],"circlet_count":0,"master_deck":["champ:Defend","champ:Defend","champ:Defend","champ:Defend","champ:Execute+1","champ:Taunt","champ:Haymaker+1","champ:RisingSlash+1","champ:BladeFlurry","champ:TripleStrike","champ:ShieldThrow","champ:DefensiveShout","champ:GutPunch","champ:Circumvent","champ:ShieldWall+1","expansioncontent:PrepareCrush","champ:Circumvent","champ:VampiricStrike","champ:FlashCut","champ:TornadoPunch+1","champ:HoldFirm+1","champ:IgnorePain+1","champ:Lariat+1","champ:FlashCut","champ:EnGarde+1","infinitespire:SevenWalls","champ:StrikeOfGenius+1","champ:StrikeOfGenius+1","champ:FlashCut+1","champ:FlashCut+1"],"relics":["ChewingGum","Whetstone","Odd Mushroom","Replay:Wanted Poster","champ:BlackKnightHelmet","Bottled Tornado","Iron Hammer","Singing Bowl","Frozen Egg 2","champ:DefensiveTrainingManual","Replay:Grab Bag","infinitespire:Cupcake","SlaversCollar","downfall:HeartBlessingRed","downfall:HeartBlessingGreen","downfall:HeartBlessingBlue","WingedGreaves","Mirror","Potion Belt","Replay:Baseball","Kunai","Blue Candle","Golden Egg"],"acts_visited":["Exordium","TheCity","TheBeyond","TheEnding"],"potions_floor_usage":[56,56,56],"damage_taken":[{"damage":11.0,"enemies":"Small Slimes","floor":2.0,"turns":2.0},{"damage":10.0,"enemies":"Cultist","floor":3.0,"turns":3.0},{"damage":6.0,"enemies":"Jaw Worm","floor":5.0,"turns":2.0},{"damage":10.0,"enemies":"Exordium Wildlife","floor":8.0,"turns":3.0},{"damage":5.0,"enemies":"3 Louse","floor":9.0,"turns":3.0},{"damage":8.0,"enemies":"Lots of Slimes","floor":10.0,"turns":3.0},{"damage":10.0,"enemies":"downfall:FleeingMerchant","floor":11.0,"turns":4.0},{"damage":2.0,"enemies":"Blue Slaver","floor":12.0,"turns":2.0},{"damage":1.0,"enemies":"Exordium Wildlife","floor":13.0,"turns":3.0},{"damage":0.0,"enemies":"The Mushroom Lair","floor":14.0,"turns":3.0},{"damage":25.0,"enemies":"Large Slime","floor":15.0,"turns":3.0},{"damage":34.0,"enemies":"WA_ARCHETYPE_RETAIN","floor":16.0,"turns":6.0},{"damage":13.0,"enemies":"downfall:FleeingMerchant","floor":19.0,"turns":4.0},{"damage":10.0,"enemies":"downfall:FleeingMerchant","floor":21.0,"turns":7.0},{"damage":0.0,"enemies":"downfall:LooterAlt2","floor":22.0,"turns":2.0},{"damage":17.0,"enemies":"Replay:Snechameleon","floor":23.0,"turns":5.0},{"damage":3.0,"enemies":"Shell Parasite","floor":25.0,"turns":3.0},{"damage":1.0,"enemies":"Snake Plant","floor":27.0,"turns":3.0},{"damage":10.0,"enemies":"Shelled Parasite and Fungi","floor":29.0,"turns":4.0},{"damage":30.0,"enemies":"Gremlin Leader","floor":31.0,"turns":6.0},{"damage":0.0,"enemies":"Centurion and Healer","floor":32.0,"turns":6.0},{"damage":22.0,"enemies":"IC_MUSHROOM_ARCHETYPE","floor":33.0,"turns":6.0},{"damage":13.0,"enemies":"3 Darklings","floor":36.0,"turns":5.0},{"damage":3.0,"enemies":"3 Shapes","floor":37.0,"turns":3.0},{"damage":0.0,"enemies":"Transient","floor":38.0,"turns":5.0},{"damage":0.0,"enemies":"Jaw Worm Horde","floor":39.0,"turns":3.0},{"damage":30.0,"enemies":"Nightmare","floor":40.0,"turns":7.0},{"damage":0.0,"enemies":"Reptomancer","floor":42.0,"turns":5.0},{"damage":0.0,"enemies":"Giant Head","floor":44.0,"turns":8.0},{"damage":5.0,"enemies":"Reptomancer","floor":45.0,"turns":5.0},{"damage":0.0,"enemies":"Sphere and 2 Shapes","floor":46.0,"turns":3.0},{"damage":3.0,"enemies":"4 Shapes","floor":47.0,"turns":3.0},{"damage":0.0,"enemies":"Jaw Worm Horde","floor":49.0,"turns":4.0},{"damage":9.0,"enemies":"SI_POISON_ARCHETYPE","floor":50.0,"turns":8.0},{"damage":10.0,"enemies":"downfall:CharBossMerchant","floor":52.0,"turns":7.0},{"damage":4.0,"enemies":"downfall:NeowBoss","floor":55.0,"turns":15.0},{"damage":22,"enemies":"downfall:NeowBossFinal","floor":56,"turns":10}],"seed_played":"-5540976697362407859","potions_obtained":[{"floor":2.0,"key":"Venom Potion"},{"floor":3.0,"key":"Fire Potion"},{"floor":8.0,"key":"champ:OpenerPotion"},{"floor":16.0,"key":"DistilledChaos"},{"floor":23.0,"key":"PowerPotion"},{"floor":45.0,"key":"Doom Potion"},{"floor":46.0,"key":"Swift Potion"},{"floor":47.0,"key":"Elixir"},{"floor":49.0,"key":"SteroidPotion"}],"is_trial":false,"path_per_floor":["R","M","M","?","M","R","T","M","M","M","$","M","M","?","M","B",null,"R","$","?","?","M","E","T","M","AVR","M","?","M","R","E","M","B",null,"R","M","M","M","M","NM","T","E","R","E","E","M","M","?","M","B",null,"E","$","R","B","B",null],"character_chosen":"THE_CHAMP","items_purchased":["champ:ShieldWall","expansioncontent:PrepareCrush"],"campfire_rested":0,"item_purchase_floors":[11,11],"current_hp_per_floor":[90,89,89,89,83,83,83,83,83,75,75,73,72,72,72,53,90,90,87,87,87,87,80,80,77,77,76,68,70,70,72,84,62,96,106,95,94,96,96,78,78,80,80,82,84,96,95,90,90,81,124,126,126,126,122,100],"gold":530,"neow_bonus":"BOSS_RELIC","is_daily":false,"chose_seed":false,"campfire_upgraded":7,"win_rate":0.0,"timestamp":1613843755,"path_taken":["R","M","M","?","?","R","T","?","M","M","$","M","M","?","M","BOSS","R","$","?","?","M","E","T","M","AVR","M","?","M","R","E","M","BOSS","R","M","M","M","M","NM","T","E","R","E","E","?","M","?","M","BOSS","E","$","R","BOSS","BOSS"],"items_purchased_type":["Card","Card"],"build_version":"2020-12-22","purchased_purges":1,"victory":true,"max_hp_per_floor":[90,90,90,90,90,90,90,90,90,90,90,90,90,90,90,90,90,90,90,90,90,90,90,90,90,90,90,90,92,92,94,96,96,96,106,108,110,112,112,114,114,116,116,118,120,122,124,124,124,124,124,126,126,126,126,126],"card_choices":[{"not_picked":["champ:GladiatorStyle","champ:ViciousMockery"],"picked":"champ:Haymaker","floor":2.0},{"not_picked":["champ:Duel","champ:BerserkersShout"],"picked":"champ:RisingSlash","floor":3.0},{"not_picked":["champ:GutPunch","champ:ViciousMockery"],"picked":"champ:DefensiveShout","floor":5.0},{"not_picked":["champ:EnragedBash","champ:FocusedBerserking"],"picked":"champ:GutPunch","floor":8.0},{"not_picked":["champ:BerserkersShout","champ:Duel","champ:CrownThrow"],"picked":"SKIP","floor":9.0},{"not_picked":["champ:PreciseThrust","champ:CrookedStrike"],"picked":"champ:Circumvent","floor":10.0},{"not_picked":["champ:FanOfKnives","champ:BladeFlurry","champ:HeavySlash"],"picked":"SKIP","floor":11.0},{"not_picked":["champ:DefensiveShout","champ:Backstep"],"picked":"champ:Circumvent","floor":12.0},{"not_picked":["champ:CrownThrow","champ:Endure"],"picked":"champ:VampiricStrike","floor":13.0},{"not_picked":["champ:StanceDance","champ:DefensiveShout"],"picked":"champ:FlashCut","floor":14.0},{"not_picked":["champ:CrownThrow","champ:Circumvent"],"picked":"champ:TornadoPunch","floor":15.0},{"not_picked":["champ:VampiricStrike","champ:UltimateStance"],"picked":"champ:HoldFirm","floor":16.0},{"not_picked":["champ:Shatter+1","champ:TornadoPunch"],"picked":"champ:IgnorePain","floor":19.0},{"not_picked":["champ:Duel","champ:FanOfKnives+1"],"picked":"champ:Lariat","floor":21.0},{"not_picked":["champ:SetATrap","champ:HeartStrike","champ:BerserkersShout"],"picked":"SKIP","floor":22.0},{"not_picked":["champ:BerserkersShout+1","champ:Backstep"],"picked":"champ:FlashCut","floor":23.0},{"not_picked":["champ:Backstep","champ:CrookedStrike"],"picked":"champ:EnGarde","floor":25.0},{"not_picked":["champ:Haymaker+1","champ:Duel"],"picked":"champ:StrikeOfGenius+1","floor":27.0},{"not_picked":["champ:Lariat","champ:CrownThrow","champ:StanceDance"],"picked":"Singing Bowl","floor":29.0},{"not_picked":["champ:PreciseThrust+1","champ:LastStand+1","champ:PreemptiveStrike"],"picked":"Singing Bowl","floor":31.0},{"not_picked":["champ:AdrenalArmor","champ:CrownThrow","champ:Lariat"],"picked":"Singing Bowl","floor":32.0},{"not_picked":["champ:HeavySlash","champ:GladiatorForm+1"],"picked":"champ:StrikeOfGenius+1","floor":33.0},{"not_picked":["champ:CalledShot+1","champ:TornadoPunch","champ:CrownThrow"],"picked":"Singing Bowl","floor":36.0},{"not_picked":["champ:PerfectedStrike","champ:IronFortress+1","champ:CrownThrow"],"picked":"Singing Bowl","floor":37.0},{"not_picked":["champ:PreciseThrust+1","champ:StanceDance+1","champ:CrownThrow+1"],"picked":"Singing Bowl","floor":38.0},{"not_picked":["champ:DefensiveShout+1","champ:StanceDance"],"picked":"champ:FlashCut+1","floor":39.0},{"not_picked":["champ:DeathBlow+1","champ:BerserkersShout+1","champ:StanceDance"],"picked":"Singing Bowl","floor":40.0},{"not_picked":["champ:PreemptiveStrike+1","champ:GutPunch","champ:Parry"],"picked":"Singing Bowl","floor":42.0},{"not_picked":["champ:SwordThrow","champ:FlashCut","champ:DeathBlow+1"],"picked":"Singing Bowl","floor":44.0},{"not_picked":["champ:PreemptiveStrike+1","champ:Haymaker","champ:EnGarde"],"picked":"Singing Bowl","floor":45.0},{"not_picked":["champ:TornadoPunch+1","champ:RapidStrikes","champ:StanceDance"],"picked":"Singing Bowl","floor":46.0},{"not_picked":["champ:CalledShot+1","champ:BringItOn","champ:Devastate"],"picked":"Singing Bowl","floor":47.0},{"not_picked":["champ:BringItOn+1","champ:Shatter+1"],"picked":"champ:FlashCut+1","floor":49.0},{"not_picked":["champ:Circumvent+1","champ:PerfectedStrike","champ:GutPunch"],"picked":"Singing Bowl","floor":52.0}],"player_experience":93064,"relics_obtained":[{"floor":7.0,"key":"Whetstone"},{"floor":14.0,"key":"Odd Mushroom"},{"floor":21.0,"key":"champ:BlackKnightHelmet"},{"floor":21.0,"key":"Bottled Tornado"},{"floor":23.0,"key":"Iron Hammer"},{"floor":24.0,"key":"Singing Bowl"},{"floor":31.0,"key":"champ:DefensiveTrainingManual"},{"floor":40.0,"key":"WingedGreaves"},{"floor":41.0,"key":"Mirror"},{"floor":42.0,"key":"Potion Belt"},{"floor":44.0,"key":"Replay:Baseball"},{"floor":45.0,"key":"Kunai"},{"floor":52.0,"key":"Golden Egg"}],"event_choices":[{"damage_healed":0.0,"max_hp_gain":0.0,"max_hp_loss":0.0,"gold_gain":0.0,"event_name":"Mushrooms","player_choice":"Fought Mushrooms","floor":14.0,"gold_loss":0.0,"damage_taken":0.0}],"is_beta":false,"boss_relics":[{"not_picked":["Empty Cage","Coffee Dripper"],"picked":"Replay:Wanted Poster"},{"not_picked":["ReplayTheSpireMod:SealedPack","Painkiller Herb"],"picked":"Replay:Grab Bag"},{"not_picked":["Philosopher\u0027s Stone","bronze:MakeshiftBattery"],"picked":"infinitespire:Cupcake"},{"not_picked":["Astrolabe","Snecko Eye"],"picked":"SlaversCollar"}],"items_purged_floors":[19],"is_endless":false,"potions_floor_spawned":[2,3,8,10,12,16,21,23,29,32,33,37,45,46,47,49],"ascension_level":1}}