{"host":"w3q5ijqu8eoknil3","time":1613859925,"event":{"mods":["AchievementEnabler","BaseMod","Block Reminder","Colored Map","Colored Powertips","Curses Come First","Dark Map","Minty Spire (QoL Compilation)","Quick Restart","Relic Stats","StSLib","ojb\u0027s Better Paths Mod","ojb\u0027s Info Mod","slay the spire mod where everything is the same but ironclad has a cowboy hat"],"gold_per_floor":[14,26,26,40,40,40,367,385,457,471,471,536,536,536],"floor_reached":13,"language":"ENG","playtime":336,"items_purged":[],"score":166,"play_id":"8517ce1c-e19b-4751-b3cc-d369dddca38e","local_time":"20210220222525","is_ascension_mode":true,"campfire_choices":[{"data":"Die Die Die","floor":6,"key":"SMITH"},{"floor":11,"key":"REST"}],"circlet_count":0,"master_deck":["AscendersBane","Strike_G","Strike_G","Strike_G","Strike_G","Defend_G","Defend_G","Defend_G","Defend_G","Defend_G","Survivor","Neutralize","Die Die Die+1","Poisoned Stab","Dagger Throw","Skewer","Acrobatics","Envenom","Outmaneuver","Blade Dance","Caltrops"],"relics":["Ring of the Snake","Old Coin","Darkstone Periapt","Toy Ornithopter"],"acts_visited":["Exordium"],"potions_floor_usage":[7,12],"damage_taken":[{"damage":4,"enemies":"Jaw Worm","floor":1,"turns":6},{"damage":0,"enemies":"Small Slimes","floor":2,"turns":3},{"damage":0,"enemies":"2 Louse","floor":4,"turns":1},{"damage":26,"enemies":"Gremlin Nob","floor":7,"turns":4},{"damage":10,"enemies":"Exordium Wildlife","floor":8,"turns":4},{"damage":16,"enemies":"Blue Slaver","floor":10,"turns":4},{"damage":8,"enemies":"Gremlin Nob","floor":12,"turns":3},{"damage":30,"enemies":"Lagavulin","floor":13,"turns":5}],"seed_played":"13937635443535169","potions_obtained":[{"floor":2,"key":"CultistPotion"},{"floor":10,"key":"SkillPotion"}],"is_trial":false,"path_per_floor":["M","M","?","M","?","R","E","M","T","M","R","?","E"],"character_chosen":"THE_SILENT","items_purchased":[],"campfire_rested":1,"item_purchase_floors":[],"current_hp_per_floor":[55,55,55,55,55,55,29,19,19,3,22,14,0,0],"gold":536,"neow_bonus":"THREE_RARE_CARDS","is_daily":false,"chose_seed":false,"campfire_upgraded":1,"win_rate":0.0,"timestamp":1613859925,"path_taken":["M","M","?","M","?","R","E","M","T","M","R","?","E"],"items_purchased_type":[],"build_version":"2020-12-22","purchased_purges":0,"victory":false,"max_hp_per_floor":[66,66,66,66,66,66,66,66,66,66,66,66,66,66],"relic_stats":{"Darkstone Periapt":0,"counters":[8,30],"obtain_stats":[{"Darkstone Periapt":9,"Toy Ornithopter":12,"Ring of the Snake":0,"Old Coin":7},{"Darkstone Periapt":5,"Toy Ornithopter":7,"Ring of the Snake":0,"Old Coin":4},{"Darkstone Periapt":18,"Toy Ornithopter":25,"Ring of the Snake":0,"Old Coin":14}],"Toy Ornithopter":0,"Ring of the Snake":[16]},"card_choices":[{"not_picked":["A Thousand Cuts","Night Terror"],"picked":"Die Die Die","floor":0},{"not_picked":["Acrobatics","Bane"],"picked":"Poisoned Stab","floor":1},{"not_picked":["Sucker Punch","Escape Plan"],"picked":"Dagger Throw","floor":2},{"not_picked":["Heel Hook","Outmaneuver"],"picked":"Acrobatics","floor":4},{"not_picked":["Reflex","Backflip"],"picked":"Envenom","floor":7},{"not_picked":["Heel Hook","Flechettes"],"picked":"Outmaneuver","floor":8},{"not_picked":["Sucker Punch","Riddle With Holes"],"picked":"Blade Dance","floor":10},{"not_picked":["Outmaneuver","Choke"],"picked":"Caltrops","floor":12}],"player_experience":1056558,"relics_obtained":[{"floor":7,"key":"Old Coin"},{"floor":9,"key":"Darkstone Periapt"},{"floor":12,"key":"Toy Ornithopter"}],"event_choices":[{"damage_healed":0,"gold_gain":0,"cards_transformed":["Strike_G"],"player_choice":"Change","damage_taken":0,"max_hp_gain":0,"max_hp_loss":0,"event_name":"Living Wall","floor":3,"gold_loss":0,"cards_obtained":["Skewer"]},{"damage_healed":0,"gold_gain":0,"player_choice":"Leave","damage_taken":0,"max_hp_gain":0,"max_hp_loss":0,"event_name":"The Cleric","floor":5,"gold_loss":0},{"damage_healed":0,"gold_gain":0,"player_choice":"Searched \u00271\u0027 times","damage_taken":0,"max_hp_gain":0,"max_hp_loss":0,"event_name":"Dead Adventurer","floor":12,"gold_loss":0}],"is_beta":false,"boss_relics":[],"items_purged_floors":[],"is_endless":false,"potions_floor_spawned":[2,10],"killed_by":"Lagavulin","ascension_level":19}}