{"host":"0g75o2kccvalhtva","time":1613857666,"event":{"mods":["BaseMod","BetterRewards","Downfall","GungeonMod","Hubris","Infinite Spire","Minty Spire (QoL Compilation)","Replay The Spire","StSLib","SuperFastMode"],"gold_per_floor":[119,119,19,94,110,145,145,20,20,20,295,313,331,331,331,451,451,470,395,395,420,443,443,466,466,466,506,435,285,303,327,327,452,452,470,34,47,110,126,126,157,157,210,210,244,262,278,302,302,302],"floor_reached":51,"language":"ENG","playtime":1604,"items_purged":["Defend_R","Defend_R","Defend_R","Strike_R"],"score":827,"play_id":"ec57a8d5-95c3-43d9-8e84-10749504808f","local_time":"20210220224746","is_ascension_mode":false,"campfire_choices":[{"floor":7,"key":"REST"},{"data":"infinitespire:Menacing","floor":10,"key":"SMITH"},{"floor":23,"key":"REST"},{"floor":25,"key":"REST"},{"floor":32,"key":"DIG"},{"data":"Infernal Blade","floor":44,"key":"SMITH"},{"floor":49,"key":"REST"}],"circlet_count":0,"master_deck":["Strike_R","Strike_R","Strike_R","Strike_R","Bash","infinitespire:Menacing+1","Flex","Anger","Clash+1","Feed","Clash","Clash","Flex","Clash+1","Infernal Blade+1","Anger","Double Tap+1","Clash+1","Madness","Madness","Clash+1","Anger"],"relics":["Black Blood","DemoMod:GnawedKey","DemoMod:Relodestone","hubris:MedicalManual","Bronze Scales","Golden Idol","hubris:HollowSoul","Charon\u0027s Ashes","infinitespire:Golems Mask","infinitespire:BottledMercury","ReplayTheSpireMod:TigerMarble","Blood Vial","DemoMod:GreenGuonStone","DemoMod:Orange","Chameleon Ring","infinitespire:Satchel","Toy Ornithopter"],"acts_visited":["Exordium","TheCity","TheBeyond"],"potions_floor_usage":[16,31,33,33,35,39,50,50,50],"damage_taken":[{"damage":6,"enemies":"2 Louse","floor":1,"turns":3},{"damage":0,"enemies":"Cultist","floor":5,"turns":5},{"damage":23,"enemies":"Gremlin Nob","floor":6,"turns":5},{"damage":12,"enemies":"Jaw Worm","floor":12,"turns":2},{"damage":9,"enemies":"Large Slime","floor":13,"turns":4},{"damage":43,"enemies":"Hexaghost","floor":16,"turns":7},{"damage":32,"enemies":"Spheric Guardian","floor":18,"turns":4},{"damage":10,"enemies":"3 Byrds","floor":21,"turns":3},{"damage":30,"enemies":"Centurion and Healer","floor":22,"turns":4},{"damage":20,"enemies":"Snake Plant","floor":24,"turns":4},{"damage":12,"enemies":"Book of Stabbing","floor":27,"turns":3},{"damage":0,"enemies":"Sentry and Sphere","floor":30,"turns":2},{"damage":12,"enemies":"Centurion and Healer","floor":31,"turns":2},{"damage":84,"enemies":"Automaton","floor":33,"turns":8},{"damage":20,"enemies":"3 Darklings","floor":35,"turns":4},{"damage":34,"enemies":"3 Shapes","floor":37,"turns":3},{"damage":0,"enemies":"Mind Bloom Boss Battle","floor":38,"turns":5},{"damage":3,"enemies":"Maw","floor":39,"turns":4},{"damage":33,"enemies":"Giant Head","floor":41,"turns":6},{"damage":27,"enemies":"Reptomancer","floor":45,"turns":4},{"damage":26,"enemies":"4 Shapes","floor":46,"turns":3},{"damage":13,"enemies":"Spire Growth","floor":47,"turns":2},{"damage":20,"enemies":"Jaw Worm Horde","floor":48,"turns":3},{"damage":148,"enemies":"Replay:Hell Engine","floor":50,"turns":11}],"seed_played":"2570928644224622360","potions_obtained":[{"floor":1,"key":"Elixir"},{"floor":12,"key":"Explosive Potion"},{"floor":16,"key":"Milkshake"},{"floor":18,"key":"Elixir"},{"floor":31,"key":"BloodPotion"},{"floor":33,"key":"PowerPotion"},{"floor":37,"key":"SkillPotion"},{"floor":38,"key":"Reflective Coating"},{"floor":45,"key":"SpeedPotion"}],"is_trial":false,"path_per_floor":["M","?","$","?","M","E","R","$","T","R","?","M","M","?","R","B",null,"M","?","?","M","M","R","M","R","T","E","?","$","M","M","R","B",null,"M","$","M","?","M","?","E","?","T","R","E","M","M","M","R","B",null],"character_chosen":"IRONCLAD","items_purchased":["DemoMod:GnawedKey","ReplayTheSpireMod:TigerMarble","DemoMod:GreenGuonStone"],"campfire_rested":4,"item_purchase_floors":[0,29,36],"current_hp_per_floor":[80,60,60,49,55,38,62,62,62,62,62,56,53,33,57,20,80,54,54,54,53,29,53,42,67,67,64,64,64,73,70,70,13,95,90,90,70,99,113,113,94,79,79,79,66,60,61,58,93,18],"gold":302,"neow_bonus":"","is_daily":false,"chose_seed":false,"campfire_upgraded":2,"win_rate":0.0,"timestamp":1613857666,"path_taken":["M","?","$","?","M","E","R","$","T","R","?","?","M","?","R","BOSS","M","?","?","M","?","R","M","R","T","E","?","$","M","M","R","BOSS","M","$","?","?","M","?","E","?","T","R","E","M","M","M","R","BOSS"],"items_purchased_type":["Relic","Relic","Relic"],"build_version":"2020-12-22","purchased_purges":4,"victory":true,"max_hp_per_floor":[80,80,80,80,80,80,80,80,80,80,80,80,80,80,80,80,80,80,80,80,83,83,83,86,86,86,89,89,89,92,95,95,95,95,98,98,98,113,116,116,116,116,116,116,116,116,116,119,119,119],"card_choices":[{"not_picked":["Perfected Strike","Sword Boomerang","Replay:Undeath\u0027s Touch"],"picked":"SKIP","floor":1},{"not_picked":["infinitespire:SealOfDarkness+","infinitespire:Oblivion"],"picked":"infinitespire:Menacing","floor":2},{"not_picked":["hubris:ReadiedAction","Whirlwind"],"picked":"Flex","floor":5},{"not_picked":["Immolate","Heavy Blade"],"picked":"Anger","floor":6},{"not_picked":["Life Link","Battle Trance","True Grit"],"picked":"SKIP","floor":12},{"not_picked":["Abandon","Cleave"],"picked":"Clash","floor":13},{"not_picked":["Brutality","Corruption"],"picked":"Feed","floor":16},{"not_picked":["Iron Wave","ReplayReversal"],"picked":"Clash","floor":18},{"not_picked":["Twin Strike","Flex"],"picked":"Clash","floor":21},{"not_picked":["Clothesline","Body Slam"],"picked":"Flex","floor":22},{"not_picked":["Twin Strike","Berserk"],"picked":"Clash+1","floor":24},{"not_picked":["Body Slam+1","Limit Break"],"picked":"Infernal Blade","floor":27},{"not_picked":["hubris:ReadiedAction","Power Through","Clothesline+1"],"picked":"SKIP","floor":30},{"not_picked":["Sword Boomerang","Body Slam"],"picked":"Anger","floor":31},{"not_picked":["Hemogenesis","hubris:StunningStrike"],"picked":"Double Tap","floor":33},{"not_picked":["Pummel","Run Through","Replay:Undeath\u0027s Touch+1"],"picked":"SKIP","floor":35},{"not_picked":["Thunderclap","Armaments","ReplayReversal+1"],"picked":"SKIP","floor":37},{"not_picked":["Shrug It Off","Anger"],"picked":"Clash+1","floor":38},{"not_picked":["ReplayTheSpireMod:Strike From Hell+1","Shockwave+1","ReplayTheSpireMod:Corrosion Curse"],"picked":"SKIP","floor":39},{"not_picked":["infinitespire:OneForAll+1","Twin Strike","Run Through"],"picked":"SKIP","floor":41},{"not_picked":["Reckless Charge","Replay:Undeath\u0027s Touch+1","Body Slam+1"],"picked":"SKIP","floor":45},{"not_picked":["Corruption","Sword Boomerang+1"],"picked":"Clash+1","floor":46},{"not_picked":["Seeing Red","Shrug It Off+1","Power Through+1"],"picked":"SKIP","floor":47},{"not_picked":["Cleave+1","ReplayTheSpireMod:Strike From Hell"],"picked":"Anger","floor":48}],"player_experience":16220,"relics_obtained":[{"floor":6,"key":"hubris:MedicalManual"},{"floor":9,"key":"Bronze Scales"},{"floor":26,"key":"Charon\u0027s Ashes"},{"floor":27,"key":"infinitespire:Golems Mask"},{"floor":32,"key":"Blood Vial"},{"floor":38,"key":"DemoMod:Orange"},{"floor":41,"key":"Chameleon Ring"},{"floor":43,"key":"infinitespire:Satchel"},{"floor":45,"key":"Toy Ornithopter"}],"event_choices":[{"damage_healed":0,"gold_gain":75,"player_choice":"Gather Gold","damage_taken":11,"max_hp_gain":0,"max_hp_loss":0,"event_name":"World of Goop","floor":4,"gold_loss":0},{"damage_healed":0,"gold_gain":275,"player_choice":"Desecrate","damage_taken":0,"max_hp_gain":0,"max_hp_loss":0,"event_name":"Golden Shrine","floor":11,"gold_loss":0,"cards_obtained":["Regret"]},{"damage_healed":0,"gold_gain":0,"player_choice":"Take Damage","damage_taken":20,"relics_obtained":["Golden Idol"],"max_hp_gain":0,"max_hp_loss":0,"event_name":"Golden Idol","floor":14,"gold_loss":0},{"cards_removed":["Regret"],"damage_healed":0,"gold_gain":0,"player_choice":"Gave Gold","damage_taken":0,"max_hp_gain":0,"max_hp_loss":0,"event_name":"Beggar","floor":19,"gold_loss":75},{"cards_removed":["Defend_R"],"damage_healed":0,"gold_gain":0,"player_choice":"Elegance","damage_taken":0,"max_hp_gain":0,"max_hp_loss":0,"event_name":"Back to Basics","floor":20,"gold_loss":0},{"damage_healed":0,"gold_gain":0,"player_choice":"Paid Gold","damage_taken":0,"relics_obtained":["infinitespire:BottledMercury"],"max_hp_gain":0,"max_hp_loss":0,"event_name":"WeMeetAgain","floor":28,"gold_loss":71},{"damage_healed":0,"gold_gain":0,"player_choice":"Fight","damage_taken":0,"max_hp_gain":0,"max_hp_loss":0,"event_name":"MindBloom","floor":38,"gold_loss":0},{"damage_healed":0,"gold_gain":0,"player_choice":"Embrace Madness","damage_taken":15,"max_hp_gain":0,"max_hp_loss":0,"event_name":"Winding Halls","floor":42,"gold_loss":0,"cards_obtained":["Madness","Madness"]}],"is_beta":false,"boss_relics":[{"not_picked":["bronze:MakeshiftBattery","hubris:GrandSneckoEye"],"picked":"hubris:HollowSoul"},{"not_picked":["Replay:Wanted Poster","infinitespire:Burning Sword"],"picked":"Black Blood"}],"items_purged_floors":[0,3,8,36],"is_endless":false,"potions_floor_spawned":[1,12,16,18,24,31,33,37,38,45,46,48],"ascension_level":0}}