{"host":"vumwfieg2b2mnrfl","time":1613786489,"event":{"mods":["AchievementEnabler","BaseMod","Minty Spire (QoL Compilation)","Rare Cards Sparkle","Relic Stats"],"gold_per_floor":[109,184,184,198,198,226,67,67,90,100,129,139,158,177,177,255,255,268,287,187,201,201,201],"floor_reached":22,"language":"ENG","playtime":732,"items_purged":["Strike_G","Defend_G"],"score":446,"play_id":"3604c862-bf46-4710-af89-294c14792c67","local_time":"20210219200129","is_ascension_mode":true,"campfire_choices":[{"data":"Noxious Fumes","floor":8,"key":"SMITH"},{"floor":15,"key":"REST"}],"circlet_count":0,"master_deck":["AscendersBane","Strike_G","Strike_G+1","Strike_G","Strike_G","Defend_G","Defend_G","Defend_G","Defend_G","Survivor","Neutralize+1","Prepared","Dodge and Roll","Deadly Poison","Noxious Fumes+1","Escape Plan","Venomology","Bouncing Flask","Flying Knee","Predator","Corpse Explosion"],"relics":["Ring of the Snake","NeowsBlessing","PreservedInsect","Whetstone","Strawberry","Busted Crown"],"acts_visited":["Exordium","TheCity"],"potions_floor_usage":[12,12,13,14,16,16,18,19,21,22,22],"damage_taken":[{"damage":0,"enemies":"Small Slimes","floor":1,"turns":1},{"damage":0,"enemies":"Jaw Worm","floor":4,"turns":1},{"damage":0,"enemies":"Gremlin Nob","floor":6,"turns":1},{"damage":0,"enemies":"2 Louse","floor":10,"turns":2},{"damage":16,"enemies":"3 Sentries","floor":11,"turns":6},{"damage":20,"enemies":"Gremlin Gang","floor":12,"turns":4},{"damage":0,"enemies":"Looter","floor":13,"turns":3},{"damage":15,"enemies":"Exordium Thugs","floor":14,"turns":5},{"damage":42,"enemies":"Slime Boss","floor":16,"turns":10},{"damage":13,"enemies":"3 Byrds","floor":18,"turns":3},{"damage":31,"enemies":"2 Thieves","floor":19,"turns":4},{"damage":13,"enemies":"Snake Plant","floor":21,"turns":5},{"damage":10,"enemies":"Snecko","floor":22,"turns":2}],"seed_played":"615967280811372394","potions_obtained":[{"floor":1,"key":"Block Potion"},{"floor":4,"key":"Poison Potion"},{"floor":14,"key":"FairyPotion"},{"floor":16,"key":"Swift Potion"},{"floor":18,"key":"SneckoOil"}],"is_trial":false,"path_per_floor":["M","?","?","M","$","E","$","R","T","M","E","M","M","M","R","B",null,"M","M","$","M","M"],"character_chosen":"THE_SILENT","items_purchased":["Noxious Fumes"],"campfire_rested":1,"item_purchase_floors":[7],"current_hp_per_floor":[59,48,48,48,48,48,48,48,48,48,39,19,19,4,25,21,60,47,16,16,3,0,0],"gold":201,"neow_bonus":"THREE_ENEMY_KILL","is_daily":false,"chose_seed":false,"campfire_upgraded":1,"win_rate":0.0,"timestamp":1613786489,"path_taken":["M","?","?","M","?","E","$","R","T","?","E","M","M","M","R","BOSS","M","M","$","M","M"],"items_purchased_type":["Card"],"build_version":"2020-12-22","purchased_purges":2,"victory":false,"max_hp_per_floor":[66,66,66,66,66,66,66,66,66,66,73,73,73,73,73,73,73,73,73,73,73,73,73],"relic_stats":{"Busted Crown":6,"counters":[13,47],"PreservedInsect":33,"Whetstone":["Neutralize","Strike_G"],"obtain_stats":[{"Busted Crown":17,"NeowsBlessing":0,"Strawberry":11,"PreservedInsect":6,"Whetstone":9,"Ring of the Snake":0},{"Busted Crown":9,"NeowsBlessing":0,"Strawberry":5,"PreservedInsect":3,"Whetstone":3,"Ring of the Snake":0},{"Busted Crown":33,"NeowsBlessing":0,"Strawberry":11,"PreservedInsect":3,"Whetstone":3,"Ring of the Snake":0}],"Ring of the Snake":[26]},"card_choices":[{"not_picked":["Flechettes","Crippling Poison"],"picked":"Prepared","floor":1},{"not_picked":["Flechettes","Sucker Punch"],"picked":"Dodge and Roll","floor":4},{"not_picked":["Choke","Acrobatics"],"picked":"Deadly Poison","floor":6},{"not_picked":["Dodge and Roll","Slice"],"picked":"Escape Plan","floor":10},{"not_picked":["Caltrops","Slice"],"picked":"Venomology","floor":11},{"not_picked":["Escape Plan","Sucker Punch"],"picked":"Bouncing Flask","floor":12},{"not_picked":["Poisoned Stab","Cloak And Dagger"],"picked":"Flying Knee","floor":13},{"not_picked":["Bane","Cloak And Dagger"],"picked":"Predator","floor":14},{"not_picked":["Phantasmal Killer","Venomology"],"picked":"Corpse Explosion","floor":16},{"not_picked":["Caltrops"],"picked":"SKIP","floor":18},{"not_picked":["Slice"],"picked":"SKIP","floor":19},{"not_picked":["Reflex"],"picked":"SKIP","floor":21}],"player_experience":570663,"relics_obtained":[{"floor":6,"key":"PreservedInsect"},{"floor":9,"key":"Whetstone"},{"floor":11,"key":"Strawberry"}],"event_choices":[{"damage_healed":0,"gold_gain":75,"player_choice":"Gather Gold","damage_taken":11,"max_hp_gain":0,"max_hp_loss":0,"event_name":"World of Goop","floor":2,"gold_loss":0},{"damage_healed":0,"gold_gain":0,"player_choice":"Leave","damage_taken":0,"max_hp_gain":0,"max_hp_loss":0,"event_name":"The Cleric","floor":3,"gold_loss":0}],"is_beta":false,"boss_relics":[{"not_picked":["Pandora\u0027s Box","Philosopher\u0027s Stone"],"picked":"Busted Crown"}],"items_purged_floors":[7,20],"is_endless":false,"potions_floor_spawned":[1,4,10,14,16,18],"killed_by":"Snecko","ascension_level":20}}