{"host":"72n3jwtrlpjobydj","time":1613837844,"event":{"mods":["AchievementEnabler","BaseMod","CapriCore","DeckTracker","Hermit","Koishi","KomeijiMod","Lobotomy","Marisa£¨Ùöéë¡¡Øª×âÞÞ£©","Minty Spire (QoL Compilation)","Permanent Neow","StSLib","SuperFastMode","The Cursed","The Hierophant","The Immortal"],"gold_per_floor":[111,111,131,33,33,65,65,65,65],"floor_reached":8,"language":"KOR","playtime":344,"items_purged":["Eruption"],"score":57,"play_id":"6a0c71f3-c952-4b9d-92ce-3fb9c0471b20","local_time":"20210221011724","is_ascension_mode":true,"campfire_choices":[{"floor":7,"key":"REST"}],"circlet_count":0,"master_deck":["Strike_P","Strike_P","Strike_P","Strike_P","Defend_P","Defend_P","Defend_P","Defend_P","Vigilance","EmptyMind","EmptyBody"],"relics":["PureWater","Potion Belt","Pear"],"acts_visited":["Exordium"],"potions_floor_usage":[6,6,6],"damage_taken":[{"damage":0.0,"enemies":"2 Louse","floor":1.0,"turns":2.0},{"damage":2.0,"enemies":"Jaw Worm","floor":3.0,"turns":4.0},{"damage":50,"enemies":"Lagavulin","floor":6,"turns":10},{"damage":80,"enemies":"Gremlin Nob","floor":8,"turns":6}],"seed_played":"7868926917830989651","potions_obtained":[{"floor":0.0,"key":"Weak Potion"},{"floor":0.0,"key":"PowerPotion"},{"floor":0.0,"key":"SneckoOil"}],"is_trial":false,"path_per_floor":["M","?","M","$","?","E","R","E"],"character_chosen":"WATCHER","items_purchased":["EmptyBody"],"campfire_rested":1,"item_purchase_floors":[4],"current_hp_per_floor":[72,69,67,67,67,27,51,0,0],"gold":65,"neow_bonus":"THREE_SMALL_POTIONS","is_daily":false,"chose_seed":false,"campfire_upgraded":0,"win_rate":0.0,"timestamp":1613837844,"path_taken":["M","?","M","$","?","E","R","E"],"items_purchased_type":["Card"],"build_version":"2020-12-22","purchased_purges":1,"victory":false,"max_hp_per_floor":[72,72,72,72,72,82,82,82,82],"card_choices":[{"not_picked":["BattleHymn","Prostrate"],"picked":"EmptyMind","floor":1.0},{"not_picked":["FlurryOfBlows","Crescendo","Study"],"picked":"SKIP","floor":3.0},{"not_picked":["Worship","SashWhip","ClearTheMind"],"picked":"SKIP","floor":6}],"player_experience":102088,"relics_obtained":[{"floor":6,"key":"Pear"}],"event_choices":[{"damage_healed":0.0,"max_hp_gain":0.0,"max_hp_loss":0.0,"gold_gain":0.0,"event_name":"Scrap Ooze","player_choice":"Success","floor":2.0,"gold_loss":0.0,"damage_taken":3.0,"relics_obtained":["Potion Belt"]},{"damage_healed":0.0,"max_hp_gain":0.0,"max_hp_loss":0.0,"gold_gain":0.0,"event_name":"Transmorgrifier","player_choice":"Ignored","floor":5.0,"gold_loss":0.0,"damage_taken":0.0}],"is_beta":false,"boss_relics":[],"items_purged_floors":[4],"is_endless":false,"potions_floor_spawned":[],"killed_by":"Gremlin Nob","ascension_level":1}}