{"host":"5qewjvycy34u7aeo","time":1613821719,"event":{"mods":["BaseMod","Downfall","GifTheSpireLib","Hubris","Infinite Spire","Minty Spire (QoL Compilation)","Permanent Neow","Replay The Spire","StSLib","Wandering Minibosses"],"gold_per_floor":[99,115,134,154,154,154,154,154,169,169,69,86,99,109,129,232,332,332,347,365,365,375,275,275,301,301,345,376,376,386,386,404,508,508,508,525,539,539,539,574,599,615,634,649,679,579,608,626,636,738,738,738,748,368,468,468,488,563,579,590,617,617,631,665,748,766,870,870,870,886,904,904,611,611,640,640,640,659,659,659,659,679,691,792,792,792,812,831,831,885,985,1013,1013,1013,1045,1045,1062,1094,1104,1115,1212,1212,1212,1228,1257,1257,1257,1257,1287,1298,1312,1332,1332,1332,980,1037,1069,1184,1196,1208,1220,1220,1220],"floor_reached":121,"language":"ENG","playtime":9031,"items_purged":["bronze:Strike","Languid","Parasite","bronze:Strike","bronze:Defend","Spreading Infection","Pride"],"score":3335,"play_id":"b7a66e71-875f-42c4-b36a-e71ec176b53b","local_time":"20210220054839","is_ascension_mode":true,"campfire_choices":[{"data":"bronze:Replicate","floor":1.0,"key":"SMITH"},{"data":"bronze:DazingPulse","floor":11.0,"key":"SMITH"},{"floor":18.0,"key":"RECALL"},{"data":"bronze:HardenedForm","floor":23.0,"key":"SMITH"},{"data":"bronze:HardenedForm","floor":29.0,"key":"SMITH"},{"data":"bronze:Library","floor":35.0,"key":"SMITH"},{"data":"Panache","floor":46.0,"key":"SMITH"},{"floor":52.0,"key":"DIG"},{"data":"Panache","floor":62.0,"key":"SMITH"},{"data":"bronze:Defend","floor":69.0,"key":"PURGE"},{"data":"bronze:Repulsor","floor":74.0,"key":"SMITH"},{"floor":77.0,"key":"DIG"},{"data":"bronze:Defend","floor":86.0,"key":"PURGE"},{"data":"bronze:GetLatest","floor":94.0,"key":"SMITH"},{"floor":103.0,"key":"DIG"},{"floor":108.0,"key":"DIG"},{"floor":120.0,"key":"DIG"}],"circlet_count":0,"master_deck":["bronze:Replicate+1","bronze:Goto+1","bronze:Branch+1","bronze:Shell+1","bronze:Spike+1","bronze:DazingPulse+1","bronze:HardenedForm+1","bronze:Repulsor+1","bronze:Repair+1","bronze:GetLatest+1","bronze:GetLatest+1","bronze:HardenedForm+1","bronze:Iterate+1","Panache+1","Panache+1","ReplayTheSpireMod:Echoes of Time+1","bronze:WhirlingStrike+1","bronze:OilSpill+1","bronze:Constructor+1","bronze:Library+1","bronze:Terminator+1","bronze:Allocate+1","bronze:Optimize+1","Guardian:BodySlam+1","Pot Of Greed+1","Pot Of Greed+1","Pot Of Greed+1","bronze:Boost+1","bronze:OilSpill+1","bronze:HardenedForm+1","ReplayTheSpireMod:Echoes of Time+1","bronze:GetLatest+1","Pot Of Greed+1","bronze:Shell+1","bronze:AlphaBuild+1","bronze:ItsAFeature+1","bronze:Constructor+1","Guardian:StasisField+1","bronze:Break+1","ReplayTheSpireMod:Book of Names+1","bronze:InfiniteLoop+1","bronze:BugBarrage+1","bronze:Mutator+1","bronze:Boost+1","Pot Of Greed+1","downfall:Haunted","downfall:Haunted","Shame","bronze:TinkerersToolbox+1","downfall:Haunted","Guardian:ConstructionForm+1","bronze:Repair+1","bronze:HardenedForm+1","bronze:Verify","bronze:Optimize","Pot Of Greed","bronze:ForceShield","bronze:WhirlingStrike","bronze:InfiniteLoop"],"relics":["bronze:BronzeCore","Pet Ghost","hubris:Towel","Replay:Wanted Poster","ReplayTheSpireMod:ShopPack","expansioncontent:StudyCardRelic","Akabeko","bronze:CableSpool","Ring of Peace","Replay:Mystery Machine","Replay:Ringing Soul","Sozu","hubris:DisguiseKit","Grinning Jar","Shovel","bronze:MakeshiftBattery","Juzu Bracelet","Bronze Scales","Oddly Smooth Stone","Toy Ornithopter","Shuriken","ReplayTheSpireMod:Shallot","Membership Card","hubris:Backtick","Calipers","Dead Branch","Sling","PreservedInsect","Orichalcum","Nloth\u0027s Gift","Counterbalance","Du-Vu Doll","TheAbacus","Cursed Key","Ornamental Fan","Odd Mushroom","Potion Belt","downfall:BrokenWingStatue","infinitespire:Beetle Shell","Matryoshka","HandDrill","MawBank","SlaversCollar","infinitespire:WardingShard"],"acts_visited":["Exordium","TheCity","TheBeyond","Exordium","TheCity","TheBeyond","Exordium","TheCity"],"potions_floor_usage":[],"damage_taken":[{"damage":2.0,"enemies":"Jaw Worm","floor":2.0,"turns":4.0},{"damage":7.0,"enemies":"2 Louse","floor":3.0,"turns":3.0},{"damage":8.0,"enemies":"Small Slimes","floor":4.0,"turns":3.0},{"damage":10.0,"enemies":"3 Louse","floor":9.0,"turns":3.0},{"damage":25.0,"enemies":"3 Louse","floor":10.0,"turns":6.0},{"damage":8.0,"enemies":"Exordium Thugs","floor":12.0,"turns":6.0},{"damage":10.0,"enemies":"Large Slime","floor":13.0,"turns":5.0},{"damage":3.0,"enemies":"Blue Slaver","floor":14.0,"turns":3.0},{"damage":1.0,"enemies":"3 Louse","floor":15.0,"turns":3.0},{"damage":13.0,"enemies":"SI_SHIV_ARCHETYPE","floor":16.0,"turns":9.0},{"damage":7.0,"enemies":"downfall:LooterAlt2","floor":19.0,"turns":6.0},{"damage":8.0,"enemies":"Shell Parasite","floor":20.0,"turns":4.0},{"damage":16.0,"enemies":"Snake Plant","floor":22.0,"turns":4.0},{"damage":23.0,"enemies":"Replay:Snechameleon","floor":25.0,"turns":4.0},{"damage":7.0,"enemies":"Book of Stabbing","floor":28.0,"turns":6.0},{"damage":0.0,"enemies":"Cultist and Chosen","floor":30.0,"turns":3.0},{"damage":0.0,"enemies":"Snecko","floor":32.0,"turns":3.0},{"damage":0.0,"enemies":"DF_ARCHETYPE_CLAW","floor":33.0,"turns":5.0},{"damage":34.0,"enemies":"3 Darklings","floor":36.0,"turns":3.0},{"damage":0.0,"enemies":"Orb Walker","floor":37.0,"turns":4.0},{"damage":0.0,"enemies":"Reptomancer","floor":40.0,"turns":5.0},{"damage":8.0,"enemies":"Sphere and 2 Shapes","floor":42.0,"turns":3.0},{"damage":0.0,"enemies":"Writhing Mass","floor":43.0,"turns":5.0},{"damage":0.0,"enemies":"Maw","floor":44.0,"turns":6.0},{"damage":0.0,"enemies":"Nightmare","floor":45.0,"turns":7.0},{"damage":0.0,"enemies":"Nemesis","floor":47.0,"turns":5.0},{"damage":0.0,"enemies":"3 Darklings","floor":48.0,"turns":2.0},{"damage":18.0,"enemies":"4 Shapes","floor":49.0,"turns":2.0},{"damage":0.0,"enemies":"IC_BLOCK_ARCHETYPE","floor":50.0,"turns":8.0},{"damage":0.0,"enemies":"Jaw Worm","floor":53.0,"turns":2.0},{"damage":0.0,"enemies":"downfall:FleeingMerchant","floor":54.0,"turns":4.0},{"damage":0.0,"enemies":"downfall:LadyInBlue","floor":55.0,"turns":5.0},{"damage":0.0,"enemies":"Small Slimes","floor":57.0,"turns":2.0},{"damage":0.0,"enemies":"2 Louse","floor":59.0,"turns":2.0},{"damage":0.0,"enemies":"Exordium Wildlife","floor":60.0,"turns":3.0},{"damage":7.0,"enemies":"Nightmare","floor":61.0,"turns":7.0},{"damage":0.0,"enemies":"downfall:LooterAlt","floor":63.0,"turns":2.0},{"damage":0.0,"enemies":"3 Sentries","floor":64.0,"turns":2.0},{"damage":0.0,"enemies":"downfall:FleeingMerchant","floor":65.0,"turns":2.0},{"damage":0.0,"enemies":"2 Fungi Beasts","floor":66.0,"turns":2.0},{"damage":30.0,"enemies":"Hexaghost","floor":67.0,"turns":4.0},{"damage":0.0,"enemies":"Shell Parasite","floor":70.0,"turns":3.0},{"damage":0.0,"enemies":"Spheric Guardian","floor":71.0,"turns":3.0},{"damage":0.0,"enemies":"Gremlin Leader","floor":75.0,"turns":4.0},{"damage":0.0,"enemies":"Snecko","floor":78.0,"turns":3.0},{"damage":0.0,"enemies":"Sentry and Sphere","floor":82.0,"turns":3.0},{"damage":0.0,"enemies":"Cultist and Chosen","floor":83.0,"turns":3.0},{"damage":24.0,"enemies":"hubris:MusketHawk","floor":84.0,"turns":5.0},{"damage":0.0,"enemies":"3 Darklings","floor":87.0,"turns":3.0},{"damage":0.0,"enemies":"Orb Walker","floor":88.0,"turns":3.0},{"damage":26.0,"enemies":"2 Orb Walkers","floor":90.0,"turns":3.0},{"damage":0.0,"enemies":"R_Hoarder","floor":92.0,"turns":4.0},{"damage":0.0,"enemies":"Giant Head","floor":95.0,"turns":5.0},{"damage":0.0,"enemies":"Jaw Worm Horde","floor":97.0,"turns":3.0},{"damage":29.0,"enemies":"Nightmare","floor":98.0,"turns":4.0},{"damage":0.0,"enemies":"3 Darklings","floor":99.0,"turns":3.0},{"damage":0.0,"enemies":"Spire Growth","floor":100.0,"turns":2.0},{"damage":0.0,"enemies":"hubris:GrandSnecko","floor":101.0,"turns":7.0},{"damage":0.0,"enemies":"2 Louse","floor":104.0,"turns":1.0},{"damage":0.0,"enemies":"The Mushroom Lair","floor":105.0,"turns":3.0},{"damage":0.0,"enemies":"3 Sentries","floor":109.0,"turns":2.0},{"damage":0.0,"enemies":"Jaw Worm","floor":110.0,"turns":2.0},{"damage":0.0,"enemies":"Small Slimes","floor":111.0,"turns":2.0},{"damage":0.0,"enemies":"downfall:LooterAlt","floor":112.0,"turns":2.0},{"damage":0.0,"enemies":"3 Sentries","floor":116.0,"turns":3.0},{"damage":0.0,"enemies":"2 Fungi Beasts","floor":117.0,"turns":1.0},{"damage":90.0,"enemies":"Hexaghost","floor":118.0,"turns":5.0},{"damage":0,"enemies":"Chosen","floor":121,"turns":1}],"seed_played":"8105879155470113394","potions_obtained":[{"floor":2.0,"key":"Weak Potion"},{"floor":3.0,"key":"CultistPotion"},{"floor":13.0,"key":"AttackPotion"},{"floor":16.0,"key":"PowerPotion"},{"floor":27.0,"key":"SmokeBomb"}],"is_trial":false,"path_per_floor":["R","M","M","M","?","?","T","?","M","?","R","M","M","M","M","B",null,"R","M","M","AVR","M","R","T","E","?","?","E","R","M","?","M","B",null,"R","M","M","?","?","E","T","M","M","M","NM","R","E","M","M","B",null,"R","M","$","?","AVR","M","T","M","M","NM","R","M","E","$","M","B",null,"R","M","M","?","$","R","E","?","R","M","?","?","?","M","M","B",null,"R","M","M","?","?","?","E","AVR","R","E","?","M","NM","M","M","B",null,"R","M","?","?","?","R","E","M","M","M","?","?","$","?","M","B",null,"R","M"],"character_chosen":"THE_AUTOMATON","items_purchased":["Bronze Scales","Oddly Smooth Stone","Membership Card","bronze:Shell","Dead Branch","Sling","infinitespire:Beetle Shell","Matryoshka","HandDrill"],"campfire_rested":0,"item_purchase_floors":[54,54,65,65,73,73,115,115,115],"current_hp_per_floor":[70,68,61,53,53,50,50,50,40,15,25,17,7,11,17,11,80,80,80,72,72,63,63,63,47,47,15,18,18,25,25,35,45,89,89,58,58,58,61,78,78,84,87,94,97,97,107,107,92,102,113,113,113,113,113,113,113,113,113,113,106,106,106,106,109,116,89,119,119,122,122,122,122,122,125,125,125,128,128,131,131,134,134,113,137,137,140,143,143,120,128,131,131,131,131,131,134,105,108,111,124,159,159,162,162,162,162,162,162,162,165,165,165,165,165,168,168,81,171,171,171,171,171],"gold":1220,"neow_bonus":"UPGRADE_CARD","is_daily":false,"chose_seed":false,"campfire_upgraded":9,"win_rate":0.0,"timestamp":1613821719,"path_taken":["R","M","M","M","?","?","T","?","M","?","R","M","M","M","M","BOSS","R","M","M","AVR","M","R","T","E","?","?","E","R","M","?","M","BOSS","R","M","M","?","?","E","T","?","M","M","NM","R","E","?","M","BOSS","R","M","$","?","AVR","M","T","M","M","NM","R","M","E","$","M","BOSS","R","M","M","?","$","R","E","?","R","M","?","?","?","M","M","BOSS","R","M","M","?","?","?","E","AVR","R","E","?","M","NM","M","M","BOSS","R","M","?","?","?","R","E","M","M","M","?","?","?","?","M","BOSS","R","M"],"items_purchased_type":["Relic","Relic","Relic","Card","Relic","Relic","Relic","Relic","Relic"],"build_version":"2020-12-22","purchased_purges":7,"victory":false,"max_hp_per_floor":[70,70,70,70,70,70,70,70,70,70,80,80,80,80,80,80,80,80,80,80,80,80,80,80,80,80,80,83,83,83,83,86,89,89,89,92,92,92,95,98,98,98,101,101,104,104,107,107,110,113,113,113,113,113,113,113,113,113,113,113,113,113,113,113,116,116,119,119,119,122,122,122,122,122,125,125,125,128,128,131,131,134,134,137,137,137,140,143,143,146,154,157,157,157,157,147,150,150,153,156,159,159,159,162,162,162,162,162,162,162,165,165,165,165,165,168,168,171,171,171,171,171,171],"card_choices":[{"not_picked":["bronze:DarkDash","bronze:Boost","bronze:BitShift"],"picked":"SKIP","floor":2.0},{"not_picked":["bronze:Fortify","bronze:Turbo"],"picked":"bronze:Branch","floor":3.0},{"not_picked":["bronze:CutThrough","bronze:FollowUp","bronze:FineTuning"],"picked":"SKIP","floor":4.0},{"not_picked":["bronze:DelayedGuard","bronze:WildBeam"],"picked":"bronze:Shell","floor":9.0},{"not_picked":[],"picked":"bronze:Spike","floor":10.0},{"not_picked":[],"picked":"bronze:DazingPulse","floor":10.0},{"not_picked":["bronze:ChildClass","bronze:DelayedSlice"],"picked":"bronze:HardenedForm","floor":10.0},{"not_picked":["bronze:DelayedGuard","bronze:Overheat"],"picked":"bronze:Repulsor","floor":12.0},{"not_picked":["bronze:FineTuning","bronze:WildBeam"],"picked":"bronze:Repair","floor":13.0},{"not_picked":["bronze:Iterate","bronze:Deprecate"],"picked":"bronze:GetLatest","floor":14.0},{"not_picked":["bronze:CloningBeam","bronze:BugBarrage"],"picked":"bronze:GetLatest","floor":15.0},{"not_picked":["bronze:ShipIt","bronze:Virus"],"picked":"bronze:HardenedForm","floor":16.0},{"not_picked":["bronze:BronzeArmor+1","bronze:DelayedSlice"],"picked":"bronze:CutThrough+1","floor":19.0},{"not_picked":["bronze:Branch","bronze:Deprecate"],"picked":"bronze:Iterate+1","floor":20.0},{"not_picked":["Secret Technique","The Bomb"],"picked":"Panache","floor":21.0},{"not_picked":["Replay:Sssssssssstrike","Transmutation"],"picked":"Panache","floor":21.0},{"not_picked":["bronze:BitShift","bronze:DelayedGuard","bronze:Invalidate"],"picked":"SKIP","floor":22.0},{"not_picked":["bronze:Iterate","bronze:BitShift"],"picked":"bronze:WhirlingStrike+1","floor":25.0},{"not_picked":["bronze:Philosophize","bronze:InfiniteBeams+1"],"picked":"bronze:OilSpill","floor":28.0},{"not_picked":["bronze:Deprecate","bronze:DigitalCarnage+1","bronze:CutThrough"],"picked":"SKIP","floor":30.0},{"not_picked":["bronze:Allocate","bronze:Safeguard"],"picked":"bronze:Constructor","floor":32.0},{"not_picked":["bronze:BurnOut","bronze:TinkerersToolbox"],"picked":"bronze:Library","floor":33.0},{"not_picked":["bronze:BugBarrage+1","bronze:ClassDefault+1"],"picked":"bronze:Terminator+1","floor":36.0},{"not_picked":["bronze:FineTuning+1","bronze:Overheat","bronze:Backtrace"],"picked":"SKIP","floor":37.0},{"not_picked":["bronze:DelayedSlice","bronze:FineTuning"],"picked":"bronze:Optimize+1","floor":40.0},{"not_picked":["bronze:CutThrough+1","bronze:BitShift+1","bronze:Shield","Guardian:Harden"],"picked":"SKIP","floor":42.0},{"not_picked":["bronze:DelayedGuard+1","bronze:Frontload+1","bronze:WhirlingStrike+1"],"picked":"Guardian:BodySlam","floor":43.0},{"not_picked":["bronze:ChildClass","bronze:BugBarrage","bronze:Shield+1","Guardian:Gem_Purple"],"picked":"SKIP","floor":44.0},{"not_picked":["bronze:BuggyMess","bronze:FineTuning","bronze:CloningBeam+1","Guardian:Emergency"],"picked":"SKIP","floor":45.0},{"not_picked":["bronze:Branch","bronze:ItsAFeature+1","Guardian:Gem_Yellow"],"picked":"bronze:Boost","floor":47.0},{"not_picked":["bronze:Turbo","bronze:Branch","bronze:Iterate","Guardian:Gem_Crimson"],"picked":"SKIP","floor":48.0},{"not_picked":["bronze:ForLoop+1","bronze:BitShift","Guardian:Recover"],"picked":"bronze:OilSpill+1","floor":49.0},{"not_picked":["bronze:CleanCode","bronze:Hardcode","Guardian:StasisEngine"],"picked":"bronze:HardenedForm","floor":50.0},{"not_picked":["bronze:WhirlingStrike","bronze:DelayedSlice","bronze:AlphaBuild","Guardian:SentryBeam"],"picked":"SKIP","floor":53.0},{"not_picked":["bronze:OilSpill","bronze:DelayedSlice","bronze:GetLatest","Guardian:Gem_Lightblue"],"picked":"SKIP","floor":54.0},{"not_picked":["bronze:BugBarrage","bronze:CutThrough","bronze:BitShift","Guardian:BronzeOrb"],"picked":"SKIP","floor":57.0},{"not_picked":["bronze:Shield","bronze:DelayedSlice","bronze:Philosophize","Guardian:CrystalBeam"],"picked":"SKIP","floor":59.0},{"not_picked":["bronze:WhirlingStrike","bronze:Deprecate","bronze:BitShift","Guardian:FloatingOrbs"],"picked":"SKIP","floor":60.0},{"not_picked":["bronze:BugBarrage","bronze:Frontload","bronze:CutThrough","Guardian:Gem_Purple"],"picked":"SKIP","floor":61.0},{"not_picked":["bronze:Deprecate","bronze:Branch","bronze:Shield","Guardian:Planning"],"picked":"SKIP","floor":63.0},{"not_picked":["bronze:FineTuning","bronze:DarkDash","bronze:DelayedGuard","Guardian:Suspension"],"picked":"SKIP","floor":64.0},{"not_picked":["bronze:BitShift","bronze:ThunderWave","Guardian:Gem_Crimson"],"picked":"bronze:GetLatest","floor":65.0},{"not_picked":["bronze:Constructor","bronze:Refactor","bronze:OilSpill","Guardian:SentryBeam"],"picked":"SKIP","floor":66.0},{"not_picked":["bronze:Hardcode","bronze:ThunderWave","Guardian:GemFire"],"picked":"bronze:AlphaBuild","floor":67.0},{"not_picked":["bronze:Deprecate+1","bronze:Shield","Guardian:CrystalBeam"],"picked":"bronze:ItsAFeature","floor":70.0},{"not_picked":["bronze:Deprecate+1","bronze:BitShift","bronze:DigitalCarnage+1","Guardian:MultiBeam"],"picked":"SKIP","floor":71.0},{"not_picked":["bronze:FollowUp+1","bronze:Branch","Guardian:SpikerProtocol"],"picked":"bronze:Constructor","floor":75.0},{"not_picked":["bronze:DelayedGuard","bronze:Deprecate","bronze:ChildClass"],"picked":"Guardian:StasisField","floor":78.0},{"not_picked":["bronze:Overload","bronze:Shield","Guardian:Gem_Red"],"picked":"bronze:Break","floor":82.0},{"not_picked":["bronze:Overheat","bronze:Allocate+1","bronze:Shell","Guardian:ChargeCore"],"picked":"SKIP","floor":83.0},{"not_picked":["infinitespire:SevenWalls","infinitespire:Menacing"],"picked":"ReplayTheSpireMod:Book of Names","floor":84.0},{"not_picked":["bronze:ShipIt","bronze:Break","Guardian:StasisEngine"],"picked":"bronze:InfiniteLoop","floor":84.0},{"not_picked":["bronze:BitShift+1","bronze:DarkDash","Guardian:Recover"],"picked":"bronze:BugBarrage","floor":87.0},{"not_picked":["bronze:CutThrough","bronze:DelayedGuard","Guardian:SpikerProtocol"],"picked":"bronze:Mutator","floor":88.0},{"not_picked":["bronze:DarkDash+1","bronze:BitShift","Guardian:BronzeOrb"],"picked":"bronze:Boost","floor":90.0},{"not_picked":["bronze:Separator+1","bronze:Safeguard+1","bronze:Return+1"],"picked":"Guardian:ConstructionForm","floor":92.0},{"not_picked":["bronze:Safeguard","bronze:MaxOutput+1","bronze:Return","Guardian:WalkerClaw"],"picked":"SKIP","floor":95.0},{"not_picked":["bronze:WildBeam+1","bronze:ChildClass","Guardian:ShieldCharger"],"picked":"bronze:ThunderWave","floor":97.0},{"not_picked":["bronze:OilSpill+1","bronze:BitShift","bronze:WildBeam","Guardian:WalkerClaw"],"picked":"SKIP","floor":98.0},{"not_picked":["bronze:WhirlingStrike","bronze:Overheat+1","Guardian:BaubleBeam"],"picked":"bronze:Repair+1","floor":99.0},{"not_picked":["bronze:WhirlingStrike","bronze:BronzeOrb","Guardian:PiercingHide"],"picked":"bronze:HardenedForm","floor":100.0},{"not_picked":["bronze:HardenedForm","bronze:Break","Guardian:AncientConstruct"],"picked":"bronze:Verify","floor":101.0},{"not_picked":["bronze:Invalidate","bronze:Overload","Guardian:TemporalStrike"],"picked":"bronze:Optimize","floor":104.0},{"not_picked":["bronze:OilSpill","bronze:BronzeOrb","bronze:ForLoop","Guardian:FastForward"],"picked":"SKIP","floor":109.0},{"not_picked":["bronze:CutThrough","bronze:ThunderWave","bronze:DelayedSlice","Guardian:VentSteam"],"picked":"SKIP","floor":110.0},{"not_picked":["bronze:BuggyMess","bronze:Iterate","Guardian:Harden"],"picked":"bronze:ForceShield","floor":111.0},{"not_picked":["bronze:NullPointer","bronze:GetLatest","bronze:ClassDefault","Guardian:ArmoredProtocol"],"picked":"SKIP","floor":112.0},{"not_picked":["bronze:BronzeArmor","bronze:Frontload","Guardian:Suspension"],"picked":"bronze:WhirlingStrike","floor":116.0},{"not_picked":["bronze:NullPointer","bronze:Deprecate","bronze:Terminator","Guardian:Gem_Red"],"picked":"SKIP","floor":117.0},{"not_picked":["bronze:ShipIt","bronze:FindAndReplace","Guardian:StasisStrike"],"picked":"bronze:InfiniteLoop","floor":118.0}],"player_experience":469938,"relics_obtained":[{"floor":24.0,"key":"Akabeko"},{"floor":25.0,"key":"bronze:CableSpool"},{"floor":26.0,"key":"Ring of Peace"},{"floor":27.0,"key":"Replay:Mystery Machine"},{"floor":28.0,"key":"Replay:Ringing Soul"},{"floor":40.0,"key":"hubris:DisguiseKit"},{"floor":41.0,"key":"ReplayFunnel"},{"floor":45.0,"key":"Grinning Jar"},{"floor":47.0,"key":"Shovel"},{"floor":52.0,"key":"Juzu Bracelet"},{"floor":55.0,"key":"Toy Ornithopter"},{"floor":58.0,"key":"ReplayTheSpireMod:Shallot"},{"floor":77.0,"key":"PreservedInsect"},{"floor":90.0,"key":"Counterbalance"},{"floor":103.0,"key":"Ornamental Fan"},{"floor":105.0,"key":"Odd Mushroom"},{"floor":108.0,"key":"Potion Belt"},{"floor":116.0,"key":"MawBank"},{"floor":120.0,"key":"infinitespire:WardingShard"}],"event_choices":[{"cards_removed":["bronze:Strike"],"damage_healed":0.0,"max_hp_gain":0.0,"max_hp_loss":0.0,"gold_gain":0.0,"event_name":"The Cleric","player_choice":"Card Removal","floor":5.0,"gold_loss":0.0,"damage_taken":0.0},{"damage_healed":0.0,"max_hp_gain":0.0,"max_hp_loss":0.0,"gold_gain":0.0,"event_name":"Scrap Ooze","player_choice":"Success","floor":6.0,"gold_loss":0.0,"damage_taken":3.0,"relics_obtained":["Pet Ghost"]},{"cards_removed":["bronze:CutThrough"],"damage_healed":0.0,"max_hp_gain":0.0,"max_hp_loss":0.0,"gold_gain":0.0,"event_name":"Falling","player_choice":"Removed Attack","floor":38.0,"gold_loss":0.0,"damage_taken":0.0},{"damage_healed":0.0,"max_hp_gain":0.0,"max_hp_loss":0.0,"gold_gain":0.0,"event_name":"Addict","player_choice":"Stole Relic","floor":80.0,"gold_loss":0.0,"damage_taken":0.0,"relics_obtained":["Orichalcum"],"cards_obtained":["Pride"]},{"damage_healed":0.0,"max_hp_gain":0.0,"max_hp_loss":0.0,"gold_gain":0.0,"event_name":"Lab","player_choice":"Got Potions","floor":89.0,"gold_loss":0.0,"damage_taken":0.0},{"damage_healed":0.0,"max_hp_gain":0.0,"max_hp_loss":0.0,"gold_gain":0.0,"event_name":"Mysterious Sphere","player_choice":"Fight","floor":90.0,"gold_loss":0.0,"damage_taken":0.0},{"damage_healed":0.0,"max_hp_gain":0.0,"max_hp_loss":0.0,"gold_gain":0.0,"event_name":"Mushrooms","player_choice":"Fought Mushrooms","floor":105.0,"gold_loss":0.0,"damage_taken":0.0}],"is_beta":false,"boss_relics":[{"not_picked":["Philosopher\u0027s Stone","Velvet Choker"],"picked":"Replay:Wanted Poster"},{"not_picked":["ChewingGum","Honey Jar"],"picked":"Sozu"},{"not_picked":["Replay:Bronze Core","Replay:Drink Me"],"picked":"bronze:MakeshiftBattery"},{"not_picked":["hubris:BlackHole","Snecko Eye"],"picked":"hubris:Backtick"},{"not_picked":["Runic Dome","Runic Pyramid","Astrolabe"]},{"not_picked":["hubris:TerracottaHorce","Painkiller Herb"],"picked":"Cursed Key"},{"not_picked":["Ring of Chaos","Snecko Eye"],"picked":"SlaversCollar"}],"items_purged_floors":[21,54,56,65,73,93,115],"is_endless":true,"potions_floor_spawned":[2,3,13,15,16,19,20,36,43,44,45,53,55,57,61,64,67,70,75,78,82,88,99,100,105,111,112,116],"killed_by":"Chosen","ascension_level":2}}