{"host":"qgrlfjrqk9z96gfi","time":1613796351,"event":{"mods":["BaseMod","Block Reminder","Colored Map","Custom Start","DeckTracker","Minty Spire (QoL Compilation)"],"gold_per_floor":[118,3,3,3,14,14,40,53,130,157,157,26,43,56,56,56,56],"floor_reached":16,"language":"ENG","playtime":527,"items_purged":["Normality"],"score":220,"play_id":"85e964ad-c1dc-4a0a-a584-cb09460bad36","local_time":"20210219184551","is_ascension_mode":true,"campfire_choices":[{"floor":6,"key":"REST"},{"floor":11,"key":"REST"},{"data":"Metamorphosis","floor":15,"key":"SMITH"}],"circlet_count":0,"master_deck":["AscendersBane","Strike_G","Strike_G","Strike_G","Strike_G","Defend_G","Defend_G","Defend_G","Defend_G","Defend_G","Survivor","Neutralize","Metamorphosis+1","Underhanded Strike","Reflex","Tools of the Trade","Dagger Throw","Prepared","Dodge and Roll","Calculated Gamble"],"relics":["Ring of the Snake","Vajra","Regal Pillow","The Courier","Nunchaku","Lee\u0027s Waffle"],"acts_visited":["Exordium"],"potions_floor_usage":[7,10,14,16],"damage_taken":[{"damage":1,"enemies":"Cultist","floor":1,"turns":3},{"damage":5,"enemies":"Small Slimes","floor":5,"turns":3},{"damage":20,"enemies":"Gremlin Nob","floor":7,"turns":4},{"damage":3,"enemies":"Jaw Worm","floor":8,"turns":4},{"damage":12,"enemies":"3 Sentries","floor":10,"turns":6},{"damage":1,"enemies":"2 Fungi Beasts","floor":13,"turns":3},{"damage":24,"enemies":"Exordium Thugs","floor":14,"turns":6},{"damage":52,"enemies":"Hexaghost","floor":16,"turns":9}],"seed_played":"807441997412342347","potions_obtained":[{"floor":1,"key":"Block Potion"},{"floor":8,"key":"SneckoOil"},{"floor":10,"key":"Swift Potion"},{"floor":13,"key":"DuplicationPotion"}],"is_trial":false,"path_per_floor":["M","$","?","?","M","R","E","M","T","E","R","$","M","M","R","B"],"character_chosen":"THE_SILENT","items_purchased":["Reflex","Lee\u0027s Waffle"],"campfire_rested":2,"item_purchase_floors":[2,12],"current_hp_per_floor":[58,58,23,23,18,37,17,14,14,2,36,73,72,48,48,0,0],"gold":56,"neow_bonus":"RANDOM_COLORLESS_2","is_daily":false,"chose_seed":false,"campfire_upgraded":1,"win_rate":0.0,"timestamp":1613796351,"path_taken":["M","$","?","?","M","R","E","?","T","E","R","$","M","M","R","BOSS"],"items_purchased_type":["Card","Relic"],"build_version":"2020-12-22","purchased_purges":1,"victory":false,"max_hp_per_floor":[66,66,66,66,66,66,66,66,66,66,66,73,73,73,73,73,73],"card_choices":[{"not_picked":["Secret Technique","Secret Weapon"],"picked":"Metamorphosis","floor":0},{"not_picked":["Acrobatics","Bouncing Flask"],"picked":"Underhanded Strike","floor":1},{"not_picked":["Sucker Punch","Deflect","Flying Knee"],"picked":"SKIP","floor":5},{"not_picked":["Endless Agony","Leg Sweep"],"picked":"Tools of the Trade","floor":7},{"not_picked":["Well Laid Plans","Skewer"],"picked":"Dagger Throw","floor":8},{"not_picked":["Backflip","Flechettes"],"picked":"Prepared","floor":10},{"not_picked":["Bane","Accuracy"],"picked":"Dodge and Roll","floor":13},{"not_picked":["Skewer","Riddle With Holes"],"picked":"Calculated Gamble","floor":14}],"player_experience":1168686,"relics_obtained":[{"floor":7,"key":"Regal Pillow"},{"floor":9,"key":"The Courier"},{"floor":10,"key":"Nunchaku"}],"event_choices":[{"damage_healed":0,"gold_gain":0,"player_choice":"Success","damage_taken":35,"relics_obtained":["Vajra"],"max_hp_gain":0,"max_hp_loss":0,"event_name":"Scrap Ooze","floor":3,"gold_loss":0},{"cards_removed":["Strike_G"],"damage_healed":0,"gold_gain":0,"player_choice":"Purged","damage_taken":0,"max_hp_gain":0,"max_hp_loss":0,"event_name":"Purifier","floor":4,"gold_loss":0}],"is_beta":false,"boss_relics":[],"items_purged_floors":[2],"is_endless":false,"potions_floor_spawned":[1,8,10,13],"killed_by":"Hexaghost","ascension_level":20}}