{"host":"17hbxmotjlknbpr0","time":1613804800,"event":{"mods":["Act Like it!","BaseMod","BetterRewards","Chat Monstrosity","Colored Powertips","Conspire","Downfall","Friendly Minions","FruityMod","Googly Eyes","GungeonMod","Hallownest","Hermit","Hero for Fun","HololiveMod","Hubris","Infinite Spire","Jorbs\u0027s Wanderer Trilogy","Lobotomy","Marisa????????","Mimic Mod","Minty Spire (QoL Compilation)","Pikachu Mod","READ ME - Snecko Mod","Random Character Button","Rare Cards Sparkle","RatMod","Shop Mod","Small Relic Pack","Somnambulant","StSLib","SuperFastMode","Td1madao Mod","The Bladedancer","The Blue Laboratory","The Bug Knight","The Clintock","The Construct","The Cursed","The Disciple","The Forsaken","The Hierophant","The IronCluck","The Mystic","The Necromancer","The Poker Player","The Problem Sleuth","The Runesmith","The Sage","The Saiyan","The Senshi","The Wild Card","Trackpad","Yuri Mod","egg","thorton"],"gold_per_floor":[17,27,27,27,91,126,126,141,141,160,210,210,260,278,278,377,377,393,374,374,424,507,507,521,539,562,612,612,640,654,673,673,676,676],"floor_reached":33,"language":"ENG","playtime":1766,"items_purged":[],"score":294,"play_id":"f9ae1ed2-e62f-4ef0-8d7f-70ed057178e7","local_time":"20210220020640","is_ascension_mode":false,"campfire_choices":[{"data":"Pikachu:TailWhip","floor":7,"key":"SMITH"},{"floor":12,"key":"RECALL"},{"data":"Pikachu:Metronome","floor":15,"key":"SMITH"},{"data":"hubris:Fate","floor":23,"key":"SMITH"},{"data":"Pikachu:Dig","floor":28,"key":"SMITH"},{"data":"Pikachu:Agility","floor":32,"key":"SMITH"}],"circlet_count":0,"master_deck":["Pikachu:TailWhip+1","Pikachu:Growl","Pikachu:ThunderShock","Pikachu:ElectroBall","Pikachu:QuickAttack","Pikachu:ThunderShock","Pikachu:Defend_Yellow","Pikachu:Defend_Yellow","Pikachu:Defend_Yellow","Pikachu:Flash","Pikachu:Dig+1","Pikachu:QuickAttack","Pikachu:Growl","Pikachu:QuickAttack","Pikachu:ElectroBall","Pikachu:ZapCannon","Pikachu:Metronome+1","Pikachu:Thunder","Pikachu:Strength","Pikachu:Agility+1","hubris:Fate+1","Pikachu:Feint+1","Pikachu:Double_Team","Pikachu:Cut","Pikachu:Cut","Pikachu:Agility"],"relics":["Pikachu:LeftoversRelic","SsserpentHead","Thread and Needle","hubris:Backtick","trackpad:CultistFigurine","Toolbox","hubris:BottledHeart","Red Mask","DemoMod:GlassGuonStoneRelic","Juzu Bracelet","MutagenicStrength","Toy Ornithopter"],"acts_visited":["Exordium","TheCity"],"potions_floor_usage":[16],"damage_taken":[{"damage":4,"enemies":"Cultist","floor":1,"turns":4},{"damage":2,"enemies":"conspire:RoseBush","floor":2,"turns":3},{"damage":0,"enemies":"Jaw Worm","floor":5,"turns":4},{"damage":25,"enemies":"Lagavulin","floor":6,"turns":8},{"damage":0,"enemies":"Red Slaver","floor":8,"turns":4},{"damage":0,"enemies":"Large Slime","floor":10,"turns":4},{"damage":5,"enemies":"3 Louse","floor":14,"turns":2},{"damage":24,"enemies":"Slime Boss","floor":16,"turns":9},{"damage":16,"enemies":"Spheric Guardian","floor":18,"turns":4},{"damage":19,"enemies":"2 Thieves","floor":19,"turns":4},{"damage":0,"enemies":"Masked Bandits","floor":22,"turns":2},{"damage":0,"enemies":"Centurion and Healer","floor":24,"turns":5},{"damage":0,"enemies":"conspire:HollyBat","floor":25,"turns":1},{"damage":0,"enemies":"conspire:SneckoGhost","floor":29,"turns":1},{"damage":0,"enemies":"Chosen and Byrds","floor":30,"turns":4},{"damage":0,"enemies":"Snake Plant","floor":31,"turns":4},{"damage":2,"enemies":"Automaton","floor":33,"turns":6}],"seed_played":"941874882795735289","potions_obtained":[{"floor":2,"key":"blueLaboratory:HorrorPotion"},{"floor":8,"key":"FearPotion"},{"floor":14,"key":"blueLaboratory:FruitPunch"},{"floor":19,"key":"blueLaboratory:BottleOfRum"}],"is_trial":false,"path_per_floor":["M","M","$","?","M","E","R","M","T","M","?","R","?","M","R","B",null,"M","M","AVR","?","?","R","M","M","T","?","R","E","M","M","R","B"],"character_chosen":"THE_DEFAULT","items_purchased":[],"campfire_rested":0,"item_purchase_floors":[],"current_hp_per_floor":[66,66,66,66,68,45,45,47,47,49,49,49,80,75,75,55,82,66,49,49,1,1,1,1,1,1,1,1,1,1,1,1,0,0],"gold":676,"neow_bonus":"THREE_RARE_CARDS","is_daily":false,"chose_seed":false,"campfire_upgraded":5,"win_rate":0.0,"timestamp":1613804800,"path_taken":["M","M","?","?","?","E","R","M","T","M","?","R","?","M","R","BOSS","M","M","AVR","?","?","R","M","M","T","?","R","E","M","M","R","BOSS"],"items_purchased_type":[],"build_version":"2020-12-22","purchased_purges":0,"victory":false,"max_hp_per_floor":[70,70,70,70,70,70,70,70,70,70,70,70,80,80,80,82,82,82,82,82,1,1,1,1,1,1,1,1,1,1,1,1,1,1],"card_choices":[{"not_picked":["Pikachu:Thunder","Pikachu:Thunder_Wave"],"picked":"Pikachu:Dig","floor":0},{"not_picked":["Pikachu:LightScreen","Pikachu:VoltSwitch"],"picked":"Pikachu:QuickAttack","floor":1},{"not_picked":["Pikachu:PlayNice","Pikachu:Discharge"],"picked":"Pikachu:Growl","floor":2},{"not_picked":["Pikachu:PlayNice","Pikachu:Growl"],"picked":"Pikachu:Dig","floor":5},{"not_picked":["Pikachu:Fling","Pikachu:Slam"],"picked":"Pikachu:QuickAttack","floor":6},{"not_picked":["Pikachu:Iron_Tail","Pikachu:Flash"],"picked":"Pikachu:ElectroBall","floor":8},{"not_picked":["Pikachu:TakeDown","Pikachu:NaturalGift"],"picked":"Pikachu:ZapCannon","floor":10},{"not_picked":["Pikachu:TakeDown","Pikachu:Flash"],"picked":"Pikachu:Metronome","floor":14},{"not_picked":["Pikachu:Thunder_Wave","Pikachu:Dig"],"picked":"Pikachu:Thunder","floor":16},{"not_picked":["Pikachu:Thunderbolt+1","Pikachu:Swift+1"],"picked":"Pikachu:Strength","floor":18},{"not_picked":["Pikachu:Secret_Power","Pikachu:ElectroBall+1"],"picked":"Pikachu:Agility","floor":19},{"not_picked":["Pikachu:NaturalGift","Pikachu:ThunderPunch"],"picked":"Pikachu:Feint+1","floor":22},{"not_picked":["Pikachu:Swagger","Pikachu:Feint"],"picked":"Pikachu:Double_Team","floor":24},{"not_picked":["Pikachu:Spark+1","Pikachu:Growl"],"picked":"Pikachu:Cut","floor":25},{"not_picked":["Pikachu:VoltSwitch","Pikachu:Thunderbolt"],"picked":"Pikachu:Cut","floor":29},{"not_picked":["Pikachu:ThunderPunch","Pikachu:Swagger"],"picked":"Pikachu:Agility","floor":30},{"not_picked":["Pikachu:Iron_Tail","Pikachu:Thunderbolt","Pikachu:Spark"],"picked":"SKIP","floor":31}],"player_experience":159145,"relics_obtained":[{"floor":6,"key":"Thread and Needle"},{"floor":22,"key":"Red Mask"},{"floor":26,"key":"Juzu Bracelet"},{"floor":29,"key":"Toy Ornithopter"}],"event_choices":[{"damage_healed":0,"gold_gain":0,"player_choice":"Trade","damage_taken":0,"relics_obtained":["SsserpentHead"],"max_hp_gain":0,"max_hp_loss":0,"event_name":"FaceTrader","floor":4,"gold_loss":0},{"cards_removed":["Pikachu:Dig"],"damage_healed":21,"gold_gain":0,"player_choice":"Offered Rare","damage_taken":0,"max_hp_gain":10,"max_hp_loss":0,"event_name":"Bonfire Elementals","floor":13,"gold_loss":0},{"damage_healed":0,"gold_gain":0,"player_choice":"Fought Bandits","damage_taken":0,"max_hp_gain":0,"max_hp_loss":0,"event_name":"Masked Bandits","floor":22,"gold_loss":0},{"damage_healed":0,"gold_gain":0,"player_choice":"Inject Mutagens","damage_taken":0,"relics_obtained":["MutagenicStrength"],"max_hp_gain":0,"max_hp_loss":0,"event_name":"Drug Dealer","floor":27,"gold_loss":0}],"is_beta":false,"boss_relics":[{"not_picked":["relicPack:ShieldShield","sagemod:Falmels_Amulet"],"picked":"hubris:Backtick"}],"items_purged_floors":[],"is_endless":false,"potions_floor_spawned":[2,8,14,19,29,30],"killed_by":"Automaton","ascension_level":0}}