{"host":"g7uq9uzahx9e0kti","time":1613807988,"event":{"mods":["100% Spire Juice","AchievementEnabler","Act Like it!","Arknights","BaseMod","CapriCore","Hermit","Koishi","Minty Spire (QoL Compilation)","Permanent Neow","Quick Restart","StSLib","SuperFastMode","The Bug Knight","The Cursed","The Hierophant","The Poker Player","Together in Spire","WarShipGirlsR/??á´Ò³R mod"],"gold_per_floor":[18,32,45,61,61,87,107,137,137,154,154,168,196,208,208,313,313,331,344,57,68,88,118,137,162,216,141,152,183,183,26,26,26,26],"floor_reached":33,"language":"KOR","playtime":1821,"items_purged":[],"score":407,"play_id":"8d3cfc34-7932-4050-818a-cbab5e425876","local_time":"20210220165948","is_ascension_mode":true,"campfire_choices":[{"data":"TheCursedMod:SurpriseAttack","floor":11,"key":"SMITH"},{"data":"TheCursedMod:SurpriseAttack","floor":15,"key":"SMITH"},{"data":"TheCursedMod:DemonSword","floor":30,"key":"SMITH"},{"data":"TheCursedMod:Defend_TheCursed","floor":32,"key":"PURGE"}],"circlet_count":0,"master_deck":["TheCursedMod:Strike_TheCursed","TheCursedMod:Strike_TheCursed+1","TheCursedMod:Strike_TheCursed+1","TheCursedMod:Defend_TheCursed","TheCursedMod:Defend_TheCursed","TheCursedMod:Defend_TheCursed","TheCursedMod:CursedWand","TheCursedMod:CleanUpWorkshop","TheCursedMod:Dregs","TheCursedMod:CursedBlade","TheCursedMod:ReleasedStrength","TheCursedMod:SurpriseAttack+1","TheCursedMod:SurpriseAttack+1","TheCursedMod:RapidMovement","TheCursedMod:SpitefulStrike","TheCursedMod:Neurasthenia","TheCursedMod:SurpriseAttack+1","TheCursedMod:Wield","TheCursedMod:CursedBlade","TheCursedMod:DemonSword+1","TheCursedMod:Wield","TheCursedMod:WearCloak","TheCursedMod:TroublousMinions","TheCursedMod:CursedShiv","TheCursedMod:SoulCrush","Decay","TheCursedMod:Stretching+1"],"relics":["TheCursedMod:BlackMagic101","FossilizedHelix","TheCursedMod:BloodyHarpoon","Bag of Marbles","TheCursedMod:SoulVessel","Ginger","Cursed Key","Calipers","Peace Pipe","Whetstone","Potion Belt","Red Mask","Tiny Chest"],"acts_visited":["Exordium","TheCity"],"potions_floor_usage":[16,16,16,21,33],"damage_taken":[{"damage":5,"enemies":"Jaw Worm","floor":1,"turns":4},{"damage":0,"enemies":"Cultist","floor":2,"turns":4},{"damage":0,"enemies":"2 Louse","floor":3,"turns":3},{"damage":0,"enemies":"Exordium Wildlife","floor":4,"turns":3},{"damage":3,"enemies":"Gremlin Nob","floor":6,"turns":4},{"damage":0,"enemies":"2 Fungi Beasts","floor":7,"turns":2},{"damage":12,"enemies":"Lagavulin","floor":8,"turns":6},{"damage":0,"enemies":"Looter","floor":10,"turns":1},{"damage":0,"enemies":"Lots of Slimes","floor":12,"turns":3},{"damage":0,"enemies":"3 Sentries","floor":13,"turns":4},{"damage":0,"enemies":"Large Slime","floor":14,"turns":1},{"damage":0,"enemies":"Slime Boss","floor":16,"turns":6},{"damage":0,"enemies":"Spheric Guardian","floor":18,"turns":3},{"damage":0,"enemies":"Shell Parasite","floor":19,"turns":2},{"damage":0,"enemies":"Snake Plant","floor":21,"turns":3},{"damage":0,"enemies":"Snecko","floor":22,"turns":4},{"damage":10,"enemies":"Gremlin Leader","floor":23,"turns":6},{"damage":0,"enemies":"Centurion and Healer","floor":24,"turns":2},{"damage":6,"enemies":"Slavers","floor":25,"turns":6},{"damage":0,"enemies":"Chosen and Byrds","floor":28,"turns":3},{"damage":0,"enemies":"Masked Bandits","floor":29,"turns":3},{"damage":82,"enemies":"Automaton","floor":33,"turns":8}],"seed_played":"7469348516963109268","potions_obtained":[{"floor":1,"key":"Weak Potion"},{"floor":3,"key":"SneckoOil"},{"floor":4,"key":"SkillPotion"},{"floor":7,"key":"ColorlessPotion"},{"floor":18,"key":"Weak Potion"},{"floor":22,"key":"FearPotion"},{"floor":29,"key":"FearPotion"}],"is_trial":false,"path_per_floor":["M","M","M","M","?","E","M","E","T","M","R","M","E","M","R","B",null,"M","M","$","M","M","E","M","E","T","?","M","?","R","$","R","B"],"character_chosen":"THE_CURSED","items_purchased":["Calipers","Tiny Chest"],"campfire_rested":0,"item_purchase_floors":[20,31],"current_hp_per_floor":[70,70,70,70,70,67,67,55,55,55,55,57,60,60,60,64,75,75,75,75,75,75,70,73,72,72,72,75,75,75,75,75,0,0],"gold":26,"neow_bonus":"ONE_RARE_RELIC","is_daily":false,"chose_seed":false,"campfire_upgraded":3,"win_rate":0.0,"timestamp":1613807988,"path_taken":["M","M","M","M","?","E","?","E","T","?","R","M","E","M","R","BOSS","M","M","$","M","M","E","M","E","T","?","M","?","R","?","R","BOSS"],"items_purchased_type":["Relic","Relic"],"build_version":"2020-12-22","purchased_purges":0,"victory":false,"max_hp_per_floor":[75,75,75,75,75,75,75,75,75,75,75,75,75,75,75,75,75,75,75,75,75,75,75,75,75,75,75,75,75,75,75,75,75,75],"card_choices":[{"not_picked":["TheCursedMod:AshesToAshes","TheCursedMod:Evocation"],"picked":"TheCursedMod:CursedBlade","floor":1},{"not_picked":["TheCursedMod:SoulCrush","TheCursedMod:SmokeScreen"],"picked":"TheCursedMod:ReleasedStrength","floor":2},{"not_picked":["TheCursedMod:CursedAmulet","TheCursedMod:Stigma"],"picked":"TheCursedMod:SurpriseAttack","floor":3},{"not_picked":["TheCursedMod:VitalStrike","TheCursedMod:CircleOfCorruption"],"picked":"TheCursedMod:SurpriseAttack","floor":4},{"not_picked":["TheCursedMod:CursedRelics","TheCursedMod:CircleOfAmplification","TheCursedMod:FleshFromBone"],"picked":"SKIP","floor":6},{"not_picked":["TheCursedMod:RavingStaff","TheCursedMod:FleshFromBone"],"picked":"TheCursedMod:RapidMovement","floor":7},{"not_picked":["TheCursedMod:CursedArmor","TheCursedMod:Stretching"],"picked":"TheCursedMod:SpitefulStrike","floor":8},{"not_picked":["TheCursedMod:StingEye","TheCursedMod:RavingStaff"],"picked":"TheCursedMod:Neurasthenia","floor":10},{"not_picked":["TheCursedMod:Obscuration","TheCursedMod:DoubleShield"],"picked":"TheCursedMod:SurpriseAttack","floor":12},{"not_picked":["TheCursedMod:CursedSpellbook","TheCursedMod:Grudge"],"picked":"TheCursedMod:Wield","floor":13},{"not_picked":["TheCursedMod:CircleOfFlame","TheCursedMod:UltimatePain"],"picked":"TheCursedMod:CursedBlade","floor":14},{"not_picked":["TheCursedMod:VoidForm","TheCursedMod:CursedRelics"],"picked":"TheCursedMod:DemonSword","floor":16},{"not_picked":["TheCursedMod:FleshFromBone","TheCursedMod:Evocation"],"picked":"TheCursedMod:Wield","floor":18},{"not_picked":["TheCursedMod:SpitefulPlan","TheCursedMod:VitalStrike"],"picked":"TheCursedMod:WearCloak","floor":19},{"not_picked":["TheCursedMod:Torture+1","TheCursedMod:SmokeScreen","TheCursedMod:FuryStrike"],"picked":"SKIP","floor":21},{"not_picked":["TheCursedMod:TacticalStrike","TheCursedMod:SpitefulPlan"],"picked":"TheCursedMod:TroublousMinions","floor":22},{"not_picked":["TheCursedMod:DoubleShield","TheCursedMod:Stretching","TheCursedMod:FleshFromBone+1"],"picked":"SKIP","floor":23},{"not_picked":["TheCursedMod:SpitefulStrike","TheCursedMod:Stigma"],"picked":"TheCursedMod:CursedShiv","floor":24},{"not_picked":["TheCursedMod:UltimatePain","TheCursedMod:SoulCrush","TheCursedMod:Obscuration"],"picked":"SKIP","floor":25},{"not_picked":["TheCursedMod:UltimatePain","TheCursedMod:Obscuration"],"picked":"TheCursedMod:SoulCrush","floor":25},{"not_picked":["TheCursedMod:VitalStrike","TheCursedMod:Torture","TheCursedMod:Mangle"],"picked":"SKIP","floor":28},{"not_picked":["TheCursedMod:SmokeScreen","TheCursedMod:SoulCrush"],"picked":"TheCursedMod:Stretching+1","floor":29}],"player_experience":141153,"relics_obtained":[{"floor":6,"key":"TheCursedMod:BloodyHarpoon"},{"floor":8,"key":"Bag of Marbles"},{"floor":9,"key":"TheCursedMod:SoulVessel"},{"floor":13,"key":"Ginger"},{"floor":23,"key":"Peace Pipe"},{"floor":25,"key":"Whetstone"},{"floor":26,"key":"Potion Belt"},{"floor":29,"key":"Red Mask"}],"event_choices":[{"damage_healed":0,"gold_gain":0,"player_choice":"Upgraded","damage_taken":0,"max_hp_gain":0,"max_hp_loss":0,"event_name":"Upgrade Shrine","floor":5,"gold_loss":0,"cards_upgraded":["TheCursedMod:SurpriseAttack"]},{"cards_removed":["TheCursedMod:Strike_TheCursed"],"damage_healed":0,"gold_gain":0,"player_choice":"Gave Gold","damage_taken":0,"max_hp_gain":0,"max_hp_loss":0,"event_name":"Beggar","floor":27,"gold_loss":75},{"damage_healed":0,"gold_gain":0,"player_choice":"Fought Bandits","damage_taken":0,"max_hp_gain":0,"max_hp_loss":0,"event_name":"Masked Bandits","floor":29,"gold_loss":0}],"is_beta":false,"boss_relics":[{"not_picked":["Empty Cage","Runic Pyramid"],"picked":"Cursed Key"}],"items_purged_floors":[],"is_endless":false,"potions_floor_spawned":[1,3,4,7,8,12,18,22,29],"killed_by":"Automaton","ascension_level":1}}