{"host":"ueef25wtkg2eer3h","time":1613848024,"event":{"mods":["AchievementEnabler","BaseMod","Colored Map","Colored Powertips","DeckTracker","Displayed Cursed Tome","Googly Eyes","Highlight Path","Minty Spire (QoL Compilation)","Slay the Relics Exporter","StSLib"],"gold_per_floor":[210,38,58,72,82,111,122,175,249,249,268,29,29,29,41,157,169,199,136,148,187,214,226,253,265,265],"floor_reached":25,"language":"ENG","playtime":1406,"items_purged":["Defend_B"],"score":325,"play_id":"c0706bd2-4e0c-4083-90ce-f0365977e0aa","local_time":"20210220200704","is_ascension_mode":true,"campfire_choices":[{"floor":10,"key":"REST"},{"data":"Trip","floor":13,"key":"SMITH"},{"floor":15,"key":"REST"},{"floor":23,"key":"REST"}],"circlet_count":0,"master_deck":["AscendersBane","Strike_B","Strike_B","Defend_B","Defend_B","Defend_B","Zap","Dualcast","Leap","Cold Snap","Barrage","Streamline","Ball Lightning","Sunder","Cold Snap","Turbo","Trip+1","Defragment","Reboot","Hologram","Doom and Gloom","Capacitor","Turbo+1"],"relics":["FrozenCore","Toolbox","Juzu Bracelet","Ornamental Fan","MawBank","Red Mask"],"acts_visited":["Exordium","TheCity"],"potions_floor_usage":[6,16,25],"damage_taken":[{"damage":15,"enemies":"Small Slimes","floor":1,"turns":3},{"damage":3,"enemies":"Jaw Worm","floor":3,"turns":3},{"damage":0,"enemies":"2 Louse","floor":4,"turns":2},{"damage":12,"enemies":"Blue Slaver","floor":5,"turns":4},{"damage":16,"enemies":"Gremlin Nob","floor":6,"turns":3},{"damage":17,"enemies":"Looter","floor":7,"turns":3},{"damage":0,"enemies":"2 Fungi Beasts","floor":11,"turns":2},{"damage":9,"enemies":"Hexaghost","floor":16,"turns":13},{"damage":16,"enemies":"2 Thieves","floor":18,"turns":3},{"damage":38,"enemies":"Masked Bandits","floor":21,"turns":5},{"damage":3,"enemies":"Shell Parasite","floor":22,"turns":4},{"damage":4,"enemies":"Snecko","floor":24,"turns":6},{"damage":32,"enemies":"Gremlin Leader","floor":25,"turns":4}],"seed_played":"8118743273093808124","potions_obtained":[{"floor":4,"key":"LiquidMemories"},{"floor":7,"key":"GamblersBrew"},{"floor":11,"key":"Weak Potion"},{"floor":18,"key":"Dexterity Potion"}],"is_trial":false,"path_per_floor":["M","$","M","M","M","E","M","?","T","R","M","$","R","T","R","B",null,"M","?","?","?","M","R","M","E"],"character_chosen":"DEFECT","items_purchased":["Toolbox","Cold Snap","Trip","Defragment"],"campfire_rested":3,"item_purchase_floors":[2,2,12,12],"current_hp_per_floor":[53,53,50,50,38,22,5,5,5,27,27,27,27,27,49,40,66,50,50,50,12,9,31,27,0,0],"gold":265,"neow_bonus":"HUNDRED_GOLD","is_daily":false,"chose_seed":false,"campfire_upgraded":1,"win_rate":0.0,"timestamp":1613848024,"path_taken":["M","$","M","M","M","E","M","?","T","R","M","$","R","?","R","BOSS","M","?","?","?","M","R","M","E"],"items_purchased_type":["Relic","Card","Card","Card"],"build_version":"2020-12-22","purchased_purges":1,"victory":false,"max_hp_per_floor":[75,75,75,75,75,75,75,75,75,75,75,75,75,75,75,75,75,75,75,75,75,75,75,75,75,75],"card_choices":[{"not_picked":["Compile Driver","Skim"],"picked":"Leap","floor":1},{"not_picked":["Skim","Self Repair"],"picked":"Barrage","floor":3},{"not_picked":["Stack","Barrage"],"picked":"Streamline","floor":4},{"not_picked":["Compile Driver","Cold Snap"],"picked":"Ball Lightning","floor":5},{"not_picked":["Biased Cognition","Doom and Gloom"],"picked":"Sunder","floor":6},{"not_picked":["Redo","Steam"],"picked":"Cold Snap","floor":7},{"not_picked":["Redo","Rebound"],"picked":"Turbo","floor":11},{"not_picked":["All For One","Hyperbeam"],"picked":"Reboot","floor":16},{"not_picked":["Compile Driver","Rip and Tear"],"picked":"Hologram","floor":18},{"not_picked":["Coolheaded+1","Lockon"],"picked":"Doom and Gloom","floor":21},{"not_picked":["Rebound","Barrage"],"picked":"Capacitor","floor":22},{"not_picked":["Compile Driver","Auto Shields"],"picked":"Turbo+1","floor":24}],"player_experience":296981,"relics_obtained":[{"floor":6,"key":"Juzu Bracelet"},{"floor":9,"key":"Ornamental Fan"},{"floor":14,"key":"MawBank"},{"floor":21,"key":"Red Mask"}],"event_choices":[{"damage_healed":0,"gold_gain":53,"player_choice":"Gained Gold","damage_taken":0,"max_hp_gain":0,"max_hp_loss":0,"event_name":"Golden Wing","floor":8,"gold_loss":0},{"cards_removed":["Strike_B"],"damage_healed":0,"gold_gain":0,"player_choice":"Gave Gold","damage_taken":0,"max_hp_gain":0,"max_hp_loss":0,"event_name":"Beggar","floor":19,"gold_loss":75},{"cards_removed":["Strike_B"],"damage_healed":0,"gold_gain":0,"player_choice":"Elegance","damage_taken":0,"max_hp_gain":0,"max_hp_loss":0,"event_name":"Back to Basics","floor":20,"gold_loss":0},{"damage_healed":0,"gold_gain":0,"player_choice":"Fought Bandits","damage_taken":0,"max_hp_gain":0,"max_hp_loss":0,"event_name":"Masked Bandits","floor":21,"gold_loss":0}],"is_beta":false,"boss_relics":[{"not_picked":["Snecko Eye","Busted Crown"],"picked":"FrozenCore"}],"items_purged_floors":[12],"is_endless":false,"potions_floor_spawned":[4,7,11,18],"killed_by":"Gremlin Leader","ascension_level":12}}