{"host":"qxeepl7ydvsgmfdb","time":1613837973,"event":{"mods":["AchievementEnabler","BaseMod","Colored Powertips","Minty Spire (QoL Compilation)","Quick Restart","slay the spire mod where everything is the same but ironclad has a cowboy hat"],"gold_per_floor":[118,23,23,47,47,47,78,78,78,28,59,59,59,90,90,180,243,263,5,5,5,5,5,37,37,37,71,71,83,83,99,99,176,176,194,194,212,223,223,223,183,183,183,199,26,41,53,53,53],"floor_reached":48,"language":"ENG","playtime":1251,"items_purged":[],"score":993,"play_id":"333fa502-5338-4c67-a016-364b848c41e1","local_time":"20210220111933","is_ascension_mode":true,"campfire_choices":[{"data":"Distraction","floor":6.0,"key":"SMITH"},{"data":"Noxious Fumes","floor":8.0,"key":"SMITH"},{"floor":15.0,"key":"REST"},{"floor":23.0,"key":"REST"},{"floor":25,"key":"REST"},{"floor":30,"key":"REST"},{"floor":32,"key":"REST"},{"floor":40,"key":"REST"}],"circlet_count":0,"master_deck":["AscendersBane","Strike_G","Strike_G+1","Strike_G","Strike_G","Strike_G","Defend_G","Defend_G","Defend_G","Defend_G","Defend_G","Survivor","Neutralize","Deflect","Noxious Fumes+1","Poisoned Stab","Distraction+1","Backstab","Poisoned Stab","Poisoned Stab","Corpse Explosion+1","Bane","Prepared+1","Footwork","Deflect+1","Blade Dance+1"],"relics":["Ring of the Snake","NeowsBlessing","Bloody Idol","Toxic Egg 2","Vajra","Bottled Tornado","Eternal Feather","Mummified Hand","Tiny House","Pen Nib","Nilry\u0027s Codex","Tough Bandages","Shuriken","Molten Egg 2","SacredBark","Pear","Snake Skull"],"acts_visited":["Exordium","TheCity","TheBeyond"],"potions_floor_usage":[24,29,42,47,47],"damage_taken":[{"damage":0.0,"enemies":"Jaw Worm","floor":1.0,"turns":1.0},{"damage":0.0,"enemies":"2 Louse","floor":4.0,"turns":1.0},{"damage":0.0,"enemies":"Lagavulin","floor":7.0,"turns":1.0},{"damage":34.0,"enemies":"Gremlin Nob","floor":11.0,"turns":5.0},{"damage":25.0,"enemies":"Lagavulin","floor":14.0,"turns":6.0},{"damage":31.0,"enemies":"Hexaghost","floor":16.0,"turns":8.0},{"damage":16.0,"enemies":"Spheric Guardian","floor":18.0,"turns":4.0},{"damage":41,"enemies":"Gremlin Leader","floor":24,"turns":5},{"damage":56,"enemies":"Slavers","floor":27,"turns":4},{"damage":0,"enemies":"2 Thieves","floor":29,"turns":2},{"damage":19,"enemies":"Snecko","floor":31,"turns":6},{"damage":63,"enemies":"Automaton","floor":33,"turns":9},{"damage":11,"enemies":"Orb Walker","floor":35,"turns":3},{"damage":6,"enemies":"3 Shapes","floor":37,"turns":2},{"damage":20,"enemies":"Sphere and 2 Shapes","floor":38,"turns":5},{"damage":2,"enemies":"Reptomancer","floor":42,"turns":2},{"damage":26,"enemies":"Writhing Mass","floor":44,"turns":5},{"damage":41,"enemies":"3 Darklings","floor":46,"turns":5},{"damage":8,"enemies":"Maw","floor":47,"turns":7},{"damage":46,"enemies":"Giant Head","floor":48,"turns":5}],"seed_played":"1574118167263828152","potions_obtained":[{"floor":4.0,"key":"Regen Potion"},{"floor":7.0,"key":"Block Potion"},{"floor":17.0,"key":"Explosive Potion"},{"floor":27,"key":"Energy Potion"},{"floor":35,"key":"DuplicationPotion"},{"floor":37,"key":"Weak Potion"},{"floor":41,"key":"SmokeBomb"},{"floor":44,"key":"GhostInAJar"}],"is_trial":false,"path_per_floor":["M","$","?","M","?","R","E","R","T","$","E","T","$","E","R","B",null,"M","$","?","?","?","R","E","R","T","E","$","M","R","M","R","B",null,"M","$","M","M","?","R","?","E","T","M","$","M","M","E"],"character_chosen":"THE_SILENT","items_purchased":["Noxious Fumes","Poisoned Stab","Poisoned Stab","Pen Nib","Footwork","Deflect+1","Snake Skull"],"campfire_rested":6,"item_purchase_floors":[2,2,10,19,19,19,45],"current_hp_per_floor":[59,59,59,59,59,59,59,59,59,59,25,25,25,15,46,15,58,42,42,21,21,21,57,21,57,57,6,6,16,52,38,71,13,57,51,51,50,35,35,71,71,69,79,58,58,22,19,0,0],"gold":53,"neow_bonus":"THREE_ENEMY_KILL","is_daily":false,"chose_seed":false,"campfire_upgraded":2,"win_rate":0.0,"timestamp":1613837973,"path_taken":["M","$","?","M","?","R","E","R","T","$","E","?","?","E","R","BOSS","M","$","?","?","?","R","E","R","T","E","?","?","R","M","R","BOSS","M","$","?","M","?","R","?","E","T","M","$","M","?","E"],"items_purchased_type":["Card","Card","Card","Relic","Card","Card","Relic"],"build_version":"2020-12-22","purchased_purges":0,"victory":false,"max_hp_per_floor":[66,66,66,66,66,66,66,66,66,66,66,66,66,66,66,66,71,71,71,71,71,71,71,71,71,71,71,71,71,71,71,71,71,71,71,71,71,71,71,71,71,71,81,81,81,81,81,81,81],"card_choices":[{"not_picked":["Caltrops","Dodge and Roll"],"picked":"Deflect","floor":1.0},{"not_picked":["Sucker Punch","Prepared"],"picked":"Distraction","floor":4.0},{"not_picked":["Skewer","Underhanded Strike"],"picked":"Backstab","floor":7.0},{"not_picked":["Leg Sweep+1","All Out Attack","Tactician+1"],"picked":"SKIP","floor":11.0},{"not_picked":["Dagger Spray","Skewer"],"picked":"Poisoned Stab","floor":14.0},{"not_picked":["Malaise+1","Grand Finale"],"picked":"Corpse Explosion+1","floor":16.0},{"not_picked":["Dagger Throw","Acrobatics+1"],"picked":"Bane","floor":17.0},{"not_picked":["Backflip+1","Blur+1"],"picked":"Prepared+1","floor":18.0},{"not_picked":["Poisoned Stab","Deflect+1","Bane+1"],"picked":"SKIP","floor":24},{"not_picked":["Finisher+1","Dagger Spray+1"],"picked":"Blade Dance+1","floor":27},{"not_picked":["Distraction+1","Burst+1","Terror+1"],"picked":"SKIP","floor":29},{"not_picked":["Sucker Punch+1","Noxious Fumes","Slice+1"],"picked":"SKIP","floor":31},{"not_picked":["Riddle With Holes+1","Dodge and Roll+1","Caltrops+1"],"picked":"SKIP","floor":35},{"not_picked":["Caltrops+1","Crippling Poison+1","Noxious Fumes"],"picked":"SKIP","floor":37},{"not_picked":["Underhanded Strike+1","Dagger Throw+1","All Out Attack+1"],"picked":"SKIP","floor":38},{"not_picked":["Deadly Poison+1","Blade Dance+1","Wraith Form v2"],"picked":"SKIP","floor":44},{"not_picked":["Well Laid Plans+1","Dagger Spray+1","Prepared+1"],"picked":"SKIP","floor":46},{"not_picked":["PiercingWail+1","Leg Sweep+1","Cloak And Dagger+1"],"picked":"SKIP","floor":47}],"player_experience":185562,"relics_obtained":[{"floor":7.0,"key":"Toxic Egg 2"},{"floor":9.0,"key":"Vajra"},{"floor":11.0,"key":"Bottled Tornado"},{"floor":12.0,"key":"Eternal Feather"},{"floor":14.0,"key":"Mummified Hand"},{"floor":20.0,"key":"Nilry\u0027s Codex"},{"floor":24,"key":"Tough Bandages"},{"floor":26,"key":"Shuriken"},{"floor":27,"key":"Molten Egg 2"},{"floor":43,"key":"Pear"}],"event_choices":[{"damage_healed":0.0,"max_hp_gain":0.0,"max_hp_loss":0.0,"gold_gain":0.0,"event_name":"Golden Idol","player_choice":"Take Wound","floor":3.0,"gold_loss":0.0,"damage_taken":0.0,"relics_obtained":["Golden Idol"],"cards_obtained":["Injury"]},{"cards_removed":["Injury"],"damage_healed":0.0,"max_hp_gain":0.0,"max_hp_loss":0.0,"gold_gain":0.0,"event_name":"Living Wall","player_choice":"Forget","floor":5.0,"gold_loss":0.0,"damage_taken":0.0},{"damage_healed":0.0,"max_hp_gain":0.0,"max_hp_loss":0.0,"gold_gain":0.0,"event_name":"Cursed Tome","player_choice":"Obtained Book","floor":20.0,"gold_loss":0.0,"damage_taken":21.0},{"damage_healed":0.0,"max_hp_gain":0.0,"max_hp_loss":0.0,"gold_gain":0.0,"event_name":"Ghosts","player_choice":"Ignored","floor":21.0,"gold_loss":0.0,"damage_taken":0.0},{"damage_healed":0.0,"max_hp_gain":0.0,"max_hp_loss":0.0,"gold_gain":0.0,"event_name":"Forgotten Altar","player_choice":"Gave Idol","floor":22.0,"relics_lost":["Golden Idol"],"gold_loss":0.0,"damage_taken":0.0,"relics_obtained":["Bloody Idol"]},{"damage_healed":0,"gold_gain":0,"player_choice":"Ignored","damage_taken":0,"max_hp_gain":0,"max_hp_loss":0,"event_name":"Tomb of Lord Red Mask","floor":39,"gold_loss":0},{"damage_healed":0,"gold_gain":0,"player_choice":"Bought 3 Potions","damage_taken":0,"max_hp_gain":0,"max_hp_loss":0,"event_name":"The Woman in Blue","floor":41,"gold_loss":0}],"is_beta":false,"boss_relics":[{"not_picked":["Cursed Key","Runic Dome"],"picked":"Tiny House"},{"not_picked":["Runic Pyramid","Fusion Hammer"],"picked":"SacredBark"}],"items_purged_floors":[],"is_endless":false,"potions_floor_spawned":[4,7,27,35,37,44],"killed_by":"Giant Head","ascension_level":17}}