{"host":"neeznpvpgo0qgfkd","time":1613788680,"event":{"mods":["AchievementEnabler","BaseMod","BetterRewards","Colored Map","Colored Powertips","Exacting","Minty Spire (QoL Compilation)","Permanent Neow","Quick Restart","Shop Mod"],"gold_per_floor":[113,288,258,269,288,321,321,339,339,372,372,402,402,19,19,119,119,134,150,5,5,20,45,45,91,91,91,111,111,142,242,242,343,343,355,355,355,355,385,385,412,18,18,18,18,18,18,18,18,18,18,18,18,51,51],"floor_reached":56,"language":"ENG","playtime":2737,"items_purged":["Doubt"],"score":1818,"play_id":"5766c232-6d10-441e-8f78-85116445c046","local_time":"20210219213800","is_ascension_mode":true,"campfire_choices":[{"floor":7.0,"key":"REST"},{"floor":15.0,"key":"REST"},{"floor":27.0,"key":"REST"},{"floor":32,"key":"REST"},{"floor":40,"key":"RECALL"},{"data":"Limit Break","floor":44,"key":"SMITH"},{"floor":49,"key":"REST"},{"floor":52,"key":"REST"}],"circlet_count":0,"master_deck":["Strike_R+1","Strike_R+1","Strike_R+1","Strike_R+1","Defend_R+1","Defend_R+1","Defend_R+1","Defend_R+1","Bash","Inflame","Rage","Sever Soul","Cleave","Body Slam","Feed","Seeing Red","Rage","Thunderclap","Limit Break+1","Sadistic Nature","Offering","Spot Weakness","Flex","Combust","Body Slam","Dark Embrace+1","Blood for Blood+1","Spot Weakness","Body Slam+1","Pummel+1","Demon Form","Panacea","Metallicize","Armaments+1","Madness","Madness","Pain","Rupture"],"relics":["Burning Blood","Matryoshka","HornCleat","Calipers","Ancient Tea Set","Juzu Bracelet","Bottled Flame","Orichalcum","Blue Candle","Mummified Hand","Shuriken","InkBottle","SlaversCollar","PreservedInsect","White Beast Statue","Tiny Chest","Molten Egg 2","Torii","Darkstone Periapt","Runic Cube","Magic Flower","Meat on the Bone","Strawberry","Kunai","Nunchaku","Du-Vu Doll","WarpedTongs","Toxic Egg 2","Bag of Marbles"],"acts_visited":["Exordium","TheCity","TheBeyond","TheEnding"],"potions_floor_usage":[31,41,41,55,55],"damage_taken":[{"damage":6.0,"enemies":"Jaw Worm","floor":1.0,"turns":4.0},{"damage":6.0,"enemies":"2 Louse","floor":4.0,"turns":3.0},{"damage":0.0,"enemies":"Cultist","floor":5.0,"turns":4.0},{"damage":40.0,"enemies":"Lagavulin","floor":6.0,"turns":6.0},{"damage":39.0,"enemies":"Exordium Thugs","floor":8.0,"turns":6.0},{"damage":15.0,"enemies":"3 Sentries","floor":10.0,"turns":8.0},{"damage":15.0,"enemies":"Gremlin Nob","floor":12.0,"turns":5.0},{"damage":10.0,"enemies":"The Guardian","floor":16.0,"turns":5.0},{"damage":15.0,"enemies":"3 Byrds","floor":18.0,"turns":5.0},{"damage":13.0,"enemies":"Chosen","floor":19.0,"turns":4.0},{"damage":25.0,"enemies":"Snecko","floor":22.0,"turns":6.0},{"damage":8.0,"enemies":"Gremlin Leader","floor":23.0,"turns":4.0},{"damage":19.0,"enemies":"Slavers","floor":25.0,"turns":2.0},{"damage":6.0,"enemies":"3 Cultists","floor":28.0,"turns":4.0},{"damage":6.0,"enemies":"Gremlin Leader","floor":30.0,"turns":4.0},{"damage":28,"enemies":"Colosseum Slavers","floor":31,"turns":2},{"damage":23,"enemies":"Colosseum Nobs","floor":31,"turns":4},{"damage":54,"enemies":"Collector","floor":33,"turns":10},{"damage":29,"enemies":"Orb Walker","floor":35,"turns":5},{"damage":7,"enemies":"3 Shapes","floor":39,"turns":3},{"damage":19,"enemies":"Reptomancer","floor":41,"turns":4},{"damage":91,"enemies":"Awakened One","floor":50,"turns":7},{"damage":34,"enemies":"Shield and Spear","floor":54,"turns":3},{"damage":112,"enemies":"The Heart","floor":55,"turns":6}],"seed_played":"-1676459624478253620","potions_obtained":[{"floor":3.0,"key":"SteroidPotion"},{"floor":3.0,"key":"SteroidPotion"},{"floor":4.0,"key":"SteroidPotion"},{"floor":6.0,"key":"SkillPotion"},{"floor":12.0,"key":"Swift Potion"},{"floor":16.0,"key":"Ancient Potion"},{"floor":25.0,"key":"SteroidPotion"},{"floor":28.0,"key":"Swift Potion"},{"floor":30.0,"key":"BlessingOfTheForge"},{"floor":31,"key":"Ancient Potion"},{"floor":33,"key":"SteroidPotion"},{"floor":35,"key":"DistilledChaos"},{"floor":39,"key":"FearPotion"},{"floor":41,"key":"FairyPotion"},{"floor":54,"key":"GamblersBrew"}],"is_trial":false,"path_per_floor":["M","?","?","M","M","E","R","M","T","E","T","E","?","$","R","B",null,"M","M","$","?","M","E","?","E","T","R","M","?","E","?","R","B",null,"M","?","T","?","M","R","E","$","T","R","?","?","T","?","R","B",null,"R","$","E","B",null],"character_chosen":"IRONCLAD","items_purchased":["Matryoshka","HornCleat","Inflame","Rage","Limit Break","Sadistic Nature","PreservedInsect","Kunai","Nunchaku"],"campfire_rested":6,"item_purchase_floors":[0,0,0,0,14,14,20,42,42],"current_hp_per_floor":[72,72,72,72,78,44,68,38,38,32,32,23,23,23,48,44,76,70,63,63,63,44,42,42,32,32,59,59,59,59,26,55,7,75,52,52,52,52,72,72,69,69,69,69,56,62,62,62,95,37,96,115,115,90,56],"gold":51,"neow_bonus":"","is_daily":false,"chose_seed":false,"campfire_upgraded":1,"win_rate":0.0,"timestamp":1613788680,"path_taken":["M","?","?","M","M","E","R","?","T","E","?","E","?","$","R","BOSS","M","M","$","?","M","E","?","E","T","R","M","?","E","?","R","BOSS","M","?","?","?","M","R","E","$","T","R","?","?","?","?","R","BOSS","R","$","E","BOSS"],"items_purchased_type":["Relic","Relic","Card","Card","Card","Card","Relic","Relic","Relic"],"build_version":"2020-12-22","purchased_purges":1,"victory":true,"max_hp_per_floor":[80,80,80,80,80,80,80,83,83,86,86,86,86,86,86,86,86,89,89,89,89,89,89,89,92,92,92,92,92,92,98,98,98,98,98,98,98,98,98,98,105,105,105,105,105,111,111,111,111,115,115,115,115,115,115],"card_choices":[{"not_picked":["Body Slam","Sentinel","Pommel Strike"],"picked":"SKIP","floor":1.0},{"not_picked":["Clash","Feel No Pain"],"picked":"Cleave","floor":4.0},{"not_picked":["Perfected Strike","Clothesline"],"picked":"Body Slam","floor":5.0},{"not_picked":["Combust","Anger"],"picked":"Feed","floor":6.0},{"not_picked":["Burning Pact","Clothesline"],"picked":"Seeing Red","floor":8.0},{"not_picked":["Seeing Red","Uppercut"],"picked":"Rage","floor":10.0},{"not_picked":["Anger","True Grit"],"picked":"Thunderclap","floor":12.0},{"not_picked":["Fiend Fire","Exhume"],"picked":"Offering","floor":16.0},{"not_picked":["Cleave+1","Clash"],"picked":"Spot Weakness","floor":18.0},{"not_picked":["Perfected Strike","Dual Wield"],"picked":"Flex","floor":19.0},{"not_picked":["True Grit","Offering"],"picked":"Body Slam","floor":22.0},{"not_picked":["Twin Strike","True Grit"],"picked":"Dark Embrace+1","floor":23.0},{"not_picked":["Bloodletting","Wild Strike"],"picked":"Blood for Blood+1","floor":25.0},{"not_picked":["Warcry+1","Disarm"],"picked":"Spot Weakness","floor":28.0},{"not_picked":["Wild Strike+1","Clash+1"],"picked":"Body Slam+1","floor":30.0},{"not_picked":["Battle Trance","Havoc"],"picked":"Pummel+1","floor":31},{"not_picked":["Reaper+1","Double Tap"],"picked":"Demon Form","floor":33},{"not_picked":["Reckless Charge+1","Power Through","Shrug It Off"],"picked":"SKIP","floor":35},{"not_picked":["Trip","Impatience"],"picked":"Panacea","floor":38},{"not_picked":["Cleave+1","Wild Strike+1"],"picked":"Metallicize","floor":39},{"not_picked":["Thunderclap+1","Fiend Fire+1"],"picked":"Armaments+1","floor":41},{"not_picked":["Shrug It Off+1","Armaments+1"],"picked":"Rupture","floor":54}],"player_experience":1466677,"relics_obtained":[{"floor":6.0,"key":"Ancient Tea Set"},{"floor":9.0,"key":"Juzu Bracelet"},{"floor":9.0,"key":"Bottled Flame"},{"floor":10.0,"key":"Orichalcum"},{"floor":11.0,"key":"Blue Candle"},{"floor":11.0,"key":"Mummified Hand"},{"floor":12.0,"key":"Shuriken"},{"floor":23.0,"key":"White Beast Statue"},{"floor":25.0,"key":"Tiny Chest"},{"floor":30.0,"key":"Molten Egg 2"},{"floor":31,"key":"Torii"},{"floor":31,"key":"Darkstone Periapt"},{"floor":37,"key":"Meat on the Bone"},{"floor":41,"key":"Strawberry"},{"floor":43,"key":"Du-Vu Doll"},{"floor":47,"key":"Toxic Egg 2"},{"floor":54,"key":"Bag of Marbles"}],"event_choices":[{"damage_healed":0.0,"max_hp_gain":0.0,"max_hp_loss":0.0,"gold_gain":175.0,"event_name":"Liars Game","player_choice":"AGREE","floor":2.0,"gold_loss":0.0,"damage_taken":0.0,"cards_obtained":["Doubt"]},{"damage_healed":0.0,"max_hp_gain":0.0,"max_hp_loss":0.0,"gold_gain":0.0,"event_name":"The Woman in Blue","player_choice":"Bought 2 Potions","floor":3.0,"gold_loss":0.0,"damage_taken":0.0},{"damage_healed":0.0,"max_hp_gain":0.0,"max_hp_loss":0.0,"gold_gain":0.0,"event_name":"Dead Adventurer","player_choice":"Searched \u00272\u0027 times","floor":13.0,"gold_loss":0.0,"damage_taken":0.0,"relics_obtained":["InkBottle"]},{"damage_healed":0.0,"max_hp_gain":0.0,"max_hp_loss":0.0,"gold_gain":0.0,"event_name":"The Library","player_choice":"Read","floor":21.0,"gold_loss":0.0,"damage_taken":0.0,"cards_obtained":["Combust"]},{"damage_healed":0.0,"max_hp_gain":0.0,"max_hp_loss":0.0,"gold_gain":0.0,"event_name":"Vampires","player_choice":"Ignored","floor":24.0,"gold_loss":0.0,"damage_taken":0.0},{"damage_healed":0.0,"max_hp_gain":0.0,"max_hp_loss":0.0,"gold_gain":0.0,"event_name":"Back to Basics","player_choice":"Simplicity","floor":29.0,"gold_loss":0.0,"damage_taken":0.0,"cards_upgraded":["Strike_R","Strike_R","Strike_R","Strike_R","Strike_R","Defend_R","Defend_R","Defend_R","Defend_R"]},{"damage_healed":0,"gold_gain":0,"player_choice":"Fight","damage_taken":0,"max_hp_gain":0,"max_hp_loss":0,"event_name":"Colosseum","floor":31,"gold_loss":0},{"damage_healed":0,"gold_gain":0,"player_choice":"Fought Nobs","damage_taken":0,"max_hp_gain":0,"max_hp_loss":0,"event_name":"Colosseum","floor":31,"gold_loss":0},{"damage_healed":0,"gold_gain":0,"player_choice":"Gave Potion","damage_taken":0,"relics_obtained":["Magic Flower"],"max_hp_gain":0,"max_hp_loss":0,"event_name":"WeMeetAgain","floor":36,"gold_loss":0},{"damage_healed":0,"gold_gain":0,"player_choice":"Memory 1","damage_taken":0,"max_hp_gain":0,"max_hp_loss":0,"event_name":"SensoryStone","floor":38,"gold_loss":0},{"damage_healed":0,"gold_gain":0,"player_choice":"Embrace Madness","damage_taken":13,"max_hp_gain":0,"max_hp_loss":0,"event_name":"Winding Halls","floor":45,"gold_loss":0,"cards_obtained":["Madness","Madness"]},{"damage_healed":0,"gold_gain":0,"player_choice":"Rummage","damage_taken":0,"relics_obtained":["WarpedTongs"],"max_hp_gain":0,"max_hp_loss":0,"event_name":"Accursed Blacksmith","floor":46,"gold_loss":0,"cards_obtained":["Pain"]},{"cards_removed":["Strike_R"],"damage_healed":0,"gold_gain":0,"player_choice":"Removed Attack","damage_taken":0,"max_hp_gain":0,"max_hp_loss":0,"event_name":"Falling","floor":48,"gold_loss":0}],"is_beta":false,"boss_relics":[{"not_picked":["Runic Pyramid","Fusion Hammer"],"picked":"SlaversCollar"},{"not_picked":["Pandora\u0027s Box","Cursed Key"],"picked":"Runic Cube"}],"items_purged_floors":[14],"is_endless":false,"potions_floor_spawned":[4,6,12,16,25,28,30,31,31,33,35,39,41,54],"ascension_level":8}}