{"host":"li7nr9q4d53iu1rb","time":1613840006,"event":{"mods":["AchievementEnabler","BaseMod","Colored Map","Colored Powertips","Downfall","Highlight Path","Minty Spire (QoL Compilation)","Permanent Neow","Quick Restart","Random Character Button","StSLib"],"gold_per_floor":[113,129,14,14,38,71,71,71,71,107,131,145,145,145,145,274,274,288,309,68,68,68,68,106,106,129,165,188,50,70,111,111,236,236,256,131,144,168,98,98,98,98,98,121,145,178,257,257,257],"floor_reached":48,"language":"ENG","playtime":3262,"items_purged":["Strike_B","Strike_B","Strike_B"],"score":607,"play_id":"9ed89249-91c7-4063-bf08-fff25c569c32","local_time":"20210220125326","is_ascension_mode":true,"campfire_choices":[{"floor":8,"key":"REST"},{"floor":13,"key":"REST"},{"floor":15,"key":"REST"},{"data":"Biased Cognition","floor":23,"key":"SMITH"},{"data":"Darkness","floor":25,"key":"SMITH"},{"floor":32,"key":"REST"},{"floor":40,"key":"REST"},{"floor":42,"key":"RECALL"}],"circlet_count":0,"master_deck":["Defend_B","Defend_B","Defend_B","Defend_B","Zap","Dualcast","Biased Cognition+1","Coolheaded","Darkness+1","Defragment","FTL","Chaos","Doom and Gloom","Leap","Echo Form","Leap","Glacier","Redo+1","Capacitor","Amplify","Reboot","Streamline+1","Hologram","Steam+1","Defragment","Leap"],"relics":["Cracked Core","Golden Idol","Letter Opener","Lantern","Philosopher\u0027s Stone","Bottled Tornado","Pocketwatch","Happy Flower","Gambling Chip","Boot","Busted Crown","Bottled Flame","DataDisk","Symbiotic Virus"],"acts_visited":["Exordium","TheCity","TheBeyond"],"potions_floor_usage":[10,12,16,28,31,46,48],"damage_taken":[{"damage":4,"enemies":"Jaw Worm","floor":1,"turns":4},{"damage":4,"enemies":"Small Slimes","floor":2,"turns":4},{"damage":7,"enemies":"2 Louse","floor":5,"turns":2},{"damage":42,"enemies":"Gremlin Nob","floor":6,"turns":5},{"damage":14,"enemies":"3 Sentries","floor":10,"turns":5},{"damage":6,"enemies":"Looter","floor":11,"turns":2},{"damage":1,"enemies":"Exordium Thugs","floor":12,"turns":2},{"damage":28,"enemies":"Hexaghost","floor":16,"turns":8},{"damage":9,"enemies":"Chosen","floor":18,"turns":3},{"damage":7,"enemies":"Shell Parasite","floor":19,"turns":5},{"damage":6,"enemies":"Gremlin Leader","floor":24,"turns":6},{"damage":35,"enemies":"Book of Stabbing","floor":27,"turns":5},{"damage":0,"enemies":"3 Cultists","floor":28,"turns":5},{"damage":12,"enemies":"Snake Plant","floor":30,"turns":3},{"damage":1,"enemies":"Gremlin Leader","floor":31,"turns":4},{"damage":33,"enemies":"Automaton","floor":33,"turns":8},{"damage":27,"enemies":"3 Shapes","floor":35,"turns":3},{"damage":15,"enemies":"Orb Walker","floor":37,"turns":3},{"damage":6,"enemies":"Sphere and 2 Shapes","floor":38,"turns":5},{"damage":0,"enemies":"Maw","floor":44,"turns":6},{"damage":23,"enemies":"Writhing Mass","floor":45,"turns":4},{"damage":20,"enemies":"Giant Head","floor":46,"turns":9},{"damage":13,"enemies":"4 Shapes","floor":48,"turns":1}],"seed_played":"3798932047720933767","potions_obtained":[{"floor":2,"key":"PotionOfCapacity"},{"floor":5,"key":"FairyPotion"},{"floor":6,"key":"Explosive Potion"},{"floor":10,"key":"Fruit Juice"},{"floor":11,"key":"AttackPotion"},{"floor":18,"key":"Regen Potion"},{"floor":24,"key":"LiquidBronze"},{"floor":31,"key":"Energy Potion"},{"floor":38,"key":"Swift Potion"},{"floor":46,"key":"EssenceOfSteel"}],"is_trial":false,"path_per_floor":["M","M","$","?","M","E","?","R","T","E","M","M","R","?","R","B",null,"M","M","$","?","?","R","E","R","T","E","M","$","M","E","R","B",null,"M","$","M","M","$","R","?","R","T","M","M","E","T","M"],"character_chosen":"DEFECT","items_purchased":["Defragment","Bottled Tornado","Capacitor","Defragment"],"campfire_rested":5,"item_purchase_floors":[3,20,29,39],"current_hp_per_floor":[71,67,67,49,42,22,22,44,44,35,29,28,52,45,69,41,80,71,64,64,64,64,64,58,58,58,23,37,37,25,24,48,15,80,53,53,38,32,32,56,56,56,56,56,33,13,13,0,0],"gold":257,"neow_bonus":"ONE_RANDOM_RARE_CARD","is_daily":false,"chose_seed":false,"campfire_upgraded":2,"win_rate":0.0,"timestamp":1613840006,"path_taken":["M","M","$","?","M","E","?","R","T","E","M","M","R","?","R","BOSS","M","M","$","?","?","R","E","R","T","E","M","$","M","E","R","BOSS","M","$","M","M","$","R","?","R","T","M","M","E","?","M"],"items_purchased_type":["Card","Relic","Card","Card"],"build_version":"2020-12-22","purchased_purges":3,"victory":false,"max_hp_per_floor":[75,75,75,75,75,75,75,75,75,80,80,80,80,80,80,80,80,80,80,80,80,80,80,80,80,80,80,80,80,80,80,80,80,80,80,80,80,80,80,80,80,80,80,80,80,80,80,80,80],"card_choices":[{"not_picked":["Gash","Turbo"],"picked":"Coolheaded","floor":1},{"not_picked":["Hello World","Fusion"],"picked":"Darkness","floor":2},{"not_picked":["Gash","Compile Driver","Sweeping Beam"],"picked":"SKIP","floor":5},{"not_picked":["Storm","Barrage"],"picked":"FTL","floor":6},{"not_picked":["Lockon","Aggregate"],"picked":"Chaos","floor":10},{"not_picked":["Heatsinks","Fusion"],"picked":"Doom and Gloom","floor":11},{"not_picked":["Reinforced Body","Redo"],"picked":"Leap","floor":12},{"not_picked":["Rainbow","Electrodynamics"],"picked":"Echo Form","floor":16},{"not_picked":["Stack","Ball Lightning+1"],"picked":"Leap","floor":18},{"not_picked":["Compile Driver","Redo"],"picked":"Glacier","floor":19},{"not_picked":["Sunder","Chill","All For One"],"picked":"SKIP","floor":24},{"not_picked":["Sweeping Beam","Consume","Reprogram"],"picked":"SKIP","floor":27},{"not_picked":["Force Field+1","Beam Cell"],"picked":"Redo+1","floor":28},{"not_picked":["Gash+1","Scrape","Ball Lightning"],"picked":"SKIP","floor":30},{"not_picked":["Force Field+1","Beam Cell"],"picked":"Amplify","floor":31},{"not_picked":["Meteor Strike","Electrodynamics"],"picked":"Reboot","floor":33},{"not_picked":[],"picked":"Streamline+1","floor":35},{"not_picked":[],"picked":"Hologram","floor":37},{"not_picked":[],"picked":"Steam+1","floor":38},{"not_picked":[],"picked":"Leap","floor":44},{"not_picked":["Barrage+1"],"picked":"SKIP","floor":45},{"not_picked":["Conserve Battery"],"picked":"SKIP","floor":46}],"player_experience":278286,"relics_obtained":[{"floor":6,"key":"Letter Opener"},{"floor":10,"key":"Lantern"},{"floor":24,"key":"Pocketwatch"},{"floor":26,"key":"Happy Flower"},{"floor":27,"key":"Gambling Chip"},{"floor":31,"key":"Boot"},{"floor":43,"key":"Bottled Flame"},{"floor":46,"key":"DataDisk"},{"floor":47,"key":"Symbiotic Virus"}],"event_choices":[{"damage_healed":0,"gold_gain":0,"player_choice":"Take Damage","damage_taken":18,"relics_obtained":["Golden Idol"],"max_hp_gain":0,"max_hp_loss":0,"event_name":"Golden Idol","floor":4,"gold_loss":0},{"damage_healed":0,"gold_gain":0,"player_choice":"Ignored","damage_taken":0,"max_hp_gain":0,"max_hp_loss":0,"event_name":"Shining Light","floor":7,"gold_loss":0},{"cards_removed":["Strike_B"],"damage_healed":0,"gold_gain":0,"player_choice":"Card Removal","damage_taken":7,"max_hp_gain":0,"max_hp_loss":0,"event_name":"Golden Wing","floor":14,"gold_loss":0},{"damage_healed":0,"gold_gain":0,"player_choice":"Read","damage_taken":0,"max_hp_gain":0,"max_hp_loss":0,"event_name":"The Library","floor":21,"gold_loss":0,"cards_obtained":["FTL"]},{"damage_healed":0,"gold_gain":0,"player_choice":"Ignored","damage_taken":0,"max_hp_gain":0,"max_hp_loss":0,"event_name":"Ghosts","floor":22,"gold_loss":0},{"cards_removed":["FTL"],"damage_healed":0,"gold_gain":0,"player_choice":"Removed Attack","damage_taken":0,"max_hp_gain":0,"max_hp_loss":0,"event_name":"Falling","floor":41,"gold_loss":0}],"is_beta":false,"boss_relics":[{"not_picked":["SacredBark","Sozu"],"picked":"Philosopher\u0027s Stone"},{"not_picked":["Velvet Choker","Runic Dome"],"picked":"Busted Crown"}],"items_purged_floors":[3,29,36],"is_endless":false,"potions_floor_spawned":[2,5,6,10,11,18,24,31,38,44,46],"killed_by":"4 Shapes","ascension_level":3}}