{"host":"8tgyo6jwzgmjsiz5","time":1613806372,"event":{"mods":["AchievementEnabler","BaseMod","Best Route Mod","Highlight Path","Minty Spire (QoL Compilation)","Permanent Neow","Quick Restart","StSLib","SuperFastMode"],"gold_per_floor":[14,14,14,26,46,46,77,77,77,87,25,42,58,88,88,166,166,177,192,102,115,126,143,143,153,201,213,105,105,105,119,119,195,195,209,229,246,226,236,266,266,292,292,292,308,308,308,328,328,328,328,328,130,163,163,163],"floor_reached":55,"language":"ENG","playtime":11507,"items_purged":["Strike_G","Strike_G","Strike_G"],"score":1391,"play_id":"bf43a76a-08a4-4cf3-8e01-817647a640fc","local_time":"20210220043252","is_ascension_mode":true,"campfire_choices":[{"data":"Prepared","floor":6.0,"key":"SMITH"},{"data":"Neutralize","floor":8.0,"key":"SMITH"},{"floor":15.0,"key":"REST"},{"floor":24.0,"key":"REST"},{"floor":29.0,"key":"REST"},{"floor":32.0,"key":"REST"},{"data":"Calculated Gamble","floor":41.0,"key":"SMITH"},{"floor":44.0,"key":"REST"},{"floor":49.0,"key":"RECALL"},{"data":"Tactician","floor":52.0,"key":"SMITH"}],"circlet_count":0,"master_deck":["AscendersBane","Strike_G","Defend_G","Defend_G","Defend_G","Defend_G","Defend_G","Survivor","Neutralize+1","Grand Finale","Concentrate+1","Backflip","Prepared+1","Expertise","Backflip","Quick Slash","Prepared","Footwork","Dagger Throw","Acrobatics+1","Expertise","Calculated Gamble+1","Well Laid Plans","Adrenaline","Night Terror","Tactician+1","Concentrate","Tools of the Trade","Reflex+1","Backflip+1","Caltrops","Prepared","Escape Plan","Noxious Fumes"],"relics":["Ring of the Snake","The Courier","Dream Catcher","Anchor","Sozu","Smiling Mask","Runic Pyramid","Happy Flower","Pocketwatch","White Beast Statue"],"acts_visited":["Exordium","TheCity","TheBeyond","TheEnding"],"potions_floor_usage":[],"damage_taken":[{"damage":4.0,"enemies":"Small Slimes","floor":1.0,"turns":4.0},{"damage":2.0,"enemies":"Cultist","floor":4.0,"turns":5.0},{"damage":0.0,"enemies":"2 Louse","floor":5.0,"turns":4.0},{"damage":0.0,"enemies":"3 Sentries","floor":7.0,"turns":2.0},{"damage":14.0,"enemies":"Large Slime","floor":10.0,"turns":11.0},{"damage":0.0,"enemies":"Red Slaver","floor":12.0,"turns":4.0},{"damage":0.0,"enemies":"2 Fungi Beasts","floor":13.0,"turns":7.0},{"damage":0.0,"enemies":"Lagavulin","floor":14.0,"turns":6.0},{"damage":34.0,"enemies":"Slime Boss","floor":16.0,"turns":10.0},{"damage":0.0,"enemies":"Spheric Guardian","floor":18.0,"turns":3.0},{"damage":1.0,"enemies":"3 Byrds","floor":19.0,"turns":4.0},{"damage":16.0,"enemies":"Centurion and Healer","floor":21.0,"turns":7.0},{"damage":6.0,"enemies":"Sentry and Sphere","floor":22.0,"turns":5.0},{"damage":0.0,"enemies":"3 Cultists","floor":23.0,"turns":2.0},{"damage":51.0,"enemies":"Snecko","floor":25.0,"turns":8.0},{"damage":0.0,"enemies":"Centurion and Healer","floor":27.0,"turns":3.0},{"damage":3.0,"enemies":"Shelled Parasite and Fungi","floor":31.0,"turns":3.0},{"damage":12.0,"enemies":"Champ","floor":33.0,"turns":11.0},{"damage":3.0,"enemies":"3 Shapes","floor":35.0,"turns":3.0},{"damage":0.0,"enemies":"Orb Walker","floor":36.0,"turns":4.0},{"damage":0.0,"enemies":"3 Darklings","floor":37.0,"turns":2.0},{"damage":20.0,"enemies":"Spire Growth","floor":39.0,"turns":6.0},{"damage":3.0,"enemies":"Nemesis","floor":40.0,"turns":3.0},{"damage":15.0,"enemies":"Giant Head","floor":42.0,"turns":11.0},{"damage":0.0,"enemies":"4 Shapes","floor":45.0,"turns":1.0},{"damage":0.0,"enemies":"Jaw Worm Horde","floor":48.0,"turns":2.0},{"damage":21.0,"enemies":"Donu and Deca","floor":50.0,"turns":12.0},{"damage":17.0,"enemies":"Shield and Spear","floor":54.0,"turns":11.0},{"damage":53,"enemies":"The Heart","floor":55,"turns":2}],"seed_played":"2133012701527165857","potions_obtained":[{"floor":4.0,"key":"Explosive Potion"},{"floor":5.0,"key":"Poison Potion"},{"floor":14.0,"key":"Fruit Juice"}],"is_trial":false,"path_per_floor":["M","?","?","M","M","R","E","R","T","M","$","M","M","E","R","B",null,"M","M","$","M","M","M","R","M","T","M","$","R","?","M","R","B",null,"M","M","M","?","M","E","R","E","T","R","M","?","?","M","R","B",null,"R","$","E","B"],"character_chosen":"THE_SILENT","items_purchased":["Well Laid Plans","Footwork","Well Laid Plans","Caltrops","Prepared","Escape Plan"],"campfire_rested":5,"item_purchase_floors":[11,20,28,53,53,53],"current_hp_per_floor":[55,55,55,53,53,53,53,53,53,39,39,39,39,39,58,24,56,56,55,55,39,33,33,52,1,1,6,6,27,27,24,45,33,62,59,59,59,59,39,36,36,21,21,42,42,42,42,42,42,21,59,59,59,42,0,0],"gold":163,"neow_bonus":"THREE_RARE_CARDS","is_daily":false,"chose_seed":false,"campfire_upgraded":4,"win_rate":0.0,"timestamp":1613806372,"path_taken":["M","?","?","M","M","R","E","R","T","?","$","M","M","E","R","BOSS","M","M","$","M","M","M","R","M","T","M","$","R","?","M","R","BOSS","M","M","M","?","M","E","R","E","T","R","?","?","?","M","R","BOSS","R","$","E","BOSS"],"items_purchased_type":["Card","Card","Card","Card","Card","Card"],"build_version":"2020-12-22","purchased_purges":3,"victory":false,"max_hp_per_floor":[66,66,66,66,66,66,66,66,66,66,66,66,66,66,66,66,66,66,66,66,66,66,66,66,66,66,71,71,71,71,71,71,71,71,71,71,71,71,71,71,71,71,71,71,71,71,71,71,71,71,71,71,71,71,71,71],"card_choices":[{"not_picked":["Unload","Doppelganger"],"picked":"Grand Finale","floor":0.0},{"not_picked":["Backflip","Caltrops"],"picked":"Concentrate","floor":1.0},{"not_picked":["Cloak And Dagger","Concentrate"],"picked":"Backflip","floor":4.0},{"not_picked":["Sucker Punch","Noxious Fumes"],"picked":"Prepared","floor":5.0},{"not_picked":["Slice","Riddle With Holes","Blade Dance"],"picked":"SKIP","floor":7.0},{"not_picked":["Bouncing Flask","Riddle With Holes","Masterful Stab"],"picked":"SKIP","floor":10.0},{"not_picked":["Poisoned Stab","Flying Knee"],"picked":"Expertise","floor":12.0},{"not_picked":["Flying Knee","Dodge and Roll","Poisoned Stab"],"picked":"SKIP","floor":13.0},{"not_picked":["Wraith Form v2","Cloak And Dagger"],"picked":"Backflip","floor":14.0},{"not_picked":["Dodge and Roll","Predator"],"picked":"Quick Slash","floor":15.0},{"not_picked":["PiercingWail+1","Blur","Deadly Poison"],"picked":"SKIP","floor":18.0},{"not_picked":["Dagger Spray","Deflect"],"picked":"Prepared","floor":19.0},{"not_picked":["Bane","Sucker Punch","Dash"],"picked":"SKIP","floor":21.0},{"not_picked":["Deadly Poison","Bouncing Flask+1"],"picked":"Dagger Throw","floor":22.0},{"not_picked":["Unload","Backstab"],"picked":"Acrobatics+1","floor":23.0},{"not_picked":["Slice","Backflip"],"picked":"Expertise","floor":25.0},{"not_picked":["Tactician","Slice"],"picked":"Calculated Gamble","floor":27.0},{"not_picked":["Blade Dance","Underhanded Strike","Outmaneuver"],"picked":"SKIP","floor":31.0},{"not_picked":["Blade Dance","Flying Knee"],"picked":"Adrenaline","floor":32.0},{"not_picked":["After Image","Burst"],"picked":"Night Terror","floor":33.0},{"not_picked":["Flechettes","Deflect","Reflex"],"picked":"SKIP","floor":35.0},{"not_picked":["Blade Dance","Predator"],"picked":"Tactician","floor":36.0},{"not_picked":["Acrobatics+1","Deflect"],"picked":"Concentrate","floor":37.0},{"not_picked":["Predator","PiercingWail+1","Blade Dance+1"],"picked":"SKIP","floor":39.0},{"not_picked":["Poisoned Stab","Caltrops"],"picked":"Tools of the Trade","floor":40.0},{"not_picked":["Dodge and Roll+1","Leg Sweep"],"picked":"Reflex+1","floor":42.0},{"not_picked":["Outmaneuver+1","Slice","Underhanded Strike"],"picked":"SKIP","floor":45.0},{"not_picked":["Infinite Blades+1","Acrobatics"],"picked":"Backflip+1","floor":48.0},{"not_picked":["Cloak And Dagger+1","Deflect"],"picked":"Noxious Fumes","floor":54.0}],"player_experience":2010712,"relics_obtained":[{"floor":7.0,"key":"The Courier"},{"floor":9.0,"key":"Dream Catcher"},{"floor":14.0,"key":"Anchor"},{"floor":26.0,"key":"Smiling Mask"},{"floor":40.0,"key":"Happy Flower"},{"floor":42.0,"key":"Pocketwatch"},{"floor":54.0,"key":"White Beast Statue"}],"event_choices":[{"cards_removed":["Strike_G"],"damage_healed":0.0,"max_hp_gain":0.0,"max_hp_loss":0.0,"gold_gain":0.0,"event_name":"Living Wall","player_choice":"Forget","floor":2.0,"gold_loss":0.0,"damage_taken":0.0},{"damage_healed":0.0,"max_hp_gain":0.0,"max_hp_loss":0.0,"gold_gain":0.0,"event_name":"Accursed Blacksmith","player_choice":"Forge","floor":3.0,"gold_loss":0.0,"damage_taken":0.0,"cards_upgraded":["Concentrate"]},{"damage_healed":0.0,"max_hp_gain":0.0,"max_hp_loss":0.0,"gold_gain":0.0,"event_name":"Vampires","player_choice":"Ignored","floor":30.0,"gold_loss":0.0,"damage_taken":0.0},{"damage_healed":0.0,"max_hp_gain":0.0,"max_hp_loss":0.0,"gold_gain":0.0,"event_name":"The Woman in Blue","player_choice":"Bought 1 Potion","floor":38.0,"gold_loss":0.0,"damage_taken":0.0},{"damage_healed":0.0,"max_hp_gain":0.0,"max_hp_loss":0.0,"gold_gain":0.0,"event_name":"Tomb of Lord Red Mask","player_choice":"Ignored","floor":46.0,"gold_loss":0.0,"damage_taken":0.0},{"cards_removed":["Well Laid Plans"],"damage_healed":0.0,"max_hp_gain":0.0,"max_hp_loss":0.0,"gold_gain":0.0,"event_name":"Falling","player_choice":"Removed Power","floor":47.0,"gold_loss":0.0,"damage_taken":0.0}],"is_beta":false,"boss_relics":[{"not_picked":["Fusion Hammer","Black Star"],"picked":"Sozu"},{"not_picked":["Snecko Eye","SlaversCollar"],"picked":"Runic Pyramid"}],"items_purged_floors":[20,28,53],"is_endless":false,"potions_floor_spawned":[4,5,7,14,21,22,23,27,31,36,37,39,45],"killed_by":"The Heart","ascension_level":15}}