{"host":"skr63qsdfgeey3it","time":1613863235,"event":{"mods":["BaseMod","Colored Map","Hubris","Minty Spire (QoL Compilation)","Monster B Gone","Reliquary","Replay The Spire","Spicy Shops","StSLib"],"gold_per_floor":[16,29,29,29,54,80,80,112,181,195,345,420,13,39,39,122,122,142,142,142,165,193,193,236,236,312,587,48,84,108,108,108,114,114],"floor_reached":33,"language":"ENG","playtime":1499,"items_purged":["Doubt","Regret"],"score":622,"play_id":"07f43888-d347-45f1-a895-1dc3ab8a10a8","local_time":"20210220172035","is_ascension_mode":true,"campfire_choices":[{"floor":7,"key":"REST"},{"floor":15,"key":"REST"},{"floor":23,"key":"REST"},{"floor":25,"key":"REST"}],"circlet_count":0,"master_deck":["AscendersBane","Strike_B","Defend_B","Defend_B","Defend_B+1","Zap","Dualcast","Doom and Gloom","hubris:DuctTapeCard","Loop","Heatsinks","Sunder","Electrodynamics","Thunder Strike","Storm","hubris:Lust","Panic Button","hubris:PowerSurge","Rainbow","Rebound","Go for the Eyes","ReplayTheSpireMod:Calculation Training+1","Reinforced Body","Reinforced Body"],"relics":["Cracked Core","Replay:Wax Seal","Regal Pillow","Mummified Hand","Simple Rune","hubris:DuctTape","Replay:Bandana","hubris:FunFungus","Sozu","hubris:TenFootPole","Replay:Mystery Machine","reliquary:HotPoker","Replay:Rubber Ducky","reliquary:QuartzCube","Happy Flower"],"acts_visited":["Exordium","TheCity"],"potions_floor_usage":[6,16,22],"damage_taken":[{"damage":10,"enemies":"Cultist","floor":1,"turns":4},{"damage":7,"enemies":"Jaw Worm","floor":2,"turns":3},{"damage":20,"enemies":"Lagavulin","floor":6,"turns":6},{"damage":35,"enemies":"3 Sentries","floor":8,"turns":5},{"damage":7,"enemies":"2 Louse","floor":10,"turns":2},{"damage":0,"enemies":"Large Slime","floor":14,"turns":4},{"damage":0,"enemies":"Slime Boss","floor":16,"turns":6},{"damage":11,"enemies":"Chosen","floor":18,"turns":4},{"damage":15,"enemies":"3 Byrds","floor":21,"turns":3},{"damage":23,"enemies":"Centurion and Healer","floor":22,"turns":3},{"damage":36,"enemies":"Gremlin Leader","floor":24,"turns":3},{"damage":37,"enemies":"Book of Stabbing","floor":29,"turns":4},{"damage":19,"enemies":"Shelled Parasite and Fungi","floor":30,"turns":8},{"damage":39,"enemies":"hubris:MusketHawk","floor":33,"turns":8}],"seed_played":"-6748700779722119518","potions_obtained":[{"floor":1,"key":"Swift Potion"},{"floor":2,"key":"Doom Potion"},{"floor":10,"key":"FocusPotion"},{"floor":16,"key":"LiquidMemories"}],"is_trial":false,"path_per_floor":["M","M","T","?","T","E","R","E","T","M","?","?","$","M","R_BF","B",null,"M","?","?","M","M","R","E","R","T","?","$","E","M","?","R_BF","B"],"character_chosen":"DEFECT","items_purchased":["Heatsinks","Sunder","Replay:Bandana","hubris:FunFungus","Replay:Rubber Ducky","Rainbow","Rebound","Go for the Eyes"],"campfire_rested":4,"item_purchase_floors":[13,13,13,13,28,28,28,28],"current_hp_per_floor":[54,47,47,47,47,27,63,28,28,21,21,10,10,10,46,46,65,57,57,57,43,23,59,24,60,60,60,60,24,20,20,20,0,0],"gold":114,"neow_bonus":"REMOVE_TWO","is_daily":false,"chose_seed":false,"campfire_upgraded":0,"win_rate":0.0,"timestamp":1613863235,"path_taken":["M","M","?","?","?","E","R","E","T","M","?","?","$","M","R_BF","BOSS","M","?","?","M","M","R","E","R","T","?","$","E","?","?","R_BF","BOSS"],"items_purchased_type":["Card","Card","Relic","Relic","Relic","Card","Card","Card"],"build_version":"2020-12-22","purchased_purges":2,"victory":false,"max_hp_per_floor":[71,71,71,71,71,71,71,71,71,71,71,71,71,71,71,71,71,71,71,71,71,71,71,71,71,71,71,71,71,71,71,71,71,71],"card_choices":[{"not_picked":["Hello World","Compile Driver","Time Bomb"],"picked":"SKIP","floor":1},{"not_picked":["Cold Snap","Steam","Hologram"],"picked":"SKIP","floor":2},{"not_picked":["Turbo","Leap"],"picked":"Doom and Gloom","floor":6},{"not_picked":["Coolheaded","Go for the Eyes","Hologram"],"picked":"SKIP","floor":8},{"not_picked":["Compile Driver","Sweeping Beam"],"picked":"Loop","floor":10},{"not_picked":["Undo","Cold Snap"],"picked":"Electrodynamics","floor":14},{"not_picked":["Mirror Shield","Hyperbeam"],"picked":"Thunder Strike","floor":16},{"not_picked":["Darkness","BasicCrystalCard","Turbo+1"],"picked":"SKIP","floor":18},{"not_picked":["Sweeping Beam","Hologram"],"picked":"Panic Button","floor":21},{"not_picked":["Rainbow","Turbo"],"picked":"hubris:PowerSurge","floor":22},{"not_picked":["Darkness+1","FTL","Barrage"],"picked":"SKIP","floor":24},{"not_picked":["Barrage","Cold Snap"],"picked":"ReplayTheSpireMod:Calculation Training+1","floor":29},{"not_picked":["Turbo+1","Doom and Gloom"],"picked":"Reinforced Body","floor":30}],"player_experience":979767,"relics_obtained":[{"floor":3,"key":"Replay:Wax Seal"},{"floor":5,"key":"Regal Pillow"},{"floor":6,"key":"Mummified Hand"},{"floor":8,"key":"Simple Rune"},{"floor":9,"key":"hubris:DuctTape"},{"floor":24,"key":"Replay:Mystery Machine"},{"floor":26,"key":"reliquary:HotPoker"},{"floor":29,"key":"reliquary:QuartzCube"},{"floor":31,"key":"Happy Flower"}],"event_choices":[{"damage_healed":0,"gold_gain":150,"player_choice":"AGREE","damage_taken":0,"max_hp_gain":0,"max_hp_loss":0,"event_name":"Liars Game","floor":11,"gold_loss":0,"cards_obtained":["Doubt"]},{"damage_healed":0,"gold_gain":75,"player_choice":"Gather Gold","damage_taken":11,"max_hp_gain":0,"max_hp_loss":0,"event_name":"World of Goop","floor":12,"gold_loss":0},{"damage_healed":0,"gold_gain":0,"player_choice":"Read","damage_taken":0,"max_hp_gain":0,"max_hp_loss":0,"event_name":"The Library","floor":19,"gold_loss":0,"cards_obtained":["Storm"]},{"damage_healed":0,"gold_gain":275,"player_choice":"Desecrate","damage_taken":0,"max_hp_gain":0,"max_hp_loss":0,"event_name":"Golden Shrine","floor":27,"gold_loss":0,"cards_obtained":["Regret"]},{"damage_healed":0,"gold_gain":0,"player_choice":"Relic","damage_taken":0,"max_hp_gain":0,"max_hp_loss":0,"event_name":"Wheel of Change","floor":31,"gold_loss":0},{"damage_healed":0,"gold_gain":0,"player_choice":"Copied","damage_taken":0,"max_hp_gain":0,"max_hp_loss":0,"event_name":"Duplicator","floor":32,"gold_loss":0,"cards_obtained":["Reinforced Body"]}],"is_beta":false,"boss_relics":[{"not_picked":["Replay:Drink Me","Abe\u0027s Treasure"],"picked":"Sozu"}],"items_purged_floors":[13,28],"is_endless":false,"potions_floor_spawned":[1,2,10,16,21],"killed_by":"hubris:MusketHawk","ascension_level":15}}