{"host":"y4fuci1jk2rsxnep","time":1613810855,"event":{"mods":["AchievementEnabler","BaseMod","Colored Powertips","Custom Start","Defuse TimeMaze Blight","Dio Mod","Downfall","Hermit","Hero for Fun","Hubris","Hunter ??","Infinite Spire","Minty Spire (QoL Compilation)","Quick Restart","Reliquary","Remove Card Discount Mod","Replay The Spire","StSLib","The Blackbeard","The Bug Knight","The Mystic","The Runesmith"],"gold_per_floor":[214,228,228,241,259,259,286,350,350,350,350],"floor_reached":10,"language":"ENG","playtime":609,"items_purged":[],"score":78,"play_id":"10ab927f-d0b5-44da-a136-d37061e1e845","local_time":"20210220094735","is_ascension_mode":true,"campfire_choices":[{"data":"hermit:BodyArmor","floor":6,"key":"SMITH"}],"circlet_count":0,"master_deck":["hermit:Strike_Hermit","hermit:Strike_Hermit","hermit:Strike_Hermit","hermit:Strike_Hermit","hermit:Defend_Hermit","hermit:Defend_Hermit","hermit:Defend_Hermit","hermit:Defend_Hermit","hermit:Snapshot","hermit:Covet","hermit:BodyArmor+1","hermit:Quickdraw","hermit:FromBeyond","hermit:Quickdraw"],"relics":["hermit:Momento","reliquary:GummyVitamins","Centennial Puzzle","Ice Cream"],"acts_visited":["Exordium"],"potions_floor_usage":[8,10],"damage_taken":[{"damage":0,"enemies":"Small Slimes","floor":1,"turns":3},{"damage":0,"enemies":"2 Louse","floor":2,"turns":2},{"damage":2,"enemies":"Jaw Worm","floor":4,"turns":4},{"damage":5,"enemies":"2 Fungi Beasts","floor":5,"turns":3},{"damage":30,"enemies":"3 Sentries","floor":7,"turns":13},{"damage":32,"enemies":"Gremlin Nob","floor":8,"turns":4},{"damage":15,"enemies":"Gremlin Nob","floor":10,"turns":2}],"seed_played":"7980682533612470340","potions_obtained":[{"floor":2,"key":"hexamod:SoulburnPotion"},{"floor":4,"key":"SpeedPotion"},{"floor":7,"key":"Weak Potion"}],"is_trial":false,"path_per_floor":["M","M","?","M","M","R","E","?","T","E"],"character_chosen":"HERMIT","items_purchased":[],"campfire_rested":0,"item_purchase_floors":[],"current_hp_per_floor":[75,75,75,73,68,68,38,6,6,0,0],"gold":350,"neow_bonus":"HUNDRED_GOLD","is_daily":false,"chose_seed":false,"campfire_upgraded":1,"win_rate":0.0,"timestamp":1613810855,"path_taken":["M","M","?","M","M","R","E","?","T","E"],"items_purchased_type":[],"build_version":"2020-12-22","purchased_purges":0,"victory":false,"max_hp_per_floor":[75,75,75,75,75,75,75,75,75,75,75],"card_choices":[{"not_picked":["hermit:ItchyTrigger","hermit:NoHoldsBarred","hermit:Shortfuse"],"picked":"SKIP","floor":1},{"not_picked":["hermit:Glare","hermit:ItchyTrigger"],"picked":"hermit:BodyArmor","floor":2},{"not_picked":["hermit:Showdown","hermit:LoneWolf"],"picked":"hermit:Quickdraw","floor":4},{"not_picked":["hermit:Coalescence","hermit:Headshot","hermit:TakeAim"],"picked":"SKIP","floor":5},{"not_picked":["hermit:TrackingShot","hermit:Snipe"],"picked":"hermit:FromBeyond","floor":7},{"not_picked":["hermit:BodyArmor","hermit:HighCaliber"],"picked":"hermit:Quickdraw","floor":8}],"player_experience":670355,"relics_obtained":[{"floor":7,"key":"reliquary:GummyVitamins"},{"floor":8,"key":"Centennial Puzzle"},{"floor":9,"key":"Ice Cream"}],"event_choices":[{"damage_healed":0,"gold_gain":30,"player_choice":"Searched \u00272\u0027 times","damage_taken":0,"max_hp_gain":0,"max_hp_loss":0,"event_name":"Dead Adventurer","floor":8,"gold_loss":0}],"is_beta":false,"boss_relics":[],"items_purged_floors":[],"is_endless":false,"potions_floor_spawned":[2,4,7],"killed_by":"Gremlin Nob","ascension_level":3}}