{"host":"2fgwwnzqc97k7iys","time":1613782998,"event":{"mods":["BaseMod","Colored Map","Minty Spire (QoL Compilation)","Quick Restart","Relic Stats"],"gold_per_floor":[110,130,144,144,157,157,187,214,214,214,227,238,270,247,247,347,347,358,378,393,393,116,116,149,166,191,211,211,211],"floor_reached":28,"language":"ENG","playtime":2602,"items_purged":["Strike_P"],"score":378,"play_id":"9335b96d-d5ce-46b1-b1af-5bde199509eb","local_time":"20210219190318","is_ascension_mode":true,"campfire_choices":[{"data":"Eruption","floor":6,"key":"SMITH"},{"data":"Wallop","floor":10,"key":"SMITH"},{"data":"Halt","floor":15,"key":"SMITH"},{"data":"Omniscience","floor":23,"key":"SMITH"}],"circlet_count":0,"master_deck":["AscendersBane","Strike_P","Strike_P","Strike_P","Defend_P","Defend_P","Defend_P","Eruption+1","Vigilance","Halt+1","Vengeance","FlurryOfBlows","BattleHymn+1","Wallop+1","CrushJoints","SashWhip","Halt+1","Adaptation","EmptyBody","Omniscience+1","TalkToTheHand+1"],"relics":["PureWater","Smiling Mask","Gambling Chip","Shuriken","HornCleat","Philosopher\u0027s Stone","MutagenicStrength","HandDrill","TungstenRod","Akabeko"],"acts_visited":["Exordium","TheCity"],"potions_floor_usage":[5,16,24,24],"damage_taken":[{"damage":8,"enemies":"Small Slimes","floor":1,"turns":5},{"damage":0,"enemies":"Cultist","floor":2,"turns":3},{"damage":7,"enemies":"Jaw Worm","floor":3,"turns":3},{"damage":12,"enemies":"Exordium Thugs","floor":5,"turns":4},{"damage":9,"enemies":"Gremlin Nob","floor":8,"turns":3},{"damage":14,"enemies":"Exordium Wildlife","floor":11,"turns":3},{"damage":2,"enemies":"Large Slime","floor":12,"turns":4},{"damage":2,"enemies":"3 Sentries","floor":13,"turns":4},{"damage":1,"enemies":"The Guardian","floor":16,"turns":6},{"damage":6,"enemies":"2 Thieves","floor":18,"turns":3},{"damage":1,"enemies":"Shell Parasite","floor":19,"turns":3},{"damage":13,"enemies":"Chosen and Byrds","floor":20,"turns":5},{"damage":15,"enemies":"Slavers","floor":24,"turns":5},{"damage":5,"enemies":"Centurion and Healer","floor":25,"turns":3},{"damage":0,"enemies":"Snake Plant","floor":27,"turns":3},{"damage":19,"enemies":"Sentry and Sphere","floor":28,"turns":4}],"seed_played":"5570001528527591710","potions_obtained":[{"floor":1,"key":"ColorlessPotion"},{"floor":5,"key":"StancePotion"},{"floor":16,"key":"BottledMiracle"},{"floor":18,"key":"SmokeBomb"},{"floor":20,"key":"StancePotion"},{"floor":27,"key":"BlessingOfTheForge"}],"is_trial":false,"path_per_floor":["M","M","M","?","M","R","?","E","T","R","M","M","E","?","R","B",null,"M","M","M","?","$","R","E","M","T","M","M"],"character_chosen":"WATCHER","items_purchased":["HandDrill","Omniscience"],"campfire_rested":0,"item_purchase_floors":[22,22],"current_hp_per_floor":[57,57,50,50,38,38,38,29,29,29,15,13,11,11,11,10,57,51,50,37,37,37,37,22,17,17,17,0,0],"gold":211,"neow_bonus":"TRANSFORM_CARD","is_daily":false,"chose_seed":false,"campfire_upgraded":4,"win_rate":0.0,"timestamp":1613782998,"path_taken":["M","M","M","?","?","R","?","E","T","R","M","M","E","?","R","BOSS","M","M","M","?","?","R","E","M","T","M","M"],"items_purchased_type":["Relic","Card"],"build_version":"2020-12-22","purchased_purges":1,"victory":false,"max_hp_per_floor":[72,72,72,72,72,72,72,72,72,72,72,72,72,72,72,72,72,72,72,72,72,72,72,72,72,72,72,72,72],"relic_stats":{"counters":[16,61],"Shuriken":[20],"Gambling Chip":[24],"HandDrill":[8],"Smiling Mask":25,"obtain_stats":[{"HornCleat":13,"Shuriken":9,"Gambling Chip":8,"MutagenicStrength":21,"Philosopher\u0027s Stone":17,"HandDrill":22,"PureWater":0,"Smiling Mask":7,"TungstenRod":24,"Akabeko":26},{"HornCleat":8,"Shuriken":5,"Gambling Chip":5,"MutagenicStrength":12,"Philosopher\u0027s Stone":9,"HandDrill":12,"PureWater":0,"Smiling Mask":4,"TungstenRod":13,"Akabeko":14},{"HornCleat":29,"Shuriken":18,"Gambling Chip":18,"MutagenicStrength":46,"Philosopher\u0027s Stone":35,"HandDrill":46,"PureWater":0,"Smiling Mask":15,"TungstenRod":51,"Akabeko":54}],"TungstenRod":4},"card_choices":[{"not_picked":["Indignation","FlyingSleeves"],"picked":"Vengeance","floor":1},{"not_picked":["EmptyBody","Wireheading"],"picked":"FlurryOfBlows","floor":2},{"not_picked":["WheelKick","Consecrate"],"picked":"BattleHymn","floor":3},{"not_picked":["EmptyBody","Wireheading"],"picked":"Wallop","floor":5},{"not_picked":["ReachHeaven","Fasting2","Vengeance"],"picked":"SKIP","floor":8},{"not_picked":["SignatureMove","Evaluate","FlyingSleeves"],"picked":"SKIP","floor":11},{"not_picked":["SashWhip","WaveOfTheHand"],"picked":"CrushJoints","floor":12},{"not_picked":["Devotion","ReachHeaven"],"picked":"SashWhip","floor":13},{"not_picked":["WreathOfFlame","FollowUp"],"picked":"Halt+1","floor":18},{"not_picked":["WheelKick","ReachHeaven"],"picked":"Adaptation","floor":19},{"not_picked":["EmptyFist","BowlingBash"],"picked":"EmptyBody","floor":20},{"not_picked":["ClearTheMind","Indignation","Nirvana"],"picked":"SKIP","floor":24},{"not_picked":["Crescendo","BowlingBash+1"],"picked":"TalkToTheHand+1","floor":25},{"not_picked":["Pray+1","BowlingBash","Evaluate"],"picked":"SKIP","floor":27}],"player_experience":631740,"relics_obtained":[{"floor":8,"key":"Gambling Chip"},{"floor":9,"key":"Shuriken"},{"floor":13,"key":"HornCleat"},{"floor":24,"key":"TungstenRod"},{"floor":26,"key":"Akabeko"}],"event_choices":[{"damage_healed":0,"gold_gain":0,"player_choice":"Forge","damage_taken":0,"max_hp_gain":0,"max_hp_loss":0,"event_name":"Accursed Blacksmith","floor":4,"gold_loss":0,"cards_upgraded":["BattleHymn"]},{"damage_healed":0,"gold_gain":30,"player_choice":"Searched \u00272\u0027 times","damage_taken":0,"relics_obtained":["Smiling Mask"],"max_hp_gain":0,"max_hp_loss":0,"event_name":"Dead Adventurer","floor":7,"gold_loss":0},{"damage_healed":0,"gold_gain":0,"player_choice":"Left Gold","damage_taken":0,"max_hp_gain":0,"max_hp_loss":0,"event_name":"World of Goop","floor":14,"gold_loss":23},{"damage_healed":0,"gold_gain":0,"player_choice":"Inject Mutagens","damage_taken":0,"relics_obtained":["MutagenicStrength"],"max_hp_gain":0,"max_hp_loss":0,"event_name":"Drug Dealer","floor":21,"gold_loss":0}],"is_beta":false,"boss_relics":[{"not_picked":["Empty Cage","Runic Pyramid"],"picked":"Philosopher\u0027s Stone"}],"items_purged_floors":[22],"is_endless":false,"potions_floor_spawned":[1,5,16,18,20,27],"killed_by":"Sentry and Sphere","ascension_level":10}}