{"host":"l2lylj0omvglf5x0","time":1613843276,"event":{"mods":["2.2 Compatiblity","BaseMod","Bestiary","Block Reminder","Colored Map","Colored Powertips","Curses Come First","Highlight Path","Keyboard Shortcuts","Minty Spire (QoL Compilation)","Relic Sorter","Relic Stats","Slay the Relics Exporter","StSLib","SuperFastMode"],"gold_per_floor":[113,113,62,237,250,282,282,317,344,344,35,96,131,150,150,150,150],"floor_reached":16,"language":"ENG","playtime":385,"items_purged":[],"score":226,"play_id":"b882e78d-2a00-495e-9269-307882d8353f","local_time":"20210220184756","is_ascension_mode":true,"campfire_choices":[{"data":"Armaments","floor":7,"key":"SMITH"},{"data":"Double Tap","floor":15,"key":"SMITH"}],"circlet_count":0,"master_deck":["AscendersBane","Strike_R","Strike_R","Strike_R","Strike_R","Strike_R","Defend_R","Defend_R","Defend_R","Defend_R","Bash","Armaments+1","Cleave","Spot Weakness","Perfected Strike","Feel No Pain","Double Tap+1","Carnage","Shrug It Off","Inflame","Burning Pact"],"relics":["Burning Blood","NeowsBlessing","Toy Ornithopter","Mummified Hand","StoneCalendar","PreservedInsect","Bag of Preparation","Vajra","Bronze Scales"],"acts_visited":["Exordium"],"potions_floor_usage":[8,12],"damage_taken":[{"damage":0,"enemies":"2 Louse","floor":1,"turns":1},{"damage":0,"enemies":"Jaw Worm","floor":5,"turns":1},{"damage":0,"enemies":"Gremlin Nob","floor":6,"turns":1},{"damage":53,"enemies":"Lagavulin","floor":8,"turns":7},{"damage":10,"enemies":"3 Sentries","floor":12,"turns":6},{"damage":7,"enemies":"3 Sentries","floor":13,"turns":4},{"damage":0,"enemies":"Cultist","floor":14,"turns":2},{"damage":41,"enemies":"The Guardian","floor":16,"turns":6}],"seed_played":"7576501266123672537","potions_obtained":[{"floor":1,"key":"Fire Potion"},{"floor":5,"key":"Energy Potion"}],"is_trial":false,"path_per_floor":["M","?","$","?","M","E","R","E","T","?","$","?","E","M","R","B"],"character_chosen":"IRONCLAD","items_purchased":["Cleave","Bag of Preparation","Double Tap","Carnage"],"campfire_rested":0,"item_purchase_floors":[3,11,11,11],"current_hp_per_floor":[78,75,75,75,80,80,80,33,33,33,33,34,33,39,39,0,0],"gold":150,"neow_bonus":"THREE_ENEMY_KILL","is_daily":false,"chose_seed":false,"campfire_upgraded":2,"win_rate":0.0,"timestamp":1613843276,"path_taken":["M","?","$","?","M","E","R","E","T","?","$","?","E","M","R","BOSS"],"items_purchased_type":["Card","Relic","Card","Card"],"build_version":"2020-12-22","purchased_purges":0,"victory":false,"max_hp_per_floor":[80,80,80,80,80,80,80,80,80,80,80,80,80,80,80,80,80],"relic_stats":{"counters":[8,28],"Mummified Hand":[6],"Bronze Scales":[15],"StoneCalendar":[0],"PreservedInsect":66,"Bag of Preparation":[8],"obtain_stats":[{"NeowsBlessing":0,"Mummified Hand":6,"Bronze Scales":13,"Vajra":12,"StoneCalendar":8,"PreservedInsect":9,"Bag of Preparation":11,"Burning Blood":0,"Toy Ornithopter":2},{"NeowsBlessing":0,"Mummified Hand":3,"Bronze Scales":6,"Vajra":5,"StoneCalendar":4,"PreservedInsect":4,"Bag of Preparation":4,"Burning Blood":0,"Toy Ornithopter":1},{"NeowsBlessing":0,"Mummified Hand":3,"Bronze Scales":20,"Vajra":16,"StoneCalendar":10,"PreservedInsect":10,"Bag of Preparation":10,"Burning Blood":0,"Toy Ornithopter":1}],"Burning Blood":35,"Toy Ornithopter":5},"card_choices":[{"not_picked":["Searing Blow","Power Through"],"picked":"Armaments","floor":1},{"not_picked":["Wild Strike","Uppercut"],"picked":"Spot Weakness","floor":5},{"not_picked":["Flex","Body Slam"],"picked":"Perfected Strike","floor":6},{"not_picked":["Havoc","Clothesline"],"picked":"Feel No Pain","floor":8},{"not_picked":["Searing Blow","Battle Trance"],"picked":"Shrug It Off","floor":12},{"not_picked":["Twin Strike","Disarm"],"picked":"Inflame","floor":13},{"not_picked":["Wild Strike","Body Slam"],"picked":"Burning Pact","floor":14}],"player_experience":1016027,"relics_obtained":[{"floor":6,"key":"Mummified Hand"},{"floor":8,"key":"StoneCalendar"},{"floor":9,"key":"PreservedInsect"},{"floor":12,"key":"Vajra"},{"floor":13,"key":"Bronze Scales"}],"event_choices":[{"damage_healed":0,"gold_gain":0,"player_choice":"Success","damage_taken":3,"relics_obtained":["Toy Ornithopter"],"max_hp_gain":0,"max_hp_loss":0,"event_name":"Scrap Ooze","floor":2,"gold_loss":0},{"damage_healed":0,"gold_gain":175,"player_choice":"AGREE","damage_taken":0,"max_hp_gain":0,"max_hp_loss":0,"event_name":"Liars Game","floor":4,"gold_loss":0,"cards_obtained":["Doubt"]},{"cards_removed":["Doubt"],"damage_healed":0,"gold_gain":0,"player_choice":"Forget","damage_taken":0,"max_hp_gain":0,"max_hp_loss":0,"event_name":"Living Wall","floor":10,"gold_loss":0},{"damage_healed":0,"gold_gain":0,"player_choice":"Searched \u00271\u0027 times","damage_taken":0,"max_hp_gain":0,"max_hp_loss":0,"event_name":"Dead Adventurer","floor":12,"gold_loss":0}],"is_beta":false,"boss_relics":[],"items_purged_floors":[],"is_endless":false,"potions_floor_spawned":[1,5],"killed_by":"The Guardian","ascension_level":12}}