{"host":"d85gwtocd8go8gx0","time":1613853672,"event":{"mods":["AchievementEnabler","BaseMod","Better Altar","Better Skull","Better Third Choice","Block Reminder","Colored Powertips","Curses Come First","Dark Map","Filter the Spire","Highlight Path","Minty Spire (QoL Compilation)","Permanent Neow","Quick Restart","Shop Mod","StSLib","SuperFastMode","UnlockEverythingMod"],"gold_per_floor":[118,131,143,24,24,24,57,57,83,106,143,143,167,213,213,293,293,313,339,339,339],"floor_reached":20,"language":"ENG","playtime":3333,"items_purged":["Strike_P"],"score":472,"play_id":"e3c6ecb1-4f11-4475-bf1b-55d68db72f9e","local_time":"20210220124112","is_ascension_mode":true,"campfire_choices":[{"data":"Eruption","floor":6.0,"key":"SMITH"},{"data":"Scrawl","floor":8.0,"key":"SMITH"},{"data":"Wish","floor":15.0,"key":"SMITH"}],"circlet_count":0,"master_deck":["AscendersBane","Strike_P","Strike_P","Strike_P","Defend_P","Defend_P","Defend_P","Defend_P","Eruption+1","Vigilance","Scrawl+1","WheelKick","Protect","FlurryOfBlows","LikeWater","BowlingBash","FollowUp","Wish+1","EmptyBody","FollowUp","DeusExMachina","Consecrate","CutThroughFate"],"relics":["PureWater","Smiling Mask","White Beast Statue","Question Card","CeramicFish","Juzu Bracelet","SsserpentHead","Sozu"],"acts_visited":["Exordium","TheCity"],"potions_floor_usage":[],"damage_taken":[{"damage":0.0,"enemies":"2 Louse","floor":1.0,"turns":4.0},{"damage":7.0,"enemies":"Small Slimes","floor":2.0,"turns":3.0},{"damage":0.0,"enemies":"Cultist","floor":3.0,"turns":2.0},{"damage":0.0,"enemies":"Gremlin Nob","floor":7.0,"turns":2.0},{"damage":0.0,"enemies":"Large Slime","floor":10.0,"turns":2.0},{"damage":0.0,"enemies":"Lagavulin","floor":11.0,"turns":3.0},{"damage":0.0,"enemies":"2 Fungi Beasts","floor":13.0,"turns":1.0},{"damage":0.0,"enemies":"3 Louse","floor":14.0,"turns":4.0},{"damage":6,"enemies":"The Guardian","floor":16,"turns":11},{"damage":6,"enemies":"Chosen","floor":18,"turns":9},{"damage":34,"enemies":"2 Thieves","floor":19,"turns":3},{"damage":36,"enemies":"Cultist and Chosen","floor":20,"turns":3}],"seed_played":"9220625823514751745","potions_obtained":[{"floor":1.0,"key":"Ancient Potion"},{"floor":2.0,"key":"FearPotion"},{"floor":7.0,"key":"SkillPotion"},{"floor":10.0,"key":"BottledMiracle"},{"floor":13.0,"key":"CultistPotion"}],"is_trial":false,"path_per_floor":["M","M","M","$","?","R","E","R","T","M","E","?","M","M","R","B",null,"M","M","M"],"character_chosen":"WATCHER","items_purchased":["LikeWater"],"campfire_rested":0,"item_purchase_floors":[4],"current_hp_per_floor":[61,54,54,54,31,31,31,31,31,31,31,31,31,31,31,25,57,51,17,0,0],"gold":339,"neow_bonus":"ONE_RANDOM_RARE_CARD","is_daily":false,"chose_seed":false,"campfire_upgraded":3,"win_rate":0.0,"timestamp":1613853672,"path_taken":["M","M","M","$","?","R","E","R","T","M","E","?","M","M","R","BOSS","M","M","M"],"items_purchased_type":["Card"],"build_version":"2020-12-22","purchased_purges":1,"victory":false,"max_hp_per_floor":[68,68,68,68,68,68,68,68,68,68,68,68,68,68,68,68,68,68,68,68,68],"card_choices":[{"not_picked":["Evaluate","Collect"],"picked":"WheelKick","floor":1.0},{"not_picked":["SashWhip","WreathOfFlame"],"picked":"Protect","floor":2.0},{"not_picked":["EmptyMind","ForeignInfluence"],"picked":"FlurryOfBlows","floor":3.0},{"not_picked":["Adaptation","FlurryOfBlows"],"picked":"BowlingBash","floor":7.0},{"not_picked":["Pray","SashWhip","Indignation"],"picked":"FollowUp","floor":10.0},{"not_picked":["Weave","Judgement","Sanctity"],"picked":"Wish","floor":11.0},{"not_picked":["BowlingBash","EmptyMind","Evaluate"],"picked":"EmptyBody","floor":13.0},{"not_picked":["Halt","JustLucky","BattleHymn"],"picked":"FollowUp","floor":14.0},{"not_picked":["Judgement","SpiritShield","DevaForm"],"picked":"DeusExMachina","floor":16},{"not_picked":["BattleHymn","Weave","LikeWater"],"picked":"Consecrate","floor":18},{"not_picked":["Evaluate","EmptyFist","Protect"],"picked":"CutThroughFate","floor":19}],"player_experience":60982,"relics_obtained":[{"floor":7.0,"key":"Question Card"},{"floor":9.0,"key":"CeramicFish"},{"floor":11.0,"key":"Juzu Bracelet"}],"event_choices":[{"damage_healed":0.0,"max_hp_gain":0.0,"max_hp_loss":0.0,"gold_gain":1.0,"event_name":"betterThird:BetterScrap","player_choice":"Relic Relic ","floor":5.0,"gold_loss":0.0,"damage_taken":23.0,"cards_obtained":["Pummel"]},{"damage_healed":0.0,"max_hp_gain":0.0,"max_hp_loss":0.0,"gold_gain":0.0,"event_name":"FaceTrader","player_choice":"Trade","floor":12.0,"gold_loss":0.0,"damage_taken":0.0,"relics_obtained":["SsserpentHead"]}],"is_beta":false,"boss_relics":[{"not_picked":["Astrolabe","Empty Cage"],"picked":"Sozu"}],"items_purged_floors":[4],"is_endless":false,"potions_floor_spawned":[1,2,7,10,11,13,14,16,18,19],"killed_by":"Cultist and Chosen","ascension_level":20}}