{"host":"i2ieyndca3ivj85d","time":1613780148,"event":{"mods":["Act Like it!","Arknights","BaseMod","Minty Spire (QoL Compilation)","Quick Restart","StSLib","¡¾ÒÅÎï¿¨ÅÆ¡¿REMEMod"],"gold_per_floor":[119,136,61,81,81,108,128,128,128],"floor_reached":8,"language":"ZHS","playtime":395,"items_purged":["ats:Strike C"],"score":58,"play_id":"0f4e5457-187c-4db3-bdcb-1d915c646b10","local_time":"20210220081548","is_ascension_mode":false,"campfire_choices":[],"circlet_count":0,"master_deck":["ats:Strike G","ats:Strike S","ats:Strike V","ats:Armor Crushing Shot","ats:Defend","ats:Defend","ats:Defend","ats:Defend","ats:Emotion Absorption","Master of Strategy","ats:Sword Rain","ats:Overload","ats:Powerful Strike"],"relics":["ats:Sanity","REME_ComplimentaryCards","NeowsBlessing","ats:Originium","ats:Berate"],"acts_visited":["Exordium"],"potions_floor_usage":[6],"damage_taken":[{"damage":0,"enemies":"Cultist","floor":1,"turns":1},{"damage":0,"enemies":"ats:Genji","floor":2,"turns":1},{"damage":0,"enemies":"Jaw Worm","floor":4,"turns":1},{"damage":55,"enemies":"Lagavulin","floor":6,"turns":10},{"damage":10,"enemies":"Exordium Thugs","floor":7,"turns":5},{"damage":8,"enemies":"3 Sentries","floor":8,"turns":2}],"seed_played":"-3215378378998064158","potions_obtained":[{"floor":5,"key":"DistilledChaos"},{"floor":5,"key":"SpeedPotion"},{"floor":5,"key":"SneckoOil"}],"is_trial":false,"path_per_floor":["M","M","$","M","?","E","M","E"],"character_chosen":"DOCTOR_CLASS","items_purchased":[],"campfire_rested":0,"item_purchase_floors":[],"current_hp_per_floor":[72,72,72,72,72,17,7,0,0],"gold":128,"neow_bonus":"THREE_ENEMY_KILL","is_daily":false,"chose_seed":false,"campfire_upgraded":0,"win_rate":0.0,"timestamp":1613780148,"path_taken":["M","?","$","?","?","E","?","E"],"items_purchased_type":[],"build_version":"2020-12-22","purchased_purges":1,"victory":false,"max_hp_per_floor":[72,72,72,72,72,72,72,72,72],"card_choices":[{"not_picked":["ats:Curse Doll","ats:Very Hot Blade"],"picked":"ats:Sword Rain","floor":1},{"not_picked":["ats:Blood Oath","ats:Hammer On"],"picked":"ats:Overload","floor":2},{"not_picked":["ats:Revitalization","ats:Literary Storm","ats:Curse Doll"],"picked":"SKIP","floor":4},{"not_picked":["ats:Echo Reverb","ats:Very Hot Blade","ats:Shell Defense"],"picked":"SKIP","floor":6},{"not_picked":["ats:Very Hot Blade","ats:Thermite Blade"],"picked":"ats:Powerful Strike","floor":7}],"player_experience":180121,"relics_obtained":[{"floor":6,"key":"ats:Originium"},{"floor":6,"key":"ats:Berate"}],"event_choices":[{"damage_healed":0,"gold_gain":0,"player_choice":"Got Potions","damage_taken":0,"max_hp_gain":0,"max_hp_loss":0,"event_name":"Lab","floor":5,"gold_loss":0}],"is_beta":false,"boss_relics":[],"items_purged_floors":[3],"is_endless":false,"potions_floor_spawned":[],"killed_by":"3 Sentries","ascension_level":0}}