{"host":"njb27ds59h4j3ikk","time":1613856822,"event":{"mods":["AchievementEnabler","BaseMod","Better Altar","Better Match","Better Note","Better Sensory Stone","Better Skull","Better Third Choice","BetterRewards","Downfall","Hermit","Hubris","Minty Spire (QoL Compilation)","Permanent Neow","Quarter Circle Forward PUNCH!","Quick Restart","Rare Cards Sparkle","Replay The Spire","Shop Mod","StSLib","Trackpad","Transform Curses"],"gold_per_floor":[115,115,125,205,205,246,264,264,291,329,279,319,6,6,6,225,225,248,261,286,60,85,125,125,125,150,150,185,208,242,266,266,386,386,411,411,29,288,308,339,352,376,376,399,464,464,464,168,168,175,175,175,406,445,452],"floor_reached":56,"language":"ENG","playtime":3440,"items_purged":[],"score":1960,"play_id":"75139c7c-340d-4281-b235-e1dc714fe83d","local_time":"20210220163342","is_ascension_mode":true,"campfire_choices":[{"data":"hubris:EnhanceAbility","floor":15.0,"key":"SMITH"},{"floor":24,"key":"RECALL"},{"data":"hermit:Dissolve","floor":27,"key":"SMITH"},{"data":"hermit:Ricochet","floor":32,"key":"SMITH"},{"data":"hermit:Snipe","floor":32,"key":"SMITH"},{"data":"hermit:Maintenance","floor":46,"key":"SMITH"},{"data":"hermit:Gestalt","floor":46,"key":"SMITH"},{"data":"hermit:Coalescence","floor":49,"key":"SMITH"},{"data":"hermit:FromBeyond","floor":49,"key":"SMITH"},{"data":"Swift Strike","floor":52,"key":"SMITH"},{"data":"hermit:Misfire","floor":52,"key":"SMITH"}],"circlet_count":0,"master_deck":["hermit:Strike_Hermit","hermit:Strike_Hermit","hermit:Strike_Hermit","hermit:Defend_Hermit","hermit:Defend_Hermit","hermit:Defend_Hermit","hermit:Defend_Hermit","hermit:Snapshot","hermit:Covet","hubris:EnhanceAbility+1","ReplayTheSpireMod:Uncanny Aura+1","hermit:CursedWeapon+1","hermit:CursedWeapon","Bandage Up+1","hermit:Snipe+1","hermit:Glare","Injury","hermit:Coalescence+1","hermit:Ricochet+1","hermit:Gestalt+1","hermit:Misfire+1","hermit:Adapt+1","hermit:ShadowCloak+1","Flash of Steel","hermit:Gambit","hermit:Coalescence+1","hermit:LuckOfTheDraw","hermit:Determination+1","hermit:Dissolve+1","hermit:Vantage+1","hermit:Gambit","hermit:Feint+1","hermit:Roulette+1","hermit:Shortfuse+1","hermit:FromBeyond+1","hermit:Maintenance+1","ReplayTheSpireMod:Splinters","hermit:Ricochet+1","hermit:Deadeye+1","hermit:Scavenge+1","hermit:Manifest+1","hermit:BodyArmor+1","Swift Strike+1","ReplayUltimateDefense+1","hermit:TakeAim+1"],"relics":["hermit:Momento","qcfpunch:Wild_Herbs_Ointment","Replay:Ringing Soul","Replay:Kaleidoscope","Snack Pack","hubris:HerbalPaste","hubris:BundleOfHerbs","hubris:Icosahedron","Golden Idol","qcfpunch:Army_Boots","Guardian:PocketSentry","ReplayFunnel","Frozen Egg 2","ClockworkSouvenir","trackpad:ByrdBGone","Runic Dome","Gremlin Food","Regal Pillow","trackpad:IceCube","Darkstone Periapt","Replay:Arrowhead","qcfpunch:Dark_Gi","hubris:Towel","champ:Barbells","Bottled Tornado","Pet Ghost","Pondfish Scales","ReplayTheSpireMod:Lightbulb","OrangePellets","hubris:NiceRug","qcfpunch:Combat_Fatigues","Art of War","qcfpunch:Handcuffs"],"acts_visited":["Exordium","TheCity","TheBeyond","TheEnding"],"potions_floor_usage":[23,23,29,31,33,50,55,55,55],"damage_taken":[{"damage":9.0,"enemies":"Jaw Worm","floor":1.0,"turns":4.0},{"damage":5.0,"enemies":"2 Louse","floor":3.0,"turns":3.0},{"damage":32.0,"enemies":"Gremlin Nob","floor":6.0,"turns":4.0},{"damage":4.0,"enemies":"Small Slimes","floor":7.0,"turns":3.0},{"damage":17.0,"enemies":"3 Sentries","floor":10.0,"turns":6.0},{"damage":3.0,"enemies":"Gremlin Nob","floor":12.0,"turns":3.0},{"damage":19.0,"enemies":"Fading Forest","floor":16.0,"turns":11.0},{"damage":0,"enemies":"Shell Parasite","floor":18,"turns":4},{"damage":2,"enemies":"Chosen","floor":19,"turns":3},{"damage":26,"enemies":"Snake Plant","floor":20,"turns":2},{"damage":0,"enemies":"Cultist and Chosen","floor":22,"turns":3},{"damage":4,"enemies":"Slavers","floor":23,"turns":3},{"damage":7,"enemies":"Replay:Snechameleon","floor":28,"turns":4},{"damage":4,"enemies":"Shelled Parasite and Fungi","floor":29,"turns":4},{"damage":20,"enemies":"Gremlin Leader","floor":30,"turns":5},{"damage":0,"enemies":"Centurion and Healer","floor":31,"turns":4},{"damage":31,"enemies":"Pondfish","floor":33,"turns":6},{"damage":4,"enemies":"3 Shapes","floor":35,"turns":3},{"damage":0,"enemies":"Orb Walker","floor":39,"turns":2},{"damage":1,"enemies":"R_Hoarder","floor":40,"turns":5},{"damage":10,"enemies":"Writhing Mass","floor":41,"turns":3},{"damage":15,"enemies":"3 Darklings","floor":42,"turns":4},{"damage":24,"enemies":"Transient","floor":44,"turns":5},{"damage":8,"enemies":"2 Orb Walkers","floor":45,"turns":2},{"damage":17,"enemies":"Replay:Hell Engine","floor":50,"turns":7},{"damage":4,"enemies":"hubris:Merchant","floor":53,"turns":3},{"damage":0,"enemies":"Shield and Spear","floor":54,"turns":4},{"damage":10,"enemies":"The Heart","floor":55,"turns":6}],"seed_played":"3149376467283496210","potions_obtained":[{"floor":7.0,"key":"Strength Potion"},{"floor":10.0,"key":"Fire Potion"},{"floor":16.0,"key":"Guardian:BlockOnCardUsePotion"},{"floor":19,"key":"Swift Potion"},{"floor":25,"key":"SkillPotion"},{"floor":25,"key":"SmokeBomb"},{"floor":30,"key":"Languid Potion"},{"floor":31,"key":"ColorlessPotion"},{"floor":35,"key":"FearPotion"},{"floor":44,"key":"Venom Potion"},{"floor":45,"key":"BlessingOfTheForge"},{"floor":53,"key":"PowerPotion"}],"is_trial":false,"path_per_floor":["M","?","M","?","?","E","M","?","T","E","$","E","$","?","R","B",null,"M","M","M","$","M","E","R","?","T","R","E","M","E","M","R","B",null,"M","?","$","?","M","E","M","M","T","M","?","R","?","$","R","B",null,"R","$","E","B",null],"character_chosen":"HERMIT","items_purchased":["qcfpunch:Wild_Herbs_Ointment","Replay:Ringing Soul","hubris:EnhanceAbility","ReplayTheSpireMod:Uncanny Aura","hermit:CursedWeapon","Snack Pack","hubris:HerbalPaste","Bandage Up","hermit:Misfire","hermit:ShadowCloak+1","Flash of Steel","ClockworkSouvenir","Gremlin Food","hermit:Determination+1","champ:Barbells","Bottled Tornado","ReplayTheSpireMod:Lightbulb","Swift Strike","OrangePellets"],"campfire_rested":0,"item_purchase_floors":[0,0,0,0,0,0,0,0,11,13,13,13,21,21,37,37,48,48,53],"current_hp_per_floor":[76,76,83,83,86,67,77,77,77,75,78,87,90,90,90,90,104,111,114,90,93,107,118,118,118,118,118,124,127,123,135,135,109,90,93,93,93,102,105,107,102,101,101,94,93,93,93,96,96,97,112,112,120,123,117],"gold":452,"neow_bonus":"","is_daily":false,"chose_seed":false,"campfire_upgraded":10,"win_rate":0.0,"timestamp":1613856822,"path_taken":["M","?","M","?","?","E","M","?","T","E","$","E","?","?","R","BOSS","M","M","?","$","M","E","R","?","T","R","E","M","E","M","R","BOSS","M","?","$","?","M","E","M","M","T","M","?","R","?","?","R","BOSS","R","$","E","BOSS"],"items_purchased_type":["Relic","Relic","Card","Card","Card","Relic","Relic","Card","Card","Card","Card","Relic","Relic","Card","Relic","Relic","Relic","Card","Relic"],"build_version":"2020-12-22","purchased_purges":0,"victory":true,"max_hp_per_floor":[81,81,84,84,87,90,93,93,93,96,99,102,105,105,105,108,108,111,114,114,117,120,123,123,123,123,123,126,129,132,135,135,138,90,93,93,93,102,105,108,111,111,111,114,114,114,114,117,117,117,117,117,120,123,123],"card_choices":[{"not_picked":["hermit:LuckOfTheDraw","hermit:TrackingShot"],"picked":"hermit:Snipe","floor":1.0},{"not_picked":["hermit:Manifest","hermit:ItchyTrigger"],"picked":"hermit:Glare","floor":3.0},{"not_picked":["hermit:Manifest","hermit:BodyArmor"],"picked":"hermit:Coalescence","floor":6.0},{"not_picked":["hermit:SprayPray","hermit:Manifest"],"picked":"hermit:Ricochet","floor":7.0},{"not_picked":["hermit:LoneWolf","hermit:Vantage"],"picked":"hermit:Gestalt","floor":10.0},{"not_picked":["hermit:TakeAim+1","hermit:Virtue"],"picked":"hermit:Adapt+1","floor":12.0},{"not_picked":["hermit:Roughhouse","hermit:Purgatory"],"picked":"hermit:Gambit","floor":16.0},{"not_picked":["hermit:Snipe+1","hermit:Combo+1"],"picked":"hermit:Coalescence+1","floor":18},{"not_picked":["hermit:Headshot","hermit:CursedWeapon+1"],"picked":"hermit:LuckOfTheDraw","floor":19},{"not_picked":["hermit:Roulette","hermit:Shortfuse","hermit:BodyArmor"],"picked":"SKIP","floor":20},{"not_picked":["hermit:Roulette","hermit:Shortfuse","hermit:BodyArmor"],"picked":"SKIP","floor":20},{"not_picked":["hermit:Glare+1","hermit:Showdown"],"picked":"hermit:Dissolve","floor":22},{"not_picked":["hermit:CalledShot","hermit:EyeOfTheStorm"],"picked":"hermit:Vantage+1","floor":23},{"not_picked":["hermit:Desperado","hermit:LowProfile"],"picked":"hermit:Gambit","floor":28},{"not_picked":["hermit:Gestalt","hermit:Shortfuse"],"picked":"hermit:Feint+1","floor":29},{"not_picked":["hermit:Dive","hermit:Scavenge"],"picked":"hermit:Roulette+1","floor":30},{"not_picked":["hermit:LuckOfTheDraw","hermit:Feint"],"picked":"hermit:Shortfuse+1","floor":31},{"not_picked":["hermit:FatalDesire+1","hermit:BlackWind"],"picked":"hermit:FromBeyond","floor":33},{"not_picked":["hermit:ItchyTrigger","hermit:Feint+1"],"picked":"hermit:Maintenance","floor":35},{"not_picked":["hermit:ItchyTrigger","hermit:Shortfuse"],"picked":"hermit:Ricochet+1","floor":38},{"not_picked":["hermit:SprayPray","hermit:Manifest+1"],"picked":"hermit:Deadeye+1","floor":39},{"not_picked":["hermit:FlashPowder+1","hermit:Quickdraw"],"picked":"hermit:Scavenge+1","floor":40},{"not_picked":["hermit:Roulette","hermit:ItchyTrigger"],"picked":"hermit:Manifest+1","floor":41},{"not_picked":["hermit:WideOpen","hermit:HoleUp","hermit:Deadeye"],"picked":"SKIP","floor":42},{"not_picked":["hermit:Magnum","hermit:Quickdraw"],"picked":"hermit:BodyArmor+1","floor":44},{"not_picked":[],"picked":"ReplayUltimateDefense+1","floor":53},{"not_picked":["hermit:Deadeye"],"picked":"SKIP","floor":53},{"not_picked":["hermit:Magnum"],"picked":"SKIP","floor":53},{"not_picked":["hermit:EyeOfTheStorm"],"picked":"SKIP","floor":53},{"not_picked":["hermit:Vantage"],"picked":"SKIP","floor":53},{"not_picked":["hermit:Combo+1"],"picked":"SKIP","floor":53},{"not_picked":["Purity"],"picked":"SKIP","floor":53},{"not_picked":["hermit:EyeOfTheStorm+1","hermit:Snipe+1"],"picked":"hermit:TakeAim+1","floor":54}],"player_experience":1384779,"relics_obtained":[{"floor":6.0,"key":"qcfpunch:Army_Boots"},{"floor":9.0,"key":"Guardian:PocketSentry"},{"floor":10.0,"key":"ReplayFunnel"},{"floor":12.0,"key":"Frozen Egg 2"},{"floor":23,"key":"Regal Pillow"},{"floor":26,"key":"trackpad:IceCube"},{"floor":28,"key":"Darkstone Periapt"},{"floor":30,"key":"Replay:Arrowhead"},{"floor":40,"key":"Pet Ghost"},{"floor":45,"key":"Pondfish Scales"},{"floor":53,"key":"qcfpunch:Combat_Fatigues"},{"floor":53,"key":"Art of War"},{"floor":54,"key":"qcfpunch:Handcuffs"}],"event_choices":[{"damage_healed":0.0,"max_hp_gain":0.0,"max_hp_loss":0.0,"gold_gain":0.0,"event_name":"Golden Idol","player_choice":"Take Wound","floor":5.0,"gold_loss":0.0,"damage_taken":0.0,"relics_obtained":["Golden Idol"],"cards_obtained":["Injury"]},{"damage_healed":77.0,"max_hp_gain":0.0,"max_hp_loss":93.0,"gold_gain":0.0,"event_name":"betterThird:BetterShining","player_choice":"Leave","floor":8.0,"gold_loss":0.0,"damage_taken":0.0},{"damage_healed":0.0,"max_hp_gain":0.0,"max_hp_loss":0.0,"gold_gain":0.0,"event_name":"WeMeetAgain","player_choice":"Gave Potion","floor":14.0,"gold_loss":0.0,"damage_taken":0.0,"relics_obtained":["trackpad:ByrdBGone"]},{"damage_healed":0,"gold_gain":0,"player_choice":"Got Potions","damage_taken":0,"max_hp_gain":0,"max_hp_loss":0,"event_name":"Lab","floor":25,"gold_loss":0},{"damage_healed":0,"gold_gain":0,"player_choice":"Fight","damage_taken":0,"max_hp_gain":0,"max_hp_loss":0,"event_name":"Mysterious Sphere","floor":45,"gold_loss":0},{"cards_removed":["hermit:Strike_Hermit"],"damage_healed":0,"gold_gain":0,"player_choice":"Removed Attack","damage_taken":0,"max_hp_gain":0,"max_hp_loss":0,"event_name":"Falling","floor":47,"gold_loss":0}],"is_beta":false,"boss_relics":[{"not_picked":["Runic Pyramid","trackpad:StolenKidneys"],"picked":"Runic Dome"},{"not_picked":["Sozu","Fusion Hammer"],"picked":"qcfpunch:Dark_Gi"}],"items_purged_floors":[],"is_endless":false,"potions_floor_spawned":[7,10,16,19,28,30,31,35,40,44,45,54],"ascension_level":5}}