{"host":"spd19cimorv47raq","time":1613826830,"event":{"mods":["AchievementEnabler","BaseMod","Colored Map","DeckTracker","Keyboard Shortcuts","Minty Spire (QoL Compilation)","Quick Restart","StSLib","SuperFastMode"],"gold_per_floor":[116,116,128,12,12,48,48,87,132,152,152,152,193,216,216,309,309,328,328,8,8,28,28,28,66,66,66,10,10,25,41,41,120,120,139,157,169,169,169,169,8,8,55,55,70,104,64,83,83,83,83,83],"floor_reached":51,"language":"KOR","playtime":2998,"items_purged":["Strike_R","Strike_R"],"score":1322,"play_id":"aa253929-5b11-4629-a304-8c23a585076d","local_time":"20210220221350","is_ascension_mode":true,"campfire_choices":[{"floor":7.0,"key":"REST"},{"data":"Fire Breathing","floor":12.0,"key":"SMITH"},{"data":"Body Slam","floor":15.0,"key":"SMITH"},{"data":"Fiend Fire","floor":24.0,"key":"SMITH"},{"data":"Feel No Pain","floor":29.0,"key":"SMITH"},{"data":"Dark Embrace","floor":32.0,"key":"SMITH"},{"data":"Bash","floor":40,"key":"SMITH"},{"data":"Feel No Pain","floor":44,"key":"SMITH"},{"data":"Disarm","floor":49,"key":"SMITH"}],"circlet_count":0,"master_deck":["AscendersBane","Defend_R","Defend_R","Defend_R","Defend_R","Bash+1","Fire Breathing+1","Rage","Cleave","Dropkick","Dropkick","Power Through","Body Slam+1","Battle Trance","Headbutt","Fiend Fire+1","Pommel Strike+1","Feel No Pain+1","Warcry+1","Exhume+1","Dark Embrace+1","Dropkick+1","Feel No Pain+1","Flame Barrier+1","Sadistic Nature","Disarm+1","Clothesline+1","True Grit+1"],"relics":["Burning Blood","PreservedInsect","Bloody Idol","Bird Faced Urn","Matryoshka","Smiling Mask","MealTicket","Darkstone Periapt","SlaversCollar","Oddly Smooth Stone","Bottled Tornado","Akabeko","War Paint","Velvet Choker","Medical Kit","Centennial Puzzle","Mercury Hourglass"],"acts_visited":["Exordium","TheCity","TheBeyond"],"potions_floor_usage":[46,50,50],"damage_taken":[{"damage":3.0,"enemies":"2 Louse","floor":1.0,"turns":2.0},{"damage":2.0,"enemies":"Jaw Worm","floor":3.0,"turns":6.0},{"damage":32.0,"enemies":"Gremlin Nob","floor":6.0,"turns":4.0},{"damage":13.0,"enemies":"3 Sentries","floor":8.0,"turns":5.0},{"damage":5.0,"enemies":"Small Slimes","floor":10.0,"turns":4.0},{"damage":15.0,"enemies":"Lagavulin","floor":13.0,"turns":6.0},{"damage":6.0,"enemies":"Looter","floor":14.0,"turns":3.0},{"damage":37.0,"enemies":"Hexaghost","floor":16.0,"turns":8.0},{"damage":16.0,"enemies":"3 Byrds","floor":18.0,"turns":5.0},{"damage":3.0,"enemies":"Chosen","floor":22.0,"turns":4.0},{"damage":22.0,"enemies":"Gremlin Leader","floor":25.0,"turns":3.0},{"damage":11.0,"enemies":"Snake Plant","floor":30.0,"turns":3.0},{"damage":19.0,"enemies":"Cultist and Chosen","floor":31.0,"turns":5.0},{"damage":43.0,"enemies":"Champ","floor":33.0,"turns":9.0},{"damage":17.0,"enemies":"Orb Walker","floor":35.0,"turns":3.0},{"damage":13.0,"enemies":"3 Shapes","floor":36.0,"turns":6.0},{"damage":29,"enemies":"Writhing Mass","floor":37,"turns":9},{"damage":26,"enemies":"3 Darklings","floor":45,"turns":6},{"damage":28,"enemies":"Reptomancer","floor":46,"turns":3},{"damage":10,"enemies":"Spire Growth","floor":48,"turns":5},{"damage":53,"enemies":"Awakened One","floor":50,"turns":28},{"damage":26,"enemies":"Donu and Deca","floor":51,"turns":3}],"seed_played":"8440130027333326435","potions_obtained":[{"floor":1.0,"key":"Dexterity Potion"},{"floor":8.0,"key":"SkillPotion"},{"floor":10.0,"key":"Swift Potion"},{"floor":16.0,"key":"Fire Potion"},{"floor":18.0,"key":"FearPotion"},{"floor":31.0,"key":"DuplicationPotion"},{"floor":33.0,"key":"AttackPotion"},{"floor":45,"key":"Weak Potion"},{"floor":46,"key":"ElixirPotion"},{"floor":47,"key":"HeartOfIron"},{"floor":47,"key":"SmokeBomb"},{"floor":48,"key":"Swift Potion"}],"is_trial":false,"path_per_floor":["M","?","M","$","?","E","R","E","T","M","?","R","E","M","R","B",null,"M","?","$","?","M","?","R","E","T","?","$","R","M","M","R","B",null,"M","M","M","?","?","R","$","?","T","R","M","E","?","M","R","B","B"],"character_chosen":"IRONCLAD","items_purchased":["Dropkick","Oddly Smooth Stone","EntropicBrew","Dexterity Potion","Medical Kit"],"campfire_rested":1,"item_purchase_floors":[4,20,20,28,41],"current_hp_per_floor":[68,50,54,54,54,28,46,41,41,44,44,44,37,39,39,10,49,41,41,56,56,62,62,62,46,46,46,61,61,62,54,54,30,54,54,58,52,52,52,52,67,65,65,65,58,45,45,54,54,17,0,0],"gold":83,"neow_bonus":"TRANSFORM_TWO_CARDS","is_daily":false,"chose_seed":false,"campfire_upgraded":8,"win_rate":0.0,"timestamp":1613826830,"path_taken":["M","?","M","$","?","E","R","E","T","?","?","R","E","M","R","BOSS","M","?","$","?","?","?","R","E","T","?","$","R","M","M","R","BOSS","M","M","M","?","?","R","$","?","T","R","?","E","?","M","R","BOSS","BOSS"],"items_purchased_type":["Card","Relic","Potion","Potion","Relic"],"build_version":"2020-12-22","purchased_purges":2,"victory":false,"max_hp_per_floor":[68,68,68,68,62,62,62,62,62,62,62,62,62,62,62,62,62,62,62,62,62,62,62,62,62,62,62,62,62,62,62,62,62,62,62,62,68,68,68,68,68,65,65,65,65,65,65,65,65,65,65,65],"card_choices":[{"not_picked":["Ghostly Armor","Flex"],"picked":"Cleave","floor":1.0},{"not_picked":["Headbutt","Shrug It Off"],"picked":"Dropkick","floor":3.0},{"not_picked":["Clothesline","Double Tap"],"picked":"Power Through","floor":6.0},{"not_picked":["Bloodletting","Clash"],"picked":"Body Slam","floor":8.0},{"not_picked":["Dark Embrace","Sword Boomerang","Havoc"],"picked":"SKIP","floor":10.0},{"not_picked":["Pummel","Perfected Strike"],"picked":"Battle Trance","floor":13.0},{"not_picked":["Clothesline","Body Slam"],"picked":"Headbutt","floor":14.0},{"not_picked":["Juggernaut","Barricade"],"picked":"Fiend Fire","floor":16.0},{"not_picked":["Havoc","Sword Boomerang"],"picked":"Pommel Strike+1","floor":18.0},{"not_picked":["Clothesline","Sword Boomerang"],"picked":"Warcry","floor":22.0},{"not_picked":["Pommel Strike","Heavy Blade"],"picked":"Exhume","floor":25.0},{"not_picked":["True Grit","Burning Pact"],"picked":"Dark Embrace","floor":30.0},{"not_picked":["Havoc","Iron Wave"],"picked":"Dropkick+1","floor":31.0},{"not_picked":["Iron Wave","Twin Strike","Hemokinesis"],"picked":"SKIP","floor":35.0},{"not_picked":["Pommel Strike","Fire Breathing"],"picked":"Feel No Pain","floor":36.0},{"not_picked":["Clash","Body Slam"],"picked":"Flame Barrier+1","floor":37},{"not_picked":["Secret Technique","Secret Weapon"],"picked":"Sadistic Nature","floor":39},{"not_picked":["Dual Wield","Battle Trance"],"picked":"Disarm","floor":45},{"not_picked":["Dark Embrace","Feed"],"picked":"Clothesline+1","floor":46},{"not_picked":["Rage","Headbutt"],"picked":"True Grit+1","floor":48}],"player_experience":881983,"relics_obtained":[{"floor":6.0,"key":"Bird Faced Urn"},{"floor":8.0,"key":"Matryoshka"},{"floor":9.0,"key":"Smiling Mask"},{"floor":9.0,"key":"MealTicket"},{"floor":13.0,"key":"Darkstone Periapt"},{"floor":25.0,"key":"Bottled Tornado"},{"floor":26.0,"key":"Akabeko"},{"floor":26.0,"key":"War Paint"},{"floor":43,"key":"Centennial Puzzle"},{"floor":46,"key":"Mercury Hourglass"}],"event_choices":[{"damage_healed":0.0,"max_hp_gain":0.0,"max_hp_loss":0.0,"gold_gain":0.0,"event_name":"Scrap Ooze","player_choice":"Success","floor":2.0,"gold_loss":0.0,"damage_taken":18.0,"relics_obtained":["PreservedInsect"]},{"damage_healed":0.0,"max_hp_gain":0.0,"max_hp_loss":6.0,"gold_gain":0.0,"event_name":"Golden Idol","player_choice":"Lose Max HP","floor":5.0,"gold_loss":0.0,"damage_taken":0.0,"relics_obtained":["Golden Idol"]},{"damage_healed":0.0,"max_hp_gain":0.0,"max_hp_loss":0.0,"gold_gain":0.0,"event_name":"Liars Game","player_choice":"Ignored","floor":11.0,"gold_loss":0.0,"damage_taken":0.0},{"damage_healed":0.0,"max_hp_gain":0.0,"max_hp_loss":0.0,"gold_gain":0.0,"event_name":"The Library","player_choice":"Read","floor":19.0,"gold_loss":0.0,"damage_taken":0.0,"cards_obtained":["Feel No Pain"]},{"cards_removed":["Strike_R"],"damage_healed":0.0,"max_hp_gain":0.0,"max_hp_loss":0.0,"gold_gain":0.0,"event_name":"Purifier","player_choice":"Purged","floor":21.0,"gold_loss":0.0,"damage_taken":0.0},{"damage_healed":0.0,"max_hp_gain":0.0,"max_hp_loss":0.0,"gold_gain":0.0,"event_name":"Ghosts","player_choice":"Ignored","floor":23.0,"gold_loss":0.0,"damage_taken":0.0},{"damage_healed":0.0,"max_hp_gain":0.0,"max_hp_loss":0.0,"gold_gain":0.0,"event_name":"Forgotten Altar","player_choice":"Gave Idol","floor":27.0,"relics_lost":["Golden Idol"],"gold_loss":0.0,"damage_taken":0.0,"relics_obtained":["Bloody Idol"]},{"damage_healed":0,"gold_gain":0,"player_choice":"Ignored","damage_taken":0,"max_hp_gain":0,"max_hp_loss":0,"event_name":"Mysterious Sphere","floor":38,"gold_loss":0},{"damage_healed":0,"gold_gain":0,"player_choice":"Memory 1","damage_taken":0,"max_hp_gain":0,"max_hp_loss":0,"event_name":"SensoryStone","floor":39,"gold_loss":0},{"cards_removed":["Parasite"],"damage_healed":0,"gold_gain":0,"player_choice":"Removed Curses","damage_taken":0,"max_hp_gain":0,"max_hp_loss":0,"event_name":"Fountain of Cleansing","floor":42,"gold_loss":0},{"damage_healed":0,"gold_gain":0,"player_choice":"Bought 3 Potions","damage_taken":0,"max_hp_gain":0,"max_hp_loss":0,"event_name":"The Woman in Blue","floor":47,"gold_loss":0}],"is_beta":false,"boss_relics":[{"not_picked":["Sozu","Black Blood"],"picked":"SlaversCollar"},{"not_picked":["Philosopher\u0027s Stone","Black Star"],"picked":"Velvet Choker"}],"items_purged_floors":[4,20],"is_endless":false,"potions_floor_spawned":[1,8,10,16,18,31,33,45,46,48],"killed_by":"Donu and Deca","ascension_level":20}}