{"host":"°¶±ßÂ¶°é","time":1613805307,"event":{"mods":["AchievementEnabler","BaseMod","Downfall","Marisa£¨ìFÓê¡¡Ä§ÀíÉ³£©","Minty Spire (QoL Compilation)","StSLib","The Servant 0.9.4"],"gold_per_floor":[116,116,116,116,116,116,150,150,150,173,193,217,177,198,198,292,292,268,287,287,287],"floor_reached":20,"language":"ZHS","playtime":837,"items_purged":[],"score":378,"play_id":"acfe89eb-eb94-4d56-a4c8-7128a88d0412","local_time":"20210220151507","is_ascension_mode":true,"campfire_choices":[{"data":"Neutralize","floor":6,"key":"SMITH"},{"data":"Backflip","floor":8,"key":"SMITH"},{"data":"Deadly Poison","floor":15,"key":"SMITH"}],"circlet_count":0,"master_deck":["AscendersBane","Strike_G","Strike_G","Strike_G","Defend_G","Defend_G","Defend_G","Defend_G","Defend_G","Survivor","Neutralize+1","Blur","Backflip+1","Deadly Poison+1","Bullet Time"],"relics":["Ring of the Snake","NeowsBlessing","Golden Idol","Boot","The Courier","Runic Pyramid"],"acts_visited":["Exordium","TheCity"],"potions_floor_usage":[16,18,19],"damage_taken":[{"damage":0,"enemies":"Small Slimes","floor":1,"turns":1},{"damage":0,"enemies":"3 Sentries","floor":7,"turns":2},{"damage":0,"enemies":"Jaw Worm","floor":10,"turns":1},{"damage":0,"enemies":"2 Louse","floor":11,"turns":3},{"damage":0,"enemies":"Blue Slaver","floor":12,"turns":6},{"damage":0,"enemies":"Looter","floor":13,"turns":4},{"damage":19,"enemies":"3 Louse","floor":14,"turns":5},{"damage":19,"enemies":"Hexaghost","floor":16,"turns":11},{"damage":9,"enemies":"2 Thieves","floor":18,"turns":4},{"damage":8,"enemies":"3 Byrds","floor":19,"turns":7},{"damage":30,"enemies":"Masked Bandits","floor":20,"turns":3}],"seed_played":"-4706196989860848367","potions_obtained":[{"floor":1,"key":"BlessingOfTheForge"},{"floor":11,"key":"DuplicationPotion"},{"floor":12,"key":"Energy Potion"},{"floor":18,"key":"CunningPotion"}],"is_trial":false,"path_per_floor":["M","?","?","?","?","R","E","R","T","M","M","M","M","M","R","B",null,"M","M","?"],"character_chosen":"THE_SILENT","items_purchased":[],"campfire_rested":0,"item_purchase_floors":[],"current_hp_per_floor":[59,59,52,52,57,57,57,57,57,57,57,57,57,38,38,19,54,45,37,7,7],"gold":287,"neow_bonus":"THREE_ENEMY_KILL","is_daily":false,"chose_seed":false,"campfire_upgraded":3,"win_rate":0.0,"timestamp":1613805307,"path_taken":["M","?","?","?","?","R","E","R","T","M","M","M","?","M","R","BOSS","M","M","?"],"items_purchased_type":[],"build_version":"2020-12-18","purchased_purges":0,"victory":false,"max_hp_per_floor":[66,66,66,60,65,65,65,65,65,65,65,65,65,65,65,65,65,65,65,65,65],"card_choices":[{"not_picked":["Tactician","Underhanded Strike","Sucker Punch"],"picked":"SKIP","floor":1},{"not_picked":["Infinite Blades","A Thousand Cuts"],"picked":"Backflip","floor":7},{"not_picked":["Cloak And Dagger","Choke","Outmaneuver"],"picked":"SKIP","floor":10},{"not_picked":["Skewer","Outmaneuver","Accuracy"],"picked":"SKIP","floor":11},{"not_picked":["Calculated Gamble","PiercingWail"],"picked":"Deadly Poison","floor":12},{"not_picked":["Poisoned Stab","PiercingWail","Dagger Throw"],"picked":"SKIP","floor":13},{"not_picked":["Wraith Form v2","Bane","Blade Dance"],"picked":"SKIP","floor":14},{"not_picked":["Night Terror","Doppelganger"],"picked":"Bullet Time","floor":16},{"not_picked":["Bane","Blur","Acrobatics+1"],"picked":"SKIP","floor":18},{"not_picked":["Calculated Gamble","Cloak And Dagger","Dodge and Roll"],"picked":"SKIP","floor":19}],"player_experience":836886,"relics_obtained":[{"floor":7,"key":"Boot"},{"floor":9,"key":"The Courier"}],"event_choices":[{"damage_healed":0,"gold_gain":0,"cards_transformed":["Strike_G"],"player_choice":"Change","damage_taken":0,"max_hp_gain":0,"max_hp_loss":0,"event_name":"Living Wall","floor":2,"gold_loss":0,"cards_obtained":["Blur"]},{"cards_removed":["Strike_G"],"damage_healed":0,"gold_gain":0,"player_choice":"Card Removal","damage_taken":7,"max_hp_gain":0,"max_hp_loss":0,"event_name":"Golden Wing","floor":3,"gold_loss":0},{"damage_healed":0,"gold_gain":0,"player_choice":"Lose Max HP","damage_taken":0,"relics_obtained":["Golden Idol"],"max_hp_gain":0,"max_hp_loss":6,"event_name":"Golden Idol","floor":4,"gold_loss":0},{"damage_healed":0,"gold_gain":0,"player_choice":"Donut","damage_taken":0,"max_hp_gain":5,"max_hp_loss":0,"event_name":"Big Fish","floor":5,"gold_loss":0},{"damage_healed":0,"gold_gain":0,"player_choice":"Fought Bandits","damage_taken":0,"max_hp_gain":0,"max_hp_loss":0,"event_name":"Masked Bandits","floor":20,"gold_loss":0}],"is_beta":true,"boss_relics":[{"not_picked":["Fusion Hammer","SacredBark"],"picked":"Runic Pyramid"}],"items_purged_floors":[],"is_endless":false,"potions_floor_spawned":[1,11,12,18],"killed_by":"Masked Bandits","ascension_level":18}}