{"host":"1n4zh8skucxnzijq","time":1613836390,"event":{"mods":["AchievementEnabler","BaseMod","Minty Spire (QoL Compilation)","Quick Restart"],"gold_per_floor":[109,109,120,134,234,234,262,273,273,286,286,6,6,41,41,120,120,136,136,316,327,327,327,327],"floor_reached":23,"language":"ENG","playtime":1110,"items_purged":[],"score":423,"play_id":"7c4ed09a-dbe0-4fa9-8646-37d6ccb2011f","local_time":"20210220155310","is_ascension_mode":true,"campfire_choices":[{"data":"Hologram","floor":6,"key":"SMITH"},{"data":"Discovery","floor":13,"key":"SMITH"},{"floor":15,"key":"REST"}],"circlet_count":0,"master_deck":["AscendersBane","Defend_B","Defend_B","Zap+1","Dualcast","Glacier","Hologram+1","Conserve Battery","Capacitor","Machine Learning","Discovery+1","Core Surge","Reinforced Body","Bite","Bite","Bite","Bite","Bite"],"relics":["Cracked Core","Darkstone Periapt","Pantograph","Symbiotic Virus","ClockworkSouvenir","Boot","Black Star"],"acts_visited":["Exordium","TheCity"],"potions_floor_usage":[7,8,14],"damage_taken":[{"damage":1,"enemies":"Cultist","floor":1,"turns":3},{"damage":3,"enemies":"Small Slimes","floor":3,"turns":4},{"damage":3,"enemies":"2 Louse","floor":4,"turns":2},{"damage":16,"enemies":"Lagavulin","floor":7,"turns":9},{"damage":15,"enemies":"Exordium Wildlife","floor":8,"turns":6},{"damage":0,"enemies":"2 Fungi Beasts","floor":10,"turns":5},{"damage":13,"enemies":"3 Sentries","floor":14,"turns":7},{"damage":24,"enemies":"The Guardian","floor":16,"turns":9},{"damage":21,"enemies":"Chosen","floor":18,"turns":5},{"damage":7,"enemies":"Shell Parasite","floor":21,"turns":7},{"damage":42,"enemies":"Gremlin Leader","floor":23,"turns":6}],"seed_played":"-17943474573210686","potions_obtained":[{"floor":1,"key":"PotionOfCapacity"},{"floor":7,"key":"Explosive Potion"},{"floor":10,"key":"Swift Potion"}],"is_trial":false,"path_per_floor":["M","?","M","M","?","R","E","M","T","M","?","$","R","E","R","B",null,"M","?","?","M","?","E"],"character_chosen":"DEFECT","items_purchased":["Discovery","ClockworkSouvenir"],"campfire_rested":1,"item_purchase_floors":[12,12],"current_hp_per_floor":[63,58,55,52,52,52,36,21,21,21,14,14,14,1,22,23,59,38,38,19,18,18,0,0],"gold":327,"neow_bonus":"UPGRADE_CARD","is_daily":false,"chose_seed":false,"campfire_upgraded":2,"win_rate":0.0,"timestamp":1613836390,"path_taken":["M","?","M","M","?","R","E","?","T","M","?","?","R","E","R","BOSS","M","?","?","?","?","E"],"items_purchased_type":["Card","Relic"],"build_version":"2020-12-22","purchased_purges":0,"victory":false,"max_hp_per_floor":[71,71,71,71,71,71,71,71,71,71,71,71,71,71,71,71,71,71,49,49,49,49,49,49],"card_choices":[{"not_picked":["Force Field","Reinforced Body"],"picked":"Glacier","floor":1},{"not_picked":["Heatsinks","Go for the Eyes"],"picked":"Hologram","floor":3},{"not_picked":["Streamline","Sweeping Beam"],"picked":"Conserve Battery","floor":4},{"not_picked":["Hello World","Coolheaded","Darkness"],"picked":"SKIP","floor":7},{"not_picked":["Stack","Hologram"],"picked":"Capacitor","floor":8},{"not_picked":["Stack","Redo"],"picked":"Machine Learning","floor":10},{"not_picked":["Stack","Gash"],"picked":"Core Surge","floor":14},{"not_picked":["Beam Cell","Go for the Eyes"],"picked":"Reinforced Body","floor":18},{"not_picked":["Ball Lightning","Go for the Eyes","Rebound"],"picked":"SKIP","floor":21}],"player_experience":1114540,"relics_obtained":[{"floor":7,"key":"Pantograph"},{"floor":9,"key":"Symbiotic Virus"},{"floor":14,"key":"Boot"}],"event_choices":[{"damage_healed":0,"gold_gain":0,"player_choice":"Success","damage_taken":5,"relics_obtained":["Darkstone Periapt"],"max_hp_gain":0,"max_hp_loss":0,"event_name":"Scrap Ooze","floor":2,"gold_loss":0},{"damage_healed":0,"gold_gain":100,"player_choice":"Gold","damage_taken":0,"max_hp_gain":0,"max_hp_loss":0,"event_name":"Wheel of Change","floor":5,"gold_loss":0},{"cards_removed":["Defend_B"],"damage_healed":0,"gold_gain":0,"player_choice":"Card Removal","damage_taken":7,"max_hp_gain":0,"max_hp_loss":0,"event_name":"Golden Wing","floor":11,"gold_loss":0},{"damage_healed":0,"gold_gain":0,"player_choice":"Became a vampire","damage_taken":0,"max_hp_gain":0,"max_hp_loss":22,"event_name":"Vampires","floor":19,"gold_loss":0,"cards_obtained":["Bite","Bite","Bite","Bite","Bite"]},{"damage_healed":0,"gold_gain":180,"player_choice":"GOLD GOLD ","damage_taken":19,"max_hp_gain":0,"max_hp_loss":0,"event_name":"Knowing Skull","floor":20,"potions_obtained":[],"gold_loss":0,"cards_obtained":[]},{"cards_removed":["Defend_B"],"damage_healed":0,"gold_gain":0,"player_choice":"Elegance","damage_taken":0,"max_hp_gain":0,"max_hp_loss":0,"event_name":"Back to Basics","floor":22,"gold_loss":0}],"is_beta":false,"boss_relics":[{"not_picked":["Tiny House","Pandora\u0027s Box"],"picked":"Black Star"}],"items_purged_floors":[],"is_endless":false,"potions_floor_spawned":[1,7,10],"killed_by":"Gremlin Leader","ascension_level":20}}