{"host":"k9oowrpcbuktvpbv","time":1613812266,"event":{"mods":["Act Like it!","BaseMod","CapriCore","Energized Spire","Gensokyo","GifTheSpireLib","Halation","Hallownest","Hubris","Koishi","Minty Spire (QoL Compilation)","Reimu??????","Relic Stats","Reliquary","Replay The Spire","StSLib","The Animator","The Immortal","The Senshi","The Wild Card","Yuyuko"],"gold_per_floor":[111,111,111,125,125,152,152,152,152,152,416,433,433,451,451,451,451,451],"floor_reached":16,"language":"ENG","playtime":662,"items_purged":[],"score":108,"play_id":"09f33492-2f02-45bb-85e9-da2f07fd0ec8","local_time":"20210220101106","is_ascension_mode":false,"campfire_choices":[{"floor":8,"key":"REST"},{"floor":13,"key":"REST"},{"floor":15,"key":"REST"}],"circlet_count":0,"master_deck":["MokouMod:Strike","MokouMod:Strike","MokouMod:Strike","MokouMod:Strike","MokouMod:Strike","MokouMod:Defend","MokouMod:Defend","MokouMod:Defend","MokouMod:HeatSpark","MokouMod:Ember","Clumsy","MokouMod:Overheat","Pain","MokouMod:Refresh"],"relics":["MokouMod:PhoenixFeather","Pear","Gensokyo:NagashiBinaDoll","theSenshi:SailorFukuRelic","Gensokyo:OccultBall","Singing Bowl","Gensokyo:LunaticRedEyes","The Courier"],"acts_visited":["Exordium"],"potions_floor_usage":[16],"damage_taken":[{"damage":6,"enemies":"Gensokyo:Python","floor":1,"turns":3},{"damage":7,"enemies":"Gensokyo:Gryphon","floor":4,"turns":4},{"damage":35,"enemies":"Gensokyo:Aya","floor":6,"turns":9},{"damage":87,"enemies":"Gensokyo:Cirno","floor":11,"turns":10},{"damage":4,"enemies":"Gensokyo:3_Fairies","floor":12,"turns":4},{"damage":5,"enemies":"Gensokyo:2_Rabbits","floor":14,"turns":3},{"damage":88,"enemies":"Gensokyo:Yukari","floor":16,"turns":12}],"seed_played":"-3329178588113616813","potions_obtained":[{"floor":4,"key":"Elixir"},{"floor":12,"key":"Adrenaline Potion"}],"is_trial":false,"path_per_floor":["M","?","?","M","?","E","?","R","T","?","E","M","R","M","R","B"],"character_chosen":"MKU","items_purchased":[],"campfire_rested":3,"item_purchase_floors":[],"current_hp_per_floor":[69,64,64,57,57,22,22,47,47,47,12,8,34,31,57,0,0,0],"gold":451,"neow_bonus":"RANDOM_EVENT","is_daily":false,"chose_seed":false,"campfire_upgraded":0,"win_rate":0.0,"timestamp":1613812266,"path_taken":["M","?","?","M","?","E","?","R","T","?","E","M","R","M","R","BOSS"],"items_purchased_type":[],"build_version":"2020-12-22","purchased_purges":0,"victory":false,"max_hp_per_floor":[75,85,85,85,85,85,85,85,85,85,87,87,87,89,89,89,89,89],"relic_stats":{"Singing Bowl":4,"counters":[7,45],"obtain_stats":[{"Pear":2,"Singing Bowl":9,"MokouMod:PhoenixFeather":0,"Gensokyo:OccultBall":7,"Gensokyo:NagashiBinaDoll":3,"The Courier":11,"theSenshi:SailorFukuRelic":6,"Gensokyo:LunaticRedEyes":10},{"Pear":1,"Singing Bowl":3,"MokouMod:PhoenixFeather":0,"Gensokyo:OccultBall":3,"Gensokyo:NagashiBinaDoll":1,"The Courier":4,"theSenshi:SailorFukuRelic":3,"Gensokyo:LunaticRedEyes":3},{"Pear":3,"Singing Bowl":16,"MokouMod:PhoenixFeather":0,"Gensokyo:OccultBall":16,"Gensokyo:NagashiBinaDoll":3,"The Courier":26,"theSenshi:SailorFukuRelic":16,"Gensokyo:LunaticRedEyes":16}]},"card_choices":[{"not_picked":["MokouMod:AdaptivePyromancy","MokouMod:ThermalPressure"],"picked":"MokouMod:Ember","floor":1},{"not_picked":["MokouMod:Singe","MokouMod:UncontrollableSolarReaction"],"picked":"MokouMod:Overheat","floor":4},{"not_picked":["MokouMod:CrimsonFlare","MokouMod:FlareStarter"],"picked":"MokouMod:Refresh","floor":6},{"not_picked":["MokouMod:Cataclysm","MokouMod:FlickeringFlame","MokouMod:AdaptivePyromancy"],"picked":"Singing Bowl","floor":11},{"not_picked":["MokouMod:ResonanceReactor","MokouMod:HeatCyclone"],"picked":"MokouMod:Refresh","floor":12},{"not_picked":["MokouMod:FujiyamaVolcano","MokouMod:Singe","MokouMod:SpontaneousHumanCombustion"],"picked":"Singing Bowl","floor":14}],"player_experience":176598,"relics_obtained":[{"floor":6,"key":"theSenshi:SailorFukuRelic"},{"floor":9,"key":"Singing Bowl"},{"floor":11,"key":"The Courier"}],"event_choices":[],"is_beta":false,"boss_relics":[],"items_purged_floors":[],"is_endless":false,"potions_floor_spawned":[4,12],"killed_by":"Gensokyo:Yukari","ascension_level":0}}