{"host":"4xh8v5undae39mue","time":1613858453,"event":{"mods":["AchievementEnabler","BaseMod","Minty Spire (QoL Compilation)"],"gold_per_floor":[113,125,425,309,322,31,31,66,89,103,103,103],"floor_reached":11,"language":"ENG","playtime":1697,"items_purged":["Regret"],"score":80,"play_id":"8b4863e9-33c5-4b75-9684-00d715ff307a","local_time":"20210220170053","is_ascension_mode":true,"campfire_choices":[],"circlet_count":0,"master_deck":["Strike_P","Strike_P","Strike_P","Strike_P","Defend_P","Defend_P","Defend_P","Defend_P","Eruption","Vigilance","BowlingBash","FlurryOfBlows","Vengeance","Mayhem","ThirdEye","Pain","Evaluate","Decay","ClearTheMind"],"relics":["Cursed Key","Old Coin","Tiny Chest","Happy Flower","MealTicket"],"acts_visited":["Exordium"],"potions_floor_usage":[11],"damage_taken":[{"damage":0,"enemies":"Jaw Worm","floor":1,"turns":3},{"damage":0,"enemies":"Cultist","floor":2,"turns":2},{"damage":3,"enemies":"Small Slimes","floor":5,"turns":3},{"damage":14,"enemies":"3 Sentries","floor":8,"turns":6},{"damage":28,"enemies":"Exordium Thugs","floor":10,"turns":5},{"damage":27,"enemies":"Lagavulin","floor":11,"turns":7}],"seed_played":"-4031004927831237278","potions_obtained":[{"floor":8,"key":"BottledMiracle"},{"floor":10,"key":"SkillPotion"}],"is_trial":false,"path_per_floor":["M","M","?","?","M","$","T","E","T","M","E"],"character_chosen":"WATCHER","items_purchased":["Mayhem","ThirdEye"],"campfire_rested":0,"item_purchase_floors":[6,6],"current_hp_per_floor":[72,72,72,72,69,69,69,55,55,27,0,0],"gold":103,"neow_bonus":"BOSS_RELIC","is_daily":false,"chose_seed":false,"campfire_upgraded":0,"win_rate":0.0,"timestamp":1613858453,"path_taken":["M","M","?","?","?","?","?","E","T","M","E"],"items_purchased_type":["Card","Card"],"build_version":"2020-12-22","purchased_purges":1,"victory":false,"max_hp_per_floor":[72,72,72,72,72,72,72,72,72,72,72,72],"card_choices":[{"not_picked":["Consecrate","Prostrate"],"picked":"BowlingBash","floor":1},{"not_picked":["CutThroughFate","EmptyMind"],"picked":"FlurryOfBlows","floor":2},{"not_picked":["ClearTheMind","EmptyMind"],"picked":"Vengeance","floor":5},{"not_picked":["JustLucky","ForeignInfluence"],"picked":"Evaluate","floor":8},{"not_picked":["Protect","Evaluate"],"picked":"ClearTheMind","floor":10}],"player_experience":233457,"relics_obtained":[{"floor":8,"key":"Happy Flower"},{"floor":9,"key":"MealTicket"}],"event_choices":[{"damage_healed":0,"gold_gain":0,"player_choice":"Box","damage_taken":0,"relics_obtained":["Old Coin"],"max_hp_gain":0,"max_hp_loss":0,"event_name":"Big Fish","floor":3,"gold_loss":0,"cards_obtained":["Regret"]},{"damage_healed":0,"gold_gain":0,"player_choice":"Paid Gold","damage_taken":0,"relics_obtained":["Tiny Chest"],"max_hp_gain":0,"max_hp_loss":0,"event_name":"WeMeetAgain","floor":4,"gold_loss":116}],"is_beta":false,"boss_relics":[],"items_purged_floors":[6],"is_endless":false,"potions_floor_spawned":[8,10],"killed_by":"Lagavulin","ascension_level":2}}