{"host":"ovivighfa421z0zp","time":1613820871,"event":{"mods":["BaseMod","Colored Map","DeckTracker","Keyboard Shortcuts","Minty Spire (QoL Compilation)","Permanent Neow","Quick Restart","Replay The Spire","StSLib","SuperFastMode","The Cursed","The Hierophant","The Poker Player","The Runesmith"],"gold_per_floor":[20,33,43,43,59,59,74,103,103,149,149,149,180,36,36,152,152,180,180,221,249,283,283,344,383,457,457,62,100,100,100,100,233,233,263,115,144,218,257,257,257,293,318,318,356,424,424,424,424,452],"floor_reached":51,"language":"KOR","playtime":2596,"items_purged":["TheCursedMod:Strike_TheCursed"],"score":973,"play_id":"b516450a-0f9e-41f0-9b23-51ea9dc34b0b","local_time":"20210220203431","is_ascension_mode":true,"campfire_choices":[{"data":"Apotheosis","floor":6.0,"key":"SMITH"},{"data":"TheCursedMod:CleanUpWorkshop","floor":12.0,"key":"SMITH"},{"data":"TheCursedMod:SoulReap","floor":15.0,"key":"SMITH"},{"data":"TheCursedMod:TacticalStrike","floor":23.0,"key":"SMITH"},{"data":"TheCursedMod:AbyssShockwave","floor":27.0,"key":"SMITH"},{"data":"TheCursedMod:RapidMovement","floor":32.0,"key":"SMITH"},{"data":"TheCursedMod:CollectTribute","floor":40.0,"key":"SMITH"},{"floor":44,"key":"REST"},{"data":"TheCursedMod:CursedWand","floor":47,"key":"SMITH"},{"data":"TheCursedMod:CursedBlade","floor":49,"key":"SMITH"}],"circlet_count":0,"master_deck":["TheCursedMod:Strike_TheCursed","TheCursedMod:Defend_TheCursed","TheCursedMod:Defend_TheCursed","TheCursedMod:Defend_TheCursed","TheCursedMod:Defend_TheCursed","TheCursedMod:CursedWand+1","TheCursedMod:CleanUpWorkshop+1","TheCursedMod:Dregs","Apotheosis+1","TheCursedMod:RapidMovement+1","TheCursedMod:CursedBlade+1","TheCursedMod:SoulReap+1","TheCursedMod:TacticalStrike+1","TheCursedMod:AbyssShockwave+1","TheCursedMod:SpitefulStrike","TheCursedMod:NeowsMight+1","TheCursedMod:AshesToAshes+1","TheCursedMod:SpreadPlague+1","TheCursedMod:SurpriseAttack","TheCursedMod:SpitefulStrike","TheCursedMod:NeowsMight+1","TheCursedMod:SpitefulPray+1","TheCursedMod:ReleasedKnowledge+1","TheCursedMod:ReleasedStrength+1","TheCursedMod:AshesToAshes+1","TheCursedMod:CursedShiv","TheCursedMod:RapidMovement+1","CommonCold","Shame","TheCursedMod:CollectTribute+1","TheCursedMod:DoubleShield+1","TheCursedMod:RapidMovement+1","Finesse+1","Panacea+1","TheCursedMod:Grudge+1"],"relics":["TheCursedMod:BlackMagic101","Blue Candle","Replay:Bandana","Replay:Baseball","Toxic Egg 2","Medical Kit","Painkiller Herb","Snack Pack","Replay:Bottled Flurry","Shuriken","ReplayTheSpireMod:Ring of Addiction","SacredBark","Toy Ornithopter","Ring of Panic","Mercury Hourglass","ChewingGum","Ginger","ReplayTheSpireMod:TigerMarble","Replay:Rubber Ducky"],"acts_visited":["Exordium","TheCity","TheBeyond"],"potions_floor_usage":[42,50],"damage_taken":[{"damage":2.0,"enemies":"Cultist","floor":1.0,"turns":4.0},{"damage":0.0,"enemies":"2 Louse","floor":2.0,"turns":3.0},{"damage":2.0,"enemies":"Jaw Worm","floor":3.0,"turns":4.0},{"damage":0.0,"enemies":"Large Slime","floor":5.0,"turns":5.0},{"damage":18.0,"enemies":"Exordium Thugs","floor":7.0,"turns":7.0},{"damage":24.0,"enemies":"Lagavulin","floor":8.0,"turns":7.0},{"damage":20.0,"enemies":"Gremlin Nob","floor":10.0,"turns":3.0},{"damage":6.0,"enemies":"Exordium Wildlife","floor":13.0,"turns":3.0},{"damage":19.0,"enemies":"The Guardian","floor":16.0,"turns":13.0},{"damage":2.0,"enemies":"Chosen","floor":18.0,"turns":4.0},{"damage":7.0,"enemies":"2 Thieves","floor":20.0,"turns":3.0},{"damage":16.0,"enemies":"Snake Plant","floor":21.0,"turns":2.0},{"damage":12.0,"enemies":"Shelled Parasite and Fungi","floor":22.0,"turns":2.0},{"damage":9.0,"enemies":"Book of Stabbing","floor":24.0,"turns":4.0},{"damage":0.0,"enemies":"Cultist and Chosen","floor":25.0,"turns":4.0},{"damage":14.0,"enemies":"Snake Plant","floor":29.0,"turns":2.0},{"damage":1.0,"enemies":"Pondfish","floor":33.0,"turns":8.0},{"damage":0.0,"enemies":"3 Shapes","floor":35.0,"turns":2.0},{"damage":11.0,"enemies":"Orb Walker","floor":37.0,"turns":3.0},{"damage":26.0,"enemies":"2 Orb Walkers","floor":38.0,"turns":5.0},{"damage":21.0,"enemies":"Spire Growth","floor":39.0,"turns":3.0},{"damage":0,"enemies":"3 Darklings","floor":42,"turns":1},{"damage":2,"enemies":"Jaw Worm Horde","floor":45,"turns":3},{"damage":14,"enemies":"R_Hoarder","floor":46,"turns":7},{"damage":26,"enemies":"Replay:Hell Engine","floor":50,"turns":7}],"seed_played":"1204849249691744863","potions_obtained":[{"floor":1.0,"key":"DuplicationPotion"},{"floor":8.0,"key":"Death Potion"},{"floor":16.0,"key":"DistilledChaos"},{"floor":21.0,"key":"SteroidPotion"},{"floor":24.0,"key":"DistilledChaos"},{"floor":30.0,"key":"Block Potion"},{"floor":30.0,"key":"PowerPotion"},{"floor":33.0,"key":"BlessingOfTheForge"},{"floor":35.0,"key":"Adrenaline Potion"},{"floor":38.0,"key":"Venom Potion"},{"floor":39.0,"key":"DuplicationPotion"}],"is_trial":false,"path_per_floor":["M","M","M","$","M","R","M","E","T","E","?","R","M","$","R","B",null,"?","?","?","?","?","T","E","?","T","T","T","?","?","?","T","B",null,"?","T","?","?","?","T","?","?","T","T","?","E","T","?","T","B",null],"character_chosen":"THE_CURSED","items_purchased":["Medical Kit","TheCursedMod:AshesToAshes+1","Shuriken","TheCursedMod:CursedShiv","TheCursedMod:RapidMovement+1","DuplicationPotion"],"campfire_rested":1,"item_purchase_floors":[14,28,28,28,28,36],"current_hp_per_floor":[73,73,71,71,75,75,64,47,47,32,32,32,26,26,26,14,75,75,75,69,53,48,48,46,57,57,57,57,52,52,52,52,74,75,75,75,64,53,46,46,36,41,41,63,75,63,63,63,63,60],"gold":452,"neow_bonus":"RANDOM_COLORLESS_2","is_daily":false,"chose_seed":false,"campfire_upgraded":9,"win_rate":0.0,"timestamp":1613820871,"path_taken":["M","M","M","?","M","R","M","E","T","E","?","R","?","$","R","BOSS","?","?","?","?","?","T","E","?","T","T","T","?","?","?","T","BOSS","?","T","?","?","?","T","?","?","T","T","?","E","T","?","T","BOSS"],"items_purchased_type":["Relic","Card","Relic","Card","Card","Potion"],"build_version":"2020-12-22","purchased_purges":1,"victory":true,"max_hp_per_floor":[75,75,75,75,75,75,75,75,75,75,75,75,75,75,75,75,75,75,75,75,75,75,75,75,75,75,75,75,75,75,75,75,75,75,75,75,75,75,75,75,75,75,75,75,75,73,73,73,71,71],"card_choices":[{"not_picked":["Metamorphosis","Secret Weapon"],"picked":"Apotheosis","floor":0.0},{"not_picked":["TheCursedMod:CursedMace","TheCursedMod:CircleOfFlame"],"picked":"TheCursedMod:RapidMovement","floor":1.0},{"not_picked":["TheCursedMod:CursedAmulet","TheCursedMod:RapidMovement"],"picked":"TheCursedMod:CursedBlade","floor":2.0},{"not_picked":["TheCursedMod:SpitefulStrike","TheCursedMod:CircleOfWindfury"],"picked":"TheCursedMod:SoulReap","floor":3.0},{"not_picked":["TheCursedMod:FleshFromBone","TheCursedMod:SpitefulStrike"],"picked":"TheCursedMod:Grudge","floor":5.0},{"not_picked":["TheCursedMod:Stretching","TheCursedMod:CircleOfFlame"],"picked":"TheCursedMod:TacticalStrike","floor":7.0},{"not_picked":["TheCursedMod:CursedBlade","TheCursedMod:SmokeScreen","TheCursedMod:Torture"],"picked":"SKIP","floor":8.0},{"not_picked":["TheCursedMod:ManaCirculation","TheCursedMod:HellfireBreathing"],"picked":"TheCursedMod:AbyssShockwave","floor":10.0},{"not_picked":["TheCursedMod:CursedShiv","TheCursedMod:Torture+1"],"picked":"TheCursedMod:SpitefulStrike","floor":13.0},{"not_picked":["TheCursedMod:UltimatePain+1","TheCursedMod:StunningStrike"],"picked":"TheCursedMod:NeowsMight+1","floor":16.0},{"not_picked":["TheCursedMod:TacticalStrike","TheCursedMod:CursedSpellbook+1"],"picked":"TheCursedMod:AshesToAshes+1","floor":18.0},{"not_picked":["TheCursedMod:Torture+1","TheCursedMod:TacticalStrike+1"],"picked":"TheCursedMod:SpitefulStrike","floor":20.0},{"not_picked":["TheCursedMod:SmokeScreen+1","TheCursedMod:BloodBarrier+1"],"picked":"TheCursedMod:NeowsMight+1","floor":21.0},{"not_picked":["TheCursedMod:PrepareRite+1","TheCursedMod:CircleOfWindfury+1"],"picked":"TheCursedMod:SpitefulPray+1","floor":22.0},{"not_picked":["TheCursedMod:TacticalStrike","TheCursedMod:CircleOfFlame+1"],"picked":"TheCursedMod:ReleasedKnowledge+1","floor":24.0},{"not_picked":["TheCursedMod:CircleOfFlame+1","TheCursedMod:CursedAmulet+1"],"picked":"TheCursedMod:ReleasedStrength+1","floor":25.0},{"not_picked":["TheCursedMod:Wield","TheCursedMod:RavingStaff","TheCursedMod:SurpriseAttack"],"picked":"SKIP","floor":29.0},{"not_picked":["TheCursedMod:ShockAndAwe","TheCursedMod:ParallelWorld+1"],"picked":"TheCursedMod:CollectTribute","floor":33.0},{"not_picked":["TheCursedMod:DoubleShield+1","TheCursedMod:Stretching+1","TheCursedMod:TacticalStrike"],"picked":"SKIP","floor":35.0},{"not_picked":["TheCursedMod:Stretching+1","TheCursedMod:TacticalStrike"],"picked":"TheCursedMod:DoubleShield+1","floor":35.0},{"not_picked":["TheCursedMod:Stigma","TheCursedMod:CursedBlade+1"],"picked":"TheCursedMod:RapidMovement+1","floor":37.0},{"not_picked":["TheCursedMod:Wield+1","TheCursedMod:Torture+1","TheCursedMod:CursedShiv"],"picked":"SKIP","floor":39.0},{"not_picked":["Mayhem","Panacea+1"],"picked":"Finesse+1","floor":41.0},{"not_picked":["Specialist","Secret Weapon+1"],"picked":"Panacea+1","floor":41.0},{"not_picked":["TheCursedMod:Stigma","TheCursedMod:CursedMace+1"],"picked":"TheCursedMod:Grudge+1","floor":42},{"not_picked":["TheCursedMod:WearCloak+1","TheCursedMod:Grudge+1","TheCursedMod:DoubleShield+1"],"picked":"SKIP","floor":45},{"not_picked":["TheCursedMod:AbyssShockwave+1","TheCursedMod:Wield+1","TheCursedMod:Stigma"],"picked":"SKIP","floor":46}],"player_experience":801389,"relics_obtained":[{"floor":8.0,"key":"Blue Candle"},{"floor":9.0,"key":"Replay:Bandana"},{"floor":10.0,"key":"Replay:Baseball"},{"floor":24.0,"key":"Snack Pack"},{"floor":26.0,"key":"Replay:Bottled Flurry"},{"floor":30.0,"key":"ReplayTheSpireMod:Ring of Addiction"},{"floor":30.0,"key":"SacredBark"},{"floor":30.0,"key":"Toy Ornithopter"},{"floor":30.0,"key":"Ring of Panic"},{"floor":38.0,"key":"Ginger"},{"floor":43,"key":"ReplayTheSpireMod:TigerMarble"},{"floor":46,"key":"Replay:Rubber Ducky"}],"event_choices":[{"cards_removed":["TheCursedMod:Grudge"],"damage_healed":0.0,"max_hp_gain":0.0,"max_hp_loss":0.0,"gold_gain":0.0,"event_name":"WeMeetAgain","player_choice":"Gave Card","floor":11.0,"gold_loss":0.0,"damage_taken":0.0,"relics_obtained":["Toxic Egg 2"]},{"damage_healed":0.0,"max_hp_gain":0.0,"max_hp_loss":0.0,"gold_gain":0.0,"cards_transformed":["TheCursedMod:Strike_TheCursed","TheCursedMod:Strike_TheCursed"],"event_name":"Drug Dealer","player_choice":"Became Test Subject","floor":19.0,"gold_loss":0.0,"damage_taken":0.0,"cards_obtained":["TheCursedMod:SpreadPlague","TheCursedMod:SurpriseAttack"]},{"damage_healed":0.0,"max_hp_gain":0.0,"max_hp_loss":0.0,"gold_gain":0.0,"event_name":"Addict","player_choice":"Stole Relic","floor":31.0,"gold_loss":0.0,"damage_taken":0.0,"relics_obtained":["Mercury Hourglass"],"cards_obtained":["Shame"]},{"damage_healed":0.0,"max_hp_gain":0.0,"max_hp_loss":0.0,"gold_gain":0.0,"event_name":"Mysterious Sphere","player_choice":"Fight","floor":38.0,"gold_loss":0.0,"damage_taken":0.0},{"damage_healed":0.0,"max_hp_gain":0.0,"max_hp_loss":0.0,"gold_gain":0.0,"event_name":"SensoryStone","player_choice":"Memory 3","floor":41.0,"gold_loss":0.0,"damage_taken":10.0},{"damage_healed":0,"gold_gain":0,"player_choice":"Ignored","damage_taken":0,"max_hp_gain":0,"max_hp_loss":0,"event_name":"SecretPortal","floor":48,"gold_loss":0}],"is_beta":false,"boss_relics":[{"not_picked":["Replay:Bronze Core","Black Star"],"picked":"Painkiller Herb"},{"not_picked":["Coffee Dripper","Tiny House"],"picked":"ChewingGum"}],"items_purged_floors":[36],"is_endless":false,"potions_floor_spawned":[1,8,16,21,24,33,35,38,39],"ascension_level":3}}