{"host":"en4narc5947t7k9n","time":1613849898,"event":{"mods":["AchievementEnabler","BaseMod","Colored Map","Minty Spire (QoL Compilation)","SuperFastMode"],"gold_per_floor":[109,125,135,146,129,157,157,133,133,167,167,177,177,177,177,281,281,296,310,343,343,343],"floor_reached":21,"language":"KOR","playtime":1001,"items_purged":[],"score":191,"play_id":"98050e1c-8140-4335-9fc8-0110f065ca1f","local_time":"20210221043818","is_ascension_mode":false,"campfire_choices":[{"floor":7,"key":"RECALL"},{"data":"Adrenaline","floor":11,"key":"SMITH"},{"data":"Tactician","floor":13,"key":"SMITH"},{"data":"Neutralize","floor":15,"key":"SMITH"}],"circlet_count":0,"master_deck":["Strike_G","Strike_G","Strike_G","Strike_G","Strike_G","Defend_G","Defend_G","Defend_G","Defend_G","Defend_G","Survivor","Neutralize+1","Poisoned Stab","Deadly Poison","Masterful Stab","Bane","Tactician+1","Dagger Spray","Prepared","Adrenaline+1","Cloak And Dagger","Bullet Time","Flechettes+1","Prepared","Backflip"],"relics":["Ring of the Snake","NeowsBlessing","Eternal Feather","Mercury Hourglass","Peace Pipe","Coffee Dripper","Red Mask"],"acts_visited":["Exordium","TheCity"],"potions_floor_usage":[6,6,10,16,21],"damage_taken":[{"damage":0,"enemies":"Small Slimes","floor":1,"turns":1},{"damage":0,"enemies":"Cultist","floor":2,"turns":1},{"damage":0,"enemies":"Jaw Worm","floor":3,"turns":1},{"damage":10,"enemies":"Large Slime","floor":4,"turns":8},{"damage":5,"enemies":"Exordium Thugs","floor":5,"turns":4},{"damage":33,"enemies":"3 Sentries","floor":6,"turns":7},{"damage":19,"enemies":"Gremlin Nob","floor":10,"turns":4},{"damage":2,"enemies":"Blue Slaver","floor":12,"turns":3},{"damage":43,"enemies":"The Guardian","floor":16,"turns":10},{"damage":11,"enemies":"Spheric Guardian","floor":18,"turns":5},{"damage":24,"enemies":"2 Thieves","floor":19,"turns":4},{"damage":34,"enemies":"Masked Bandits","floor":20,"turns":5},{"damage":10,"enemies":"Sentry and Sphere","floor":21,"turns":3}],"seed_played":"-1824757600590167525","potions_obtained":[{"floor":2,"key":"CultistPotion"},{"floor":3,"key":"Regen Potion"},{"floor":5,"key":"Strength Potion"},{"floor":10,"key":"Block Potion"},{"floor":19,"key":"ColorlessPotion"}],"is_trial":false,"path_per_floor":["M","M","M","M","M","E","R","$","T","E","R","M","R","?","R","B",null,"M","M","?","M"],"character_chosen":"THE_SILENT","items_purchased":["Prepared"],"campfire_rested":0,"item_purchase_floors":[8],"current_hp_per_floor":[70,70,70,60,55,37,46,46,46,27,39,37,49,42,54,11,70,59,35,1,0,0],"gold":343,"neow_bonus":"THREE_ENEMY_KILL","is_daily":false,"chose_seed":false,"campfire_upgraded":3,"win_rate":0.0,"timestamp":1613849898,"path_taken":["M","M","M","M","M","E","R","$","T","E","R","M","R","?","R","BOSS","M","?","?","M"],"items_purchased_type":["Card"],"build_version":"2020-12-22","purchased_purges":0,"victory":false,"max_hp_per_floor":[70,70,70,70,70,70,70,70,70,70,70,70,70,70,70,70,70,70,70,70,70,70],"card_choices":[{"not_picked":["Prepared","Sucker Punch"],"picked":"Poisoned Stab","floor":1},{"not_picked":["Choke","Predator"],"picked":"Deadly Poison","floor":2},{"not_picked":["Footwork","Blade Dance"],"picked":"Masterful Stab","floor":3},{"not_picked":["Poisoned Stab","Dodge and Roll"],"picked":"Bane","floor":4},{"not_picked":["Dodge and Roll","Poisoned Stab"],"picked":"Tactician","floor":5},{"not_picked":["Poisoned Stab","Flying Knee"],"picked":"Dagger Spray","floor":6},{"not_picked":["Cloak And Dagger","Leg Sweep"],"picked":"Adrenaline","floor":10},{"not_picked":["Poisoned Stab","Dodge and Roll"],"picked":"Cloak And Dagger","floor":12},{"not_picked":["Envenom","Malaise"],"picked":"Bullet Time","floor":16},{"not_picked":["Acrobatics+1","Cloak And Dagger"],"picked":"Flechettes+1","floor":18},{"not_picked":["Dagger Spray","Sucker Punch"],"picked":"Prepared","floor":19},{"not_picked":["Dagger Throw","Predator"],"picked":"Backflip","floor":20}],"player_experience":107823,"relics_obtained":[{"floor":6,"key":"Eternal Feather"},{"floor":9,"key":"Mercury Hourglass"},{"floor":10,"key":"Peace Pipe"},{"floor":20,"key":"Red Mask"}],"event_choices":[{"damage_healed":0,"gold_gain":0,"player_choice":"Damaged","damage_taken":7,"max_hp_gain":0,"max_hp_loss":0,"event_name":"Wheel of Change","floor":14,"gold_loss":0},{"damage_healed":0,"gold_gain":0,"player_choice":"Fought Bandits","damage_taken":0,"max_hp_gain":0,"max_hp_loss":0,"event_name":"Masked Bandits","floor":20,"gold_loss":0}],"is_beta":false,"boss_relics":[{"not_picked":["Philosopher\u0027s Stone","Cursed Key"],"picked":"Coffee Dripper"}],"items_purged_floors":[],"is_endless":false,"potions_floor_spawned":[2,3,5,10,19],"killed_by":"Sentry and Sphere","ascension_level":0}}