{"host":"sw6p9u0oh417cx03","time":1613821023,"event":{"mods":["AchievementEnabler","Act Like it!","BaseMod","CapriCore","DeckTracker","Highlight Path","Minty Spire (QoL Compilation)","Quick Restart","StSLib"],"gold_per_floor":[117,117,117,117,117,160,160,185,185,199,99,123,147,172,172,296,296,317,317,342,242,260,260,294,26,50,50,74,87,125,143,143,263,263,279,292,142,52,71,71,91,126,152,152,183,196,211,227,227,227,227,227,30,69,69],"floor_reached":56,"language":"ZHS","playtime":3311,"items_purged":["Strike_G","Strike_G","Strike_G","Defend_G"],"score":2130,"play_id":"a4b1cbd3-ae5a-4175-9230-2f6cc1262953","local_time":"20210220193703","is_ascension_mode":true,"campfire_choices":[{"data":"Venomology","floor":7.0,"key":"SMITH"},{"data":"Tactician","floor":15.0,"key":"SMITH"},{"data":"Prepared","floor":23.0,"key":"SMITH"},{"data":"Acrobatics","floor":32.0,"key":"SMITH"},{"data":"Blade Dance","floor":40.0,"key":"SMITH"},{"data":"Footwork","floor":44.0,"key":"SMITH"},{"floor":49.0,"key":"RECALL"},{"data":"Eviscerate","floor":52.0,"key":"SMITH"}],"circlet_count":0,"master_deck":["AscendersBane","Defend_G","Defend_G+1","Defend_G","Survivor","Neutralize","Venomology+1","Tactician+1","Backflip","Prepared+1","Acrobatics+1","Blade Dance+1","Footwork+1","After Image","Eviscerate+1","Concentrate+1","Terror+1","Grand Finale+1","Acrobatics+1","Escape Plan+1"],"relics":["Ring of the Snake","NeowsBlessing","Golden Idol","Boot","Singing Bowl","Runic Pyramid","Ancient Tea Set","War Paint","Strawberry","InkBottle","SlaversCollar","Ice Cream","Lantern","Orrery","Toy Ornithopter"],"acts_visited":["Exordium","TheCity","TheBeyond","TheEnding"],"potions_floor_usage":[54,55,55,55],"damage_taken":[{"damage":0.0,"enemies":"Small Slimes","floor":1.0,"turns":1.0},{"damage":0.0,"enemies":"Lagavulin","floor":6.0,"turns":1.0},{"damage":0.0,"enemies":"2 Louse","floor":8.0,"turns":1.0},{"damage":0.0,"enemies":"Cultist","floor":10.0,"turns":3.0},{"damage":3.0,"enemies":"Gremlin Gang","floor":12.0,"turns":6.0},{"damage":2.0,"enemies":"Exordium Wildlife","floor":13.0,"turns":5.0},{"damage":0.0,"enemies":"Exordium Thugs","floor":14.0,"turns":5.0},{"damage":48.0,"enemies":"Hexaghost","floor":16.0,"turns":15.0},{"damage":4.0,"enemies":"3 Byrds","floor":18.0,"turns":5.0},{"damage":5.0,"enemies":"Shell Parasite","floor":20.0,"turns":5.0},{"damage":0.0,"enemies":"Snake Plant","floor":22.0,"turns":8.0},{"damage":14.0,"enemies":"Slavers","floor":24.0,"turns":11.0},{"damage":0.0,"enemies":"Shelled Parasite and Fungi","floor":28.0,"turns":6.0},{"damage":0.0,"enemies":"Centurion and Healer","floor":29.0,"turns":5.0},{"damage":0.0,"enemies":"Book of Stabbing","floor":30.0,"turns":4.0},{"damage":0.0,"enemies":"Snake Plant","floor":31.0,"turns":2.0},{"damage":0.0,"enemies":"Champ","floor":33.0,"turns":5.0},{"damage":0.0,"enemies":"Orb Walker","floor":35.0,"turns":2.0},{"damage":0.0,"enemies":"3 Darklings","floor":36.0,"turns":3.0},{"damage":0.0,"enemies":"Maw","floor":39.0,"turns":4.0},{"damage":0.0,"enemies":"Spire Growth","floor":41.0,"turns":2.0},{"damage":0.0,"enemies":"Giant Head","floor":42.0,"turns":3.0},{"damage":0.0,"enemies":"Reptomancer","floor":45.0,"turns":2.0},{"damage":0.0,"enemies":"Jaw Worm Horde","floor":46.0,"turns":2.0},{"damage":0.0,"enemies":"Writhing Mass","floor":47.0,"turns":2.0},{"damage":0.0,"enemies":"Sphere and 2 Shapes","floor":48.0,"turns":1.0},{"damage":22.0,"enemies":"Time Eater","floor":50.0,"turns":6.0},{"damage":0,"enemies":"Shield and Spear","floor":54,"turns":3},{"damage":0,"enemies":"The Heart","floor":55,"turns":4}],"seed_played":"-3010721100618178995","potions_obtained":[{"floor":1.0,"key":"DuplicationPotion"},{"floor":5.0,"key":"AttackPotion"},{"floor":5.0,"key":"Swift Potion"},{"floor":12.0,"key":"Strength Potion"},{"floor":14.0,"key":"LiquidBronze"},{"floor":16.0,"key":"SneckoOil"},{"floor":28.0,"key":"DistilledChaos"},{"floor":31.0,"key":"SpeedPotion"},{"floor":33.0,"key":"SpeedPotion"},{"floor":36.0,"key":"Swift Potion"},{"floor":39.0,"key":"Fire Potion"},{"floor":45.0,"key":"LiquidBronze"}],"is_trial":false,"path_per_floor":["M","?","?","?","?","E","R","M","T","M","$","M","M","M","R","B",null,"M","?","M","$","M","R","E","$","T","$","M","M","E","M","R","B",null,"M","M","$","?","M","R","M","E","T","R","E","M","M","M","R","B",null,"R","$","E","B",null],"character_chosen":"THE_SILENT","items_purchased":["Acrobatics","War Paint","Orrery","Swift Potion"],"campfire_rested":0,"item_purchase_floors":[11,25,53,53],"current_hp_per_floor":[63,63,63,63,63,63,63,63,63,63,63,60,58,60,60,12,53,51,51,48,48,48,48,34,34,41,41,41,41,43,45,45,47,75,77,79,79,79,81,81,83,85,85,85,87,89,89,91,91,69,92,92,100,102,110],"gold":69,"neow_bonus":"THREE_ENEMY_KILL","is_daily":false,"chose_seed":false,"campfire_upgraded":7,"win_rate":0.0,"timestamp":1613821023,"path_taken":["M","?","?","?","?","E","R","?","T","M","$","M","?","M","R","BOSS","M","?","M","$","M","R","E","$","T","?","?","?","E","M","R","BOSS","M","M","$","?","M","R","M","E","T","R","E","M","M","?","R","BOSS","R","$","E","BOSS"],"items_purchased_type":["Card","Relic","Relic","Potion"],"build_version":"2020-12-22","purchased_purges":4,"victory":true,"max_hp_per_floor":[70,70,65,65,65,65,65,65,65,65,65,65,65,67,67,67,67,69,69,71,71,71,71,71,71,78,78,78,78,80,82,82,84,84,86,88,88,88,90,90,92,94,94,94,96,98,98,100,100,100,100,100,108,110,110],"card_choices":[{"not_picked":["Endless Agony","Bane","Dagger Spray"],"picked":"SKIP","floor":1.0},{"not_picked":["Outmaneuver","Finisher"],"picked":"Tactician","floor":6.0},{"not_picked":["Concentrate","Sucker Punch"],"picked":"Backflip","floor":8.0},{"not_picked":["Tactician","Venomology"],"picked":"Prepared","floor":10.0},{"not_picked":["Deflect","Accuracy"],"picked":"Blade Dance","floor":12.0},{"not_picked":["Slice","Acrobatics"],"picked":"Footwork","floor":13.0},{"not_picked":["Tactician","Poisoned Stab","Riddle With Holes"],"picked":"Singing Bowl","floor":14.0},{"not_picked":["Corpse Explosion","Storm of Steel"],"picked":"After Image","floor":16.0},{"not_picked":["Predator","Deflect","Bane+1"],"picked":"Singing Bowl","floor":18.0},{"not_picked":["Masterful Stab","Riddle With Holes","Flying Knee+1"],"picked":"Singing Bowl","floor":20.0},{"not_picked":["Acrobatics","Blade Dance+1"],"picked":"Eviscerate","floor":22.0},{"not_picked":["Outmaneuver","Dagger Spray"],"picked":"Concentrate","floor":24.0},{"not_picked":["Crippling Poison","PiercingWail"],"picked":"Terror+1","floor":28.0},{"not_picked":["Leg Sweep","Poisoned Stab+1"],"picked":"Grand Finale","floor":29.0},{"not_picked":["Outmaneuver","Dagger Throw+1","Blur"],"picked":"Singing Bowl","floor":30.0},{"not_picked":["Underhanded Strike","Dagger Spray","Blade Dance"],"picked":"Singing Bowl","floor":31.0},{"not_picked":["Glass Knife","A Thousand Cuts","Envenom"],"picked":"Singing Bowl","floor":33.0},{"not_picked":["Deflect","Eviscerate","Deadly Poison"],"picked":"Singing Bowl","floor":35.0},{"not_picked":["Prepared+1","Sucker Punch+1","Blade Dance+1"],"picked":"Singing Bowl","floor":36.0},{"not_picked":["Bouncing Flask","Cloak And Dagger","Deadly Poison"],"picked":"Singing Bowl","floor":39.0},{"not_picked":["Dagger Spray+1","Finisher","Dodge and Roll+1"],"picked":"Singing Bowl","floor":41.0},{"not_picked":["Wraith Form v2","Caltrops","Slice+1"],"picked":"Singing Bowl","floor":42.0},{"not_picked":["Dagger Spray+1","Riddle With Holes","Accuracy+1"],"picked":"Singing Bowl","floor":45.0},{"not_picked":["Bane","Slice+1","Deadly Poison"],"picked":"Singing Bowl","floor":46.0},{"not_picked":["Quick Slash","Accuracy+1"],"picked":"Acrobatics+1","floor":47.0},{"not_picked":["Quick Slash","Bouncing Flask+1","Sucker Punch"],"picked":"Singing Bowl","floor":48.0},{"not_picked":["Acrobatics","Sucker Punch","Slice+1"],"picked":"Singing Bowl","floor":53.0},{"not_picked":["Caltrops","Malaise","PiercingWail"],"picked":"Singing Bowl","floor":53.0},{"not_picked":["Sucker Punch","Slice","Underhanded Strike"],"picked":"Singing Bowl","floor":53.0},{"not_picked":["PiercingWail+1","Infinite Blades+1","Sucker Punch+1"],"picked":"Singing Bowl","floor":53.0},{"not_picked":["Deflect","Backflip+1"],"picked":"Escape Plan+1","floor":53.0},{"not_picked":["Dash","Riddle With Holes+1","Sucker Punch"],"picked":"Singing Bowl","floor":54}],"player_experience":387928,"relics_obtained":[{"floor":6.0,"key":"Boot"},{"floor":9.0,"key":"Singing Bowl"},{"floor":24.0,"key":"Ancient Tea Set"},{"floor":26.0,"key":"Strawberry"},{"floor":30.0,"key":"InkBottle"},{"floor":42.0,"key":"Ice Cream"},{"floor":45.0,"key":"Lantern"},{"floor":54,"key":"Toy Ornithopter"}],"event_choices":[{"damage_healed":0.0,"max_hp_gain":0.0,"max_hp_loss":0.0,"gold_gain":0.0,"event_name":"Liars Game","player_choice":"Ignored","floor":2.0,"gold_loss":0.0,"damage_taken":0.0},{"damage_healed":0.0,"max_hp_gain":0.0,"max_hp_loss":5.0,"gold_gain":0.0,"event_name":"Golden Idol","player_choice":"Lose Max HP","floor":3.0,"gold_loss":0.0,"damage_taken":0.0,"relics_obtained":["Golden Idol"]},{"damage_healed":0.0,"max_hp_gain":0.0,"max_hp_loss":0.0,"gold_gain":0.0,"cards_transformed":["Strike_G"],"event_name":"Living Wall","player_choice":"Change","floor":4.0,"gold_loss":0.0,"damage_taken":0.0,"cards_obtained":["Venomology"]},{"damage_healed":0.0,"max_hp_gain":0.0,"max_hp_loss":0.0,"gold_gain":0.0,"event_name":"Lab","player_choice":"Got Potions","floor":5.0,"gold_loss":0.0,"damage_taken":0.0},{"cards_removed":["Strike_G"],"damage_healed":0.0,"max_hp_gain":0.0,"max_hp_loss":0.0,"gold_gain":0.0,"event_name":"Bonfire Elementals","player_choice":"Offered Basic","floor":19.0,"gold_loss":0.0,"damage_taken":0.0},{"cards_removed":["Defend_G"],"damage_healed":0.0,"max_hp_gain":0.0,"max_hp_loss":0.0,"gold_gain":0.0,"event_name":"Designer","player_choice":"Upgrade and Remove","floor":38.0,"gold_loss":90.0,"damage_taken":0.0,"cards_upgraded":["Grand Finale"]}],"is_beta":false,"boss_relics":[{"not_picked":["Philosopher\u0027s Stone","Astrolabe"],"picked":"Runic Pyramid"},{"not_picked":["Velvet Choker","Busted Crown"],"picked":"SlaversCollar"}],"items_purged_floors":[11,21,25,37],"is_endless":false,"potions_floor_spawned":[1,10,12,14,16,18,28,31,33,36,39,42,45],"ascension_level":10}}