{"host":"rg29p8m4aqjozpzt","time":1613836315,"event":{"mods":["100% Spire Juice","Aspiration","Bartender","BaseMod","Beaked The Cultist","Better Altar","Better Match","Better Sensory Stone","Better Skull","Better Third Choice","BetterRewards","Chen","Colored Powertips","Conspire","Downfall","Friendly Minions","Hermit","Hubris","JesterMod","Magitek Elite","Minty Spire (QoL Compilation)","Permanent Neow","Prisma Mod","QueenMod","Quick Restart","Relic Filter","Reorder Act Four","Shade Mod","StSLib","SuperFastMode","The Alterego","The Marked","The Runesmith","Unceasing Turn Reminder"],"gold_per_floor":[213,213,47,70,108,108,108,108,108,108,129,151,151,179,179,290,290,309,154,180,203,231,264,288,288,288,288],"floor_reached":25,"language":"ENG","playtime":1832,"items_purged":["conspire:GhostlyStrike"],"score":240,"play_id":"af440cc0-2367-4e71-9b0e-5dedfa5952b0","local_time":"20210220165155","is_ascension_mode":false,"campfire_choices":[{"data":"hexamod:Float","floor":6,"key":"SMITH"},{"data":"hexamod:GhostOfSpirePast","floor":8,"key":"SMITH"},{"data":"hexamod:Rewind","floor":13,"key":"SMITH"},{"data":"hexamod:FastForward","floor":15,"key":"SMITH"}],"circlet_count":0,"master_deck":["conspire:GhostlyStrike","conspire:GhostlyDefend","conspire:GhostlyDefend","conspire:GhostlyDefend","hexamod:Sear","hexamod:Float+1","hexamod:SecondSeal","hexamod:GhostOfSpirePast+1","hexamod:PhantomFireball","hexamod:HeatMetal","hexamod:FastForward","hexamod:ExtraCrispy","hexamod:Rewind+1","hexamod:FastForward+1","hexamod:ThirdSeal","hexamod:ForkedFlame","hexamod:TimeOfNeed","hexamod:FastForward","hexamod:SpectralAdrenaline","hexamod:GhostOfSpirePast","hexamod:Hexaguard","hexamod:BacktrackSmack+1","hexamod:Hexaguard","hexamod:GhostOfSpireFuture","hexamod:EmpoweredFlame","hexamod:GhostOfSpirePast","hexamod:FastForward","hexamod:HeatShield"],"relics":["hexamod:SpiritBrand","beaked:ShinyBauble","MealTicket","Eternal Feather","The Courier","Empty Cage","Lantern"],"acts_visited":["Exordium","TheCity"],"potions_floor_usage":[21,23,25],"damage_taken":[{"damage":6,"enemies":"Jaw Worm","floor":1,"turns":3},{"damage":3,"enemies":"Small Slimes","floor":4,"turns":3},{"damage":9,"enemies":"conspire:MimicChest","floor":5,"turns":6},{"damage":1,"enemies":"2 Louse","floor":11,"turns":2},{"damage":6,"enemies":"Large Slime","floor":12,"turns":3},{"damage":12,"enemies":"Exordium Thugs","floor":14,"turns":4},{"damage":26,"enemies":"The Guardian","floor":16,"turns":7},{"damage":30,"enemies":"2 Thieves","floor":18,"turns":4},{"damage":3,"enemies":"Chosen","floor":20,"turns":4},{"damage":0,"enemies":"Snecko","floor":21,"turns":4},{"damage":0,"enemies":"Cultist and Chosen","floor":22,"turns":4},{"damage":39,"enemies":"Gremlin Leader","floor":23,"turns":5},{"damage":11,"enemies":"Shelled Parasite and Fungi","floor":24,"turns":6},{"damage":3,"enemies":"3 Cultists","floor":25,"turns":2}],"seed_played":"2483962220032576729","potions_obtained":[{"floor":5,"key":"Dexterity Potion"},{"floor":12,"key":"FearPotion"},{"floor":16,"key":"Ancient Potion"},{"floor":20,"key":"DuplicationPotion"},{"floor":22,"key":"Strength Potion"},{"floor":24,"key":"sneckomod:MuddlingPotion"}],"is_trial":false,"path_per_floor":["M","?","$","M","?","R","?","R","T","?","M","M","R","M","R","B",null,"M","$","M","M","M","E","M","M"],"character_chosen":"THE_SPIRIT","items_purchased":["hexamod:GhostOfSpirePast","hexamod:PhantomFireball","hexamod:HeatMetal","hexamod:GhostOfSpirePast","hexamod:Hexaguard"],"campfire_rested":0,"item_purchase_floors":[3,3,3,19,19],"current_hp_per_floor":[64,64,64,61,52,52,34,34,34,34,33,27,36,24,33,7,70,40,55,52,52,52,13,2,0,0,0],"gold":288,"neow_bonus":"HUNDRED_GOLD","is_daily":false,"chose_seed":false,"campfire_upgraded":4,"win_rate":0.0,"timestamp":1613836315,"path_taken":["M","?","$","M","?","R","?","R","T","?","M","M","R","?","R","BOSS","M","$","?","M","M","E","M","M"],"items_purchased_type":["Card","Card","Card","Card","Card"],"build_version":"2020-12-22","purchased_purges":1,"victory":false,"max_hp_per_floor":[70,70,70,70,70,70,70,70,70,70,70,70,70,70,70,70,70,70,70,70,70,70,70,70,70,70,70],"card_choices":[{"not_picked":["hexamod:ThermalTransfer","hexamod:BacktrackSmack"],"picked":"hexamod:SecondSeal","floor":1},{"not_picked":["hexamod:RainOfEmbers","hexamod:Firestarter"],"picked":"hexamod:FastForward","floor":4},{"not_picked":["hexamod:HauntingEcho","hexamod:SwordOfDarkness"],"picked":"hexamod:ExtraCrispy","floor":5},{"not_picked":["hexamod:ShieldOfDarkness","hexamod:InspiringFlames"],"picked":"hexamod:Rewind","floor":11},{"not_picked":["hexamod:ThermalTransfer","hexamod:HauntingEcho"],"picked":"hexamod:FastForward","floor":12},{"not_picked":["hexamod:Haunt","hexamod:SpectersWail"],"picked":"hexamod:ThirdSeal","floor":14},{"not_picked":["hexamod:TimeWarp","hexamod:WildfireWeapon"],"picked":"hexamod:ForkedFlame","floor":16},{"not_picked":["hexamod:ParanormalForm","hexamod:UnlimitedPower"],"picked":"hexamod:TimeOfNeed","floor":16},{"not_picked":["hexamod:Firestarter","hexamod:BurningTouch"],"picked":"hexamod:FastForward","floor":18},{"not_picked":["hexamod:BurningTouch+1","hexamod:GhostLash+1"],"picked":"hexamod:SpectralAdrenaline","floor":18},{"not_picked":["hexamod:DynamicBlow","hexamod:GhostShield"],"picked":"hexamod:BacktrackSmack+1","floor":20},{"not_picked":["hexamod:HauntingEcho+1","hexamod:HeatCrush"],"picked":"hexamod:Hexaguard","floor":21},{"not_picked":["hexamod:ThermalTransfer","hexamod:GhostLash"],"picked":"hexamod:GhostOfSpireFuture","floor":21},{"not_picked":["hexamod:PhantomCloak","hexamod:RetreatToShadows+1"],"picked":"hexamod:EmpoweredFlame","floor":22},{"not_picked":["hexamod:GhostLash","hexamod:DynamicBlow","hexamod:ChargedBarrage"],"picked":"SKIP","floor":22},{"not_picked":["hexamod:ShieldOfDarkness","hexamod:SoulSteal"],"picked":"hexamod:GhostOfSpirePast","floor":23},{"not_picked":["hexamod:HeatCrush","hexamod:ThermalTransfer"],"picked":"hexamod:FastForward","floor":23},{"not_picked":["hexamod:NightmareStrike","hexamod:BacktrackSmack+1"],"picked":"hexamod:HeatShield","floor":24}],"player_experience":1561886,"relics_obtained":[{"floor":5,"key":"beaked:ShinyBauble"},{"floor":9,"key":"Eternal Feather"},{"floor":23,"key":"Lantern"}],"event_choices":[{"damage_healed":0,"gold_gain":0,"player_choice":"Agree","damage_taken":0,"max_hp_gain":0,"max_hp_loss":0,"event_name":"conspire:LoneGhost","floor":2,"gold_loss":0},{"damage_healed":0,"gold_gain":0,"player_choice":"Relic ","damage_taken":18,"max_hp_gain":0,"max_hp_loss":0,"event_name":"betterThird:BetterScrap","floor":7,"gold_loss":0,"cards_obtained":["conspire:SharedLibrary"]},{"cards_removed":["conspire:GhostlyDefend"],"damage_healed":0,"gold_gain":0,"player_choice":"Gave Card","damage_taken":0,"relics_obtained":["The Courier"],"max_hp_gain":0,"max_hp_loss":0,"event_name":"WeMeetAgain","floor":10,"gold_loss":0}],"is_beta":false,"boss_relics":[{"not_picked":["SlaversCollar","Runesmith:UraniumAnvil"],"picked":"Empty Cage"}],"items_purged_floors":[19],"is_endless":false,"potions_floor_spawned":[5,12,16,20,22,24],"killed_by":"3 Cultists","ascension_level":0}}