{"host":"x665ekuy0qorxtwt","time":1613815478,"event":{"mods":["AchievementEnabler","BaseMod","Bestiary","Colored Map","Colored Powertips","Minty Spire (QoL Compilation)"],"gold_per_floor":[114,130,140,199,217,246,246,256,279,279,296,296,312,325,325,420,420,438,455,465,60,60,75,93,93,119,119,119],"floor_reached":27,"language":"ENG","playtime":1988,"items_purged":[],"score":223,"play_id":"5c9e5d68-da48-4dea-9cd6-bc7a3f714c25","local_time":"20210220020438","is_ascension_mode":false,"campfire_choices":[{"data":"DevaForm","floor":7,"key":"SMITH"},{"floor":10,"key":"REST"},{"data":"ForeignInfluence","floor":12,"key":"SMITH"},{"data":"ConjureBlade","floor":15,"key":"SMITH"},{"floor":25,"key":"REST"}],"circlet_count":0,"master_deck":["Strike_P","Strike_P","Strike_P","Defend_P","Defend_P","Defend_P","Eruption","Vigilance","ConjureBlade+1","FlurryOfBlows","FollowUp","Consecrate","ForeignInfluence+1","TalkToTheHand","DevaForm+1","ClearTheMind","FearNoEvil","Evaluate","Alpha","CutThroughFate","Secret Technique","Vengeance"],"relics":["PureWater","Art of War","Lantern","Runic Dome","HornCleat","Pen Nib"],"acts_visited":["Exordium","TheCity"],"potions_floor_usage":[11,13,16,16,24],"damage_taken":[{"damage":0,"enemies":"Small Slimes","floor":1,"turns":3},{"damage":1,"enemies":"Jaw Worm","floor":2,"turns":3},{"damage":3,"enemies":"2 Louse","floor":3,"turns":3},{"damage":7,"enemies":"Exordium Thugs","floor":4,"turns":4},{"damage":0,"enemies":"2 Fungi Beasts","floor":5,"turns":2},{"damage":13,"enemies":"Lagavulin","floor":6,"turns":5},{"damage":11,"enemies":"Lots of Slimes","floor":8,"turns":4},{"damage":2,"enemies":"Red Slaver","floor":11,"turns":1},{"damage":1,"enemies":"2 Fungi Beasts","floor":13,"turns":2},{"damage":13,"enemies":"Lots of Slimes","floor":14,"turns":4},{"damage":11,"enemies":"Slime Boss","floor":16,"turns":8},{"damage":23,"enemies":"3 Byrds","floor":18,"turns":5},{"damage":5,"enemies":"Chosen","floor":19,"turns":4},{"damage":19,"enemies":"Snecko","floor":20,"turns":5},{"damage":15,"enemies":"Cultist and Chosen","floor":23,"turns":6},{"damage":0,"enemies":"3 Cultists","floor":24,"turns":4},{"damage":36,"enemies":"Shelled Parasite and Fungi","floor":27,"turns":1}],"seed_played":"-8758725455058048628","potions_obtained":[{"floor":5,"key":"ColorlessPotion"},{"floor":6,"key":"BlessingOfTheForge"},{"floor":8,"key":"Strength Potion"},{"floor":13,"key":"Strength Potion"},{"floor":14,"key":"Fire Potion"},{"floor":16,"key":"Weak Potion"},{"floor":18,"key":"Dexterity Potion"},{"floor":20,"key":"Ancient Potion"}],"is_trial":false,"path_per_floor":["M","M","M","M","M","E","R","M","T","R","M","R","M","M","R","B",null,"M","M","M","$","?","M","M","R","T","M"],"character_chosen":"WATCHER","items_purchased":["Secret Technique","HornCleat"],"campfire_rested":2,"item_purchase_floors":[21,21],"current_hp_per_floor":[51,50,47,40,40,27,27,16,16,37,35,35,34,21,21,10,72,49,44,25,25,25,10,10,31,31,0,0],"gold":119,"neow_bonus":"TRANSFORM_TWO_CARDS","is_daily":false,"chose_seed":false,"campfire_upgraded":3,"win_rate":0.0,"timestamp":1613815478,"path_taken":["M","M","M","M","M","E","R","M","T","R","M","R","M","M","R","BOSS","M","M","M","$","?","M","M","R","T","M"],"items_purchased_type":["Card","Relic"],"build_version":"2020-12-22","purchased_purges":0,"victory":false,"max_hp_per_floor":[72,72,72,72,72,72,72,72,72,72,72,72,72,72,72,72,72,72,72,72,72,72,72,72,72,72,72,72],"card_choices":[{"not_picked":["EmptyBody","Prostrate"],"picked":"FollowUp","floor":1},{"not_picked":["BowlingBash","Adaptation"],"picked":"Consecrate","floor":2},{"not_picked":["PathToVictory","Swivel"],"picked":"ForeignInfluence","floor":3},{"not_picked":["Halt","EmptyFist","PathToVictory"],"picked":"SKIP","floor":4},{"not_picked":["Worship","FlurryOfBlows"],"picked":"TalkToTheHand","floor":5},{"not_picked":["Brilliance","CrushJoints"],"picked":"DevaForm","floor":6},{"not_picked":["WreathOfFlame","WindmillStrike","JustLucky"],"picked":"SKIP","floor":8},{"not_picked":["PathToVictory","TalkToTheHand"],"picked":"ClearTheMind","floor":11},{"not_picked":["Brilliance","Fasting2"],"picked":"FearNoEvil","floor":13},{"not_picked":["Prostrate","JustLucky"],"picked":"Evaluate","floor":14},{"not_picked":["Wish","Establishment"],"picked":"Alpha","floor":16},{"not_picked":["FlurryOfBlows+1","Halt","PathToVictory+1"],"picked":"SKIP","floor":18},{"not_picked":["EmptyFist","ClearTheMind"],"picked":"CutThroughFate","floor":19},{"not_picked":["ClearTheMind","Protect","FlurryOfBlows+1"],"picked":"SKIP","floor":20},{"not_picked":["EmptyFist","Wish"],"picked":"Vengeance","floor":23},{"not_picked":["SandsOfTime","CrushJoints","Consecrate"],"picked":"SKIP","floor":24}],"player_experience":216628,"relics_obtained":[{"floor":6,"key":"Art of War"},{"floor":9,"key":"Lantern"},{"floor":26,"key":"Pen Nib"}],"event_choices":[],"is_beta":false,"boss_relics":[{"not_picked":["Velvet Choker","Fusion Hammer"],"picked":"Runic Dome"}],"items_purged_floors":[],"is_endless":false,"potions_floor_spawned":[5,6,8,13,14,16,18,20],"killed_by":"Shelled Parasite and Fungi","ascension_level":0}}