{"host":"w1l5t0a1l2lkq6my","time":1613795849,"event":{"mods":["100% Spire Juice","Bartender","BaseMod","KinomotoSakuraMod(ñÿîVñ{?)","Lobotomy","LobotomyExtend","Magitek Elite","MarisaÅiñ∂âJÅ@ñÇóùçπÅj","Minty Spire (QoL Compilation)","StSLib","The Gatherer","The Senshi","Yuyuko"],"gold_per_floor":[114,114,129,147,66,66,66,85,85,85,96,110,84,102,102,102,102],"floor_reached":16,"language":"ENG","playtime":982,"items_purged":[],"score":94,"play_id":"81f5bb24-a16f-4867-a6b9-cfba01a943ba","local_time":"20210219213729","is_ascension_mode":false,"campfire_choices":[],"circlet_count":0,"master_deck":["SpecialBullet","SpecialBullet","SpecialBullet","SpecialBullet","SpecialBullet","SpecialBullet","SpecialBullet","CentralCode","ExtractionCode","ControlCode","LaLuna","Wingbeat+1","Dazed","Dazed","Loneliness+1","Alriune","Penitence+1","Mimicry+1","Spore","GoldRush","Beak","OldLady","Beak","OSAHOGD","FeatherOfHonor","SecurityCode"],"relics":["CogitoBucket","Peace Pipe","LetterFromLob","White_Cape","SkinProphecy"],"acts_visited":["Exordium"],"potions_floor_usage":[12,12,12,16,16],"damage_taken":[{"damage":0,"enemies":"Jaw Worm","floor":1,"turns":2},{"damage":16,"enemies":"Small Slimes","floor":3,"turns":3},{"damage":0,"enemies":"Cultist","floor":4,"turns":3},{"damage":5,"enemies":"Exordium Thugs","floor":8,"turns":6},{"damage":13,"enemies":"Lots of Slimes","floor":11,"turns":4},{"damage":0,"enemies":"Exordium Wildlife","floor":12,"turns":4},{"damage":0,"enemies":"2 Fungi Beasts","floor":14,"turns":3},{"damage":12,"enemies":"Slime Boss","floor":16,"turns":3}],"seed_played":"1976572988526739475","potions_obtained":[{"floor":3,"key":"ColorlessPotion"},{"floor":8,"key":"EntropicBrew"},{"floor":14,"key":"SkillPotion"}],"is_trial":false,"path_per_floor":["M","?","M","M","$","R","M","M","T","$","M","M","?","M","R","B"],"character_chosen":"Angela","items_purchased":["Mimicry"],"campfire_rested":0,"item_purchase_floors":[5],"current_hp_per_floor":[63,50,34,34,34,34,28,23,23,23,10,10,10,6,6,0,0],"gold":102,"neow_bonus":"ONE_RARE_RELIC","is_daily":false,"chose_seed":false,"campfire_upgraded":0,"win_rate":0.0,"timestamp":1613795849,"path_taken":["M","?","M","M","$","R","M","M","T","?","?","M","?","M","R","BOSS"],"items_purchased_type":["Card"],"build_version":"2020-12-22","purchased_purges":0,"victory":false,"max_hp_per_floor":[63,63,63,63,63,63,63,63,63,63,63,63,63,65,65,67,67],"card_choices":[{"not_picked":["UniverseFragment","CrumblingArmor"],"picked":"LaLuna","floor":1},{"not_picked":["TodaysExpression"],"picked":"Wingbeat","floor":1},{"not_picked":["Harmony"],"picked":"Harvest","floor":3},{"not_picked":["CrimsonScar"],"picked":"ScreamingWedge","floor":3},{"not_picked":["CENSORED_ego"],"picked":"Loneliness","floor":4},{"not_picked":["CrumblingArmor","MHz"],"picked":"Alriune","floor":4},{"not_picked":["Harvest"],"picked":"Penitence","floor":4},{"not_picked":["Beak"],"picked":"Spore","floor":8},{"not_picked":["FrostShard","RedEyes"],"picked":"SKIP","floor":8},{"not_picked":["RapturousDream"],"picked":"GoldRush","floor":11},{"not_picked":["FourthMatchFlame","FrostShard"],"picked":"SKIP","floor":11},{"not_picked":["ScreamingWedge"],"picked":"Beak","floor":12},{"not_picked":["Murderer","FairyFestival"],"picked":"OldLady","floor":12},{"not_picked":["TodaysExpression"],"picked":"Beak","floor":12},{"not_picked":["CherryBlossoms","UniverseFragment"],"picked":"OSAHOGD","floor":14},{"not_picked":["Tough"],"picked":"FeatherOfHonor","floor":14}],"player_experience":133537,"relics_obtained":[{"floor":1,"key":"LetterFromLob"},{"floor":9,"key":"White_Cape"}],"event_choices":[{"damage_healed":0,"gold_gain":0,"player_choice":"Entered Light","damage_taken":13,"max_hp_gain":0,"max_hp_loss":0,"event_name":"Shining Light","floor":2,"gold_loss":0,"cards_upgraded":["Wingbeat"]},{"damage_healed":0,"gold_gain":0,"player_choice":"Left Gold","damage_taken":0,"max_hp_gain":0,"max_hp_loss":0,"event_name":"World of Goop","floor":13,"gold_loss":26}],"is_beta":false,"boss_relics":[],"items_purged_floors":[],"is_endless":false,"potions_floor_spawned":[3,8,14],"killed_by":"Slime Boss","ascension_level":0}}