{"host":"1a3cjta80tad0aqj","time":1613830572,"event":{"mods":["2.2 Compatiblity","AchievementEnabler","BaseMod","Colored Map","DeckTracker","KOR Keyword Fix","Keyboard Shortcuts","Minty Spire (QoL Compilation)","Permanent Neow","Quick Restart","Random Character Button","StSLib","SuperFastMode","everything is the same but u backflip on backflip"],"gold_per_floor":[12,23,38,48,24,24,45,79,79,79,79,79,90,125,125,220,220,233,249,17,17,17,17,49,49,130,155,173,153,153,184,184,282,282,296,348,1,15,65,65,65,81,107,107,107,0,19,34,34,34],"floor_reached":51,"language":"KOR","playtime":2738,"items_purged":[],"score":843,"play_id":"947fde4a-5fcf-4248-9905-cf0de71c4a74","local_time":"20210220231612","is_ascension_mode":true,"campfire_choices":[{"data":"Dualcast","floor":6.0,"key":"SMITH"},{"floor":10.0,"key":"REST"},{"data":"Double Energy","floor":12.0,"key":"SMITH"},{"data":"Beam Cell","floor":15.0,"key":"SMITH"},{"data":"Creative AI","floor":23.0,"key":"SMITH"},{"floor":25.0,"key":"REST"},{"floor":30.0,"key":"REST"},{"floor":32.0,"key":"REST"},{"data":"Double Energy","floor":41.0,"key":"SMITH"},{"floor":45.0,"key":"REST"},{"floor":49,"key":"REST"}],"circlet_count":0,"master_deck":["Zap","Dualcast+1","Beam Cell+1","Conserve Battery","Capacitor","Double Energy+1","Coolheaded","Ball Lightning","FTL","Tempest","Biased Cognition","Hologram","Core Surge+1","Reboot","Gash+1","Coolheaded","Electrodynamics","Double Energy+1","Creative AI+1","Redo","Sunder+1","Loop+1","Glacier","Biased Cognition","Skim","Stack","Steam+1","Echo Form","Undo+1","Barrage+1","Blind","Melter+1","Auto Shields","Rebound+1","Madness","Madness","Hologram+1","Leap"],"relics":["Cracked Core","Unceasing Top","Odd Mushroom","Blood Vial","Molten Egg 2","Ice Cream","Pandora\u0027s Box","Happy Flower","Juzu Bracelet","HornCleat","Pear","Mercury Hourglass","Philosopher\u0027s Stone","CaptainsWheel","Vajra","Incense Burner","Pen Nib","Red Mask"],"acts_visited":["Exordium","TheCity","TheBeyond"],"potions_floor_usage":[],"damage_taken":[{"damage":2.0,"enemies":"Jaw Worm","floor":1.0,"turns":3.0},{"damage":1.0,"enemies":"Cultist","floor":2.0,"turns":3.0},{"damage":0.0,"enemies":"Small Slimes","floor":3.0,"turns":3.0},{"damage":12.0,"enemies":"Looter","floor":4.0,"turns":3.0},{"damage":16.0,"enemies":"The Mushroom Lair","floor":7.0,"turns":5.0},{"damage":16.0,"enemies":"Lagavulin","floor":8.0,"turns":5.0},{"damage":3.0,"enemies":"Exordium Wildlife","floor":13.0,"turns":2.0},{"damage":7.0,"enemies":"3 Sentries","floor":14.0,"turns":5.0},{"damage":39.0,"enemies":"The Guardian","floor":16.0,"turns":7.0},{"damage":9.0,"enemies":"Spheric Guardian","floor":18.0,"turns":3.0},{"damage":15.0,"enemies":"2 Thieves","floor":19.0,"turns":2.0},{"damage":23.0,"enemies":"Slavers","floor":24.0,"turns":3.0},{"damage":22.0,"enemies":"Book of Stabbing","floor":27.0,"turns":5.0},{"damage":5.0,"enemies":"Chosen and Byrds","floor":28.0,"turns":4.0},{"damage":20.0,"enemies":"Slavers","floor":31.0,"turns":5.0},{"damage":18.0,"enemies":"Automaton","floor":33.0,"turns":7.0},{"damage":10.0,"enemies":"3 Shapes","floor":35.0,"turns":2.0},{"damage":9.0,"enemies":"2 Orb Walkers","floor":36.0,"turns":5.0},{"damage":2.0,"enemies":"3 Darklings","floor":38.0,"turns":4.0},{"damage":0.0,"enemies":"Mind Bloom Boss Battle","floor":39.0,"turns":4.0},{"damage":2.0,"enemies":"Writhing Mass","floor":42.0,"turns":6.0},{"damage":23,"enemies":"Transient","floor":47,"turns":5},{"damage":0,"enemies":"Jaw Worm Horde","floor":48,"turns":3},{"damage":18,"enemies":"Time Eater","floor":50,"turns":5}],"seed_played":"-839985371336059841","potions_obtained":[{"floor":1.0,"key":"FearPotion"},{"floor":2.0,"key":"Weak Potion"},{"floor":13.0,"key":"SpeedPotion"},{"floor":14.0,"key":"Swift Potion"},{"floor":24.0,"key":"PowerPotion"},{"floor":28.0,"key":"FocusPotion"},{"floor":31.0,"key":"Dexterity Potion"},{"floor":33.0,"key":"FearPotion"},{"floor":38.0,"key":"DuplicationPotion"}],"is_trial":false,"path_per_floor":["M","M","M","M","$","R","?","E","T","R","?","R","M","E","R","B",null,"M","M","$","$","?","R","E","R","T","E","M","?","R","E","R","B",null,"M","?","$","M","?","?","R","M","T","?","R","?","M","M","R","B",null],"character_chosen":"DEFECT","items_purchased":["Coolheaded","Happy Flower","Glacier","Vajra","Blind","Melter+1","Auto Shields"],"campfire_rested":6,"item_purchase_floors":[5,20,20,37,37,37,37],"current_hp_per_floor":[73,72,72,60,60,60,44,28,28,50,50,50,49,44,44,7,75,66,53,53,53,53,53,32,54,54,44,41,41,66,48,73,57,85,75,68,68,68,70,70,70,70,70,59,84,84,62,64,85,67],"gold":34,"neow_bonus":"ONE_RARE_RELIC","is_daily":false,"chose_seed":false,"campfire_upgraded":5,"win_rate":0.0,"timestamp":1613830572,"path_taken":["M","M","M","M","$","R","?","E","T","R","?","R","M","E","R","BOSS","M","M","$","?","?","R","E","R","T","E","M","?","R","E","R","BOSS","M","?","$","M","?","?","R","M","T","?","R","?","M","M","R","BOSS"],"items_purchased_type":["Card","Relic","Card","Relic","Card","Card","Card"],"build_version":"2020-12-22","purchased_purges":0,"victory":true,"max_hp_per_floor":[75,75,75,75,75,75,75,75,75,75,75,75,75,75,75,75,75,75,75,75,75,75,75,75,75,75,85,85,85,85,85,85,85,85,85,85,85,85,85,85,85,85,85,85,85,85,85,85,85,85],"card_choices":[{"not_picked":["Loop","White Noise"],"picked":"Beam Cell","floor":1.0},{"not_picked":["Gash","Steam"],"picked":"Conserve Battery","floor":2.0},{"not_picked":["White Noise","Stack"],"picked":"Capacitor","floor":3.0},{"not_picked":["Tempest","Go for the Eyes"],"picked":"Double Energy","floor":4.0},{"not_picked":["Storm","Conserve Battery"],"picked":"Ball Lightning","floor":7.0},{"not_picked":["Cold Snap","Compile Driver"],"picked":"FTL","floor":8.0},{"not_picked":["Barrage+1","Storm"],"picked":"Biased Cognition","floor":13.0},{"not_picked":["Redo","Steam"],"picked":"Hologram","floor":14.0},{"not_picked":["Multi-Cast","Rainbow"],"picked":"Core Surge+1","floor":16.0},{"not_picked":["Leap","Rip and Tear+1"],"picked":"Sunder+1","floor":18.0},{"not_picked":["Redo","Coolheaded"],"picked":"Loop+1","floor":19.0},{"not_picked":["Multi-Cast","White Noise"],"picked":"Skim","floor":24.0},{"not_picked":["Barrage+1","Sweeping Beam+1"],"picked":"Stack","floor":27.0},{"not_picked":["Ball Lightning+1","Conserve Battery","Steam"],"picked":"SKIP","floor":28.0},{"not_picked":["Stack+1","Rainbow"],"picked":"Steam+1","floor":31.0},{"not_picked":["Fission","Hyperbeam+1"],"picked":"Echo Form","floor":33.0},{"not_picked":["Doom and Gloom+1","Loop"],"picked":"Undo+1","floor":35.0},{"not_picked":["Redo+1","Steam"],"picked":"Barrage+1","floor":36.0},{"not_picked":["Gash+1","Beam Cell+1","Steam Power+1"],"picked":"SKIP","floor":38.0},{"not_picked":["Scrape+1","Streamline+1"],"picked":"Rebound+1","floor":39.0},{"not_picked":["Sweeping Beam+1","Melter+1","Beam Cell+1"],"picked":"SKIP","floor":42.0},{"not_picked":["Darkness","Beam Cell+1"],"picked":"Hologram+1","floor":47},{"not_picked":["Melter+1","Hologram+1"],"picked":"Leap","floor":48}],"player_experience":880863,"relics_obtained":[{"floor":7.0,"key":"Odd Mushroom"},{"floor":8.0,"key":"Blood Vial"},{"floor":9.0,"key":"Molten Egg 2"},{"floor":14.0,"key":"Ice Cream"},{"floor":24.0,"key":"Juzu Bracelet"},{"floor":26.0,"key":"HornCleat"},{"floor":27.0,"key":"Pear"},{"floor":31.0,"key":"Mercury Hourglass"},{"floor":36.0,"key":"CaptainsWheel"},{"floor":39.0,"key":"Incense Burner"},{"floor":43.0,"key":"Pen Nib"}],"event_choices":[{"damage_healed":0.0,"max_hp_gain":0.0,"max_hp_loss":0.0,"gold_gain":0.0,"event_name":"Mushrooms","player_choice":"Fought Mushrooms","floor":7.0,"gold_loss":0.0,"damage_taken":0.0},{"damage_healed":0.0,"max_hp_gain":0.0,"max_hp_loss":0.0,"gold_gain":0.0,"cards_transformed":["Strike_B"],"event_name":"Transmorgrifier","player_choice":"Transformed","floor":11.0,"gold_loss":0.0,"damage_taken":0.0,"cards_obtained":["Tempest"]},{"damage_healed":0.0,"max_hp_gain":0.0,"max_hp_loss":0.0,"gold_gain":0.0,"event_name":"Duplicator","player_choice":"Copied","floor":22.0,"gold_loss":0.0,"damage_taken":0.0,"cards_obtained":["Biased Cognition"]},{"damage_healed":0.0,"max_hp_gain":0.0,"max_hp_loss":0.0,"gold_gain":0.0,"event_name":"The Woman in Blue","player_choice":"Bought 1 Potion","floor":29.0,"gold_loss":0.0,"damage_taken":0.0},{"damage_healed":0.0,"max_hp_gain":0.0,"max_hp_loss":0.0,"gold_gain":0.0,"event_name":"Mysterious Sphere","player_choice":"Fight","floor":36.0,"gold_loss":0.0,"damage_taken":0.0},{"damage_healed":0.0,"max_hp_gain":0.0,"max_hp_loss":0.0,"gold_gain":0.0,"event_name":"MindBloom","player_choice":"Fight","floor":39.0,"gold_loss":0.0,"damage_taken":0.0},{"damage_healed":0.0,"max_hp_gain":0.0,"max_hp_loss":0.0,"gold_gain":0.0,"event_name":"SensoryStone","player_choice":"Memory 1","floor":40.0,"gold_loss":0.0,"damage_taken":0.0},{"damage_healed":0.0,"max_hp_gain":0.0,"max_hp_loss":0.0,"gold_gain":0.0,"event_name":"Winding Halls","player_choice":"Embrace Madness","floor":44.0,"gold_loss":0.0,"damage_taken":11.0,"cards_obtained":["Madness","Madness"]},{"damage_healed":0.0,"max_hp_gain":0.0,"max_hp_loss":0.0,"gold_gain":0.0,"event_name":"Tomb of Lord Red Mask","player_choice":"Paid","floor":46.0,"gold_loss":107.0,"damage_taken":0.0,"relics_obtained":["Red Mask"]}],"is_beta":false,"boss_relics":[{"not_picked":["FrozenCore","Sozu"],"picked":"Pandora\u0027s Box"},{"not_picked":["Black Star","Busted Crown"],"picked":"Philosopher\u0027s Stone"}],"items_purged_floors":[],"is_endless":false,"potions_floor_spawned":[1,2,13,14,24,28,31,33,38,42,48],"ascension_level":4}}