{"host":"8p5c6x4qt9411139","time":1613796206,"event":{"mods":["Aspiration","BaseMod","Better Third Choice","BetterRewards","Conspire","Friendly Minions","Hubris","Infinite Spire","Minty Spire (QoL Compilation)","Quick Restart","Relic Stats","Reliquary","Replay The Spire","Shop Mod","Spicy Shops","Spire Arcade","StSLib","The Jungle"],"gold_per_floor":[110,120,144,156,156,156,182,182,205,230,250,260,285,285,285,384,384,397,397,207,207,225,258,258,293,319,356,410,410,255,298,298,444,544,582,622,622,622,549,549,589,654,654,654,692,503,529,529,529,579],"floor_reached":51,"language":"ENG","playtime":2794,"items_purged":["Strike_G","Defend_G","Injury","Strike_G+1","Defend_G"],"score":911,"play_id":"725f18a2-784e-4dda-b8fe-438fc70adf59","local_time":"20210219204326","is_ascension_mode":true,"campfire_choices":[{"data":"Predator","floor":6.0,"key":"SMITH"},{"data":"Strike_G","floor":8.0,"key":"PURGE"},{"data":"Strike_G","floor":15.0,"key":"PURGE"},{"data":"Defend_G","floor":24.0,"key":"PURGE"},{"floor":29.0,"key":"REST"},{"data":"Defend_G","floor":32.0,"key":"PURGE"},{"data":"Defend_G","floor":40,"key":"PURGE"},{"floor":49,"key":"REST"}],"circlet_count":0,"master_deck":["Strike_G+1","Survivor+1","Neutralize","Riddle With Holes+1","conspire:Banana+1","Predator+1","Wraith Form v2","Madness","Recycle+1","Offering+1"],"relics":["Ring of the Snake","aspiration:SeaSaltIceCream","Membership Card","reliquary:FingerTrap","reliquary:OuijaBoard","Potion Belt","Peace Pipe","Happy Flower","reliquary:RadioactivePellet","conspire:Dentures","aspiration:DefectSkillbook","aspiration:Nostalgia","Iron Core","Anchor","reliquary:PurpleTingedLeaf","Tiny Chest","reliquary:Stiletto","Replay:Bandana","infinitespire:Satchel","Juzu Bracelet","Replay:Wanted Poster","Magic Flower","conspire:BottledYoYo","aspiration:FetidBarrel","Happy Flower","Magic Flower","War Paint"],"acts_visited":["Exordium","TheCity","TheBeyond"],"potions_floor_usage":[50,50],"damage_taken":[{"damage":0.0,"enemies":"Cultist","floor":1.0,"turns":1.0},{"damage":2.0,"enemies":"Small Slimes","floor":2.0,"turns":3.0},{"damage":0.0,"enemies":"2 Louse","floor":4.0,"turns":2.0},{"damage":0.0,"enemies":"Lagavulin","floor":7.0,"turns":2.0},{"damage":0.0,"enemies":"Gremlin Nob","floor":10.0,"turns":2.0},{"damage":2.0,"enemies":"Blue Slaver","floor":11.0,"turns":3.0},{"damage":0.0,"enemies":"Exordium Thugs","floor":12.0,"turns":2.0},{"damage":5.0,"enemies":"Lagavulin","floor":13.0,"turns":4.0},{"damage":21.0,"enemies":"Hexaghost","floor":16.0,"turns":6.0},{"damage":9.0,"enemies":"3 Byrds","floor":18.0,"turns":5.0},{"damage":3.0,"enemies":"Shell Parasite","floor":22.0,"turns":3.0},{"damage":25.0,"enemies":"Book of Stabbing","floor":23.0,"turns":4.0},{"damage":7.0,"enemies":"Gremlin Leader","floor":25.0,"turns":4.0},{"damage":8.0,"enemies":"3 Cultists","floor":27.0,"turns":4.0},{"damage":11.0,"enemies":"Slavers","floor":28.0,"turns":4.0},{"damage":10.0,"enemies":"Centurion and Healer","floor":31.0,"turns":3.0},{"damage":29.0,"enemies":"Champ","floor":33.0,"turns":6.0},{"damage":0.0,"enemies":"Orb Walker","floor":35.0,"turns":2.0},{"damage":23.0,"enemies":"3 Darklings","floor":36.0,"turns":4.0},{"damage":15,"enemies":"Writhing Mass","floor":41,"turns":4},{"damage":9,"enemies":"Nemesis","floor":42,"turns":5},{"damage":0,"enemies":"Sphere and 2 Shapes","floor":45,"turns":2},{"damage":44,"enemies":"Replay:Hell Engine","floor":50,"turns":6}],"seed_played":"8526154377658474874","potions_obtained":[{"floor":1.0,"key":"DuplicationPotion"},{"floor":2.0,"key":"Weak Potion"},{"floor":4.0,"key":"GamblersBrew"},{"floor":11.0,"key":"Milkshake"},{"floor":13.0,"key":"Energy Potion"},{"floor":25.0,"key":"CunningPotion"},{"floor":27.0,"key":"Ancient Potion"},{"floor":33.0,"key":"FearPotion"},{"floor":35.0,"key":"GhostInAJar"},{"floor":42,"key":"Regen Potion"}],"is_trial":false,"path_per_floor":["M","M","T","M","?","R","E","R","T","E","M","M","E","?","R","B",null,"M","?","$","AVR","M","E","R","E","T","M","E","R","$","M","R","B",null,"M","M","?","AVR","$","R","M","E","T","?","M","$","T","$","R","B",null],"character_chosen":"THE_SILENT","items_purchased":["aspiration:SeaSaltIceCream","Riddle With Holes+1","reliquary:FingerTrap","conspire:Banana","aspiration:Nostalgia","Anchor","Juzu Bracelet","Madness","Recycle+1","Magic Flower","reliquary:SculptingSteel","Magic Flower"],"campfire_rested":2,"item_purchase_floors":[0,0,0,0,20,20,30,30,30,39,46,46],"current_hp_per_floor":[39,38,38,39,39,39,41,41,41,43,43,45,42,25,25,6,85,78,61,61,61,61,39,39,36,36,31,24,54,54,47,47,24,106,108,89,89,89,89,89,81,81,81,81,88,88,88,88,116,83],"gold":579,"neow_bonus":"","is_daily":false,"chose_seed":false,"campfire_upgraded":1,"win_rate":0.0,"timestamp":1613796206,"path_taken":["M","M","?","M","?","R","E","R","T","E","M","M","E","?","R","BOSS","M","?","?","AVR","M","E","R","E","T","M","E","R","$","M","R","BOSS","M","M","?","AVR","?","R","M","E","T","?","M","$","?","$","R","BOSS"],"items_purchased_type":["Relic","Card","Relic","Card","Relic","Relic","Relic","Card","Card","Relic","Relic","Relic"],"build_version":"2020-12-22","purchased_purges":5,"victory":true,"max_hp_per_floor":[71,72,72,73,73,73,75,75,75,77,79,81,83,83,83,85,85,87,92,92,92,94,96,96,98,98,100,102,102,102,104,104,106,106,108,110,110,110,110,110,112,114,114,114,116,116,116,116,116,118],"relic_stats":{"Peace Pipe":6,"Happy Flower":[26],"counters":[180,427],"Magic Flower":[13],"Tiny Chest":1,"Juzu Bracelet":1,"War Paint":["Offering","Survivor"],"obtain_stats":[{"Replay:Accelerometer":141,"aspiration:PoetsPen_weak":39,"hubris:MysteriousPyramids":99,"Sling":0,"Blood Vial":13,"Replay:Wanted Poster":34,"hubris:HerbalPaste":99,"infinitespire:ShieldingShard":131,"Replay:Bottled Flurry":145,"HandDrill":20,"reliquary:FingerTrap":95,"aspiration:DSix":99,"MerchantsRug":20,"hubris:MobiusCoin":146,"Blue Candle":130,"Eternal Feather":49,"Tingsha":99,"Pen Nib":99,"infinitespire:Magic Flask":37,"Akabeko":98,"infinitespire:EvilPickle":35,"Snecko Scales":18,"infinitespire:Broken Mirror":98,"infinitespire:Lychee Nut":98,"Bird Faced Urn":0,"conspire:BottledYoYo":42,"StrikeDummy":82,"Unceasing Top":131,"hubris:Reverence":83,"Torii":35,"Singing Bowl":98,"hubris:EmptyBottle":156,"Ancient Tea Set":98,"Smiling Mask":26,"Pet Ghost":99,"hubris:BlackHole":69,"reliquary:TridentHead":0,"hubris:Backtick":76,"infinitespire:Bottled Soul":149,"aspiration:AnachronicSnailShell":64,"Toolbox":47,"hubris:CuriousFeather":157,"infinitespire:Eraser":131,"Replay:Bottled Eggs":131,"aspiration:FutureDiary":17,"InkBottle":151,"Ring of the Snake":0,"Potion Belt":94,"Lee\u0027s Waffle":100,"PreservedInsect":44,"infinitespire:Lucky Rock":3,"hubris:Towel":4,"hubris:Spice":98,"Garlic":9,"Art of War":12,"hubris:BottledRain":83,"infinitespire:Midas Blood":28,"Calipers":124,"Gremlin Horn":91,"HoveringKite":120,"hubris:VirtuousBlindfold":137,"hubris:TerracottaHorce":26,"Centennial Puzzle":129,"Prayer Wheel":99,"Iron Hammer":32,"hubris:Teleporter":0,"hubris:DuctTape":31,"Ring of Chaos":0,"aspiration:HiddenCompartment":131,"WarpedTongs":3,"hubris:Zylophone":99,"Du-Vu Doll":0,"conspire:GiftBox":0,"Onion Ring":35,"hubris:PeanutButter":131,"infinitespire:EmpoweringShard":70,"reliquary:Knoch":11,"aspiration:HatOfInfinitePower":74,"Mirror":108,"Iron Core":20,"aspiration:TomeofQuesting":38,"Snake Skull":99,"Juzu Bracelet":21,"Replay:Mystery Machine":71,"conspire:TopHat":79,"aspiration:StickyExplosives_weak":145,"Dream Catcher":98,"Nunchaku":99,"Tough Bandages":76,"hubris:Icosahedron":123,"Chameleon Ring":133,"aspiration:DefectSkillbook":17,"hubris:Stopwatch":86,"Guide Book":145,"infinitespire:FocusingShard":20,"Replay:WaspNest":99,"reliquary:Pushpin":36,"Mercury Hourglass":99,"Calling Bell":35,"infinitespire:Satchel":19,"hubris:BundleOfHerbs":46,"Bag of Marbles":15,"Membership Card":48,"FossilizedHelix":97,"hubris:OldNail":114,"reliquary:PurpleTingedLeaf":70,"ReplayTheSpireMod:ShopPack":11,"Golden Egg":98,"infinitespire:BottledMercury":80,"Whetstone":48,"Boot":98,"aspiration:RitualStick":22,"Replay:Ringing Soul":97,"MealTicket":98,"hubris:DeckOfHolding":131,"Kunai":66,"Replay:Wax Seal":36,"hubris:TinFlute":138,"conspire:TreasureMap":0,"Pear":99,"hubris:SphereOfDissonance":131,"Runic Dome":34,"reliquary:SculptingSteel":46,"hubris:TenFootPole":65,"Abe\u0027s Treasure":18,"infinitespire:PuzzleCube":98,"infinitespire:Cupcake":35,"aspiration:Lifesprig":7,"Lantern":98,"Magic Flower":39,"Painkiller Herb":52,"Blue Doll":131,"StoneCalendar":0,"Bag of Preparation":96,"Replay:Rubber Ducky":131,"Matryoshka":150,"Shovel":157,"Replay:M_SmolderingBlood":20,"reliquary:Buckler":0,"hubris:FunFungus":0,"hubris:GlazedTorus":0,"aspiration:VileToxins":43,"The Specimen":76,"Basket Of Snakes":0,"The Courier":80,"infinitespire:Joker Card":0,"Omamori":99,"Frozen Egg 2":99,"MawBank":78,"reliquary:Sod":46,"Turnip":93,"ReplayTheSpireMod:Lightbulb":99,"Toy Ornithopter":98,"reliquary:OuijaBoard":0,"hubris:CrystalStatue":56,"CeramicFish":55,"Vajra":79,"Lizard Tail":0,"HornCleat":145,"Strawberry":27,"aspiration:ArtOfWarUpgrade":116,"Toxic Egg 2":98,"reliquary:Vitrine":0,"Byrd Skull":0,"conspire:Dentures":13,"Happy Flower":35,"aspiration:Nostalgia":104,"Dead Branch":98,"infinitespire:Beetle Shell":53,"conspire:SlowCooker":92,"conspire:Boomerang":0,"Replay:Kaleidoscope":89,"aspiration:SeaSaltIceCream":104,"Letter Opener":140,"War Paint":57,"Question Card":98,"Replay:Baseball":5,"Bottled Flame":131,"reliquary:PorcupineQuills":41,"Shuriken":0,"Bronze Scales":111,"Molten Egg 2":77,"hubris:ToyBattleship":6,"ReplayTheSpireMod:TigerMarble":10,"Black Star":154,"Grinning Jar":98,"Meat on the Bone":98,"ReplayFunnel":98,"Darkstone Periapt":131,"Replay:PocketPolymizer":105,"SacredBark":103,"Mango":95,"hubris:SlimyHat":72,"Incense Burner":0,"ClockworkSouvenir":55,"Replay:Bandana":128,"Mummified Hand":134,"Pantograph":121,"Gambling Chip":131,"Tiny Chest":98,"reliquary:RadioactivePellet":44,"Cracked Core":104,"Gremlin Food":0,"hubris:DisguiseKit":61,"BargainBundle":26,"ReplayTheSpireMod:Ninjato":148,"Replay:Towering Pillar of Hats":115,"aspiration:FetidBarrel":60,"Quantum Egg":0,"aspiration:HummingbirdHeart":63,"Orichalcum":1,"Peace Pipe":7,"Anchor":48,"CaptainsWheel":131,"infinitespire:WardingShard":131,"reliquary:Craggleroot":88,"ChewingGum":34,"reliquary:Stiletto":48,"hubris:GrandSneckoEye":52,"TungstenRod":117},{"Replay:Accelerometer":63,"aspiration:PoetsPen_weak":109,"hubris:MysteriousPyramids":46,"Sling":69,"Blood Vial":7,"Replay:Wanted Poster":174,"hubris:HerbalPaste":46,"infinitespire:ShieldingShard":57,"Replay:Bottled Flurry":63,"HandDrill":77,"reliquary:FingerTrap":134,"aspiration:DSix":46,"MerchantsRug":10,"hubris:MobiusCoin":63,"Blue Candle":57,"Eternal Feather":19,"Tingsha":46,"Pen Nib":46,"infinitespire:Magic Flask":16,"Akabeko":46,"infinitespire:EvilPickle":14,"Snecko Scales":97,"infinitespire:Broken Mirror":46,"infinitespire:Lychee Nut":46,"Bird Faced Urn":87,"conspire:BottledYoYo":178,"StrikeDummy":35,"Unceasing Top":57,"hubris:Reverence":129,"Torii":14,"Singing Bowl":46,"hubris:EmptyBottle":67,"Ancient Tea Set":46,"Smiling Mask":79,"Pet Ghost":46,"hubris:BlackHole":27,"reliquary:TridentHead":136,"hubris:Backtick":31,"infinitespire:Bottled Soul":65,"aspiration:AnachronicSnailShell":25,"Toolbox":86,"hubris:CuriousFeather":68,"infinitespire:Eraser":57,"Replay:Bottled Eggs":57,"aspiration:FutureDiary":76,"InkBottle":66,"Ring of the Snake":0,"Potion Belt":44,"Lee\u0027s Waffle":135,"PreservedInsect":17,"infinitespire:Lucky Rock":2,"hubris:Towel":2,"hubris:Spice":46,"Garlic":5,"Art of War":6,"hubris:BottledRain":36,"infinitespire:Midas Blood":102,"Calipers":55,"Gremlin Horn":42,"HoveringKite":54,"hubris:VirtuousBlindfold":60,"hubris:TerracottaHorce":11,"Centennial Puzzle":56,"Prayer Wheel":46,"Iron Hammer":13,"hubris:Teleporter":69,"hubris:DuctTape":12,"Ring of Chaos":0,"aspiration:HiddenCompartment":57,"WarpedTongs":89,"hubris:Zylophone":46,"Du-Vu Doll":69,"conspire:GiftBox":69,"Onion Ring":14,"hubris:PeanutButter":57,"infinitespire:EmpoweringShard":28,"reliquary:Knoch":94,"aspiration:HatOfInfinitePower":31,"Mirror":48,"Iron Core":167,"aspiration:TomeofQuesting":16,"Snake Skull":46,"Juzu Bracelet":11,"Replay:Mystery Machine":29,"conspire:TopHat":127,"aspiration:StickyExplosives_weak":63,"Dream Catcher":46,"Nunchaku":46,"Tough Bandages":126,"hubris:Icosahedron":55,"Chameleon Ring":58,"aspiration:DefectSkillbook":166,"hubris:Stopwatch":37,"Guide Book":63,"infinitespire:FocusingShard":10,"Replay:WaspNest":46,"reliquary:Pushpin":151,"Mercury Hourglass":46,"Calling Bell":14,"infinitespire:Satchel":10,"hubris:BundleOfHerbs":18,"Bag of Marbles":8,"Membership Card":18,"FossilizedHelix":46,"hubris:OldNail":51,"reliquary:PurpleTingedLeaf":123,"ReplayTheSpireMod:ShopPack":5,"Golden Egg":46,"infinitespire:BottledMercury":127,"Whetstone":18,"Boot":46,"aspiration:RitualStick":11,"Replay:Ringing Soul":134,"MealTicket":46,"hubris:DeckOfHolding":57,"Kunai":26,"Replay:Wax Seal":15,"hubris:TinFlute":61,"conspire:TreasureMap":136,"Pear":46,"hubris:SphereOfDissonance":57,"Runic Dome":82,"reliquary:SculptingSteel":179,"hubris:TenFootPole":25,"Abe\u0027s Treasure":9,"infinitespire:PuzzleCube":46,"infinitespire:Cupcake":107,"aspiration:Lifesprig":5,"Lantern":46,"Magic Flower":176,"Painkiller Herb":20,"Blue Doll":57,"StoneCalendar":69,"Bag of Preparation":45,"Replay:Rubber Ducky":57,"Matryoshka":65,"Shovel":68,"Replay:M_SmolderingBlood":98,"reliquary:Buckler":87,"hubris:FunFungus":69,"hubris:GlazedTorus":69,"aspiration:VileToxins":17,"The Specimen":31,"Basket Of Snakes":69,"The Courier":34,"infinitespire:Joker Card":136,"Omamori":46,"Frozen Egg 2":46,"MawBank":32,"reliquary:Sod":112,"Turnip":43,"ReplayTheSpireMod:Lightbulb":46,"Toy Ornithopter":46,"reliquary:OuijaBoard":157,"hubris:CrystalStatue":22,"CeramicFish":21,"Vajra":33,"Lizard Tail":0,"HornCleat":63,"Strawberry":11,"aspiration:ArtOfWarUpgrade":52,"Toxic Egg 2":46,"reliquary:Vitrine":136,"Byrd Skull":69,"conspire:Dentures":165,"Happy Flower":14,"aspiration:Nostalgia":48,"Dead Branch":46,"infinitespire:Beetle Shell":21,"conspire:SlowCooker":133,"conspire:Boomerang":69,"Replay:Kaleidoscope":40,"aspiration:SeaSaltIceCream":48,"Letter Opener":62,"War Paint":23,"Question Card":46,"Replay:Baseball":3,"Bottled Flame":57,"reliquary:PorcupineQuills":110,"Shuriken":87,"Bronze Scales":49,"Molten Egg 2":32,"hubris:ToyBattleship":4,"ReplayTheSpireMod:TigerMarble":5,"Black Star":67,"Grinning Jar":46,"Meat on the Bone":46,"ReplayFunnel":46,"Darkstone Periapt":57,"Replay:PocketPolymizer":48,"SacredBark":47,"Mango":44,"hubris:SlimyHat":30,"Incense Burner":136,"ClockworkSouvenir":117,"Replay:Bandana":56,"Mummified Hand":59,"Pantograph":55,"Gambling Chip":57,"Tiny Chest":46,"reliquary:RadioactivePellet":111,"Cracked Core":48,"Gremlin Food":136,"hubris:DisguiseKit":24,"BargainBundle":11,"ReplayTheSpireMod:Ninjato":64,"Replay:Towering Pillar of Hats":52,"aspiration:FetidBarrel":24,"Quantum Egg":136,"aspiration:HummingbirdHeart":25,"Orichalcum":1,"Peace Pipe":161,"Anchor":18,"CaptainsWheel":57,"infinitespire:WardingShard":57,"reliquary:Craggleroot":132,"ChewingGum":150,"reliquary:Stiletto":114,"hubris:GrandSneckoEye":116,"TungstenRod":53},{"Replay:Accelerometer":125,"aspiration:PoetsPen_weak":236,"hubris:MysteriousPyramids":100,"Sling":134,"Blood Vial":23,"Replay:Wanted Poster":404,"hubris:HerbalPaste":100,"infinitespire:ShieldingShard":118,"Replay:Bottled Flurry":125,"HandDrill":154,"reliquary:FingerTrap":276,"aspiration:DSix":100,"MerchantsRug":38,"hubris:MobiusCoin":125,"Blue Candle":118,"Eternal Feather":58,"Tingsha":100,"Pen Nib":100,"infinitespire:Magic Flask":50,"Akabeko":100,"infinitespire:EvilPickle":47,"Snecko Scales":205,"infinitespire:Broken Mirror":100,"infinitespire:Lychee Nut":100,"Bird Faced Urn":181,"conspire:BottledYoYo":419,"StrikeDummy":79,"Unceasing Top":118,"hubris:Reverence":268,"Torii":47,"Singing Bowl":100,"hubris:EmptyBottle":129,"Ancient Tea Set":100,"Smiling Mask":158,"Pet Ghost":100,"hubris:BlackHole":68,"reliquary:TridentHead":279,"hubris:Backtick":74,"infinitespire:Bottled Soul":127,"aspiration:AnachronicSnailShell":66,"Toolbox":176,"hubris:CuriousFeather":130,"infinitespire:Eraser":118,"Replay:Bottled Eggs":118,"aspiration:FutureDiary":151,"InkBottle":128,"Ring of the Snake":0,"Potion Belt":96,"Lee\u0027s Waffle":277,"PreservedInsect":53,"infinitespire:Lucky Rock":6,"hubris:Towel":6,"hubris:Spice":100,"Garlic":18,"Art of War":21,"hubris:BottledRain":80,"infinitespire:Midas Blood":217,"Calipers":116,"Gremlin Horn":91,"HoveringKite":113,"hubris:VirtuousBlindfold":122,"hubris:TerracottaHorce":41,"Centennial Puzzle":117,"Prayer Wheel":100,"Iron Hammer":43,"hubris:Teleporter":134,"hubris:DuctTape":42,"Ring of Chaos":0,"aspiration:HiddenCompartment":118,"WarpedTongs":185,"hubris:Zylophone":100,"Du-Vu Doll":134,"conspire:GiftBox":134,"Onion Ring":47,"hubris:PeanutButter":118,"infinitespire:EmpoweringShard":70,"reliquary:Knoch":194,"aspiration:HatOfInfinitePower":74,"Mirror":104,"Iron Core":376,"aspiration:TomeofQuesting":50,"Snake Skull":100,"Juzu Bracelet":41,"Replay:Mystery Machine":71,"conspire:TopHat":264,"aspiration:StickyExplosives_weak":125,"Dream Catcher":100,"Nunchaku":100,"Tough Bandages":263,"hubris:Icosahedron":116,"Chameleon Ring":120,"aspiration:DefectSkillbook":371,"hubris:Stopwatch":81,"Guide Book":125,"infinitespire:FocusingShard":38,"Replay:WaspNest":100,"reliquary:Pushpin":330,"Mercury Hourglass":100,"Calling Bell":47,"infinitespire:Satchel":38,"hubris:BundleOfHerbs":55,"Bag of Marbles":25,"Membership Card":55,"FossilizedHelix":100,"hubris:OldNail":110,"reliquary:PurpleTingedLeaf":260,"ReplayTheSpireMod:ShopPack":18,"Golden Egg":100,"infinitespire:BottledMercury":264,"Whetstone":55,"Boot":100,"aspiration:RitualStick":41,"Replay:Ringing Soul":276,"MealTicket":100,"hubris:DeckOfHolding":118,"Kunai":67,"Replay:Wax Seal":48,"hubris:TinFlute":123,"conspire:TreasureMap":279,"Pear":100,"hubris:SphereOfDissonance":118,"Runic Dome":165,"reliquary:SculptingSteel":421,"hubris:TenFootPole":66,"Abe\u0027s Treasure":36,"infinitespire:PuzzleCube":100,"infinitespire:Cupcake":231,"aspiration:Lifesprig":18,"Lantern":100,"Magic Flower":410,"Painkiller Herb":60,"Blue Doll":118,"StoneCalendar":134,"Bag of Preparation":98,"Replay:Rubber Ducky":118,"Matryoshka":127,"Shovel":130,"Replay:M_SmolderingBlood":207,"reliquary:Buckler":181,"hubris:FunFungus":134,"hubris:GlazedTorus":134,"aspiration:VileToxins":53,"The Specimen":74,"Basket Of Snakes":134,"The Courier":78,"infinitespire:Joker Card":279,"Omamori":100,"Frozen Egg 2":100,"MawBank":75,"reliquary:Sod":240,"Turnip":94,"ReplayTheSpireMod:Lightbulb":100,"Toy Ornithopter":100,"reliquary:OuijaBoard":346,"hubris:CrystalStatue":62,"CeramicFish":61,"Vajra":77,"Lizard Tail":0,"HornCleat":125,"Strawberry":41,"aspiration:ArtOfWarUpgrade":111,"Toxic Egg 2":100,"reliquary:Vitrine":279,"Byrd Skull":134,"conspire:Dentures":365,"Happy Flower":47,"aspiration:Nostalgia":104,"Dead Branch":100,"infinitespire:Beetle Shell":61,"conspire:SlowCooker":274,"conspire:Boomerang":134,"Replay:Kaleidoscope":86,"aspiration:SeaSaltIceCream":104,"Letter Opener":124,"War Paint":63,"Question Card":100,"Replay:Baseball":8,"Bottled Flame":118,"reliquary:PorcupineQuills":237,"Shuriken":181,"Bronze Scales":107,"Molten Egg 2":75,"hubris:ToyBattleship":14,"ReplayTheSpireMod:TigerMarble":18,"Black Star":129,"Grinning Jar":100,"Meat on the Bone":100,"ReplayFunnel":100,"Darkstone Periapt":118,"Replay:PocketPolymizer":104,"SacredBark":102,"Mango":96,"hubris:SlimyHat":72,"Incense Burner":279,"ClockworkSouvenir":250,"Replay:Bandana":117,"Mummified Hand":121,"Pantograph":116,"Gambling Chip":118,"Tiny Chest":100,"reliquary:RadioactivePellet":238,"Cracked Core":104,"Gremlin Food":279,"hubris:DisguiseKit":65,"BargainBundle":41,"ReplayTheSpireMod:Ninjato":126,"Replay:Towering Pillar of Hats":111,"aspiration:FetidBarrel":65,"Quantum Egg":279,"aspiration:HummingbirdHeart":66,"Orichalcum":3,"Peace Pipe":354,"Anchor":55,"CaptainsWheel":118,"infinitespire:WardingShard":118,"reliquary:Craggleroot":273,"ChewingGum":327,"reliquary:Stiletto":244,"hubris:GrandSneckoEye":249,"TungstenRod":112}],"Ring of the Snake":[365]},"card_choices":[{"not_picked":["Predator","Infinite Blades","Quick Slash"],"picked":"SKIP","floor":1.0},{"not_picked":["Infinite Blades","Quick Slash"],"picked":"Predator","floor":1.0},{"not_picked":["Outmaneuver","Blade Dance","Dodge and Roll"],"picked":"SKIP","floor":2.0},{"not_picked":["Setup","Underhanded Strike","Finisher"],"picked":"SKIP","floor":4.0},{"not_picked":["Replay:Bag of Tricks","Quick Slash"],"picked":"Wraith Form v2","floor":7.0},{"not_picked":["Bouncing Flask","Prepared","Backstab"],"picked":"SKIP","floor":10.0},{"not_picked":["Toxin Wave","Prepared","hubris:SlightOfHand"],"picked":"SKIP","floor":11.0},{"not_picked":["Prepared","All Out Attack","Slice"],"picked":"SKIP","floor":12.0},{"not_picked":["hubris:Counter","Well Laid Plans","Deflect"],"picked":"SKIP","floor":13.0},{"not_picked":["Panic Button","Go for the Eyes","Cloak And Dagger","Chaos"],"picked":"SKIP","floor":18.0},{"not_picked":["Poisoned Stab+1","Static Discharge+1","Hologram+1","Panic Button"],"picked":"SKIP","floor":22.0},{"not_picked":["Poisoned Stab+1","Static Discharge+1","Hologram+1","Panic Button"],"picked":"SKIP","floor":22.0},{"not_picked":["Toxin Wave","Eviscerate+1","conspire:Rain","Stack"],"picked":"SKIP","floor":23.0},{"not_picked":["Leap+1","Scrape","Reprogram","Steam Power"],"picked":"SKIP","floor":25.0},{"not_picked":["ReplayGash","Noxious Fumes","Cold Snap","Chaos"],"picked":"SKIP","floor":27.0},{"not_picked":["Reflex","Clash","Calculated Gamble+1","Juggernaut"],"picked":"SKIP","floor":28.0},{"not_picked":["Clash","Setup","ReplayTheSpireMod:Reroute Power","Redo"],"picked":"SKIP","floor":31.0},{"not_picked":["hubris:PowerSurge","Flying Knee+1","Barrage+1","All Out Attack"],"picked":"SKIP","floor":35.0},{"not_picked":["Heatsinks","Hidden Blade+1","ReplayTheSpireMod:GoodbyeWorld","Replay:Bag of Tricks"],"picked":"SKIP","floor":36.0},{"not_picked":["Masterful Stab","Compile Driver","Go for the Eyes+1","Infinite Blades"],"picked":"SKIP","floor":41},{"not_picked":["Rebound+1","ReplayGash+1","Undo","Choke+1"],"picked":"SKIP","floor":42},{"not_picked":["Offering","Anger+1","Barrage+1","Clash+1"],"picked":"SKIP","floor":45},{"not_picked":["Anger+1","Barrage+1","Clash+1"],"picked":"Offering","floor":45}],"player_experience":452750,"relics_obtained":[{"floor":3.0,"key":"Potion Belt"},{"floor":7.0,"key":"Peace Pipe"},{"floor":9.0,"key":"Happy Flower"},{"floor":10.0,"key":"reliquary:RadioactivePellet"},{"floor":13.0,"key":"conspire:Dentures"},{"floor":23.0,"key":"Tiny Chest"},{"floor":25.0,"key":"reliquary:Stiletto"},{"floor":26.0,"key":"Replay:Bandana"},{"floor":28.0,"key":"infinitespire:Satchel"},{"floor":42,"key":"conspire:BottledYoYo"},{"floor":43,"key":"aspiration:FetidBarrel"},{"floor":47,"key":"War Paint"}],"event_choices":[{"damage_healed":42.0,"max_hp_gain":0.0,"max_hp_loss":83.0,"gold_gain":0.0,"event_name":"betterThird:BetterShining","player_choice":"Upgrade","floor":14.0,"gold_loss":0.0,"damage_taken":17.0,"cards_upgraded":["Strike_G","Strike_G"]},{"damage_healed":0.0,"max_hp_gain":5.0,"max_hp_loss":0.0,"gold_gain":0.0,"event_name":"Forgotten Altar","player_choice":"Shed Blood","floor":19.0,"gold_loss":0.0,"damage_taken":22.0},{"damage_healed":0.0,"max_hp_gain":0.0,"max_hp_loss":0.0,"gold_gain":0.0,"event_name":"Match and Keep!","player_choice":"1 cards matched","floor":37.0,"gold_loss":0.0,"damage_taken":0.0,"cards_obtained":["Deflect"]},{"cards_removed":["Deflect"],"damage_healed":0,"gold_gain":0,"player_choice":"Purged","damage_taken":0,"max_hp_gain":0,"max_hp_loss":0,"event_name":"Purifier","floor":44,"gold_loss":0}],"is_beta":false,"boss_relics":[{"not_picked":["reliquary:KinkedSpring","aspiration:RitualDagger"],"picked":"aspiration:DefectSkillbook"},{"not_picked":["Replay:Grab Bag","Runic Pyramid"],"picked":"Replay:Wanted Poster"}],"items_purged_floors":[20,21,30,38,46],"is_endless":false,"potions_floor_spawned":[1,2,4,11,13,25,27,33,35,42,45],"ascension_level":2}}