{"host":"b9lq0i80u6nlqk7l","time":1613841264,"event":{"mods":["ATMod(阿瑾Mod)","Act Like it!","Arknights","BaseMod","Downfall","Energized Spire","Gensokyo","Gremlin Mod","Hallownest","Hermit","Minty Spire (QoL Compilation)","Prisma Mod","Relic Stats","Reliquary","Replay The Spire","Spicy Shops","StSLib","TestMod","The Cursed","The Hierophant","The Poker Player","Warlord Emblem","【遗物卡牌】REMEMod"],"gold_per_floor":[110,124,135,135,60,60,74,104,104,104,122,122,122,156,156,260,260,271,70,220,130,116,146,146,165,165,181,181,201,235,250,250,345,345,356,356,271,271,40,40,73,89,89,89,106,117,144,158,158,158],"floor_reached":51,"language":"ZHS","playtime":3131,"items_purged":["Delirium"],"score":830,"play_id":"f3fc1cf7-e825-4612-a06f-27a2dbde12f9","local_time":"20210221011424","is_ascension_mode":false,"metric_token":1494,"campfire_choices":[{"data":"Hallownest:skillGreenpathMap","floor":6,"key":"SMITH"},{"data":"PokerPlayerMod:Diamond1","floor":15,"key":"SMITH"},{"data":"PokerPlayerMod:Duplicate","floor":24,"key":"SMITH"},{"data":"PokerPlayerMod:TrumpStrike","floor":32,"key":"SMITH"},{"data":"PokerPlayerMod:ClubShade","floor":40,"key":"SMITH"},{"data":"PokerPlayerMod:HeartStrike","floor":49,"key":"SMITH"}],"circlet_count":0,"master_deck":["PokerPlayerMod:Diamond2","PokerPlayerMod:Diamond2","PokerPlayerMod:Diamond3","PokerPlayerMod:Diamond4","PokerPlayerMod:Diamond5","PokerPlayerMod:Spade1","PokerPlayerMod:Spade2","PokerPlayerMod:Spade3","PokerPlayerMod:Spade4","PokerPlayerMod:Club1","PokerPlayerMod:Club2","PokerPlayerMod:Heart2","PokerPlayerMod:TrumpStrike+1","PokerPlayerMod:BadJoker","PokerPlayerMod:Mulligan","PokerPlayerMod:Club4","PokerPlayerMod:Heart4","PokerPlayerMod:HeartStrike+1","Hallownest:skillGreenpathMap+1","PokerPlayerMod:Raise","PokerPlayerMod:Diamond4","PokerPlayerMod:CloakAndDiamond","PokerPlayerMod:Raise","PokerPlayerMod:Club9","PokerPlayerMod:JackOfSpades","Gensokyo:ImpossibleRequest","PokerPlayerMod:Duplicate+1","PokerPlayerMod:Diamond7","PokerPlayerMod:ClubStrike","PokerPlayerMod:Configure","PokerPlayerMod:Diamond8","PokerPlayerMod:WildCard","PokerPlayerMod:Diamond8","PokerPlayerMod:Club6","Hallownest:skillKingdomsEdgeMap","PokerPlayerMod:ClubShade+1","PokerPlayerMod:FillThePot","PokerPlayerMod:Spade8","PokerPlayerMod:HiddenCard+1","PokerPlayerMod:Diamond4","Pot Of Greed","Pot Of Greed","Pot Of Greed","Pot Of Greed","PokerPlayerMod:Diamond5","PokerPlayerMod:ClubShade+1"],"relics":["PokerPlayerMod:DeckCase","testmod-TestBox","REME_ComplimentaryCards","testmod-Fortitude","NeowsBlessing","Juzu Bracelet","testmod-HeartOfStrike","StoneCalendar","Ring of Fury","Hallownest:DreamNailRelic","Durian","Coffee Dripper","PokerPlayerMod:ClubPass","Hallownest:StagBellRelic1","ReplayTheSpireMod:CursedCoin","Onion Ring","Shuriken","AT_ForceNature","reliquary:WritOfMandamus","Hallownest:BeastSealRelic","Sling","AT_TimeSand","testmod-Justice","Grinning Jar"],"acts_visited":["Hallownest:Greenpath","Hallownest:CityofTears","Hallownest:KingdomsEdge"],"potions_floor_usage":[50,50],"damage_taken":[{"damage":0,"enemies":"Hallownest:monsterHuskWarrior","floor":1,"turns":1},{"damage":0,"enemies":"Hallownest:2_Tiktiks_and_1_Crawlid","floor":2,"turns":1},{"damage":0,"enemies":"2_ Uuma","floor":3,"turns":1},{"damage":17,"enemies":"Hallownest:Guard_and_Warrior","floor":7,"turns":5},{"damage":6,"enemies":"Hallownest:eliteMossKnight","floor":8,"turns":6},{"damage":9,"enemies":"Hallownest:MossCreep_and_Mosskin","floor":11,"turns":3},{"damage":1,"enemies":"Hallownest:eliteCrystalGuardian","floor":14,"turns":3},{"damage":21,"enemies":"Hallownest:BossFalseKnight","floor":16,"turns":6},{"damage":9,"enemies":"Hallownest:Guard_and_Sentry","floor":18,"turns":3},{"damage":7,"enemies":"Hallownest:eliteWatcherKnight","floor":23,"turns":7},{"damage":0,"enemies":"Hallownest:Flukemon_and_Top","floor":25,"turns":3},{"damage":0,"enemies":"Hallownest:Master_and_Novice","floor":27,"turns":2},{"damage":8,"enemies":"Hallownest:Warrior_and_Youth","floor":29,"turns":2},{"damage":24,"enemies":"Hallownest:eliteSoulWarrior","floor":30,"turns":4},{"damage":26,"enemies":"Hallownest:2_Flukemon","floor":31,"turns":6},{"damage":6,"enemies":"Hallownest:BossGrimm","floor":33,"turns":7},{"damage":36,"enemies":"Hallownest:3_Siblings","floor":35,"turns":6},{"damage":23,"enemies":"Hallownest:eliteCollector","floor":41,"turns":6},{"damage":0,"enemies":"Hallownest:Shield_Heavy","floor":42,"turns":2},{"damage":7,"enemies":"Hallownest:2_Soldiers_and_1_Guardian","floor":45,"turns":5},{"damage":0,"enemies":"Hallownest:Shield_Sturdy","floor":46,"turns":4},{"damage":0,"enemies":"Hallownest:StalkingDevout","floor":47,"turns":4},{"damage":14,"enemies":"Hallownest:Slobbering_and_Violent","floor":48,"turns":5},{"damage":18,"enemies":"Hallownest:Radiance","floor":50,"turns":7}],"seed_played":"-7665200476921135485","potions_obtained":[{"floor":2,"key":"Death Potion"},{"floor":11,"key":"LiquidBronze"},{"floor":16,"key":"BlessingOfTheForge"},{"floor":23,"key":"Weak Potion"},{"floor":31,"key":"Block Potion"},{"floor":41,"key":"Fire Potion"},{"floor":42,"key":"Regen Potion"}],"is_trial":false,"path_per_floor":["M","M","M","?","?","R","M","E","T","?","M","?","?","E","R","B",null,"M","$","?","?","$","E","R","M","T","M","?","M","E","M","R","B",null,"M","?","?","?","$","R","E","M","T","?","M","M","E","M","R","B",null],"character_chosen":"THE_POKER_PLAYER","items_purchased":["PokerPlayerMod:ClubPass","ReplayTheSpireMod:CursedCoin","PokerPlayerMod:Duplicate","Sling","PokerPlayerMod:ClubShade","PokerPlayerMod:FillThePot"],"campfire_rested":0,"item_purchase_floors":[19,22,22,39,39,39],"current_hp_per_floor":[52,52,52,52,52,52,37,46,46,46,43,43,34,54,54,45,57,48,48,48,48,48,56,56,57,57,57,57,54,37,23,23,29,57,28,28,28,28,28,28,19,19,19,19,34,51,51,48,48,52],"gold":158,"neow_bonus":"THREE_ENEMY_KILL","is_daily":false,"chose_seed":false,"campfire_upgraded":6,"win_rate":0.0,"timestamp":1613841264,"path_taken":["M","M","M","?","?","R","M","E","T","?","M","?","?","E","R","BOSS","M","$","?","?","?","E","R","M","T","M","?","M","E","M","R","BOSS","M","?","?","?","$","R","E","M","T","?","M","M","E","M","R","BOSS"],"items_purchased_type":["Relic","Relic","Card","Relic","Card","Card"],"build_version":"2020-12-22","purchased_purges":1,"victory":true,"max_hp_per_floor":[52,52,52,52,52,52,52,52,52,52,52,52,52,57,57,57,57,57,57,57,57,57,57,57,57,57,57,57,57,57,57,57,57,57,57,57,57,57,57,57,57,57,57,52,52,52,52,52,52,52],"relic_stats":{"counters":[24,99],"Shuriken":[0],"StoneCalendar":[156],"Juzu Bracelet":3,"obtain_stats":[{"testmod-HeartOfStrike":8,"Hallownest:StagBellRelic1":21,"AT_ATBox":0,"StoneCalendar":9,"Juzu Bracelet":4,"Hallownest:DreamNailRelic":12,"AT_TimeSand":41,"Sling":39,"PokerPlayerMod:DeckCase":0,"Hallownest:BeastSealRelic":38,"AT_ForceNature":30,"testmod-TestBox":0,"NeowsBlessing":0,"ReplayTheSpireMod:CursedCoin":22,"testmod-Justice":43,"testmod-Fortitude":0,"Shuriken":26,"Ring of Fury":10,"Onion Ring":23,"Durian":14,"Coffee Dripper":17,"PokerPlayerMod:ClubPass":19,"reliquary:WritOfMandamus":34,"Grinning Jar":47,"REME_ComplimentaryCards":0},{"testmod-HeartOfStrike":5,"Hallownest:StagBellRelic1":9,"AT_ATBox":0,"StoneCalendar":5,"Juzu Bracelet":3,"Hallownest:DreamNailRelic":6,"AT_TimeSand":18,"Sling":17,"PokerPlayerMod:DeckCase":0,"Hallownest:BeastSealRelic":17,"AT_ForceNature":14,"testmod-TestBox":0,"NeowsBlessing":0,"ReplayTheSpireMod:CursedCoin":9,"testmod-Justice":19,"testmod-Fortitude":0,"Shuriken":11,"Ring of Fury":5,"Onion Ring":10,"Durian":7,"Coffee Dripper":8,"PokerPlayerMod:ClubPass":9,"reliquary:WritOfMandamus":16,"Grinning Jar":22,"REME_ComplimentaryCards":0},{"testmod-HeartOfStrike":14,"Hallownest:StagBellRelic1":29,"AT_ATBox":0,"StoneCalendar":14,"Juzu Bracelet":3,"Hallownest:DreamNailRelic":17,"AT_TimeSand":72,"Sling":66,"PokerPlayerMod:DeckCase":0,"Hallownest:BeastSealRelic":66,"AT_ForceNature":47,"testmod-TestBox":0,"NeowsBlessing":0,"ReplayTheSpireMod:CursedCoin":29,"testmod-Justice":74,"testmod-Fortitude":0,"Shuriken":39,"Ring of Fury":14,"Onion Ring":36,"Durian":20,"Coffee Dripper":26,"PokerPlayerMod:ClubPass":29,"reliquary:WritOfMandamus":60,"Grinning Jar":87,"REME_ComplimentaryCards":0}]},"card_choices":[{"not_picked":["PokerPlayerMod:Diamond4","PokerPlayerMod:Spade4"],"picked":"PokerPlayerMod:Club4","floor":1},{"not_picked":["PokerPlayerMod:Trickery","PokerPlayerMod:DartThrow"],"picked":"PokerPlayerMod:Heart4","floor":2},{"not_picked":["PokerPlayerMod:Diamond1","PokerPlayerMod:Diamond3"],"picked":"PokerPlayerMod:HeartStrike","floor":3},{"not_picked":["PokerPlayerMod:Configure","PokerPlayerMod:Diamond1"],"picked":"PokerPlayerMod:Raise","floor":7},{"not_picked":["PokerPlayerMod:Spade1","PokerPlayerMod:Diamond1"],"picked":"PokerPlayerMod:Diamond4","floor":8},{"not_picked":["PokerPlayerMod:Diamond1","PokerPlayerMod:Trickery"],"picked":"PokerPlayerMod:CloakAndDiamond","floor":11},{"not_picked":["PokerPlayerMod:VarietyAttack","PokerPlayerMod:Manipulation"],"picked":"PokerPlayerMod:Raise","floor":14},{"not_picked":["PokerPlayerMod:RoyalStrike","PokerPlayerMod:FakeSymbols"],"picked":"PokerPlayerMod:Club9","floor":16},{"not_picked":["PokerPlayerMod:Spade3","PokerPlayerMod:Diamond1"],"picked":"PokerPlayerMod:JackOfSpades","floor":18},{"not_picked":["PokerPlayerMod:Heart5","PokerPlayerMod:Club5"],"picked":"PokerPlayerMod:Diamond7","floor":23},{"not_picked":["PokerPlayerMod:Diamond4","PokerPlayerMod:Diamond2"],"picked":"PokerPlayerMod:ClubStrike","floor":25},{"not_picked":["PokerPlayerMod:Spade1","PokerPlayerMod:CardPrinter"],"picked":"PokerPlayerMod:Configure","floor":27},{"not_picked":["PokerPlayerMod:Spade3","PokerPlayerMod:Club3"],"picked":"PokerPlayerMod:Diamond8","floor":29},{"not_picked":["PokerPlayerMod:Duplicate","PokerPlayerMod:ClubsClub","PokerPlayerMod:CloakAndDiamond"],"picked":"SKIP","floor":30},{"not_picked":["PokerPlayerMod:Club2","PokerPlayerMod:Diamond2","PokerPlayerMod:Spade2"],"picked":"SKIP","floor":31},{"not_picked":["PokerPlayerMod:ChangeRules","PokerPlayerMod:Spade7"],"picked":"PokerPlayerMod:WildCard","floor":33},{"not_picked":["PokerPlayerMod:Spade3","PokerPlayerMod:HotShotCut"],"picked":"PokerPlayerMod:Club6","floor":35},{"not_picked":["PokerPlayerMod:Diamond2","PokerPlayerMod:FlyingCard+1"],"picked":"PokerPlayerMod:Spade8","floor":41},{"not_picked":["PokerPlayerMod:DartThrow","PokerPlayerMod:Spade2","PokerPlayerMod:Diamond2"],"picked":"SKIP","floor":42},{"not_picked":["PokerPlayerMod:HotShotCut","PokerPlayerMod:Diamond2"],"picked":"PokerPlayerMod:HiddenCard+1","floor":45},{"not_picked":["PokerPlayerMod:Manipulation","PokerPlayerMod:Spade2"],"picked":"PokerPlayerMod:Diamond4","floor":46},{"not_picked":["PokerPlayerMod:Club3","PokerPlayerMod:Trickery"],"picked":"PokerPlayerMod:Diamond5","floor":47},{"not_picked":["PokerPlayerMod:Spade6","PokerPlayerMod:SpadeStrike+1"],"picked":"PokerPlayerMod:ClubShade+1","floor":48}],"player_experience":218002,"relics_obtained":[{"floor":8,"key":"testmod-HeartOfStrike"},{"floor":9,"key":"StoneCalendar"},{"floor":10,"key":"Ring of Fury"},{"floor":14,"key":"Durian"},{"floor":23,"key":"Onion Ring"},{"floor":26,"key":"Shuriken"},{"floor":30,"key":"AT_ForceNature"},{"floor":41,"key":"AT_TimeSand"},{"floor":43,"key":"testmod-Justice"},{"floor":47,"key":"Grinning Jar"}],"event_choices":[{"damage_healed":0,"gold_gain":0,"player_choice":"Swap Relic","damage_taken":0,"relics_obtained":["Juzu Bracelet"],"max_hp_gain":0,"max_hp_loss":0,"event_name":"给自己的盒子","floor":4,"relics_lost":["AT_ATBox"],"gold_loss":0}],"is_beta":false,"boss_relics":[{"not_picked":["energizedSpire:HugeHouse","REME_LowDesire"],"picked":"Coffee Dripper"},{"not_picked":["reliquary:KinkedSpring","Fusion Hammer"],"picked":"reliquary:WritOfMandamus"}],"items_purged_floors":[19],"is_endless":false,"potions_floor_spawned":[2,11,16,23,25,31,33,41,42,45,48],"ascension_level":0}}