{"host":"r40cn8c2kv7g6k3i","time":1613835326,"event":{"mods":["ATMod(∞¢Ë™Mod)","Act Like it!","BaseMod","Colored Powertips","Downfall","Gensokyo","Hallownest","KinomotoSakuraMod(ƒæ÷Æ±æ”£)","KomeijiMod","Marisa£®ÏF”Í°°ƒß¿Ì…≥£©","Minty Spire (QoL Compilation)","Onozuka Komachi Mod","Prisma Mod","Reimu£®≤©¿ˆ¡È√Œ£©","Remilia£®¿Ÿ√◊¿Ú—«£©","Replay The Spire","Shop Mod","Spicy Shops","StSLib","The Alterego","The Bug Knight","The Servant 0.9.4","UnlockEverythingMod","WarShipGirlsR/’ΩΩ¢…Ÿ≈ÆR mod","Youmu£®ªÍ∆«—˝√Œ£©","Yuri Mod"],"gold_per_floor":[109,109,109,109,120,120,151,167,167,177,206,218,218,236,236,334,334,349,138,190,190,190,224,242,254,279,294,306,306,306,306,306,306,306],"floor_reached":33,"language":"ZHS","playtime":2231,"items_purged":[],"score":277,"play_id":"33a211de-94e7-4606-b6ee-95ee887dee04","local_time":"20210220233526","is_ascension_mode":false,"campfire_choices":[{"data":"AT_EmpoweredMortalDraw","floor":6,"key":"SMITH"},{"data":"HollowMod:MonarchWings","floor":13,"key":"SMITH"},{"floor":15,"key":"RECALL"},{"data":"HollowMod:DoubleDash","floor":29,"key":"SMITH"},{"data":"AT_EmpoweredMortalDraw","floor":32,"key":"SMITH"}],"circlet_count":0,"master_deck":["HollowMod:NailStrikeStart","HollowMod:NailStrikeStart","HollowMod:NailStrikeStart","HollowMod:NailStrikeStart","HollowMod:QuickDashStart+1","HollowMod:QuickDashStart","HollowMod:QuickDashStart","HollowMod:QuickDashStart+1","HollowMod:FocusHealStart","HollowMod:PogoStrike","AT_EmpoweredMortalDraw+1","HollowMod:InfectedAttack","HollowMod:InfectedAttack","HollowMod:LifebloodCocoon","HollowMod:SoulStrike","HollowMod:CloakDash","HollowMod:LifebloodCocoon","HollowMod:MonarchWings+1","HollowMod:VengefulSpirit","HollowMod:ElderbugsWisdom","AT_EmpoweredMortalDraw+1","HollowMod:DoubleDash+1","Gensokyo:TarnishedGold","Gensokyo:RustyChest","HollowMod:InfectedAttack+1","HollowMod:SlysStrikes","HollowMod:CycloneSlash","HollowMod:FallenFury+1","HollowMod:QuirrelsAssistance","HollowMod:DashSlash"],"relics":["HollowMod:VesselMask","AT_ATBox","NeowsBlessing","Mango","Blood Vial","Ice Cream","War Paint","AT_MortalBlade","yuri:PortableGlitches","Lizard Tail","InkBottle","AT_RedTearstoneRing","Frozen Egg 2","Gensokyo:ChorusOfJoy","AT_SilverBalance"],"acts_visited":["Gensokyo:Gensokyo","Gensokyo:Gensokyoer"],"potions_floor_usage":[16,16,16,33,33,33],"damage_taken":[{"damage":0,"enemies":"Gensokyo:Gryphon","floor":1,"turns":1},{"damage":0,"enemies":"Gensokyo:Python","floor":5,"turns":1},{"damage":3,"enemies":"Gensokyo:Mamizou","floor":7,"turns":2},{"damage":2,"enemies":"Gensokyo:3_Fairies","floor":8,"turns":3},{"damage":0,"enemies":"Gensokyo:3_Kodama","floor":10,"turns":1},{"damage":29,"enemies":"Gensokyo:Cirno","floor":11,"turns":6},{"damage":8,"enemies":"Gensokyo:VengefulSpirit","floor":12,"turns":5},{"damage":21,"enemies":"Gensokyo:Kitsune","floor":14,"turns":4},{"damage":39,"enemies":"Gensokyo:Kokoro","floor":16,"turns":11},{"damage":12,"enemies":"Gensokyo:AngelMirror","floor":18,"turns":2},{"damage":60,"enemies":"Gensokyo:Tenshi","floor":23,"turns":5},{"damage":0,"enemies":"Gensokyo:CosmicMonolith","floor":24,"turns":1},{"damage":0,"enemies":"Gensokyo:Swordslinger","floor":25,"turns":4},{"damage":0,"enemies":"Gensokyo:Mirror_and_Dog","floor":27,"turns":1},{"damage":31,"enemies":"Gensokyo:3_Gloops","floor":28,"turns":4},{"damage":58,"enemies":"Gensokyo:Eiki","floor":33,"turns":4}],"seed_played":"398016825174840519","potions_obtained":[{"floor":1,"key":"SneckoOil"},{"floor":10,"key":"PowerPotion"},{"floor":12,"key":"Venom Potion"},{"floor":20,"key":"PowerPotion"},{"floor":23,"key":"Ancient Potion"},{"floor":24,"key":"SneckoOil"}],"is_trial":false,"path_per_floor":["M","?","?","?","M","R","E","M","T","M","E","M","R","M","R","B",null,"M","COS","?","?","?","E","M","M","T","M","M","R","?","T","R","B"],"character_chosen":"THE_BUGKNIGHT","items_purchased":[],"campfire_rested":0,"item_purchase_floors":[],"current_hp_per_floor":[75,75,68,89,89,89,86,89,89,89,66,66,66,53,53,22,89,77,77,77,77,77,19,21,23,23,25,41,41,41,41,41,0,0],"gold":306,"neow_bonus":"THREE_ENEMY_KILL","is_daily":false,"chose_seed":false,"campfire_upgraded":4,"win_rate":0.0,"timestamp":1613835326,"path_taken":["M","?","?","?","M","R","E","M","T","M","E","M","R","M","R","BOSS","M","COS","?","?","?","E","M","?","T","M","M","R","?","?","R","BOSS"],"items_purchased_type":[],"build_version":"2020-12-22","purchased_purges":0,"victory":false,"max_hp_per_floor":[75,75,89,89,89,89,89,89,89,89,89,89,89,89,89,89,89,89,89,89,89,82,82,82,82,82,82,82,82,82,82,82,82,82],"card_choices":[{"not_picked":["HollowMod:DesolateDive","HollowMod:ChannelNail"],"picked":"HollowMod:InfectedAttack","floor":1},{"not_picked":["HollowMod:DungDefenderAura","HollowMod:CornifersMapStart"],"picked":"HollowMod:InfectedAttack","floor":5},{"not_picked":["HollowMod:InfectedCysts","HollowMod:VengefulVoid"],"picked":"HollowMod:LifebloodCocoon","floor":7},{"not_picked":["HollowMod:ShadowDash","HollowMod:InfectedAttack"],"picked":"HollowMod:SoulStrike","floor":8},{"not_picked":["HollowMod:VengefulSpirit","HollowMod:FastStrike"],"picked":"HollowMod:CloakDash","floor":10},{"not_picked":["HollowMod:HornetsHelp","HollowMod:SoulSplash"],"picked":"HollowMod:LifebloodCocoon","floor":11},{"not_picked":["HollowMod:RecoilStrike","HollowMod:FastStrike"],"picked":"HollowMod:MonarchWings","floor":12},{"not_picked":["HollowMod:ShadowDash","HollowMod:DescendingDark"],"picked":"HollowMod:VengefulSpirit","floor":14},{"not_picked":["HollowMod:theNailsmith","HollowMod:MidwifesHunger"],"picked":"HollowMod:ElderbugsWisdom","floor":16},{"not_picked":["HollowMod:CornifersMapStart","HollowMod:FastStrike+1"],"picked":"HollowMod:DoubleDash","floor":18},{"not_picked":["HollowMod:NewLittleFool","HollowMod:WraithStrike"],"picked":"HollowMod:InfectedAttack+1","floor":20},{"not_picked":["HollowMod:ShadowDash","HollowMod:SharpenedShadows+1"],"picked":"HollowMod:SlysStrikes","floor":23},{"not_picked":["HollowMod:VengefulSpirit","HollowMod:SharpenedShadows"],"picked":"HollowMod:CycloneSlash","floor":24},{"not_picked":["HollowMod:HeavyBlow","HollowMod:ShadowDash"],"picked":"HollowMod:FallenFury+1","floor":25},{"not_picked":["HollowMod:NewGlowingWomb","HollowMod:NewLittleFool"],"picked":"HollowMod:QuirrelsAssistance","floor":27},{"not_picked":["HollowMod:GrimmsGift","HollowMod:SoulStrike"],"picked":"HollowMod:DashSlash","floor":28}],"player_experience":191815,"relics_obtained":[{"floor":7,"key":"Blood Vial"},{"floor":9,"key":"Ice Cream"},{"floor":11,"key":"War Paint"},{"floor":20,"key":"yuri:PortableGlitches"},{"floor":23,"key":"InkBottle"},{"floor":26,"key":"AT_RedTearstoneRing"},{"floor":31,"key":"AT_SilverBalance"}],"event_choices":[],"is_beta":false,"boss_relics":[{"not_picked":["Tiny House","Fusion Hammer"],"picked":"AT_MortalBlade"}],"items_purged_floors":[],"is_endless":false,"potions_floor_spawned":[1,10,12,14,23,24],"killed_by":"Gensokyo:Eiki","ascension_level":0}}