{"host":"ipcfr4ajj2jkxvg7","time":1613812487,"event":{"mods":["BaseMod","Colored Powertips","GifTheSpireLib","Marisa（F雨　魔理沙）","Minty Spire (QoL Compilation)","Quick Restart","Remilia（蕾米莉亚）","Replay The Spire","RumiaBox-露米娅的神秘盒子","StSLib"],"gold_per_floor":[111,111,186,186,198,226,226,243,292,292,340,353,386,183,183,256,256,274,290,47,65,65,93,93,109,134,147,147,147],"floor_reached":28,"language":"ZHS","playtime":628,"items_purged":["Pain","Injury"],"score":591,"play_id":"bcea5b58-83c7-4373-b9bd-baadf2c584c1","local_time":"20210220171447","is_ascension_mode":true,"campfire_choices":[{"data":"EnergyFlow","floor":7.0,"key":"SMITH"},{"floor":15.0,"key":"REST"},{"floor":24,"key":"REST"}],"circlet_count":0,"master_deck":["AscendersBane","Strike_MRS","Strike_MRS","Strike_MRS","Strike_MRS","Defend_MRS","Defend_MRS","Defend_MRS","MasterSpark","UpSweep","MilkyWay","EnergyFlow+1","MachineGunSpark","MilkyWay","PowerUp","PowerUp+1","Acceleration+1","AlicesGift","AlicesGift","MagicAbsorber","EnergyFlow","Decay","MilkyWay","ShootTheMoon+1","MilkyWay"],"relics":["MiniHakkero","NeowsBlessing","AddBug","SecretRecord","SecretRecord","AddBug","SecretRecord"],"acts_visited":["Exordium","TheCity"],"potions_floor_usage":[16,23,23,27],"damage_taken":[{"damage":0.0,"enemies":"Cultist","floor":1.0,"turns":1.0},{"damage":0.0,"enemies":"2 Louse","floor":5.0,"turns":1.0},{"damage":0.0,"enemies":"Gremlin Nob","floor":6.0,"turns":1.0},{"damage":0.0,"enemies":"Small Slimes","floor":8.0,"turns":3.0},{"damage":18.0,"enemies":"Blue Slaver","floor":12.0,"turns":3.0},{"damage":14.0,"enemies":"Lagavulin","floor":13.0,"turns":4.0},{"damage":14,"enemies":"The Guardian","floor":16,"turns":5},{"damage":0,"enemies":"Chosen","floor":18,"turns":3},{"damage":42,"enemies":"2 Thieves","floor":19,"turns":5},{"damage":0,"enemies":"Sentry and Sphere","floor":21,"turns":2},{"damage":10,"enemies":"Slavers","floor":23,"turns":3},{"damage":0,"enemies":"Cultist and Chosen","floor":25,"turns":2},{"damage":3,"enemies":"3 Cultists","floor":27,"turns":4},{"damage":0,"enemies":"Gremlin Leader","floor":28,"turns":3}],"seed_played":"-3831538109438138437","potions_obtained":[{"floor":6.0,"key":"Strength Potion"},{"floor":8.0,"key":"Ancient Potion"},{"floor":11.0,"key":"EntropicBrew"},{"floor":13.0,"key":"Swift Potion"},{"floor":19,"key":"Venom Potion"},{"floor":21,"key":"ColorlessPotion"},{"floor":25,"key":"Adrenaline Potion"}],"is_trial":false,"path_per_floor":["M","?","?","?","M","E","R","M","T","?","?","M","E","$","R","B",null,"M","M","$","M","?","E","R","M","T","M","E"],"character_chosen":"MARISA","items_purchased":["Replay:Wax Seal","PowerUp+1","AlicesGift","MagicAbsorber"],"campfire_rested":2,"item_purchase_floors":[14,14,20,20],"current_hp_per_floor":[63,63,52,52,52,52,52,52,52,52,52,34,20,20,41,27,59,59,17,17,17,17,7,28,28,28,25,25,25],"gold":147,"neow_bonus":"THREE_ENEMY_KILL","is_daily":false,"chose_seed":false,"campfire_upgraded":1,"win_rate":0.0,"timestamp":1613812487,"path_taken":["M","?","?","?","?","E","R","M","T","?","?","M","E","$","R","BOSS","M","M","$","M","?","E","R","M","T","M","E"],"items_purchased_type":["Relic","Card","Card","Card"],"build_version":"2020-12-22","purchased_purges":2,"victory":false,"max_hp_per_floor":[70,70,70,70,70,70,70,70,70,70,70,70,70,70,70,70,70,70,70,70,70,70,70,70,70,70,70,70,70],"card_choices":[{"not_picked":["GravityBeat","IllusionStar"],"picked":"MilkyWay","floor":1.0},{"not_picked":["SuperPerseids","GalacticHalo","IllusionStar"],"picked":"SKIP","floor":5.0},{"not_picked":["6A","GravityBeat"],"picked":"EnergyFlow","floor":6.0},{"not_picked":["DragonMeteor","OortCloud"],"picked":"MachineGunSpark","floor":8.0},{"not_picked":["RefractionSpark","AsteroidBelt"],"picked":"MilkyWay","floor":11.0},{"not_picked":["MilkyWay","LuminesStrike"],"picked":"PowerUp","floor":11.0},{"not_picked":["MysteriousBeam","DarkSpark","FinalSpark"],"picked":"SKIP","floor":12.0},{"not_picked":["OneTimeOff","MysteriousBeam","WitchLeyline"],"picked":"SKIP","floor":13.0},{"not_picked":["DC","GasGiant","GrandCross"],"picked":"SKIP","floor":18},{"not_picked":["MachineGunSpark","GravityBeat+1"],"picked":"Acceleration+1","floor":19},{"not_picked":["BigCrunch","MysteriousBeam"],"picked":"EnergyFlow","floor":21},{"not_picked":["MagicAbsorber","EventHorizon"],"picked":"MilkyWay","floor":23},{"not_picked":["ShootingEcho+1","DoubleSpark"],"picked":"ShootTheMoon+1","floor":25},{"not_picked":["6A","GrandCross"],"picked":"MilkyWay","floor":27}],"player_experience":481959,"relics_obtained":[{"floor":1.0,"key":"AddBug"},{"floor":6.0,"key":"Replay:Rubber Ducky"},{"floor":9.0,"key":"Regal Pillow"},{"floor":11.0,"key":"Lantern"},{"floor":13.0,"key":"SecretRecord"},{"floor":13.0,"key":"Mirror"},{"floor":18,"key":"NeowsBlessing"},{"floor":19,"key":"SecretRecord"},{"floor":23,"key":"Torii"},{"floor":26,"key":"Ccalipers"}],"event_choices":[{"damage_healed":0.0,"max_hp_gain":0.0,"max_hp_loss":0.0,"gold_gain":75.0,"event_name":"World of Goop","player_choice":"Gather Gold","floor":3.0,"gold_loss":0.0,"damage_taken":11.0},{"damage_healed":0.0,"max_hp_gain":0.0,"max_hp_loss":0.0,"gold_gain":0.0,"event_name":"FaceTrader","player_choice":"Trade","floor":4.0,"gold_loss":0.0,"damage_taken":0.0,"relics_obtained":["CultistMask"]},{"damage_healed":0.0,"max_hp_gain":0.0,"max_hp_loss":0.0,"gold_gain":0.0,"event_name":"Golden Idol","player_choice":"Take Wound","floor":10.0,"gold_loss":0.0,"damage_taken":0.0,"relics_obtained":["Golden Idol"],"cards_obtained":["Injury"]},{"damage_healed":0,"gold_gain":0,"player_choice":"Smashed Altar","damage_taken":0,"max_hp_gain":0,"max_hp_loss":0,"event_name":"Forgotten Altar","floor":22,"gold_loss":0,"cards_obtained":["Decay"]}],"is_beta":false,"boss_relics":[{"not_picked":["Philosopher\u0027s Stone","SacredBark"],"picked":"AddBug"}],"items_purged_floors":[14,20],"is_endless":false,"potions_floor_spawned":[6,8,12,13,19,21,25],"killed_by":"Gremlin Leader","ascension_level":18}}