{"host":"wri98rxht4656ll8","time":1613844674,"event":{"mods":["AchievementEnabler","BaseMod","Colored Map","Colored Powertips","Minty Spire (QoL Compilation)","Permanent Neow","StSLib"],"gold_per_floor":[117,135,152,171,131,131,151,151,176,195,209,209,287,298,298,393,393,403,355,355,367,384,384,403,403,430,442,454,466,478,294,294,392,392,407,407,63,63,74,74,74,74],"floor_reached":41,"language":"ENG","playtime":2035,"items_purged":[],"score":383,"play_id":"4335cdde-ec3c-4559-b622-a1ab2c411e7f","local_time":"20210220191114","is_ascension_mode":false,"campfire_choices":[{"data":"Ball Lightning","floor":6.0,"key":"SMITH"},{"data":"Zap","floor":8.0,"key":"SMITH"},{"data":"Glacier","floor":15.0,"key":"SMITH"},{"data":"Recycle","floor":23.0,"key":"SMITH"},{"floor":25.0,"key":"REST"},{"data":"Defragment","floor":27.0,"key":"SMITH"},{"floor":32.0,"key":"REST"},{"data":"Creative AI","floor":40.0,"key":"SMITH"}],"circlet_count":0,"master_deck":["Strike_B","Strike_B","Strike_B","Strike_B","Defend_B","Defend_B","Defend_B","Defend_B","Zap+1","Dualcast","Meteor Strike","Conserve Battery","Ball Lightning+1","Recycle+1","Glacier+1","Loop","Defragment+1","Creative AI+1","Gash"],"relics":["Cracked Core","Regal Pillow","Runic Pyramid","MawBank","PreservedInsect","Happy Flower","Inserter","Bag of Preparation","Lee\u0027s Waffle"],"acts_visited":["Exordium","TheCity","TheBeyond"],"potions_floor_usage":[41],"damage_taken":[{"damage":5.0,"enemies":"Cultist","floor":1.0,"turns":4.0},{"damage":1.0,"enemies":"2 Louse","floor":2.0,"turns":3.0},{"damage":0.0,"enemies":"Small Slimes","floor":3.0,"turns":4.0},{"damage":2.0,"enemies":"Blue Slaver","floor":4.0,"turns":4.0},{"damage":3.0,"enemies":"2 Fungi Beasts","floor":7.0,"turns":3.0},{"damage":0.0,"enemies":"Looter","floor":10.0,"turns":3.0},{"damage":7.0,"enemies":"Blue Slaver","floor":11.0,"turns":3.0},{"damage":4.0,"enemies":"Lots of Slimes","floor":14.0,"turns":4.0},{"damage":23.0,"enemies":"The Guardian","floor":16.0,"turns":15.0},{"damage":0.0,"enemies":"Shell Parasite","floor":18.0,"turns":9.0},{"damage":11.0,"enemies":"Spheric Guardian","floor":21.0,"turns":7.0},{"damage":11.0,"enemies":"Cultist and Chosen","floor":22.0,"turns":8.0},{"damage":37.0,"enemies":"3 Cultists","floor":24.0,"turns":7.0},{"damage":40.0,"enemies":"Champ","floor":33.0,"turns":11.0},{"damage":18.0,"enemies":"3 Shapes","floor":35.0,"turns":7.0},{"damage":34.0,"enemies":"3 Darklings","floor":39.0,"turns":6.0},{"damage":27,"enemies":"Nemesis","floor":41,"turns":6}],"seed_played":"-2658188081264820039","potions_obtained":[{"floor":1.0,"key":"BlessingOfTheForge"},{"floor":2.0,"key":"ColorlessPotion"},{"floor":3.0,"key":"Dexterity Potion"},{"floor":10.0,"key":"Weak Potion"},{"floor":18.0,"key":"PowerPotion"},{"floor":33.0,"key":"SpeedPotion"},{"floor":35.0,"key":"LiquidBronze"}],"is_trial":false,"path_per_floor":["M","M","M","M","?","R","M","R","T","M","M","$","?","M","R","B",null,"M","$","?","M","M","R","M","R","T","R","?","$","?","$","R","B",null,"M","?","$","?","M","R","E"],"character_chosen":"DEFECT","items_purchased":["AttackPotion","Happy Flower","SkillPotion","PowerPotion","Bag of Preparation","Lee\u0027s Waffle"],"campfire_rested":2,"item_purchase_floors":[19,31,31,37,37,37],"current_hp_per_floor":[70,69,69,67,67,67,64,64,64,64,57,57,57,53,53,30,75,75,75,75,64,53,53,16,53,53,53,39,39,39,39,78,38,80,62,62,87,87,53,53,26,26],"gold":74,"neow_bonus":"ONE_RANDOM_RARE_CARD","is_daily":false,"chose_seed":false,"campfire_upgraded":6,"win_rate":0.0,"timestamp":1613844674,"path_taken":["M","M","M","?","?","R","?","R","T","M","M","$","?","M","R","BOSS","M","$","?","M","M","R","M","R","T","R","?","$","?","?","R","BOSS","M","?","$","?","M","R","E"],"items_purchased_type":["Potion","Relic","Potion","Potion","Relic","Relic"],"build_version":"2020-12-22","purchased_purges":0,"victory":false,"max_hp_per_floor":[75,75,75,75,75,75,75,75,75,75,75,75,75,75,75,75,75,75,75,75,75,75,75,75,75,75,75,80,80,80,80,80,80,80,80,80,87,87,87,87,87,87],"card_choices":[{"not_picked":["FTL","Heatsinks"],"picked":"Conserve Battery","floor":1.0},{"not_picked":["Rebound","Streamline"],"picked":"Leap","floor":2.0},{"not_picked":["Skim","Leap"],"picked":"Ball Lightning","floor":3.0},{"not_picked":["Self Repair","Redo","Multi-Cast"],"picked":"SKIP","floor":4.0},{"not_picked":["Doom and Gloom","Compile Driver","Rebound"],"picked":"SKIP","floor":7.0},{"not_picked":["Tempest","Compile Driver"],"picked":"Recycle","floor":10.0},{"not_picked":["Auto Shields","Defragment"],"picked":"Glacier","floor":11.0},{"not_picked":["Rip and Tear","Sweeping Beam"],"picked":"Loop","floor":14.0},{"not_picked":["Consume","Leap","Redo"],"picked":"SKIP","floor":18.0},{"not_picked":["FTL","Heatsinks","Turbo"],"picked":"SKIP","floor":21.0},{"not_picked":["Steam","Stack+1","Redo"],"picked":"SKIP","floor":22.0},{"not_picked":["Reprogram","Go for the Eyes"],"picked":"Defragment","floor":24.0},{"not_picked":["Multi-Cast","Machine Learning"],"picked":"Creative AI","floor":33.0},{"not_picked":["Doom and Gloom+1","Undo+1","Steam"],"picked":"SKIP","floor":35.0},{"not_picked":["Ball Lightning","Cold Snap"],"picked":"Gash","floor":39.0}],"player_experience":239231,"relics_obtained":[{"floor":9.0,"key":"Regal Pillow"},{"floor":26.0,"key":"MawBank"}],"event_choices":[{"damage_healed":0.0,"max_hp_gain":0.0,"max_hp_loss":0.0,"gold_gain":0.0,"event_name":"The Woman in Blue","player_choice":"Bought 3 Potions","floor":5.0,"gold_loss":0.0,"damage_taken":0.0},{"damage_healed":0.0,"max_hp_gain":0.0,"max_hp_loss":0.0,"gold_gain":78.0,"event_name":"Golden Wing","player_choice":"Gained Gold","floor":13.0,"gold_loss":0.0,"damage_taken":0.0},{"damage_healed":0.0,"max_hp_gain":0.0,"max_hp_loss":0.0,"gold_gain":0.0,"event_name":"Ghosts","player_choice":"Ignored","floor":20.0,"gold_loss":0.0,"damage_taken":0.0},{"damage_healed":0.0,"max_hp_gain":5.0,"max_hp_loss":0.0,"gold_gain":0.0,"event_name":"Forgotten Altar","player_choice":"Shed Blood","floor":28.0,"gold_loss":0.0,"damage_taken":19.0},{"damage_healed":0.0,"max_hp_gain":0.0,"max_hp_loss":0.0,"gold_gain":0.0,"event_name":"The Mausoleum","player_choice":"Opened","floor":30.0,"gold_loss":0.0,"damage_taken":0.0,"relics_obtained":["PreservedInsect"]},{"cards_removed":["Leap"],"damage_healed":0.0,"max_hp_gain":0.0,"max_hp_loss":0.0,"gold_gain":0.0,"event_name":"Falling","player_choice":"Removed Skill","floor":36.0,"gold_loss":0.0,"damage_taken":0.0},{"damage_healed":0.0,"max_hp_gain":0.0,"max_hp_loss":0.0,"gold_gain":0.0,"event_name":"SensoryStone","player_choice":"Memory 1","floor":38.0,"gold_loss":0.0,"damage_taken":0.0}],"is_beta":false,"boss_relics":[{"not_picked":["Empty Cage","Busted Crown"],"picked":"Runic Pyramid"},{"not_picked":["FrozenCore","Calling Bell"],"picked":"Inserter"}],"items_purged_floors":[],"is_endless":false,"potions_floor_spawned":[1,2,3,10,18,24,33,35],"killed_by":"Nemesis","ascension_level":0}}