{"host":"et0ypqa1uh5c1j5j","time":1613827043,"event":{"mods":["BaseMod","Colored Map","Colored Powertips","Minty Spire (QoL Compilation)","Relic Stats","StSLib"],"gold_per_floor":[119,133,32,107,107,137,137,170,170,202,202,202,221,236,236,332,332,357,307,39,52,77,77,113,136,184,198,219,219,258,258,258,352,352,370,438,26,26,50,50,8,8,85,118,141,184,203,224,224,224,224],"floor_reached":50,"language":"ENG","playtime":3411,"items_purged":["Strike_G","Strike_G","Strike_G+1"],"score":1420,"play_id":"cabbe7b0-b45f-4a46-a3a3-e0c9f5e2cadf","local_time":"20210220131723","is_ascension_mode":true,"campfire_choices":[{"data":"Neutralize","floor":7.0,"key":"SMITH"},{"data":"Catalyst","floor":12.0,"key":"SMITH"},{"data":"Backflip","floor":15.0,"key":"SMITH"},{"data":"Burst","floor":23.0,"key":"SMITH"},{"floor":29.0,"key":"REST"},{"floor":32.0,"key":"REST"},{"floor":40.0,"key":"REST"},{"data":"Wraith Form v2","floor":42.0,"key":"SMITH"},{"floor":49.0,"key":"RECALL"}],"circlet_count":0,"master_deck":["AscendersBane","Defend_G","Defend_G","Defend_G","Defend_G","Defend_G","Survivor","Neutralize+1","Poisoned Stab","Crippling Poison+1","Deadly Poison","Blur","Catalyst+1","Acrobatics","Bouncing Flask","Backflip+1","Burst+1","PiercingWail","Deflect","Concentrate","Grand Finale","Tactician","PiercingWail","Wraith Form v2+1","Burst","Bane+1","Flechettes","Pain","Storm of Steel","Night Terror"],"relics":["Ring of the Snake","NeowsBlessing","Blue Candle","Ancient Tea Set","PreservedInsect","Whetstone","Golden Idol","Runic Pyramid","TwistedFunnel","Prayer Wheel","Bronze Scales","Bag of Preparation","Empty Cage","Unceasing Top","Membership Card","Gambling Chip","WarpedTongs","Question Card","Eternal Feather"],"acts_visited":["Exordium","TheCity","TheBeyond"],"potions_floor_usage":[50],"damage_taken":[{"damage":0.0,"enemies":"Jaw Worm","floor":1.0,"turns":1.0},{"damage":0.0,"enemies":"Small Slimes","floor":2.0,"turns":1.0},{"damage":0.0,"enemies":"Gremlin Nob","floor":6.0,"turns":1.0},{"damage":10.0,"enemies":"Lagavulin","floor":8.0,"turns":7.0},{"damage":0.0,"enemies":"Gremlin Nob","floor":10.0,"turns":3.0},{"damage":0.0,"enemies":"2 Louse","floor":13.0,"turns":2.0},{"damage":4.0,"enemies":"Blue Slaver","floor":14.0,"turns":3.0},{"damage":12.0,"enemies":"Hexaghost","floor":16.0,"turns":5.0},{"damage":6.0,"enemies":"Chosen","floor":18.0,"turns":4.0},{"damage":12.0,"enemies":"Shell Parasite","floor":21.0,"turns":4.0},{"damage":11.0,"enemies":"Shelled Parasite and Fungi","floor":22.0,"turns":4.0},{"damage":0.0,"enemies":"Gremlin Leader","floor":24.0,"turns":3.0},{"damage":8.0,"enemies":"Centurion and Healer","floor":25.0,"turns":5.0},{"damage":0.0,"enemies":"Snake Plant","floor":27.0,"turns":2.0},{"damage":0.0,"enemies":"Chosen and Byrds","floor":28.0,"turns":2.0},{"damage":1.0,"enemies":"Slavers","floor":30.0,"turns":4.0},{"damage":13.0,"enemies":"Champ","floor":33.0,"turns":8.0},{"damage":0.0,"enemies":"3 Shapes","floor":35.0,"turns":4.0},{"damage":41.0,"enemies":"2 Orb Walkers","floor":36.0,"turns":6.0},{"damage":1.0,"enemies":"3 Darklings","floor":39.0,"turns":6.0},{"damage":0.0,"enemies":"Nemesis","floor":44.0,"turns":5.0},{"damage":0.0,"enemies":"Jaw Worm Horde","floor":45.0,"turns":3.0},{"damage":1.0,"enemies":"Reptomancer","floor":46.0,"turns":3.0},{"damage":0.0,"enemies":"Spire Growth","floor":47.0,"turns":1.0},{"damage":28.0,"enemies":"Writhing Mass","floor":48.0,"turns":3.0},{"damage":30,"enemies":"Donu and Deca","floor":50,"turns":4}],"seed_played":"-8995793921006796847","potions_obtained":[{"floor":2.0,"key":"GhostInAJar"},{"floor":8.0,"key":"EssenceOfSteel"},{"floor":18.0,"key":"GamblersBrew"},{"floor":30.0,"key":"Ancient Potion"},{"floor":33.0,"key":"DuplicationPotion"},{"floor":39.0,"key":"Swift Potion"},{"floor":45.0,"key":"Dexterity Potion"}],"is_trial":false,"path_per_floor":["M","M","$","?","?","E","R","E","T","E","?","R","M","M","R","B",null,"M","?","$","M","M","R","E","M","T","M","M","R","E","?","R","B",null,"M","?","$","?","M","R","$","R","T","E","M","E","M","M","R","B"],"character_chosen":"THE_SILENT","items_purchased":["Deadly Poison","TwistedFunnel","Membership Card","Gambling Chip","AttackPotion","Storm of Steel"],"campfire_rested":3,"item_purchase_floors":[3,20,37,37,37,41],"current_hp_per_floor":[59,59,59,48,48,48,48,38,38,38,38,38,38,34,34,22,51,45,45,45,33,22,22,22,14,14,14,14,32,31,31,49,36,54,54,13,13,13,12,30,30,30,30,30,30,29,29,1,19,0,0],"gold":224,"neow_bonus":"THREE_ENEMY_KILL","is_daily":false,"chose_seed":false,"campfire_upgraded":5,"win_rate":0.0,"timestamp":1613827043,"path_taken":["M","M","$","?","?","E","R","E","T","E","?","R","M","M","R","BOSS","M","?","$","M","?","R","E","M","T","M","M","R","E","?","R","BOSS","M","?","$","?","M","R","$","R","T","E","M","E","?","M","R","BOSS"],"items_purchased_type":["Card","Relic","Relic","Relic","Potion","Card"],"build_version":"2020-12-22","purchased_purges":3,"victory":false,"max_hp_per_floor":[66,66,66,66,66,66,66,66,66,66,60,60,60,60,60,60,60,60,60,60,60,60,60,60,60,60,60,60,60,60,60,60,60,60,60,60,60,60,60,60,60,60,60,60,60,60,60,60,60,60,60],"relic_stats":{"counters":[26,94],"Golden Idol":137,"Blue Candle":[0],"Eternal Feather":18,"PreservedInsect":222,"Bag of Preparation":[20],"Whetstone":["Strike_G","Strike_G"],"Question Card":7,"WarpedTongs":[25],"Bronze Scales":[164],"Gambling Chip":[27],"Prayer Wheel":8,"obtain_stats":[{"TwistedFunnel":20,"NeowsBlessing":0,"Golden Idol":11,"Blue Candle":6,"Eternal Feather":46,"PreservedInsect":9,"Bag of Preparation":30,"Whetstone":10,"Ancient Tea Set":8,"Empty Cage":34,"Question Card":44,"WarpedTongs":38,"Bronze Scales":26,"Gambling Chip":37,"Prayer Wheel":24,"Membership Card":37,"Unceasing Top":36,"Ring of the Snake":0,"Runic Pyramid":17},{"TwistedFunnel":9,"NeowsBlessing":0,"Golden Idol":5,"Blue Candle":3,"Eternal Feather":23,"PreservedInsect":4,"Bag of Preparation":16,"Whetstone":5,"Ancient Tea Set":4,"Empty Cage":17,"Question Card":21,"WarpedTongs":19,"Bronze Scales":13,"Gambling Chip":19,"Prayer Wheel":12,"Membership Card":19,"Unceasing Top":19,"Ring of the Snake":0,"Runic Pyramid":8},{"TwistedFunnel":27,"NeowsBlessing":0,"Golden Idol":13,"Blue Candle":3,"Eternal Feather":86,"PreservedInsect":10,"Bag of Preparation":51,"Whetstone":13,"Ancient Tea Set":10,"Empty Cage":59,"Question Card":80,"WarpedTongs":69,"Bronze Scales":43,"Gambling Chip":69,"Prayer Wheel":38,"Membership Card":69,"Unceasing Top":69,"Ring of the Snake":0,"Runic Pyramid":23}],"Unceasing Top":[0],"Ring of the Snake":[52]},"card_choices":[{"not_picked":["Prepared","Tactician"],"picked":"Poisoned Stab","floor":1.0},{"not_picked":["Prepared","Dash"],"picked":"Crippling Poison","floor":2.0},{"not_picked":["Tactician","Setup"],"picked":"Blur","floor":6.0},{"not_picked":["Deadly Poison","Tactician"],"picked":"Catalyst","floor":8.0},{"not_picked":["Phantasmal Killer","Flying Knee"],"picked":"Acrobatics","floor":10.0},{"not_picked":["Underhanded Strike","Outmaneuver"],"picked":"Bouncing Flask","floor":13.0},{"not_picked":["Leg Sweep","Prepared"],"picked":"Backflip","floor":14.0},{"not_picked":["Unload","A Thousand Cuts"],"picked":"Burst","floor":16.0},{"not_picked":["Distraction","Blade Dance"],"picked":"PiercingWail","floor":18.0},{"not_picked":["Finisher","Slice"],"picked":"Deflect","floor":21.0},{"not_picked":["Backflip","Slice+1"],"picked":"Concentrate","floor":22.0},{"not_picked":["Finisher+1","Skewer","Bane"],"picked":"SKIP","floor":24.0},{"not_picked":["Prepared","Sucker Punch"],"picked":"Grand Finale","floor":25.0},{"not_picked":["Bane","Cloak And Dagger+1","Acrobatics"],"picked":"SKIP","floor":25.0},{"not_picked":["Bouncing Flask","Underhanded Strike"],"picked":"Tactician","floor":27.0},{"not_picked":["Sucker Punch","Dash","Acrobatics"],"picked":"SKIP","floor":27.0},{"not_picked":["Finisher+1","Skewer"],"picked":"PiercingWail","floor":28.0},{"not_picked":["Slice","Reflex","Eviscerate"],"picked":"SKIP","floor":28.0},{"not_picked":["Well Laid Plans","Terror"],"picked":"Wraith Form v2","floor":30.0},{"not_picked":["After Image","Phantasmal Killer"],"picked":"Burst","floor":33.0},{"not_picked":["Outmaneuver","Cloak And Dagger+1"],"picked":"Bane+1","floor":35.0},{"not_picked":["Expertise","Slice","PiercingWail"],"picked":"SKIP","floor":35.0},{"not_picked":["Tactician","Acrobatics+1"],"picked":"Flechettes","floor":36.0},{"not_picked":["Dodge and Roll","Finisher","Phantasmal Killer"],"picked":"SKIP","floor":39.0},{"not_picked":["Poisoned Stab","Expertise","Backstab"],"picked":"SKIP","floor":39.0},{"not_picked":["Acrobatics","Distraction+1","Tactician"],"picked":"SKIP","floor":44.0},{"not_picked":["Deadly Poison","Quick Slash","Reflex+1","Sucker Punch"],"picked":"SKIP","floor":45.0},{"not_picked":["Acrobatics","Setup","Finisher","Bane"],"picked":"SKIP","floor":45.0},{"not_picked":["Expertise","Masterful Stab","Reflex","Backflip"],"picked":"SKIP","floor":46.0},{"not_picked":["Sucker Punch","Outmaneuver","Infinite Blades","Choke"],"picked":"SKIP","floor":47.0},{"not_picked":["Noxious Fumes","Quick Slash","Skewer+1","Masterful Stab"],"picked":"SKIP","floor":47.0},{"not_picked":["Flying Knee+1","Backflip","Acrobatics"],"picked":"Night Terror","floor":48.0},{"not_picked":["Slice","Deadly Poison+1","Acrobatics+1","Sucker Punch"],"picked":"SKIP","floor":48.0}],"player_experience":484603,"relics_obtained":[{"floor":6.0,"key":"Blue Candle"},{"floor":8.0,"key":"Ancient Tea Set"},{"floor":9.0,"key":"PreservedInsect"},{"floor":10.0,"key":"Whetstone"},{"floor":24.0,"key":"Prayer Wheel"},{"floor":26.0,"key":"Bronze Scales"},{"floor":30.0,"key":"Bag of Preparation"},{"floor":36.0,"key":"Unceasing Top"},{"floor":44.0,"key":"Question Card"},{"floor":46.0,"key":"Eternal Feather"}],"event_choices":[{"damage_healed":0.0,"max_hp_gain":0.0,"max_hp_loss":0.0,"gold_gain":75.0,"event_name":"World of Goop","player_choice":"Gather Gold","floor":4.0,"gold_loss":0.0,"damage_taken":11.0},{"damage_healed":0.0,"max_hp_gain":0.0,"max_hp_loss":0.0,"gold_gain":0.0,"event_name":"Living Wall","player_choice":"Grow","floor":5.0,"gold_loss":0.0,"damage_taken":0.0,"cards_upgraded":["Crippling Poison"]},{"damage_healed":0.0,"max_hp_gain":0.0,"max_hp_loss":6.0,"gold_gain":0.0,"event_name":"Golden Idol","player_choice":"Lose Max HP","floor":11.0,"gold_loss":0.0,"damage_taken":0.0,"relics_obtained":["Golden Idol"]},{"damage_healed":0.0,"max_hp_gain":0.0,"max_hp_loss":0.0,"gold_gain":0.0,"event_name":"The Joust","player_choice":"Bet on Murderer","floor":19.0,"gold_loss":50.0,"damage_taken":0.0},{"damage_healed":0.0,"max_hp_gain":0.0,"max_hp_loss":0.0,"gold_gain":0.0,"event_name":"The Mausoleum","player_choice":"Ignored","floor":31.0,"gold_loss":0.0,"damage_taken":0.0},{"damage_healed":0.0,"max_hp_gain":0.0,"max_hp_loss":0.0,"gold_gain":0.0,"event_name":"Mysterious Sphere","player_choice":"Fight","floor":36.0,"gold_loss":0.0,"damage_taken":0.0},{"damage_healed":0.0,"max_hp_gain":0.0,"max_hp_loss":0.0,"gold_gain":0.0,"event_name":"Accursed Blacksmith","player_choice":"Rummage","floor":38.0,"gold_loss":0.0,"damage_taken":0.0,"relics_obtained":["WarpedTongs"],"cards_obtained":["Pain"]}],"is_beta":false,"boss_relics":[{"not_picked":["Coffee Dripper","Astrolabe"],"picked":"Runic Pyramid"},{"not_picked":["Calling Bell","Snecko Eye"],"picked":"Empty Cage"}],"items_purged_floors":[3,20,37],"is_endless":false,"potions_floor_spawned":[2,8,10,16,18,21,30,33,39,45,47],"killed_by":"Donu and Deca","ascension_level":20}}