{"host":"px2oznrenyeljk7o","time":1613818494,"event":{"mods":["100% Spire Juice","2.2 Compatiblity","A Penny For Your Troubles","AchievementEnabler","Act Like it!","Arknights","Aspiration","Astrologer","BaseMod","Better Altar","Better Match","Better Note","Better Sensory Stone","Better Skull","Better Third Choice","BetterRewards","Bossed Relics","ChefMod","Colored Map","Conspire","Curses Come First","Energized Spire","Evolution","Fireblade Mod","Fox Events","GifTheSpireLib","GungeonMod","Hermit","KinomotoSakuraMod(????)","Koishi","LagranYue(???·?)","Lobotomy","LobotomyExtend","Luminous","Marisa????????","Minty Spire (QoL Compilation)","Nova Terra(??·??)","Poor People Problems","Potionbrewer","Prisma Mod","Quick Restart","Random Character Button","Rare Cards Sparkle","Reimu??????","Reliquary","Replay The Spire","Robot Space Explorer","Shade Mod","Shapeshifter Mod","Small Relic Pack","Somnambulant","Spicy Shops","StSLib","Stuff the Spire","The Administrix","The Alterego","The Animator","The Blackbeard","The Blue Laboratory","The Bug Knight","The Clintock","The Construct","The Cursed","The Death Knight","The Disciple","The Florist","The Gatherer","The Hayseed","The Hierophant","The Jungle","The Marked","The Mystic","The Runesmith","The Servant 0.9.4","The Trickster","TheFirefly","TheSurvivalist","TheWitcher","WarShipGirlsR/????R mod","Wide Potions","Yakumo Yukari mod","Yuri Mod","everything is the same but u backflip on backflip","slay the spire mod where everything is the same but ironclad has a cowboy hat","??????REMEMod"],"gold_per_floor":[112,129,149,41,41,72,72,107,133,28,28,43,63,87,87,197,197,197,70,90,119,152,152,185,210,235,281,303,363,363,392,392,521,521,564,182,13,66,66,66,110,110,134,166,205,205,229,235,235],"floor_reached":48,"language":"ENG","playtime":5629,"items_purged":[],"score":641,"play_id":"c09d1320-22d7-4e87-aa93-33f686300ccc","local_time":"20210220115454","is_ascension_mode":false,"campfire_choices":[{"floor":7.0,"key":"REST"},{"floor":11.0,"key":"REST"},{"floor":15.0,"key":"REST"},{"floor":23.0,"key":"REST"},{"floor":30.0,"key":"REST"},{"floor":32.0,"key":"REST"},{"floor":40,"key":"REST"},{"floor":42,"key":"REST"}],"circlet_count":0,"master_deck":["FireBladeMod:DefendFireBlade","FireBladeMod:DefendFireBlade","FireBladeMod:DefendFireBlade","FireBladeMod:DefendFireBlade","FireBladeMod:FlamingSword","FireBladeMod:FireBarrier+1","Runesmith:Accelerate","FireBladeMod:ThirdDegree","FireBladeMod:AntiMagic","FireBladeMod:SmashingEndurance","FireBladeMod:GetPumped+1","FireBladeMod:ScorchingStrike","FireBladeMod:AntiMagic","FireBladeMod:Flames","FireBladeMod:AdrenalineBoost","FireBladeMod:BasicSmash","FireBladeMod:Shove","FireBladeMod:SoulStrike","FireBladeMod:Ignition","FireBladeMod:Swipe","FireBladeMod:Swipe","FireBladeMod:Swipe","FireBladeMod:Swipe","FireBladeMod:Swipe","Discovery","FireBladeMod:SoulSword","FireBladeMod:RapidDodges","FireBladeMod:FlashBang","FireBladeMod:ThirstForBlood","FireBladeMod:Flames","FireBladeMod:TorsoSmash+1","FireBladeMod:Robust","FireBladeMod:Refreshment","FireBladeMod:Turtle","FireBladeMod:FinishingBarrage","FireBladeMod:HellFire","FireBladeMod:ComplexDefense","Specialist","Metamorphosis","Dramatic Entrance","Jack Of All Trades","REME_Flogging","FireBladeMod:SmashingEndurance+1","FireBladeMod:ThirstForBlood+1","FireBladeMod:SpiritEndurance+1","Mayhem","StuffTheSpire:CelestialWarden","Discovery+1"],"relics":["FireBladeMod:DuelistLocket","EVO:Axolotl","REME_ComplimentaryCards","LagranYue:RandomDrawCardRelic","LetterFromLob","DemoMod:PoisonVial","DemoMod:BlueGuonStone","Replay:Bandana","FireBladeMod:TigerClaw","ReplayTheSpireMod:Lightbulb","relicPack:DarknessArmor","REME_LowDesire","Juzu Bracelet","DemoMod:ClearGuonStone","ReplayTheSpireMod:ShopPack","Regal Pillow","reliquary:Firecrackers","conspire:TopHat"],"acts_visited":["Exordium","TheCity","TheBeyond"],"potions_floor_usage":[35,41,45,47],"damage_taken":[{"damage":0.0,"enemies":"ats:Genji","floor":1.0,"turns":3.0},{"damage":0.0,"enemies":"Cultist","floor":2.0,"turns":4.0},{"damage":2.0,"enemies":"2 Louse","floor":3.0,"turns":3.0},{"damage":41.0,"enemies":"3 Sentries","floor":6.0,"turns":11.0},{"damage":0.0,"enemies":"Replay:BlueRogue","floor":8.0,"turns":4.0},{"damage":4.0,"enemies":"Blue Slaver","floor":12.0,"turns":4.0},{"damage":4.0,"enemies":"3 Louse","floor":13.0,"turns":3.0},{"damage":8.0,"enemies":"Exordium Thugs","floor":14.0,"turns":4.0},{"damage":34.0,"enemies":"Hexaghost","floor":16.0,"turns":9.0},{"damage":0.0,"enemies":"Chosen","floor":20.0,"turns":4.0},{"damage":9.0,"enemies":"2 Thieves","floor":21.0,"turns":5.0},{"damage":15.0,"enemies":"3 Cultists","floor":22.0,"turns":4.0},{"damage":0.0,"enemies":"Cultist and Chosen","floor":24.0,"turns":4.0},{"damage":17.0,"enemies":"conspire:HollyBat","floor":25.0,"turns":8.0},{"damage":3.0,"enemies":"HollowMod:Nosk","floor":27.0,"turns":5.0},{"damage":14.0,"enemies":"Snake Plant","floor":28.0,"turns":3.0},{"damage":0.0,"enemies":"conspire:Head Lice","floor":29.0,"turns":5.0},{"damage":12.0,"enemies":"Centurion and Healer","floor":31.0,"turns":7.0},{"damage":18.0,"enemies":"Automaton","floor":33.0,"turns":5.0},{"damage":33,"enemies":"3 Darklings","floor":35,"turns":6},{"damage":28,"enemies":"3 Shapes","floor":38,"turns":4},{"damage":14,"enemies":"Nemesis","floor":41,"turns":5},{"damage":6,"enemies":"Maw","floor":44,"turns":6},{"damage":27,"enemies":"3 Darklings","floor":45,"turns":5},{"damage":13,"enemies":"Writhing Mass","floor":47,"turns":6},{"damage":25,"enemies":"Jaw Worm Horde","floor":48,"turns":2}],"seed_played":"4930685402438912485","potions_obtained":[{"floor":2.0,"key":"blueLaboratory:LouseDecoction"},{"floor":6.0,"key":"DemoMod:LeadSkinPotion"},{"floor":8.0,"key":"REME_GoldPotion"},{"floor":12.0,"key":"potionbrewer:CleansingPotion"},{"floor":13.0,"key":"ColorlessPotion"},{"floor":25.0,"key":"Explosive Potion"},{"floor":28.0,"key":"blueLaboratory:BottleOfVodka"},{"floor":29.0,"key":"potionbrewer:FreezingPotion"},{"floor":31.0,"key":"FireBladeMod:NapalmFlask"},{"floor":33.0,"key":"EssenceOfSteel"},{"floor":38,"key":"FireBladeMod:NapalmFlask"},{"floor":41,"key":"blueLaboratory:FrostheartPotion"}],"is_trial":false,"path_per_floor":["M","M","M","$","?","E","R","E","T","$","R","M","M","M","R","B",null,"M","$","M","M","M","R","M","M","T","E","M","E","R","M","R","B",null,"M","$","$","M","?","R","E","R","T","M","M","?","M","M"],"character_chosen":"THE_FIREBLADE","items_purchased":["FireBladeMod:GetPumped+1","FireBladeMod:ScorchingStrike","FireBladeMod:AdrenalineBoost","Discovery","FireBladeMod:SoulSword","ReplayTheSpireMod:ShopPack","Specialist","Regal Pillow","REME_Flogging"],"campfire_rested":8,"item_purchase_floors":[4,4,10,19,19,36,36,36,37],"current_hp_per_floor":[70,70,68,68,70,29,50,50,50,50,70,66,62,54,70,36,70,70,70,70,61,46,67,67,50,50,47,33,33,54,50,70,52,70,37,37,37,9,9,45,31,67,67,61,34,34,23,0,0],"gold":235,"neow_bonus":"UPGRADE_CARD","is_daily":false,"chose_seed":false,"campfire_upgraded":0,"win_rate":0.0,"timestamp":1613818494,"path_taken":["M","M","M","$","?","E","R","E","T","$","R","M","M","M","R","BOSS","M","$","M","M","M","R","M","M","T","E","M","E","R","M","R","BOSS","M","?","$","M","?","R","E","R","T","M","M","?","M","M"],"items_purchased_type":["Card","Card","Card","Card","Card","Relic","Card","Relic","Card"],"build_version":"2020-12-22","purchased_purges":0,"victory":false,"max_hp_per_floor":[70,70,70,70,70,70,70,70,70,70,70,70,70,70,70,70,70,70,70,70,70,70,70,70,70,70,70,70,70,70,70,70,70,70,70,70,70,70,70,70,70,70,70,70,70,70,70,70,70],"card_choices":[{"not_picked":["FireBladeMod:SteadyEndurance","FireBladeMod:ScorchingStrike"],"picked":"FireBladeMod:ThirdDegree","floor":1.0},{"not_picked":["FireBladeMod:GetPumped","FireBladeMod:Shove"],"picked":"FireBladeMod:AntiMagic","floor":2.0},{"not_picked":["FireBladeMod:BasicSmash","FireBladeMod:ScorchingStrike"],"picked":"FireBladeMod:SmashingEndurance","floor":3.0},{"not_picked":["FireBladeMod:SmashingEndurance","FireBladeMod:StingingSlash"],"picked":"FireBladeMod:AntiMagic","floor":6.0},{"not_picked":["FireBladeMod:WellPrepared","FireBladeMod:ComplexDefense"],"picked":"FireBladeMod:Flames","floor":8.0},{"not_picked":["FireBladeMod:ComboCleave","FireBladeMod:IronEndurance"],"picked":"FireBladeMod:BasicSmash","floor":12.0},{"not_picked":["FireBladeMod:WellPrepared","FireBladeMod:DebilitatingBlow"],"picked":"FireBladeMod:Shove","floor":13.0},{"not_picked":["FireBladeMod:BackhandSwing","FireBladeMod:Shove"],"picked":"FireBladeMod:SoulStrike","floor":14.0},{"not_picked":["FireBladeMod:HellFire","FireBladeMod:BodyAsFuel"],"picked":"FireBladeMod:Ignition","floor":16.0},{"not_picked":["FireBladeMod:SmokySwing+1","FireBladeMod:StingingSlash"],"picked":"FireBladeMod:RapidDodges","floor":20.0},{"not_picked":["FireBladeMod:SmashingEndurance","FireBladeMod:ComplexAttack"],"picked":"FireBladeMod:FlashBang","floor":21.0},{"not_picked":["FireBladeMod:SteadyEndurance","FireBladeMod:ComboSlashes"],"picked":"FireBladeMod:ThirstForBlood","floor":22.0},{"not_picked":["FireBladeMod:Unbalance","FireBladeMod:Tempo"],"picked":"FireBladeMod:Flames","floor":24.0},{"not_picked":["FireBladeMod:BasicSmash","FireBladeMod:FerventSlash"],"picked":"FireBladeMod:TorsoSmash+1","floor":25.0},{"not_picked":["FireBladeMod:ScorchingCleave","FireBladeMod:SmashingEndurance"],"picked":"FireBladeMod:Robust","floor":27.0},{"not_picked":["FireBladeMod:SoulStrike","FireBladeMod:FinishingBarrage+1"],"picked":"FireBladeMod:Refreshment","floor":28.0},{"not_picked":["FireBladeMod:Blitzkreig","FireBladeMod:WellPrepared"],"picked":"FireBladeMod:Turtle","floor":29.0},{"not_picked":["FireBladeMod:Shove","FireBladeMod:SoulStrike+1"],"picked":"FireBladeMod:FinishingBarrage","floor":31.0},{"not_picked":["FireBladeMod:BattleMage","FireBladeMod:Blitzkreig"],"picked":"FireBladeMod:HellFire","floor":33.0},{"not_picked":["FireBladeMod:Flames","FireBladeMod:SpinningSmash","HandOfGreed"],"picked":"FireBladeMod:ComplexDefense","floor":35},{"not_picked":["Violence","ReplayUltimateDefense","Poisoned Strike"],"picked":"Metamorphosis","floor":36},{"not_picked":["REME_BodyOfCthun","Thinking Ahead","Impatience"],"picked":"Dramatic Entrance","floor":36},{"not_picked":["Replay:Parry","Replay:BasicMightCard","Dark Shackles"],"picked":"Jack Of All Trades","floor":36},{"not_picked":["FireBladeMod:ComplexAttack","FireBladeMod:Unbalance","REME_AllRoundStrike"],"picked":"FireBladeMod:SmashingEndurance+1","floor":38},{"not_picked":["FireBladeMod:MomentumStrikes+1","FireBladeMod:ThirdDegree","Survey Options"],"picked":"FireBladeMod:ThirstForBlood+1","floor":41},{"not_picked":["FireBladeMod:SmokeInTheEyes","FireBladeMod:Wildfire+1","ReplayTheSpireMod:Uncanny Aura+1"],"picked":"FireBladeMod:SpiritEndurance+1","floor":44},{"not_picked":["FireBladeMod:ThirdDegree+1","FireBladeMod:FlashBang+1","FireBladeMod:ScorchingStrike"],"picked":"Mayhem","floor":45},{"not_picked":["StuffTheSpire:Ambrosia","StuffTheSpire:Perfection"],"picked":"StuffTheSpire:CelestialWarden","floor":46},{"not_picked":["FireBladeMod:ArmSmash","FireBladeMod:WellPrepared","FireBladeMod:Accelerant"],"picked":"Discovery+1","floor":47}],"player_experience":631107,"relics_obtained":[{"floor":1.0,"key":"LetterFromLob"},{"floor":6.0,"key":"DemoMod:PoisonVial"},{"floor":8.0,"key":"DemoMod:BlueGuonStone"},{"floor":9.0,"key":"Replay:Bandana"},{"floor":26.0,"key":"ReplayTheSpireMod:TigerMarble"},{"floor":27.0,"key":"ReplayTheSpireMod:Lightbulb"},{"floor":29.0,"key":"relicPack:DarknessArmor"},{"floor":34,"key":"Juzu Bracelet"},{"floor":34,"key":"DemoMod:ClearGuonStone"},{"floor":41,"key":"reliquary:Firecrackers"},{"floor":43,"key":"conspire:TopHat"}],"event_choices":[],"is_beta":false,"boss_relics":[{"not_picked":["StuffTheSpire:ModemDavis","LagranYue:SoulBurningRelic"],"picked":"FireBladeMod:TigerClaw"},{"not_picked":["Replay:Fungal Core","REME_DuelDisc"],"picked":"REME_LowDesire"}],"items_purged_floors":[],"is_endless":false,"potions_floor_spawned":[2,6,8,12,13,25,28,29,31,33,38,41],"killed_by":"Jaw Worm Horde","ascension_level":0}}