{"host":"8e35oykb3je6g7ng","time":1613792909,"event":{"mods":["Act Like it!","Ascension Unlocker","BaseMod","Better Altar","Better Match","Better Note","Better Sensory Stone","Better Third Choice","BetterRewards","Block Reminder","Card Forge","Colored Map","Curses Come First","Downfall","GifTheSpireLib","Minty Spire (QoL Compilation)","Permanent Neow","Quick Restart","Relic Filter","StSLib","The Animator","The Saiyan","UnlockEverythingMod"],"gold_per_floor":[99,113,128,142,152,152,152,177,188,206,206,216,244,244,255,356,356,356,370,384,18,18,38,89,102,102,102,102,102,102,119,139,239,239,239,253,272,272,291,326,626,209,9,41,41,96,119,146,157,157],"floor_reached":51,"language":"ENG","playtime":3724,"items_purged":["Guardian:Strike_Guardian","Guardian:Strike_Guardian"],"score":879,"play_id":"611c0634-235c-4adf-b105-1891aab81458","local_time":"20210219224829","is_ascension_mode":true,"campfire_choices":[{"data":"Guardian:CurlUp","floor":1.0,"key":"SMITH"},{"data":"Guardian:BronzeArmor","floor":11.0,"key":"SMITH"},{"data":"Guardian:SentryBeam","floor":18.0,"key":"SMITH"},{"data":"Guardian:BaubleBeam","floor":26.0,"key":"SMITH"},{"data":"Mayhem","floor":30.0,"key":"SMITH"},{"data":"Guardian:RevengeProtocol","floor":35,"key":"SMITH"},{"floor":43,"key":"RECALL"},{"data":"Guardian:BronzeOrb","floor":45,"key":"SMITH"}],"circlet_count":0,"master_deck":["Guardian:Defend_Guardian","Guardian:Defend_Guardian+1","Guardian:Defend_Guardian+1","Guardian:CurlUp+1","Guardian:TwinSlam","Guardian:RollAttack","Guardian:BronzeArmor+1","Guardian:BronzeOrb","Guardian:MultiBeam","Guardian:Recover","Guardian:TimeBomb","Guardian:TimeCapacitor+1","Guardian:SentryBeam+1","Guardian:BaubleBeam+1","Guardian:Suspension+1","Guardian:Planning+1","Mayhem+1","Guardian:BronzeOrb+1","Guardian:Reroute","Guardian:GuardianWhirl+1","Guardian:RevengeProtocol+1","Guardian:FloatingOrbs+1","Guardian:PolyBeam+1","Guardian:Gem_White","Guardian:TimeCapacitor+1","Guardian:AncientConstruct"],"relics":["Guardian:ModeShifter","Hammer of Thor","Seething Fire","Anvil of the Gods","Anchor","Torii","Odd Mushroom","Mango","White Beast Statue","Philosopher\u0027s Stone","FaceOfCleric","Runic Pyramid","The Courier","Old Coin","War Paint","Bottled Flame","downfall:HeartBlessingGreen","downfall:HeartBlessingBlue","Du-Vu Doll","Prayer Wheel","Nunchaku","Singing Bowl"],"acts_visited":["Exordium","TheCity","TheBeyond"],"potions_floor_usage":[40,40,42,46,46,48,50,50,50],"damage_taken":[{"damage":3.0,"enemies":"Jaw Worm","floor":2.0,"turns":4.0},{"damage":0.0,"enemies":"2 Louse","floor":3.0,"turns":3.0},{"damage":0.0,"enemies":"Small Slimes","floor":4.0,"turns":2.0},{"damage":0.0,"enemies":"2 Fungi Beasts","floor":5.0,"turns":3.0},{"damage":0.0,"enemies":"The Mushroom Lair","floor":8.0,"turns":4.0},{"damage":0.0,"enemies":"downfall:LooterAlt","floor":9.0,"turns":2.0},{"damage":0.0,"enemies":"Blue Slaver","floor":10.0,"turns":2.0},{"damage":0.0,"enemies":"2 Fungi Beasts","floor":12.0,"turns":2.0},{"damage":7.0,"enemies":"Gremlin Nob","floor":13.0,"turns":5.0},{"damage":7.0,"enemies":"Large Slime","floor":15.0,"turns":4.0},{"damage":6.0,"enemies":"SI_SHIV_ARCHETYPE","floor":16.0,"turns":8.0},{"damage":3.0,"enemies":"3 Byrds","floor":19.0,"turns":4.0},{"damage":1.0,"enemies":"Spheric Guardian","floor":20.0,"turns":3.0},{"damage":0.0,"enemies":"downfall:FleeingMerchant","floor":21.0,"turns":4.0},{"damage":1.0,"enemies":"Centurion and Healer","floor":23.0,"turns":7.0},{"damage":0.0,"enemies":"Chosen and Byrds","floor":25.0,"turns":3.0},{"damage":8.0,"enemies":"3 Cultists","floor":31.0,"turns":4.0},{"damage":12.0,"enemies":"Centurion and Healer","floor":32.0,"turns":4.0},{"damage":1.0,"enemies":"WA_ARCHETYPE_CALM","floor":33.0,"turns":7.0},{"damage":0,"enemies":"3 Shapes","floor":36,"turns":4},{"damage":9,"enemies":"Orb Walker","floor":37,"turns":4},{"damage":8,"enemies":"4 Shapes","floor":39,"turns":4},{"damage":0,"enemies":"Giant Head","floor":40,"turns":7},{"damage":0,"enemies":"downfall:FleeingMerchant","floor":42,"turns":4},{"damage":0,"enemies":"Nemesis","floor":44,"turns":5},{"damage":20,"enemies":"2 Orb Walkers","floor":46,"turns":4},{"damage":0,"enemies":"Giant Head","floor":48,"turns":4},{"damage":1,"enemies":"Spire Growth","floor":49,"turns":4},{"damage":34,"enemies":"IC_BLOCK_ARCHETYPE","floor":50,"turns":7}],"seed_played":"-7406076239987790809","potions_obtained":[{"floor":4.0,"key":"SteroidPotion"},{"floor":5.0,"key":"LiquidBronze"},{"floor":8.0,"key":"Swift Potion"},{"floor":10.0,"key":"LiquidBronze"},{"floor":15.0,"key":"Explosive Potion"},{"floor":16.0,"key":"SmokeBomb"},{"floor":19.0,"key":"Guardian:DefensiveModePotion"},{"floor":20.0,"key":"PowerPotion"},{"floor":21.0,"key":"PowerPotion"},{"floor":23.0,"key":"FearPotion"},{"floor":25.0,"key":"Ancient Potion"},{"floor":31.0,"key":"DistilledChaos"},{"floor":32.0,"key":"champ:CounterPotion"},{"floor":33.0,"key":"BlessingOfTheForge"},{"floor":39,"key":"bronze:BurnAndBuffPotion"},{"floor":40,"key":"BlessingOfTheForge"},{"floor":42,"key":"Fruit Juice"},{"floor":44,"key":"Explosive Potion"},{"floor":46,"key":"Strength Potion"},{"floor":48,"key":"Slimebound:ThreeZeroPotion"},{"floor":49,"key":"EssenceOfSteel"}],"is_trial":false,"path_per_floor":["R","M","M","M","M","?","T","?","M","M","R","M","E","T","M","B",null,"R","M","M","$","?","M","T","M","R","?","?","?","R","M","M","B",null,"R","M","M","?","M","E","T","$","R","E","R","?","T","E","M","B",null],"character_chosen":"GUARDIAN","items_purchased":["Mayhem","Guardian:BronzeOrb","Guardian:Reroute","War Paint","Bottled Flame"],"campfire_rested":0,"item_purchase_floors":[21,21,21,42,42],"current_hp_per_floor":[80,77,77,77,77,59,59,59,59,59,59,59,66,66,59,53,94,94,91,90,90,82,81,81,81,81,81,81,81,81,74,63,63,97,97,98,90,90,83,84,84,85,95,96,96,77,77,80,82,54],"gold":157,"neow_bonus":"RANDOM_COMMON_RELIC","is_daily":false,"chose_seed":false,"campfire_upgraded":7,"win_rate":0.0,"timestamp":1613792909,"path_taken":["R","M","M","M","M","?","T","?","M","M","R","M","E","?","M","BOSS","R","M","M","$","?","M","T","M","R","?","?","?","R","?","M","BOSS","R","M","M","?","M","E","T","$","R","E","R","?","?","E","M","BOSS"],"items_purchased_type":["Card","Card","Card","Relic","Relic"],"build_version":"2020-12-22","purchased_purges":2,"victory":true,"max_hp_per_floor":[80,80,80,80,80,80,80,80,80,80,80,80,94,94,94,94,94,94,94,94,94,94,94,94,94,94,94,94,94,94,95,96,97,97,97,98,99,99,100,101,101,102,112,113,113,114,114,117,120,126],"card_choices":[{"not_picked":["Guardian:Gem_Cyan","Guardian:CrystalBeam"],"picked":"Guardian:Gem_Red","floor":2.0},{"not_picked":["Guardian:ShieldCharger","Guardian:PiercingHide"],"picked":"Guardian:RollAttack","floor":3.0},{"not_picked":["Guardian:DonusPower","Guardian:VentSteam"],"picked":"Guardian:BronzeArmor","floor":4.0},{"not_picked":["Guardian:WalkerClaw","Guardian:Recover"],"picked":"Guardian:Gem_Yellow","floor":5.0},{"not_picked":["Guardian:Planning","Guardian:Reroute"],"picked":"Guardian:BronzeOrb","floor":8.0},{"not_picked":["Guardian:DonusPower","Guardian:ArmoredProtocol"],"picked":"Guardian:MultiBeam","floor":9.0},{"not_picked":["Guardian:Planning","Guardian:TemporalShield"],"picked":"Guardian:Recover","floor":10.0},{"not_picked":["Guardian:Emergency","Guardian:Gem_Lightblue"],"picked":"Guardian:TimeBomb","floor":12.0},{"not_picked":["Guardian:Harden","Guardian:Suspension"],"picked":"Guardian:TimeCapacitor","floor":13.0},{"not_picked":["Guardian:PrimingBeam","Guardian:TemporalShield"],"picked":"Guardian:SentryBeam","floor":15.0},{"not_picked":["Guardian:FastForward","Guardian:HyperBeam_Guardian"],"picked":"Guardian:BaubleBeam","floor":16.0},{"not_picked":["Guardian:TemporalShield","Guardian:PiercingHide+1"],"picked":"Guardian:Suspension+1","floor":19.0},{"not_picked":["Guardian:Gem_Fragmented","Guardian:GuardianWhirl"],"picked":"Guardian:Gem_Yellow","floor":20.0},{"not_picked":["Guardian:PiercingHide","Guardian:ChargeCore"],"picked":"Guardian:Planning+1","floor":21.0},{"not_picked":["Guardian:ArmoredProtocol","Guardian:Recover"],"picked":"Guardian:GuardianWhirl+1","floor":23.0},{"not_picked":["Guardian:Emergency","Guardian:TemporalShield"],"picked":"Guardian:Gem_Red","floor":25.0},{"not_picked":["Guardian:BronzeArmor","Guardian:Gem_Green","Guardian:PrimingBeam"],"picked":"SKIP","floor":31.0},{"not_picked":["Guardian:SentryBeam","Guardian:RollAttack"],"picked":"Guardian:Gem_Red","floor":32.0},{"not_picked":["Guardian:RevengeProtocol","Guardian:ExploitGems"],"picked":"Guardian:Gem_Synthetic","floor":33.0},{"not_picked":["Guardian:Suspension+1","Guardian:TimeBomb+1","Guardian:VentSteam+1"],"picked":"SKIP","floor":36},{"not_picked":["Guardian:Gem_Red","Guardian:Gem_Lightblue"],"picked":"Guardian:FloatingOrbs+1","floor":37},{"not_picked":["Guardian:Suspension+1","Guardian:Gem_Cyan"],"picked":"Guardian:PolyBeam+1","floor":39},{"not_picked":["Guardian:TimeCapacitor","Guardian:Incinerate","Guardian:PrismaticBeam+1"],"picked":"SKIP","floor":40},{"not_picked":["Guardian:EvasiveProtocol+1","Guardian:VentSteam","Guardian:SentryBeam"],"picked":"SKIP","floor":42},{"not_picked":["Guardian:EvasiveProtocol","Guardian:Suspension"],"picked":"Guardian:Gem_White","floor":44},{"not_picked":["Guardian:Gem_Green","Guardian:PrismaticBarrier+1"],"picked":"Guardian:TimeCapacitor+1","floor":46},{"not_picked":["Guardian:Gem_Green","Guardian:Gem_Purple","Guardian:Preprogram+1"],"picked":"Singing Bowl","floor":48},{"not_picked":["Guardian:Gem_Lightblue","Guardian:PolyBeam","Guardian:Harden"],"picked":"Singing Bowl","floor":49},{"not_picked":["Guardian:Gem_Cyan","Guardian:DecasProtection"],"picked":"Guardian:AncientConstruct","floor":49}],"player_experience":545602,"relics_obtained":[{"floor":7.0,"key":"Torii"},{"floor":8.0,"key":"Odd Mushroom"},{"floor":13.0,"key":"Mango"},{"floor":14.0,"key":"White Beast Statue"},{"floor":40,"key":"The Courier"},{"floor":41,"key":"Old Coin"},{"floor":44,"key":"Du-Vu Doll"},{"floor":46,"key":"Prayer Wheel"},{"floor":47,"key":"Nunchaku"},{"floor":48,"key":"Singing Bowl"}],"event_choices":[{"damage_healed":0.0,"max_hp_gain":0.0,"max_hp_loss":0.0,"gold_gain":0.0,"event_name":"Mushrooms","player_choice":"Fought Mushrooms","floor":8.0,"gold_loss":0.0,"damage_taken":0.0},{"damage_healed":0.0,"max_hp_gain":0.0,"max_hp_loss":0.0,"gold_gain":0.0,"event_name":"FaceTrader","player_choice":"Trade","floor":27.0,"gold_loss":0.0,"damage_taken":0.0,"relics_obtained":["FaceOfCleric"]},{"damage_healed":0.0,"max_hp_gain":0.0,"max_hp_loss":0.0,"gold_gain":0.0,"event_name":"The Library","player_choice":"Read","floor":29.0,"gold_loss":0.0,"damage_taken":0.0,"cards_obtained":["Guardian:RevengeProtocol"]},{"cards_removed":["Guardian:Defend_Guardian"],"damage_healed":0,"gold_gain":0,"player_choice":"Removed Skill","damage_taken":0,"max_hp_gain":0,"max_hp_loss":0,"event_name":"Falling","floor":38,"gold_loss":0},{"damage_healed":0,"gold_gain":0,"player_choice":"Fight","damage_taken":0,"max_hp_gain":0,"max_hp_loss":0,"event_name":"Mysterious Sphere","floor":46,"gold_loss":0}],"is_beta":false,"boss_relics":[{"not_picked":["Sozu","Velvet Choker"],"picked":"Philosopher\u0027s Stone"},{"not_picked":["SacredBark","Pandora\u0027s Box"],"picked":"Runic Pyramid"}],"items_purged_floors":[21,42],"is_endless":false,"potions_floor_spawned":[4,5,8,10,15,16,19,20,21,23,25,31,32,33,36,37,39,40,42,44,46,48,49],"ascension_level":1}}