{"host":"1lwxixhv2lzh5ag1","time":1613840575,"event":{"mods":["AchievementEnabler","BaseMod","Bestiary","Better Altar","Better Match","Better Note","Better Sensory Stone","Better Silent Start","Better Skull","Better Third Choice","BetterRewards","Colored Map","Colored Powertips","DeckTracker","Displayed Cursed Tome","Downfall","Fox Events","Hubris","Minty Spire (QoL Compilation)","Permanent Neow","Relic Stats","Reliquary","Replay The Spire","Spire Arcade","StSLib","Td1madao Mod","The Blue Laboratory","Uncapped","Waifu the Spire"],"gold_per_floor":[211,226,226,241,260,260,260],"floor_reached":6,"language":"ENG","playtime":322,"items_purged":[],"score":38,"play_id":"98b1272c-1219-4ef4-a760-1e2e4d43445d","local_time":"20210220120255","is_ascension_mode":false,"campfire_choices":[],"circlet_count":0,"master_deck":["Strike_G","Strike_G","Strike_G","Strike_G","Defend_G","Defend_G","Defend_G","Defend_G","Survivor","Neutralize","Deflect","Cloak And Dagger","Crippling Poison","Cloak And Dagger"],"relics":["Ring of the Snake","Strawberry"],"acts_visited":["Exordium"],"potions_floor_usage":[],"damage_taken":[{"damage":0,"enemies":"2 Louse","floor":1,"turns":5},{"damage":0,"enemies":"Cultist","floor":2,"turns":4},{"damage":0,"enemies":"Small Slimes","floor":4,"turns":4},{"damage":10,"enemies":"Exordium Thugs","floor":5,"turns":6},{"damage":66,"enemies":"Lagavulin","floor":6,"turns":12}],"seed_played":"1734471824383874991","potions_obtained":[{"floor":1,"key":"blueLaboratory:PhilterOfMotion"}],"is_trial":false,"path_per_floor":["M","M","?","M","M","E"],"character_chosen":"THE_SILENT","items_purchased":[],"campfire_rested":0,"item_purchase_floors":[],"current_hp_per_floor":[70,70,60,60,50,0,0],"gold":260,"neow_bonus":"HUNDRED_GOLD","is_daily":false,"chose_seed":false,"campfire_upgraded":0,"win_rate":0.0,"timestamp":1613840575,"path_taken":["M","M","?","?","M","E"],"items_purchased_type":[],"build_version":"2020-12-22","purchased_purges":0,"victory":false,"max_hp_per_floor":[70,70,77,77,77,77,77],"relic_stats":{"counters":[5,31],"obtain_stats":[{"Strawberry":3,"Ring of the Snake":0},{"Strawberry":2,"Ring of the Snake":0},{"Strawberry":9,"Ring of the Snake":0}],"Ring of the Snake":[25]},"card_choices":[{"not_picked":["Eviscerate","Backflip"],"picked":"Deflect","floor":1},{"not_picked":["Deflect","Outmaneuver"],"picked":"Cloak And Dagger","floor":2},{"not_picked":["Backflip","PiercingWail"],"picked":"Crippling Poison","floor":4},{"not_picked":["ReplayTheSpireMod:Speed Training","Deflect"],"picked":"Cloak And Dagger","floor":5}],"player_experience":34669,"relics_obtained":[],"event_choices":[{"damage_healed":0,"gold_gain":0,"player_choice":"RE ","damage_taken":19,"relics_obtained":["Strawberry"],"max_hp_gain":0,"max_hp_loss":0,"event_name":"betterSkull:BetterSkull","floor":3,"gold_loss":0,"cards_upgraded":[]}],"is_beta":false,"boss_relics":[],"items_purged_floors":[],"is_endless":false,"potions_floor_spawned":[1],"killed_by":"Lagavulin","ascension_level":0}}