{"host":"n23juj4d9qam5hh1","time":1613850124,"event":{"mods":["Act Like it!","BaseMod","Better Note","BetterRewards","Bossed Relics","Curses Come First","Displayed Cursed Tome","Infinite Spire","Minty Spire (QoL Compilation)","Relic Stats","Ruina","StSLib","Thieving Mod"],"gold_per_floor":[117,137,101,101,101,133,133,133,133,145,145,145,39,91,91,188,188,200,213,132,143,153,153,153,188,214,214,249,259,259,273,273,375,375,390,407,407,407,421,421,421,421],"floor_reached":41,"language":"ENG","playtime":2040,"items_purged":["Strike_B"],"score":515,"play_id":"c2b0b2c8-6927-4634-abaf-599a2f65067b","local_time":"20210220144204","is_ascension_mode":true,"campfire_choices":[{"floor":7,"key":"REST"},{"data":"Zap","floor":11,"key":"SMITH"},{"data":"Turbo","floor":15,"key":"SMITH"},{"floor":23,"key":"REST"},{"floor":27,"key":"REST"},{"floor":30,"key":"REST"},{"data":"infinitespire:Execution","floor":32,"key":"SMITH"},{"floor":40,"key":"REST"}],"circlet_count":0,"master_deck":["Strike_B","Strike_B","Strike_B","Defend_B","Defend_B","Defend_B","Defend_B","Zap+1","Dualcast+1","Coolheaded","Heatsinks","infinitespire:Execution+1","Doom and Gloom","Buffer+1","Turbo+1","Static Discharge+1","Electrodynamics+1","Self Repair+1","Redo+1","Capacitor+1","Fusion+1","Capacitor+1","Leap+1","Reboot","Turbo+1","Electrodynamics+1","Writhe","Melter+1"],"relics":["Sundial","Mark of the Bloom","Damaru","Strawberry","DollysMirror","Molten Egg 2","PureWater","Cables","infinitespire:MutagenicDexterity","infinitespire:Chaos"],"acts_visited":["Exordium","TheCity","TheBeyond"],"potions_floor_usage":[2,6,6,16,28,39],"damage_taken":[{"damage":0,"enemies":"Small Slimes","floor":1,"turns":3},{"damage":0,"enemies":"2 Louse","floor":2,"turns":1},{"damage":14,"enemies":"Lagavulin","floor":6,"turns":7},{"damage":6,"enemies":"Cultist","floor":10,"turns":4},{"damage":25,"enemies":"The Guardian","floor":16,"turns":12},{"damage":24,"enemies":"2 Thieves","floor":18,"turns":3},{"damage":24,"enemies":"3 Byrds","floor":19,"turns":2},{"damage":11,"enemies":"Snecko","floor":21,"turns":6},{"damage":9,"enemies":"Centurion and Healer","floor":22,"turns":5},{"damage":15,"enemies":"Gremlin Leader","floor":25,"turns":5},{"damage":32,"enemies":"Book of Stabbing","floor":28,"turns":4},{"damage":15,"enemies":"Chosen and Byrds","floor":29,"turns":2},{"damage":8,"enemies":"3 Cultists","floor":31,"turns":4},{"damage":13,"enemies":"Collector","floor":33,"turns":7},{"damage":8,"enemies":"3 Shapes","floor":35,"turns":4},{"damage":20,"enemies":"Orb Walker","floor":36,"turns":5},{"damage":26,"enemies":"Jaw Worm Horde","floor":39,"turns":4},{"damage":78,"enemies":"Transient","floor":41,"turns":3}],"seed_played":"368714601107620882","potions_obtained":[{"floor":0,"key":"Ancient Potion"},{"floor":0,"key":"ColorlessPotion"},{"floor":0,"key":"DistilledChaos"},{"floor":10,"key":"Weak Potion"},{"floor":22,"key":"SteroidPotion"},{"floor":25,"key":"Fire Potion"},{"floor":28,"key":"SpeedPotion"},{"floor":33,"key":"GamblersBrew"},{"floor":36,"key":"Fire Potion"}],"is_trial":false,"path_per_floor":["M","M","$","?","?","E","R","?","T","M","R","T","$","?","R","B",null,"M","M","$","M","M","R","?","E","T","R","E","M","R","M","R","B",null,"M","M","AVR","?","M","R","M"],"character_chosen":"DEFECT","items_purchased":["Heatsinks","Turbo","Static Discharge+1","Capacitor+1"],"campfire_rested":5,"item_purchase_floors":[3,13,13,20],"current_hp_per_floor":[75,75,75,75,58,44,66,66,66,60,60,60,60,60,60,35,75,51,37,37,36,37,59,59,54,54,75,53,38,60,62,62,59,75,75,65,65,65,39,39,0,0],"gold":421,"neow_bonus":"THREE_SMALL_POTIONS","is_daily":false,"chose_seed":false,"campfire_upgraded":3,"win_rate":0.0,"timestamp":1613850124,"path_taken":["M","M","$","?","?","E","R","?","T","?","R","?","$","?","R","BOSS","M","M","$","M","M","R","?","E","T","R","E","M","R","M","R","BOSS","M","M","AVR","?","M","R","M"],"items_purchased_type":["Card","Card","Card","Card"],"build_version":"2020-12-22","purchased_purges":1,"victory":false,"max_hp_per_floor":[75,75,75,75,75,75,75,75,75,75,75,75,75,75,75,75,75,75,75,75,75,75,75,75,75,75,75,75,75,75,75,75,75,75,75,75,82,82,82,82,82,82],"relic_stats":{"Mark of the Bloom":62,"counters":[18,81],"Sundial":[0],"obtain_stats":[{"Mark of the Bloom":37,"Oddly Smooth Stone":9,"infinitespire:EmptyRelic":37,"Damaru":37,"Frozen Egg 2":6,"Nuclear Battery":34,"Cables":37,"Sundial":37,"DollysMirror":37,"Strawberry":37,"infinitespire:MutagenicDexterity":37,"infinitespire:Satchel":26,"Philosopher\u0027s Stone":17,"Molten Egg 2":37,"Turnip":12,"PureWater":37,"Cracked Core":0,"infinitespire:Chaos":37,"TungstenRod":25,"InkBottle":28},{"Mark of the Bloom":16,"Oddly Smooth Stone":3,"infinitespire:EmptyRelic":16,"Damaru":16,"Frozen Egg 2":3,"Nuclear Battery":14,"Cables":16,"Sundial":16,"DollysMirror":16,"Strawberry":16,"infinitespire:MutagenicDexterity":16,"infinitespire:Satchel":10,"Philosopher\u0027s Stone":5,"Molten Egg 2":16,"Turnip":4,"PureWater":16,"Cracked Core":0,"infinitespire:Chaos":16,"TungstenRod":10,"InkBottle":11},{"Mark of the Bloom":74,"Oddly Smooth Stone":11,"infinitespire:EmptyRelic":74,"Damaru":74,"Frozen Egg 2":11,"Nuclear Battery":65,"Cables":74,"Sundial":74,"DollysMirror":74,"Strawberry":74,"infinitespire:MutagenicDexterity":74,"infinitespire:Satchel":48,"Philosopher\u0027s Stone":27,"Molten Egg 2":74,"Turnip":15,"PureWater":74,"Cracked Core":0,"infinitespire:Chaos":74,"TungstenRod":48,"InkBottle":52}],"Cables":[6,4,2,0,0]},"card_choices":[{"not_picked":["Barrage","Compile Driver","Beam Cell"],"picked":"SKIP","floor":1},{"not_picked":["Steam","Rebound"],"picked":"Coolheaded","floor":2},{"not_picked":["infinitespire:Menacing","infinitespire:Collect"],"picked":"infinitespire:Execution","floor":5},{"not_picked":["Sunder","Sweeping Beam"],"picked":"Doom and Gloom","floor":6},{"not_picked":["FTL","Aggregate"],"picked":"Buffer+1","floor":10},{"not_picked":["Buffer+1","Machine Learning+1"],"picked":"Electrodynamics+1","floor":16},{"not_picked":["Go for the Eyes","Recycle"],"picked":"Self Repair+1","floor":18},{"not_picked":["Scrape","Barrage"],"picked":"Redo+1","floor":19},{"not_picked":["Hello World+1","Scrape","Beam Cell"],"picked":"SKIP","floor":21},{"not_picked":["Fission","BootSequence"],"picked":"Fusion+1","floor":22},{"not_picked":["Beam Cell","Barrage"],"picked":"Capacitor+1","floor":25},{"not_picked":["Fusion","Genetic Algorithm+1","Sweeping Beam"],"picked":"SKIP","floor":28},{"not_picked":["Turbo","FTL"],"picked":"Leap+1","floor":29},{"not_picked":["Rip and Tear","Rebound","Leap"],"picked":"SKIP","floor":31},{"not_picked":["All For One","Buffer+1"],"picked":"Reboot","floor":33},{"not_picked":["Hologram+1","Go for the Eyes+1","Undo"],"picked":"SKIP","floor":35},{"not_picked":["Sweeping Beam+1","Hologram+1"],"picked":"Turbo+1","floor":36},{"not_picked":["Genetic Algorithm","Conserve Battery"],"picked":"Melter+1","floor":39}],"player_experience":295962,"relics_obtained":[{"floor":6,"key":"Frozen Egg 2"},{"floor":9,"key":"Oddly Smooth Stone"},{"floor":12,"key":"Turnip"},{"floor":25,"key":"TungstenRod"},{"floor":26,"key":"infinitespire:Satchel"},{"floor":28,"key":"InkBottle"}],"event_choices":[{"damage_healed":0,"gold_gain":0,"player_choice":"Ignored","damage_taken":0,"max_hp_gain":0,"max_hp_loss":0,"event_name":"Golden Idol","floor":4,"gold_loss":0},{"damage_healed":0,"gold_gain":0,"player_choice":"Grow","damage_taken":0,"max_hp_gain":0,"max_hp_loss":0,"event_name":"Living Wall","floor":8,"gold_loss":0,"cards_upgraded":["Dualcast"]},{"damage_healed":0,"gold_gain":52,"player_choice":"Gained Gold","damage_taken":0,"max_hp_gain":0,"max_hp_loss":0,"event_name":"Golden Wing","floor":14,"gold_loss":0},{"damage_healed":0,"gold_gain":0,"player_choice":"Ignored","damage_taken":0,"max_hp_gain":0,"max_hp_loss":0,"event_name":"Vampires","floor":24,"gold_loss":0},{"damage_healed":21,"gold_gain":0,"player_choice":"Writhe","damage_taken":0,"max_hp_gain":0,"max_hp_loss":0,"event_name":"Winding Halls","floor":38,"gold_loss":0,"cards_obtained":["Writhe"]}],"is_beta":false,"boss_relics":[{"not_picked":["Ectoplasm","infinitespire:Cupcake"],"picked":"Philosopher\u0027s Stone"},{"not_picked":["Snecko Eye","Empty Cage"],"picked":"Nuclear Battery"}],"items_purged_floors":[37],"is_endless":false,"potions_floor_spawned":[1,10,22,25,28,33,36],"killed_by":"Transient","ascension_level":4}}