{"host":"bq4pt811tk9yrmjl","time":1613786457,"event":{"mods":["AchievementEnabler","BaseMod","Colored Map","Colored Powertips","Defuse TimeMaze Blight","Minty Spire (QoL Compilation)","Smile Girya","StSLib","SuperFastMode"],"gold_per_floor":[118,47,47,47,58,87,102,102,102,102,102,130,163,176,176,273,273,259,270,270,270,270],"floor_reached":21,"language":"ENG","playtime":481,"items_purged":[],"score":223,"play_id":"d996938d-b71f-47c3-81af-9e678ef461cc","local_time":"20210220000057","is_ascension_mode":true,"campfire_choices":[{"data":"Bouncing Flask","floor":8,"key":"SMITH"},{"data":"Neutralize","floor":10,"key":"SMITH"},{"data":"After Image","floor":15,"key":"SMITH"}],"circlet_count":0,"master_deck":["Strike_G","Strike_G","Strike_G","Defend_G","Defend_G","Defend_G","Defend_G","Defend_G","Survivor","Neutralize+1","Dagger Spray","Bouncing Flask+1","Slice","Adrenaline","Flying Knee","After Image+1","Blade Dance","Envenom","Blade Dance"],"relics":["Ring of the Snake","NeowsBlessing","Bottled Flame","Odd Mushroom","Prayer Wheel","Empty Cage","MutagenicStrength"],"acts_visited":["Exordium","TheCity"],"potions_floor_usage":[13,16,19,21],"damage_taken":[{"damage":0.0,"enemies":"2 Louse","floor":1.0,"turns":1.0},{"damage":0,"enemies":"Small Slimes","floor":5,"turns":1},{"damage":0,"enemies":"3 Sentries","floor":6,"turns":1},{"damage":1,"enemies":"Jaw Worm","floor":7,"turns":4},{"damage":6,"enemies":"The Mushroom Lair","floor":12,"turns":3},{"damage":23,"enemies":"Gremlin Nob","floor":13,"turns":4},{"damage":5,"enemies":"Blue Slaver","floor":14,"turns":4},{"damage":17,"enemies":"The Guardian","floor":16,"turns":10},{"damage":12,"enemies":"2 Thieves","floor":18,"turns":4},{"damage":5,"enemies":"Spheric Guardian","floor":19,"turns":4},{"damage":0,"enemies":"3 Cultists","floor":21,"turns":2}],"seed_played":"-7468194699015381657","potions_obtained":[{"floor":6,"key":"Ancient Potion"},{"floor":7,"key":"BlessingOfTheForge"},{"floor":13,"key":"PowerPotion"},{"floor":14,"key":"LiquidBronze"},{"floor":16,"key":"Regen Potion"}],"is_trial":false,"path_per_floor":["M","$","?","$","M","E","M","R","T","R","?","?","E","M","R","B",null,"M","M","?","M"],"character_chosen":"THE_SILENT","items_purchased":["Bouncing Flask"],"campfire_rested":0,"item_purchase_floors":[2],"current_hp_per_floor":[70,70,70,70,70,70,69,69,69,69,74,68,45,40,40,23,75,63,58,58,67,67],"gold":270,"neow_bonus":"THREE_ENEMY_KILL","is_daily":false,"chose_seed":false,"campfire_upgraded":3,"win_rate":0.0,"timestamp":1613786457,"path_taken":["M","$","?","$","M","E","M","R","T","R","?","?","E","M","R","BOSS","M","M","?","M"],"items_purchased_type":["Card"],"build_version":"2020-12-22","purchased_purges":0,"victory":false,"max_hp_per_floor":[70,70,70,70,70,70,70,70,70,70,75,75,75,75,75,75,75,75,75,75,75,75],"card_choices":[{"not_picked":["Prepared","Poisoned Stab"],"picked":"Dagger Spray","floor":1.0},{"not_picked":["Prepared","Quick Slash"],"picked":"Slice","floor":5},{"not_picked":["Deadly Poison","Dagger Spray"],"picked":"Adrenaline","floor":6},{"not_picked":["Backflip","Dagger Throw","Accuracy"],"picked":"SKIP","floor":7},{"not_picked":["Concentrate","Caltrops"],"picked":"Flying Knee","floor":12},{"not_picked":["Slice","Acrobatics"],"picked":"After Image","floor":13},{"not_picked":["Skewer","Backflip"],"picked":"Blade Dance","floor":14},{"not_picked":["Flying Knee","Leg Sweep","Slice"],"picked":"SKIP","floor":14},{"not_picked":["Burst","Grand Finale"],"picked":"Envenom","floor":16},{"not_picked":["Outmaneuver+1","Endless Agony"],"picked":"Blade Dance","floor":18},{"not_picked":["Terror","Outmaneuver+1","Endless Agony"],"picked":"SKIP","floor":18},{"not_picked":["Bane+1","Flying Knee","Quick Slash"],"picked":"SKIP","floor":19},{"not_picked":["Dagger Throw","Dash","Infinite Blades"],"picked":"SKIP","floor":19}],"player_experience":279865,"relics_obtained":[{"floor":6,"key":"Bottled Flame"},{"floor":12,"key":"Odd Mushroom"},{"floor":13,"key":"Prayer Wheel"}],"event_choices":[{"damage_healed":0,"gold_gain":0,"player_choice":"Ignored","damage_taken":0,"max_hp_gain":0,"max_hp_loss":0,"event_name":"Shining Light","floor":3,"gold_loss":0},{"damage_healed":0,"gold_gain":0,"player_choice":"Donut","damage_taken":0,"max_hp_gain":5,"max_hp_loss":0,"event_name":"Big Fish","floor":11,"gold_loss":0},{"damage_healed":0,"gold_gain":0,"player_choice":"Fought Mushrooms","damage_taken":0,"max_hp_gain":0,"max_hp_loss":0,"event_name":"Mushrooms","floor":12,"gold_loss":0},{"damage_healed":0,"gold_gain":0,"player_choice":"Inject Mutagens","damage_taken":0,"relics_obtained":["MutagenicStrength"],"max_hp_gain":0,"max_hp_loss":0,"event_name":"Drug Dealer","floor":20,"gold_loss":0}],"is_beta":false,"boss_relics":[{"not_picked":["Ectoplasm","Cursed Key"],"picked":"Empty Cage"}],"items_purged_floors":[],"is_endless":false,"potions_floor_spawned":[6,7,13,14,16],"killed_by":"3 Cultists","ascension_level":1}}