{"host":"tubmkv2g6v9d0kjw","time":1613794890,"event":{"mods":["2.2 Compatiblity","BaseMod","Conspire","Downfall","Hubris","Minty Spire (QoL Compilation)","Relic Stats","Spire Arcade","StSLib"],"gold_per_floor":[99,99,549,649,449,483,483,283,78,113,161,222,242,301,347,385,385,385],"floor_reached":16,"language":"ENG","playtime":1362,"items_purged":["downfall:Icky"],"score":125,"play_id":"73c48493-9612-44ec-81bd-653609795040","local_time":"20210219222130","is_ascension_mode":false,"campfire_choices":[{"floor":1,"key":"RECALL"},{"data":"champ:Taunt","floor":8,"key":"SMITH"}],"circlet_count":0,"master_deck":["champ:Strike","champ:Strike","champ:Strike","champ:Strike","champ:Defend","champ:Defend","champ:Defend","champ:Defend","champ:Execute","champ:Taunt+1","champ:AdrenalArmor","downfall:Icky","downfall:Icky","champ:TornadoPunch","conspire:SpireCoStock","conspire:SpireCoStock","conspire:SpireCoStock","conspire:SpireCoStock","champ:AdrenalArmor","champ:PreciseThrust","champ:Backstep","Sword Boomerang","champ:BerserkersShout","champ:ShieldWall","Pommel Strike","champ:ViciousMockery"],"relics":["champ:ChampionCrown","downfall:HeartsMalice","Champion Belt","hubris:DisguiseKit","downfall:HeartBlessingRed","downfall:HeartBlessingBlue","conspire:TreasureMap","hubris:ToyBattleship"],"acts_visited":["Exordium"],"potions_floor_usage":[9],"damage_taken":[{"damage":0,"enemies":"2 Louse","floor":2,"turns":1},{"damage":0,"enemies":"2 Louse","floor":4,"turns":1},{"damage":0,"enemies":"conspire:MimicChest","floor":6,"turns":1},{"damage":27,"enemies":"downfall:FleeingMerchant","floor":9,"turns":4},{"damage":30,"enemies":"Small Slimes","floor":10,"turns":4},{"damage":11,"enemies":"Jaw Worm","floor":11,"turns":5},{"damage":29,"enemies":"Red Slaver","floor":12,"turns":4},{"damage":17,"enemies":"2 Fungi Beasts","floor":13,"turns":4},{"damage":19,"enemies":"Lagavulin","floor":14,"turns":7},{"damage":38,"enemies":"Lots of Slimes","floor":15,"turns":4},{"damage":24,"enemies":"SI_SHIV_ARCHETYPE","floor":16,"turns":10}],"seed_played":"6785670446232576794","potions_obtained":[{"floor":4,"key":"SkillPotion"},{"floor":10,"key":"Weak Potion"},{"floor":13,"key":"FearPotion"},{"floor":14,"key":"GamblersBrew"}],"is_trial":false,"path_per_floor":["R","M","?","?","?","?","T","R","$","M","M","M","M","E","M","B"],"character_chosen":"THE_CHAMP","items_purchased":["conspire:TreasureMap"],"campfire_rested":0,"item_purchase_floors":[9],"current_hp_per_floor":[90,90,90,90,90,90,90,100,98,88,77,58,51,47,24,0,0,0],"gold":385,"neow_bonus":"THREE_ENEMY_KILL","is_daily":false,"chose_seed":false,"campfire_upgraded":1,"win_rate":0.0,"timestamp":1613794890,"path_taken":["R","M","?","?","?","?","T","R","$","?","M","M","M","E","M","BOSS"],"items_purchased_type":["Relic"],"build_version":"2020-12-22","purchased_purges":1,"victory":false,"max_hp_per_floor":[90,90,90,90,90,90,90,100,100,100,100,100,100,100,100,100,100,100],"relic_stats":{"counters":[11,42],"Champion Belt":[0],"obtain_stats":[{"hubris:DisguiseKit":6,"conspire:TreasureMap":9,"downfall:HeartBlessingRed":8,"downfall:HeartBlessingBlue":8,"champ:ChampionCrown":0,"downfall:HeartsMalice":0,"hubris:ToyBattleship":14,"Champion Belt":4},{"hubris:DisguiseKit":3,"conspire:TreasureMap":4,"downfall:HeartBlessingRed":3,"downfall:HeartBlessingBlue":3,"champ:ChampionCrown":0,"downfall:HeartsMalice":0,"hubris:ToyBattleship":9,"Champion Belt":2},{"hubris:DisguiseKit":0,"conspire:TreasureMap":4,"downfall:HeartBlessingRed":0,"downfall:HeartBlessingBlue":0,"champ:ChampionCrown":0,"downfall:HeartsMalice":0,"hubris:ToyBattleship":28,"Champion Belt":0}]},"card_choices":[{"not_picked":["champ:FanOfKnives","champ:Endure"],"picked":"champ:AdrenalArmor","floor":2},{"not_picked":["champ:DefensiveShout","champ:EndlessRage"],"picked":"champ:TornadoPunch","floor":4},{"not_picked":["champ:DefensiveShout","champ:BladeFlurry"],"picked":"champ:AdrenalArmor","floor":6},{"not_picked":["champ:FocusedBerserking","champ:GutPunch","hubris:ReadiedAction"],"picked":"champ:PreciseThrust","floor":9},{"not_picked":["champ:EnGarde","champ:FlashCut","hubris:CleavingFinish"],"picked":"champ:Backstep","floor":10},{"not_picked":["champ:StanceDance","champ:CalledShot","champ:AdrenalArmor"],"picked":"Sword Boomerang","floor":11},{"not_picked":["champ:GladiatorForm","champ:FaceSlap","Rampage"],"picked":"champ:BerserkersShout","floor":12},{"not_picked":["champ:StanceDance","champ:HeartStrike","Clash"],"picked":"champ:ShieldWall","floor":13},{"not_picked":["champ:FocusedBerserking","champ:CrookedStrike","champ:AdrenalArmor"],"picked":"Pommel Strike","floor":14},{"not_picked":["champ:ArenaPreparation","champ:IronFortress","Iron Wave"],"picked":"champ:ViciousMockery","floor":15}],"player_experience":549014,"relics_obtained":[{"floor":4,"key":"Champion Belt"},{"floor":6,"key":"hubris:DisguiseKit"},{"floor":14,"key":"hubris:ToyBattleship"}],"event_choices":[{"damage_healed":0,"gold_gain":0,"player_choice":"Invest 4","damage_taken":0,"max_hp_gain":0,"max_hp_loss":0,"event_name":"conspire:Investor","floor":5,"gold_loss":0}],"is_beta":false,"boss_relics":[],"items_purged_floors":[9],"is_endless":false,"potions_floor_spawned":[4,10,13,14],"killed_by":"SI_SHIV_ARCHETYPE","ascension_level":0}}