{"host":"89iuq2p5kwriuwfq","time":1613830779,"event":{"mods":["BaseMod","Curses Come First","Custom Start","Minty Spire (QoL Compilation)","Permanent Neow","StSLib"],"gold_per_floor":[117,133,133,149,159,192,206,238,238,593,606,624,624,642,642,742,742,752,763,783,245,255,255,282,296,374,384,384,394,423,194,194,294,294,306,322,332,139,156,156,183,183,206,222,222,275,197,197,197,197],"floor_reached":51,"language":"ENG","playtime":2631,"items_purged":["Envenom","Well Laid Plans"],"score":1135,"play_id":"07b46c2a-bee9-4d50-ad9e-8e28dc171932","local_time":"20210220141939","is_ascension_mode":false,"campfire_choices":[{"data":"Catalyst","floor":13.0,"key":"SMITH"},{"data":"Burst","floor":15.0,"key":"SMITH"},{"data":"Catalyst","floor":23,"key":"SMITH"},{"data":"Catalyst","floor":32,"key":"SMITH"},{"data":"Footwork","floor":40,"key":"SMITH"},{"data":"Footwork","floor":42,"key":"SMITH"},{"data":"Footwork","floor":45,"key":"SMITH"},{"data":"Adrenaline","floor":49,"key":"SMITH"}],"circlet_count":0,"master_deck":["Noxious Fumes","Burst+1","Bouncing Flask","Dodge and Roll","Backflip","Backflip","Dodge and Roll","Dodge and Roll","Adrenaline+1","Leg Sweep","Blur+1","Night Terror+1","Footwork+1","Catalyst+1","Crippling Poison","Adrenaline","Footwork+1","Noxious Fumes+1","Backflip","Footwork+1","Catalyst+1","Catalyst+1"],"relics":["Ring of the Snake","Bird Faced Urn","The Specimen","TwistedFunnel","War Paint","Whetstone","Snake Skull","Ring of the Serpent","Bottled Tornado","Oddly Smooth Stone","TungstenRod","Eternal Feather","Happy Flower","Old Coin","Sozu","Thread and Needle","ClockworkSouvenir","Dead Branch","Pear","Smiling Mask","Membership Card","Anchor","Runic Pyramid","Incense Burner","Bottled Lightning","Bronze Scales","CaptainsWheel","Omamori"],"acts_visited":["Exordium","TheCity","TheBeyond"],"potions_floor_usage":[33],"damage_taken":[{"damage":0.0,"enemies":"Small Slimes","floor":1.0,"turns":3.0},{"damage":0.0,"enemies":"2 Louse","floor":2.0,"turns":1.0},{"damage":0.0,"enemies":"Jaw Worm","floor":4.0,"turns":2.0},{"damage":0.0,"enemies":"Exordium Thugs","floor":5.0,"turns":3.0},{"damage":0.0,"enemies":"Gremlin Nob","floor":6.0,"turns":3.0},{"damage":0.0,"enemies":"3 Louse","floor":7.0,"turns":2.0},{"damage":0.0,"enemies":"3 Sentries","floor":8.0,"turns":5.0},{"damage":2.0,"enemies":"Gremlin Nob","floor":10.0,"turns":3.0},{"damage":0.0,"enemies":"2 Fungi Beasts","floor":11.0,"turns":2.0},{"damage":0.0,"enemies":"Red Slaver","floor":12.0,"turns":3.0},{"damage":0.0,"enemies":"Blue Slaver","floor":14.0,"turns":2.0},{"damage":0.0,"enemies":"Slime Boss","floor":16.0,"turns":3.0},{"damage":0.0,"enemies":"Shell Parasite","floor":18.0,"turns":2.0},{"damage":0.0,"enemies":"Spheric Guardian","floor":19.0,"turns":2.0},{"damage":0.0,"enemies":"Cultist and Chosen","floor":20.0,"turns":3.0},{"damage":0,"enemies":"Snecko","floor":22,"turns":2},{"damage":0,"enemies":"Slavers","floor":24,"turns":4},{"damage":0,"enemies":"Shelled Parasite and Fungi","floor":25,"turns":2},{"damage":0,"enemies":"Snake Plant","floor":27,"turns":1},{"damage":0,"enemies":"Centurion and Healer","floor":29,"turns":2},{"damage":0,"enemies":"Gremlin Leader","floor":30,"turns":2},{"damage":0,"enemies":"Collector","floor":33,"turns":3},{"damage":0,"enemies":"3 Shapes","floor":35,"turns":2},{"damage":0,"enemies":"Orb Walker","floor":36,"turns":2},{"damage":0,"enemies":"4 Shapes","floor":37,"turns":3},{"damage":0,"enemies":"3 Darklings","floor":39,"turns":3},{"damage":8,"enemies":"Reptomancer","floor":41,"turns":4},{"damage":0,"enemies":"Maw","floor":44,"turns":3},{"damage":0,"enemies":"2 Orb Walkers","floor":46,"turns":2},{"damage":0,"enemies":"Time Eater","floor":50,"turns":2}],"seed_played":"-936867810789293254","potions_obtained":[{"floor":4.0,"key":"Strength Potion"},{"floor":6.0,"key":"DistilledChaos"},{"floor":11.0,"key":"GamblersBrew"},{"floor":12.0,"key":"LiquidMemories"}],"is_trial":true,"path_per_floor":["M","M","?","M","M","E","M","E","T","?","M","M","R","M","R","B",null,"M","M","M","$","M","R","E","M","T","M","?","M","E","$","R","B",null,"M","M","M","$","M","R","E","R","T","M","R","?","$","?","R","B",null],"character_chosen":"THE_SILENT","items_purchased":["Thread and Needle","ClockworkSouvenir","Membership Card","Anchor","Incense Burner","Omamori"],"campfire_rested":0,"item_purchase_floors":[21,21,31,31,38,47],"current_hp_per_floor":[70,70,70,70,70,70,70,70,70,70,70,70,70,70,70,70,70,70,70,70,70,70,70,70,70,80,80,80,80,80,80,80,80,80,80,80,80,80,80,80,80,80,80,80,80,80,80,80,80,80],"gold":197,"neow_bonus":"","is_daily":false,"chose_seed":false,"campfire_upgraded":8,"win_rate":0.0,"timestamp":1613830779,"path_taken":["M","M","?","M","M","E","M","E","T","?","M","?","R","M","R","BOSS","M","M","M","$","M","R","E","M","T","M","?","M","E","$","R","BOSS","M","M","M","$","M","R","E","R","T","M","R","?","$","?","R","BOSS"],"items_purchased_type":["Relic","Relic","Relic","Relic","Relic","Relic"],"build_version":"2020-12-22","purchased_purges":2,"victory":true,"max_hp_per_floor":[70,70,70,70,70,70,70,70,70,70,70,70,70,70,70,70,70,70,70,70,70,70,70,70,70,80,80,80,80,80,80,80,80,80,80,80,80,80,80,80,80,80,80,80,80,80,80,80,80,80],"card_choices":[{"not_picked":["Deadly Poison","Sucker Punch"],"picked":"Well Laid Plans","floor":1.0},{"not_picked":["Distraction","Deflect"],"picked":"Backflip","floor":2.0},{"not_picked":["Prepared","Slice","Backflip"],"picked":"SKIP","floor":4.0},{"not_picked":["Unload","Sucker Punch"],"picked":"Footwork","floor":5.0},{"not_picked":["Flechettes","Poisoned Stab","Dash"],"picked":"SKIP","floor":6.0},{"not_picked":["Sucker Punch","Prepared"],"picked":"Catalyst","floor":7.0},{"not_picked":["Blade Dance","Accuracy","Acrobatics"],"picked":"SKIP","floor":8.0},{"not_picked":["Quick Slash","Terror","Accuracy"],"picked":"SKIP","floor":11.0},{"not_picked":["Slice","Outmaneuver","Setup"],"picked":"SKIP","floor":12.0},{"not_picked":["Bullet Time","Prepared","Sucker Punch"],"picked":"SKIP","floor":14.0},{"not_picked":["Prepared","Deadly Poison","Crippling Poison+1"],"picked":"SKIP","floor":18.0},{"not_picked":["Bouncing Flask","Terror","Cloak And Dagger"],"picked":"SKIP","floor":19.0},{"not_picked":["Slice","Deflect","Dodge and Roll+1"],"picked":"SKIP","floor":20},{"not_picked":["Dagger Throw","Slice","Malaise"],"picked":"SKIP","floor":22},{"not_picked":["Skewer","All Out Attack","Prepared"],"picked":"SKIP","floor":24},{"not_picked":["Bouncing Flask+1","Distraction"],"picked":"Catalyst","floor":25},{"not_picked":["Bane","Dagger Throw","Heel Hook"],"picked":"SKIP","floor":27},{"not_picked":["Dash","Terror","Masterful Stab"],"picked":"SKIP","floor":29},{"not_picked":["Backflip","Outmaneuver","Poisoned Stab+1"],"picked":"SKIP","floor":30},{"not_picked":["Slice+1","Quick Slash","Prepared+1"],"picked":"SKIP","floor":35},{"not_picked":["Backflip+1","Leg Sweep+1","Noxious Fumes+1"],"picked":"SKIP","floor":36},{"not_picked":["Quick Slash+1","Backflip","Outmaneuver"],"picked":"SKIP","floor":37},{"not_picked":["Dodge and Roll+1","Outmaneuver","Poisoned Stab"],"picked":"SKIP","floor":39},{"not_picked":["Cloak And Dagger+1","Prepared","Deflect+1"],"picked":"SKIP","floor":41},{"not_picked":["Underhanded Strike+1","Dagger Spray+1","Poisoned Stab+1"],"picked":"SKIP","floor":44}],"player_experience":744571,"relics_obtained":[{"floor":6.0,"key":"Eternal Feather"},{"floor":8.0,"key":"Happy Flower"},{"floor":10.0,"key":"Old Coin"},{"floor":24,"key":"Dead Branch"},{"floor":26,"key":"Pear"},{"floor":30,"key":"Smiling Mask"},{"floor":41,"key":"Bottled Lightning"},{"floor":43,"key":"Bronze Scales"},{"floor":46,"key":"CaptainsWheel"}],"event_choices":[{"damage_healed":0.0,"max_hp_gain":0.0,"max_hp_loss":0.0,"gold_gain":0.0,"event_name":"Living Wall","player_choice":"Grow","floor":3.0,"gold_loss":0.0,"damage_taken":0.0,"cards_upgraded":["Noxious Fumes"]},{"damage_healed":0.0,"max_hp_gain":0.0,"max_hp_loss":0.0,"gold_gain":0.0,"event_name":"Dead Adventurer","player_choice":"Searched \u00271\u0027 times","floor":10.0,"gold_loss":0.0,"damage_taken":0.0},{"damage_healed":26,"gold_gain":0,"player_choice":"Heal","damage_taken":0,"max_hp_gain":0,"max_hp_loss":0,"event_name":"The Library","floor":28,"gold_loss":0},{"damage_healed":0,"gold_gain":0,"player_choice":"Fight","damage_taken":0,"max_hp_gain":0,"max_hp_loss":0,"event_name":"Mysterious Sphere","floor":46,"gold_loss":0},{"cards_removed":["Corpse Explosion"],"damage_healed":0,"gold_gain":0,"player_choice":"Card Removal","damage_taken":0,"max_hp_gain":0,"max_hp_loss":0,"event_name":"Wheel of Change","floor":48,"gold_loss":0}],"is_beta":false,"boss_relics":[{"not_picked":["Ectoplasm","Snecko Eye"],"picked":"Sozu"},{"not_picked":["Empty Cage","Velvet Choker"],"picked":"Runic Pyramid"}],"items_purged_floors":[21,38],"is_endless":false,"potions_floor_spawned":[4,6,11,12,14,16,18,19,22,24,30,33,36,39,46],"ascension_level":0}}