{"host":"u21q392b5xaj11fl","time":1613862153,"event":{"mods":["2.2 Compatiblity","Bard","BaseMod","Better Note","Colored Map","Colored Powertips","Conspire","Custom Start","Downfall","Faster Ascension Climbing","GifTheSpireLib","Gremlin Skip","Highlight Path","Hubris","Infinite Spire","Mad Scientist","Marisa????????","Mimic Mod","Minty Spire (QoL Compilation)","Monster B Gone","Permanent Neow","Potionbrewer","Quick Restart","READ ME - Guardian Mod","Relic Sorter","Replay The Spire","Shop Mod","Somnambulant","StSLib","Stuff the Spire","SuperFastMode","The Construct","The Disciple","The Servant 0.9.4"],"gold_per_floor":[118,136,147,147,165,196,196,206,206,206,220,254,254,264,264,338,338,356,356,356,356,339,339,351,351,430,181,196,196,196,228,228,228,228,228],"floor_reached":33,"language":"ENG","playtime":6986,"items_purged":["hexamod:Strike","hexamod:Strike"],"score":471,"play_id":"d74e65e8-868a-479a-958b-b8c99e597e38","local_time":"20210220170233","is_ascension_mode":true,"campfire_choices":[{"data":"hexamod:SearingWound","floor":7.0,"key":"SMITH"},{"floor":10.0,"key":"REST"},{"data":"hexamod:Float","floor":13.0,"key":"SMITH"},{"data":"hexamod:SuperheatedStrike","floor":15.0,"key":"SMITH"},{"floor":23,"key":"REST"},{"data":"hexamod:FastForward","floor":25,"key":"SMITH"},{"data":"hexamod:Incineration","floor":29,"key":"SMITH"},{"floor":32,"key":"REST"}],"circlet_count":0,"master_deck":["AscendersBane","hexamod:Strike+1","hexamod:Strike+1","hexamod:Defend","hexamod:Defend","hexamod:Defend","hexamod:Defend","hexamod:Sear","hexamod:Float+1","hexamod:GhostOfSpireFuture+1","hexamod:HauntingEcho","hexamod:SuperheatedStrike+1","hexamod:SearingWound+1","hexamod:FastForward+1","hexamod:NightmareGuise","hexamod:FourthSeal","hexamod:TimeWarp","hexamod:FifthSeal","hexamod:ThirdSeal","hexamod:ExtraCrispy","hexamod:FourthSeal","hexamod:FirstSeal","hexamod:Incineration+1","hexamod:NightmareStrike","hexamod:SecondSeal","hexamod:GhostShield"],"relics":["hexamod:SpiritBrand","hubris:Icosahedron","Strawberry","infinitespire:Satchel","Regal Pillow","hubris:Potato","Medical Kit","Replay:Bottled Flurry","MerchantsRug","conspire:TreasureMap","Mercury Hourglass"],"acts_visited":["Exordium","TheCity"],"potions_floor_usage":[24,28,31,33],"damage_taken":[{"damage":1.0,"enemies":"Cultist","floor":1.0,"turns":3.0},{"damage":5.0,"enemies":"Small Slimes","floor":2.0,"turns":4.0},{"damage":2.0,"enemies":"Jaw Worm","floor":3.0,"turns":3.0},{"damage":12.0,"enemies":"Looter","floor":5.0,"turns":3.0},{"damage":23.0,"enemies":"Gremlin Nob","floor":6.0,"turns":4.0},{"damage":26.0,"enemies":"Gremlin Gang","floor":8.0,"turns":4.0},{"damage":9.0,"enemies":"Exordium Thugs","floor":11.0,"turns":4.0},{"damage":2.0,"enemies":"Lagavulin","floor":12.0,"turns":6.0},{"damage":10.0,"enemies":"Large Slime","floor":14.0,"turns":5.0},{"damage":22.0,"enemies":"Hexaghost","floor":16.0,"turns":6.0},{"damage":7,"enemies":"3 Byrds","floor":18,"turns":4},{"damage":24,"enemies":"2 Thieves","floor":22,"turns":4},{"damage":9,"enemies":"Centurion and Healer","floor":24,"turns":7},{"damage":3,"enemies":"Snake Plant","floor":28,"turns":3},{"damage":62,"enemies":"Slavers","floor":31,"turns":7},{"damage":56,"enemies":"Automaton","floor":33,"turns":6}],"seed_played":"-3000858828748039166","potions_obtained":[{"floor":2.0,"key":"BlessingOfTheForge"},{"floor":3.0,"key":"PowerPotion"},{"floor":6.0,"key":"PowerPotion"},{"floor":12.0,"key":"Swift Potion"},{"floor":16.0,"key":"FearPotion"},{"floor":16.0,"key":"potionbrewer:AcidPotion"},{"floor":22,"key":"Regen Potion"},{"floor":24,"key":"Swift Potion"},{"floor":28,"key":"hexamod:DoubleChargePotion"},{"floor":31,"key":"EssenceOfSteel"}],"is_trial":false,"path_per_floor":["M","M","M","?","M","E","R","M","T","R","M","E","R","M","R","B",null,"M","?","?","AVR","M","R","M","R","T","$","M","R","?","E","R","B"],"character_chosen":"THE_SPIRIT","items_purchased":["MerchantsRug","conspire:TreasureMap"],"campfire_rested":3,"item_purchase_floors":[27,27],"current_hp_per_floor":[56,51,49,49,37,47,47,21,21,42,61,59,59,60,60,38,62,55,55,55,55,31,67,70,70,70,70,70,70,70,8,44,0,0,0],"gold":228,"neow_bonus":"RANDOM_COMMON_RELIC","is_daily":false,"chose_seed":false,"campfire_upgraded":5,"win_rate":0.0,"timestamp":1613862153,"path_taken":["M","?","M","?","M","E","R","M","T","R","M","E","R","M","R","BOSS","M","?","?","AVR","?","R","M","R","T","$","M","R","?","E","R","BOSS"],"items_purchased_type":["Relic","Relic"],"build_version":"2020-12-22","purchased_purges":2,"victory":false,"max_hp_per_floor":[63,63,63,63,63,70,70,70,70,70,70,70,70,70,70,70,70,70,70,70,70,70,70,70,70,70,70,70,70,70,70,70,70,70,70],"card_choices":[{"not_picked":["hexamod:AdvancingGuard","hexamod:NightmareGuise"],"picked":"hexamod:GhostOfSpireFuture","floor":1.0},{"not_picked":["hexamod:SwordOfDarkness","hexamod:RadiantFlame"],"picked":"hexamod:HauntingEcho","floor":2.0},{"not_picked":["hexamod:ThermalTransfer","hexamod:HeatCrush"],"picked":"hexamod:SuperheatedStrike","floor":3.0},{"not_picked":["hexamod:BurningTouch","hexamod:HeatMetal"],"picked":"hexamod:SearingWound","floor":5.0},{"not_picked":["hexamod:GhostLash","hexamod:GhostShield"],"picked":"hexamod:FastForward","floor":6.0},{"not_picked":["hexamod:SpectersWail","hexamod:GhostLash"],"picked":"hexamod:NightmareGuise","floor":8.0},{"not_picked":["hexamod:ThermalTransfer","hexamod:BurningTouch"],"picked":"hexamod:FourthSeal","floor":11.0},{"not_picked":["hexamod:HeatMetal","hexamod:FastForward"],"picked":"hexamod:TimeWarp","floor":12.0},{"not_picked":["hexamod:BacktrackSmack","hexamod:BurningTouch","hexamod:ShieldOfDarkness"],"picked":"SKIP","floor":14.0},{"not_picked":["hexamod:TimeWarp","hexamod:UnleashSpirits"],"picked":"hexamod:FifthSeal","floor":16.0},{"not_picked":["hexamod:FourthSeal","hexamod:FirstSeal"],"picked":"hexamod:ThirdSeal","floor":18},{"not_picked":["hexamod:Rewind","hexamod:BacktrackSmack"],"picked":"hexamod:ExtraCrispy","floor":18},{"not_picked":["hexamod:SecondSeal","hexamod:ThirdSeal"],"picked":"hexamod:FirstSeal","floor":22},{"not_picked":["hexamod:GhostOfSpireFuture","hexamod:Haunt"],"picked":"hexamod:Incineration","floor":22},{"not_picked":["hexamod:InspiringFlames","hexamod:Firestarter","hexamod:ApocalypticArmor"],"picked":"SKIP","floor":22},{"not_picked":["hexamod:BacktrackSmack","hexamod:PhantomCloak","hexamod:HeatMetal"],"picked":"SKIP","floor":24},{"not_picked":["hexamod:HeatMetal","hexamod:BacktrackSmack","hexamod:GhostOfSpireFuture"],"picked":"SKIP","floor":24},{"not_picked":["hexamod:GhostOfSpirePast","hexamod:ShieldOfDarkness"],"picked":"hexamod:NightmareStrike","floor":28},{"not_picked":["hexamod:SearingWound","hexamod:GhostShield","hexamod:FastForward"],"picked":"SKIP","floor":28},{"not_picked":["hexamod:FirstSeal","hexamod:SixthSeal"],"picked":"hexamod:SecondSeal","floor":31},{"not_picked":["hexamod:BacktrackSmack","hexamod:Firestarter"],"picked":"hexamod:GhostShield","floor":31},{"not_picked":["hexamod:FastForward","hexamod:NightmareStrike","hexamod:RetreatToShadows"],"picked":"SKIP","floor":31}],"player_experience":323493,"relics_obtained":[{"floor":6.0,"key":"Strawberry"},{"floor":9.0,"key":"infinitespire:Satchel"},{"floor":12.0,"key":"Regal Pillow"},{"floor":26,"key":"Replay:Bottled Flurry"},{"floor":31,"key":"Mercury Hourglass"}],"event_choices":[{"damage_healed":0,"gold_gain":0,"player_choice":"Copied","damage_taken":0,"max_hp_gain":0,"max_hp_loss":0,"event_name":"Duplicator","floor":19,"gold_loss":0,"cards_obtained":["hexamod:FourthSeal"]},{"damage_healed":0,"gold_gain":0,"player_choice":"Gave Potion","damage_taken":0,"relics_obtained":["hubris:Potato"],"max_hp_gain":0,"max_hp_loss":0,"event_name":"WeMeetAgain","floor":20,"gold_loss":0},{"damage_healed":0,"gold_gain":0,"player_choice":"Forge","damage_taken":0,"max_hp_gain":0,"max_hp_loss":0,"event_name":"Accursed Blacksmith","floor":30,"gold_loss":0,"cards_upgraded":["hexamod:GhostOfSpireFuture"]}],"is_beta":false,"boss_relics":[{"not_picked":["conspire:SlowCooker","Ectoplasm"],"picked":"Velvet Choker"}],"items_purged_floors":[21,27],"is_endless":false,"potions_floor_spawned":[2,3,6,14,16,18,31],"killed_by":"Automaton","ascension_level":14}}