{"host":"2d926qfvvz477zl6","time":1613789646,"event":{"mods":["Aspiration","BaseMod","Challenge The Spire","Conspire","Downfall","GifTheSpireLib","GungeonMod","Halation","Hermit","Hubris","Infinite Spire","Minty Spire (QoL Compilation)","Morshu Shopkeeper","Permanent Neow","Quick Restart","Rare Cards Sparkle","Reliquary","Replay The Spire","Shedinja","Somnambulant","Spicy Shops","StSLib","Stuff the Spire","Td1madao Mod","The Blue Laboratory","The Bug Knight","The Construct","The Cursed","The Disciple","The Forsaken","The Hierophant","TheFirefly","Wandering Minibosses","Wide Potions","everything is the same but u backflip on backflip","slay the spire mod where everything is the same but ironclad has a cowboy hat"],"gold_per_floor":[349,368,818,224,399,410,410,510,582,601,401,413,413,428,443,443,443],"floor_reached":16,"language":"ENG","playtime":516,"items_purged":["Normality"],"score":226,"play_id":"3bbc218b-6982-4b84-b427-4f93b3c73d5c","local_time":"20210219215406","is_ascension_mode":true,"campfire_choices":[{"floor":1,"key":"RECALL"},{"data":"Sadistic Nature","floor":11,"key":"SMITH"},{"data":"Shedinja:WillOWisp","floor":13,"key":"SMITH"}],"circlet_count":0,"master_deck":["Shedinja:Scratch","Shedinja:Scratch","Shedinja:Scratch","Shedinja:Scratch","Shedinja:Scratch","Shedinja:Endure","Shedinja:Endure","Shedinja:Endure","Shedinja:Endure","Shedinja:Endure","Shedinja:FocusSash","Shedinja:FocusSash","Writhe","Shedinja:WillOWisp+1","downfall:Icky","downfall:Icky","downfall:Icky","Shedinja:Facade","Shedinja:ConfuseRay","Sadistic Nature+1","Doubt","Shedinja:WillOWisp","Shedinja:StruggleBug","Shedinja:ShadowSneak","Shedinja:MetalClaw","Shedinja:PhantomForce"],"relics":["Shedinja:WonderGuard","Membership Card","ReplayTheSpireMod:TigerMarble","Blue Doll","Frozen Egg 2","DemoMod:GlassGuonStoneRelic","downfall:HeartBlessingBlue","downfall:HeartBlessingRed"],"acts_visited":["Exordium"],"potions_floor_usage":[12,16,16],"damage_taken":[{"damage":0,"enemies":"Small Slimes","floor":2,"turns":6},{"damage":0,"enemies":"downfall:FleeingMerchant","floor":4,"turns":4},{"damage":0,"enemies":"2 Louse","floor":6,"turns":3},{"damage":0,"enemies":"Cultist","floor":10,"turns":6},{"damage":0,"enemies":"3 Louse","floor":12,"turns":2},{"damage":0,"enemies":"2 Fungi Beasts","floor":14,"turns":3},{"damage":0,"enemies":"Red Slaver","floor":15,"turns":4},{"damage":12,"enemies":"DF_ARCHETYPE_STREAMLINE","floor":16,"turns":4}],"seed_played":"-8329171580424069826","potions_obtained":[{"floor":6,"key":"AttackPotion"},{"floor":10,"key":"blueLaboratory:PhilterOfMotion"},{"floor":14,"key":"GamblersBrew"},{"floor":15,"key":"Elixir"}],"is_trial":false,"path_per_floor":["R","M","?","$","?","M","T","?","T","M","R","M","R","M","M","B"],"character_chosen":"THE_DEFAULT","items_purchased":["Membership Card","Shedinja:ConfuseRay","Sadistic Nature","ReplayTheSpireMod:TigerMarble","Blue Doll"],"campfire_rested":0,"item_purchase_floors":[4,4,4,4,4],"current_hp_per_floor":[1,1,1,1,1,1,1,1,1,1,1,1,1,1,1,0,0],"gold":443,"neow_bonus":"TWO_FIFTY_GOLD","is_daily":false,"chose_seed":false,"campfire_upgraded":2,"win_rate":0.0,"timestamp":1613789646,"path_taken":["R","M","?","$","?","M","T","?","?","M","R","?","R","M","M","BOSS"],"items_purchased_type":["Relic","Card","Card","Relic","Relic"],"build_version":"2020-12-22","purchased_purges":1,"victory":false,"max_hp_per_floor":[1,1,1,1,1,1,1,1,1,1,1,1,1,1,1,1,1],"card_choices":[{"not_picked":["Shedinja:Trick","Shedinja:BugBuzz"],"picked":"Shedinja:WillOWisp","floor":2},{"not_picked":["Shedinja:ArtifactCard","Shedinja:RockyHelmet"],"picked":"Shedinja:Facade","floor":4},{"not_picked":["Shedinja:SafetyGoggles","Shedinja:Ether"],"picked":"Shedinja:WillOWisp","floor":6},{"not_picked":["Shedinja:NightSlash","Shedinja:MetalClaw"],"picked":"Shedinja:StruggleBug","floor":10},{"not_picked":["Shedinja:Ether","Shedinja:Facade"],"picked":"Shedinja:ShadowSneak","floor":12},{"not_picked":["Shedinja:RockyHelmet+1","Shedinja:Ether"],"picked":"Shedinja:MetalClaw","floor":14},{"not_picked":["Shedinja:ArtifactCard","Shedinja:NightSlash"],"picked":"Shedinja:PhantomForce","floor":15}],"player_experience":490931,"relics_obtained":[{"floor":7,"key":"Frozen Egg 2"}],"event_choices":[],"is_beta":false,"boss_relics":[],"items_purged_floors":[4],"is_endless":false,"potions_floor_spawned":[6,10,14,15],"killed_by":"DF_ARCHETYPE_STREAMLINE","ascension_level":2}}