{"host":"1n4zh8skucxnzijq","time":1613844948,"event":{"mods":["AchievementEnabler","BaseMod","Minty Spire (QoL Compilation)","Quick Restart"],"gold_per_floor":[112,122,47,47,70,70,70,70,70,70,84,84,84,99,99,197,197,211,126,144,144,144,144,144],"floor_reached":23,"language":"ENG","playtime":1784,"items_purged":["Strike_B"],"score":358,"play_id":"8c49eddd-67f5-4be8-a1f3-10b62f000b11","local_time":"20210220181548","is_ascension_mode":true,"campfire_choices":[{"data":"Zap","floor":6,"key":"SMITH"},{"data":"Dualcast","floor":8,"key":"SMITH"},{"data":"Defend_B","floor":10,"key":"SMITH"},{"floor":15,"key":"REST"}],"circlet_count":0,"master_deck":["AscendersBane","Strike_B+1","Strike_B+1","Defend_B+1","Defend_B","Defend_B","Defend_B","Zap+1","Dualcast+1","Scrape","Core Surge","Streamline","Beam Cell","Core Surge","Beam Cell+1"],"relics":["Cracked Core","NeowsBlessing","Bloody Idol","Whetstone","DataDisk","Busted Crown","PreservedInsect","Enchiridion"],"acts_visited":["Exordium","TheCity"],"potions_floor_usage":[15,23],"damage_taken":[{"damage":0,"enemies":"Cultist","floor":1,"turns":1},{"damage":0,"enemies":"Small Slimes","floor":2,"turns":1},{"damage":0,"enemies":"2 Louse","floor":5,"turns":1},{"damage":3,"enemies":"Blue Slaver","floor":11,"turns":2},{"damage":6,"enemies":"3 Louse","floor":14,"turns":2},{"damage":24,"enemies":"Hexaghost","floor":16,"turns":9},{"damage":6,"enemies":"3 Byrds","floor":18,"turns":4},{"damage":19,"enemies":"Shell Parasite","floor":20,"turns":4},{"damage":0,"enemies":"Slavers","floor":23,"turns":1}],"seed_played":"-5186273220799860339","potions_obtained":[{"floor":5,"key":"Fruit Juice"},{"floor":16,"key":"SneckoOil"}],"is_trial":false,"path_per_floor":["M","M","$","?","M","R","?","R","T","R","M","$","?","M","R","B",null,"M","?","M","?","?","E"],"character_chosen":"DEFECT","items_purchased":[],"campfire_rested":1,"item_purchase_floors":[],"current_hp_per_floor":[64,64,64,40,40,40,40,40,40,40,37,37,11,5,32,8,59,53,53,34,34,13,13,13],"gold":144,"neow_bonus":"THREE_ENEMY_KILL","is_daily":false,"chose_seed":false,"campfire_upgraded":3,"win_rate":0.0,"timestamp":1613844948,"path_taken":["M","M","?","?","M","R","?","R","T","R","M","?","?","M","R","BOSS","M","?","M","?","?","E"],"items_purchased_type":[],"build_version":"2020-12-22","purchased_purges":1,"victory":false,"max_hp_per_floor":[71,71,71,71,71,71,71,71,71,71,71,71,71,71,76,76,76,76,76,76,76,76,76,76],"card_choices":[{"not_picked":["Rebound","Redo"],"picked":"Scrape","floor":1},{"not_picked":["Coolheaded","Cold Snap"],"picked":"Core Surge","floor":2},{"not_picked":["Steam Power","Beam Cell"],"picked":"Streamline","floor":5},{"not_picked":["Turbo","Streamline","Reprogram"],"picked":"SKIP","floor":11},{"not_picked":["Coolheaded","Redo"],"picked":"Beam Cell","floor":14},{"not_picked":["Amplify","Biased Cognition"],"picked":"Core Surge","floor":16},{"not_picked":["Turbo"],"picked":"SKIP","floor":18},{"not_picked":[],"picked":"Beam Cell+1","floor":20}],"player_experience":1118586,"relics_obtained":[{"floor":9,"key":"Whetstone"},{"floor":22,"key":"Enchiridion"}],"event_choices":[{"damage_healed":0,"gold_gain":0,"player_choice":"Take Damage","damage_taken":24,"relics_obtained":["Golden Idol"],"max_hp_gain":0,"max_hp_loss":0,"event_name":"Golden Idol","floor":4,"gold_loss":0},{"cards_removed":["Strike_B"],"damage_healed":0,"gold_gain":0,"player_choice":"Forget","damage_taken":0,"max_hp_gain":0,"max_hp_loss":0,"event_name":"Living Wall","floor":7,"gold_loss":0},{"damage_healed":0,"gold_gain":0,"player_choice":"Success","damage_taken":26,"relics_obtained":["DataDisk"],"max_hp_gain":0,"max_hp_loss":0,"event_name":"Scrap Ooze","floor":13,"gold_loss":0},{"damage_healed":0,"gold_gain":0,"player_choice":"Obtained Relic","damage_taken":0,"relics_obtained":["PreservedInsect"],"max_hp_gain":0,"max_hp_loss":0,"event_name":"Addict","floor":19,"gold_loss":85},{"damage_healed":0,"gold_gain":0,"player_choice":"Gave Idol","damage_taken":0,"relics_obtained":["Bloody Idol"],"max_hp_gain":0,"max_hp_loss":0,"event_name":"Forgotten Altar","floor":21,"relics_lost":["Golden Idol"],"gold_loss":0},{"damage_healed":0,"gold_gain":0,"player_choice":"Obtained Book","damage_taken":21,"max_hp_gain":0,"max_hp_loss":0,"event_name":"Cursed Tome","floor":22,"gold_loss":0}],"is_beta":false,"boss_relics":[{"not_picked":["Pandora\u0027s Box","Empty Cage"],"picked":"Busted Crown"}],"items_purged_floors":[3],"is_endless":false,"potions_floor_spawned":[5,16],"killed_by":"Slavers","ascension_level":20}}