{"host":"rs956zbefct9hzhl","time":1613802457,"event":{"mods":["BaseMod","BetterRewards","Downfall","Minty Spire (QoL Compilation)","Replay The Spire","Shop Mod","Spicy Shops","Spikes Relics","StSLib"],"gold_per_floor":[99,159,159,334,334,334,360,376,390,417,492,519,531,63,73,174,174,74,86,105,15,15,15,15,49,85,185,85,96,121,149,168,270,270,170,189,202,217,217,217,242,256,289,86,86,130,147,170,182,182,182,210,59,59,59,59],"floor_reached":57,"language":"ENG","playtime":3625,"items_purged":["Spreading Infection","Doubt"],"score":1274,"play_id":"443e387c-c436-4d3d-94a2-39458d5622dd","local_time":"20210220072737","is_ascension_mode":true,"campfire_choices":[{"data":"bronze:Replicate","floor":1.0,"key":"SMITH"},{"floor":18.0,"key":"RECALL"},{"data":"bronze:BuggyMess","floor":23.0,"key":"SMITH"},{"data":"expansioncontent:QuickStudy","floor":28.0,"key":"SMITH"},{"data":"bronze:BuggyMess","floor":35.0,"key":"SMITH"},{"data":"bronze:Format","floor":40.0,"key":"SMITH"},{"data":"bronze:Verify","floor":45.0,"key":"SMITH"},{"data":"bronze:Goto","floor":54.0,"key":"SMITH"}],"circlet_count":0,"master_deck":["bronze:Strike+1","bronze:Strike+1","bronze:Defend","bronze:Defend","bronze:Defend","bronze:Replicate+1","bronze:Goto+1","bronze:DelayedSlice+1","bronze:Constructor","bronze:DelayedSlice+1","bronze:Format+1","bronze:RecursiveStrike","bronze:InfiniteLoop+1","bronze:Turbo","bronze:BuggyMess+1","bronze:FineTuning","bronze:Flail","bronze:ClassDefault","bronze:BuggyMess+1","bronze:BurnOut+1","bronze:Repulsor+1","bronze:ItsAFeature+1","bronze:Separator","expansioncontent:QuickStudy+1","bronze:Terminator+1","bronze:ChosenStrike+1","bronze:BugBarrage+1","bronze:MaxOutput+1","bronze:Verify+1","bronze:Constructor+1","bronze:Fortify+1","bronze:ChildClass","ReplayTheSpireMod:Splinters","bronze:Shell+1"],"relics":["bronze:BronzeCore","downfall:HeartsMalice","MealTicket","Happy Flower","Guardian:PocketSentry","Chemical X","MerchantsRug","Sozu","downfall:HeartBlessingBlue","ReplayTheSpireMod:TigerMarble","Shuriken","Du-Vu Doll","Snack Pack","downfall:HeartBlessingRed","Vajra","PreservedInsect","Busted Crown","downfall:HeartBlessingGreen","Letter Opener","Simple Rune","Replay:Wax Seal","bronze:Timepiece","Guide Book"],"acts_visited":["Exordium","TheCity","TheBeyond","TheEnding"],"potions_floor_usage":[],"damage_taken":[{"damage":0.0,"enemies":"Lagavulin Event","floor":2.0,"turns":1.0},{"damage":0.0,"enemies":"Jaw Worm","floor":3.0,"turns":1.0},{"damage":0.0,"enemies":"2 Louse","floor":6.0,"turns":1.0},{"damage":0.0,"enemies":"Cultist","floor":8.0,"turns":2.0},{"damage":0.0,"enemies":"3 Louse","floor":9.0,"turns":3.0},{"damage":21.0,"enemies":"Lagavulin","floor":10.0,"turns":4.0},{"damage":10.0,"enemies":"Gremlin Nob","floor":12.0,"turns":4.0},{"damage":0.0,"enemies":"Red Slaver","floor":13.0,"turns":2.0},{"damage":0.0,"enemies":"downfall:FleeingMerchant","floor":14.0,"turns":4.0},{"damage":0.0,"enemies":"Large Slime","floor":15.0,"turns":3.0},{"damage":14.0,"enemies":"SI_SHIV_ARCHETYPE","floor":16.0,"turns":6.0},{"damage":0.0,"enemies":"3 Byrds","floor":19.0,"turns":2.0},{"damage":5.0,"enemies":"Chosen","floor":20.0,"turns":3.0},{"damage":17.0,"enemies":"downfall:FleeingMerchant","floor":21.0,"turns":4.0},{"damage":0.0,"enemies":"Slavers","floor":25.0,"turns":2.0},{"damage":14.0,"enemies":"downfall:FleeingMerchant","floor":26.0,"turns":3.0},{"damage":4.0,"enemies":"WA_ARCHETYPE_RETAIN","floor":27.0,"turns":3.0},{"damage":0.0,"enemies":"Snecko","floor":29.0,"turns":2.0},{"damage":8.0,"enemies":"Replay:Snechameleon","floor":31.0,"turns":4.0},{"damage":0.0,"enemies":"Snake Plant","floor":32.0,"turns":2.0},{"damage":2.0,"enemies":"DF_ARCHETYPE_CLAW","floor":33.0,"turns":3.0},{"damage":11.0,"enemies":"3 Darklings","floor":36.0,"turns":3.0},{"damage":18.0,"enemies":"3 Shapes","floor":37.0,"turns":1.0},{"damage":21.0,"enemies":"Maw","floor":38.0,"turns":6.0},{"damage":0.0,"enemies":"3 Darklings","floor":42.0,"turns":3.0},{"damage":18.0,"enemies":"Reptomancer","floor":43.0,"turns":4.0},{"damage":1.0,"enemies":"Sphere and 2 Shapes","floor":47.0,"turns":4.0},{"damage":0.0,"enemies":"Jaw Worm Horde","floor":49.0,"turns":2.0},{"damage":24.0,"enemies":"IC_BLOCK_ARCHETYPE","floor":50.0,"turns":7.0},{"damage":19.0,"enemies":"downfall:CharBossMerchant","floor":52.0,"turns":5.0},{"damage":10.0,"enemies":"downfall:NeowBoss","floor":55.0,"turns":10.0},{"damage":19,"enemies":"downfall:NeowBossFinal","floor":56,"turns":9}],"seed_played":"2950362830859082509","potions_obtained":[{"floor":2.0,"key":"PowerPotion"},{"floor":8.0,"key":"AttackPotion"},{"floor":12.0,"key":"BlessingOfTheForge"},{"floor":16.0,"key":"DistilledChaos"}],"is_trial":false,"path_per_floor":["R","?","M","?","?","M","T","M","M","E","?","E","M","$","M","B",null,"R","M","M","$","?","R","T","E","$","?","R","M","T","E","M","B",null,"R","M","M","M","?","R","T","M","E","$","R","?","M","T","M","B",null,"E","$","R","B","B",null],"character_chosen":"THE_AUTOMATON","items_purchased":["Chemical X","Tiny Chest","MerchantsRug","expansioncontent:QuickStudy","bronze:ChildClass","Toxic Egg 2","Replay:Wax Seal","bronze:Timepiece","Guide Book"],"campfire_rested":0,"item_purchase_floors":[14,14,14,26,44,44,53,53,53],"current_hp_per_floor":[70,70,70,70,70,70,70,70,70,49,49,39,39,54,54,40,70,80,80,75,63,48,48,48,48,49,45,45,49,49,43,47,51,85,85,76,60,47,47,47,54,58,44,59,59,59,62,62,66,58,92,77,92,92,92,82],"gold":59,"neow_bonus":"THREE_ENEMY_KILL","is_daily":false,"chose_seed":false,"campfire_upgraded":7,"win_rate":0.0,"timestamp":1613802457,"path_taken":["R","?","M","?","?","M","T","M","?","E","?","E","M","$","M","BOSS","R","M","M","?","?","R","T","E","$","?","R","M","?","E","M","BOSS","R","M","M","M","?","R","T","?","E","$","R","?","M","?","M","BOSS","E","$","R","BOSS","BOSS"],"items_purchased_type":["Relic","Relic","Relic","Card","Card","Relic","Relic","Relic","Relic"],"build_version":"2020-12-22","purchased_purges":2,"victory":true,"max_hp_per_floor":[70,70,70,70,70,70,70,70,70,70,70,70,70,70,70,70,70,80,80,80,80,85,85,85,85,85,85,85,85,85,85,85,85,85,85,85,85,85,85,85,92,92,92,92,92,92,92,92,92,92,92,92,92,92,92,92],"card_choices":[{"not_picked":["bronze:WildBeam","bronze:Invalidate"],"picked":"bronze:DelayedSlice","floor":2.0},{"not_picked":["bronze:Frontload","bronze:Repulsor"],"picked":"bronze:Constructor","floor":3.0},{"not_picked":["bronze:Refactor","bronze:Iterate"],"picked":"bronze:InfiniteLoop","floor":6.0},{"not_picked":["bronze:Invalidate","bronze:WildBeam"],"picked":"bronze:Turbo","floor":8.0},{"not_picked":["bronze:Deprecate","bronze:CloningBeam"],"picked":"bronze:BuggyMess","floor":9.0},{"not_picked":["bronze:NullPointer","bronze:TinkerersToolbox"],"picked":"bronze:FineTuning","floor":10.0},{"not_picked":["bronze:Branch","bronze:Iterate","bronze:WildBeam"],"picked":"SKIP","floor":12.0},{"not_picked":["bronze:WhirlingStrike","bronze:Frontload"],"picked":"bronze:Flail","floor":13.0},{"not_picked":["bronze:Invalidate","bronze:BitShift"],"picked":"bronze:ClassDefault","floor":14.0},{"not_picked":["bronze:DelayedSlice","bronze:Refactor"],"picked":"bronze:BuggyMess","floor":15.0},{"not_picked":["bronze:HardenedForm","bronze:Format"],"picked":"bronze:BurnOut","floor":16.0},{"not_picked":["bronze:WildBeam","bronze:Boost"],"picked":"bronze:Repulsor+1","floor":19.0},{"not_picked":["bronze:Branch","bronze:Iterate+1"],"picked":"bronze:ItsAFeature+1","floor":20.0},{"not_picked":["bronze:Invalidate","bronze:Hardcode","bronze:OilSpill"],"picked":"SKIP","floor":21.0},{"not_picked":["bronze:Overheat+1","bronze:Boost","bronze:DelayedSlice"],"picked":"SKIP","floor":25.0},{"not_picked":["bronze:Iterate","bronze:CutThrough"],"picked":"bronze:Separator","floor":26.0},{"not_picked":["bronze:Separator","bronze:BronzeOrb"],"picked":"bronze:Terminator","floor":27.0},{"not_picked":["bronze:Shield","bronze:DelayedSlice+1"],"picked":"bronze:ChosenStrike","floor":29.0},{"not_picked":["bronze:BurnOut","bronze:BronzeArmor"],"picked":"bronze:BugBarrage+1","floor":31.0},{"not_picked":["bronze:Overload","bronze:Frontload"],"picked":"bronze:MaxOutput+1","floor":32.0},{"not_picked":["bronze:TinkerersToolbox","bronze:BurnOut"],"picked":"bronze:Verify","floor":33.0},{"not_picked":["bronze:DelayedGuard+1"],"picked":"SKIP","floor":36.0},{"not_picked":[],"picked":"bronze:Constructor+1","floor":37.0},{"not_picked":["bronze:DelayedGuard"],"picked":"SKIP","floor":38.0},{"not_picked":["bronze:BitShift"],"picked":"SKIP","floor":42.0},{"not_picked":[],"picked":"bronze:Fortify+1","floor":43.0},{"not_picked":["bronze:DigitalCarnage"],"picked":"SKIP","floor":47.0},{"not_picked":["bronze:ForceShield+1"],"picked":"SKIP","floor":49.0},{"not_picked":[],"picked":"bronze:Shell+1","floor":52.0}],"player_experience":559558,"relics_obtained":[{"floor":10.0,"key":"Happy Flower"},{"floor":12.0,"key":"Guardian:PocketSentry"},{"floor":24.0,"key":"ReplayTheSpireMod:TigerMarble"},{"floor":25.0,"key":"Shuriken"},{"floor":27.0,"key":"Du-Vu Doll"},{"floor":27.0,"key":"Snack Pack"},{"floor":30.0,"key":"Vajra"},{"floor":31.0,"key":"PreservedInsect"},{"floor":41.0,"key":"Strawberry"},{"floor":43.0,"key":"Peace Pipe"},{"floor":46.0,"key":"Letter Opener"},{"floor":48.0,"key":"Whetstone"},{"floor":52.0,"key":"Simple Rune"}],"event_choices":[],"is_beta":false,"boss_relics":[{"not_picked":["Replay:Drink Me","Replay:Wanted Poster"],"picked":"Sozu"},{"not_picked":["Kintsugi","Runic Dome"],"picked":"Busted Crown"}],"items_purged_floors":[21,26],"is_endless":false,"potions_floor_spawned":[2,8,12,16,27,29,31,32,33,37,38,42,47,49],"ascension_level":1}}