{"host":"f5gffvlv6a66yqkd","time":1613826650,"event":{"mods":["2.2 Compatiblity","BaseMod","Colored Map","Custom Start","DeckTracker","Keyboard Shortcuts","Minty Spire (QoL Compilation)","Permanent Neow","Quick Restart","Relic Stats","StSLib","SuperFastMode"],"gold_per_floor":[118,129,142,153,153,188,188,207,231,231,241,251,263,55,55,128,128,145,158,158,158,158,158],"floor_reached":22,"language":"KOR","playtime":519,"items_purged":[],"score":380,"play_id":"95c286e5-fd0d-455f-a4e7-d57348318541","local_time":"20210220221050","is_ascension_mode":true,"campfire_choices":[{"data":"Zap","floor":7.0,"key":"SMITH"},{"floor":10,"key":"REST"},{"floor":15,"key":"REST"}],"circlet_count":0,"master_deck":["AscendersBane","Strike_B","Strike_B","Strike_B","Defend_B","Defend_B","Defend_B","Defend_B","Zap+1","Dualcast","Dramatic Entrance","Go for the Eyes","Stack","Aggregate","Gash","Beam Cell","Biased Cognition","Coolheaded","Cold Snap","Ball Lightning","Defragment","All For One","Reinforced Body"],"relics":["Cracked Core","Bronze Scales","PreservedInsect","ClockworkSouvenir","Nuclear Battery"],"acts_visited":["Exordium","TheCity"],"potions_floor_usage":[12,16,16],"damage_taken":[{"damage":7.0,"enemies":"Small Slimes","floor":1.0,"turns":2.0},{"damage":0.0,"enemies":"Cultist","floor":2.0,"turns":4.0},{"damage":10.0,"enemies":"2 Louse","floor":3.0,"turns":3.0},{"damage":1.0,"enemies":"Large Slime","floor":4.0,"turns":4.0},{"damage":36.0,"enemies":"Gremlin Nob","floor":6.0,"turns":4.0},{"damage":0,"enemies":"2 Fungi Beasts","floor":8,"turns":2},{"damage":15,"enemies":"Exordium Thugs","floor":11,"turns":3},{"damage":8,"enemies":"Looter","floor":12,"turns":2},{"damage":6,"enemies":"Blue Slaver","floor":13,"turns":3},{"damage":1,"enemies":"The Guardian","floor":16,"turns":9},{"damage":22,"enemies":"Shell Parasite","floor":18,"turns":3},{"damage":12,"enemies":"3 Byrds","floor":19,"turns":3},{"damage":38,"enemies":"Masked Bandits","floor":22,"turns":3}],"seed_played":"2363616626738479428","potions_obtained":[{"floor":1.0,"key":"PowerPotion"},{"floor":4.0,"key":"SkillPotion"},{"floor":6.0,"key":"FocusPotion"},{"floor":11,"key":"LiquidMemories"},{"floor":13,"key":"SpeedPotion"},{"floor":18,"key":"FocusPotion"}],"is_trial":false,"path_per_floor":["M","M","M","M","?","E","R","M","T","R","M","M","M","$","R","B",null,"M","M","?","?","?"],"character_chosen":"DEFECT","items_purchased":["Defragment","ClockworkSouvenir"],"campfire_rested":2,"item_purchase_floors":[14,14],"current_hp_per_floor":[57,57,47,46,46,10,10,10,10,31,16,8,2,2,23,22,59,37,25,25,25,0,0],"gold":158,"neow_bonus":"RANDOM_COLORLESS","is_daily":false,"chose_seed":false,"campfire_upgraded":1,"win_rate":0.0,"timestamp":1613826650,"path_taken":["M","M","M","M","?","E","R","M","T","R","M","M","?","$","R","BOSS","M","M","?","?","?"],"items_purchased_type":["Card","Relic"],"build_version":"2020-12-22","purchased_purges":0,"victory":false,"max_hp_per_floor":[71,71,71,71,71,71,71,71,71,71,71,71,71,71,71,71,71,71,71,71,71,71,71],"relic_stats":{"counters":[13,45],"Bronze Scales":[104],"PreservedInsect":0,"obtain_stats":[{"Bronze Scales":6,"PreservedInsect":9,"Cracked Core":0,"ClockworkSouvenir":14,"Nuclear Battery":17},{"Bronze Scales":5,"PreservedInsect":6,"Cracked Core":0,"ClockworkSouvenir":9,"Nuclear Battery":10},{"Bronze Scales":17,"PreservedInsect":19,"Cracked Core":0,"ClockworkSouvenir":27,"Nuclear Battery":36}]},"card_choices":[{"not_picked":["Impatience","Deep Breath"],"picked":"Dramatic Entrance","floor":0.0},{"not_picked":["Stack","Scrape"],"picked":"Go for the Eyes","floor":1.0},{"not_picked":["Steam","Melter"],"picked":"Stack","floor":2.0},{"not_picked":["Hologram","Redo"],"picked":"Aggregate","floor":3.0},{"not_picked":["Storm","Reprogram"],"picked":"Gash","floor":4.0},{"not_picked":["Go for the Eyes","Leap"],"picked":"Beam Cell","floor":6.0},{"not_picked":["Beam Cell","BootSequence"],"picked":"Biased Cognition","floor":8},{"not_picked":["Cold Snap","Sweeping Beam"],"picked":"Coolheaded","floor":11},{"not_picked":["Go for the Eyes","Auto Shields"],"picked":"Cold Snap","floor":12},{"not_picked":["Blizzard","Sweeping Beam"],"picked":"Ball Lightning","floor":13},{"not_picked":["Fission","Echo Form"],"picked":"All For One","floor":16},{"not_picked":["Coolheaded","Conserve Battery","Cold Snap"],"picked":"SKIP","floor":18},{"not_picked":["Aggregate+1","Stack"],"picked":"Reinforced Body","floor":19}],"player_experience":1537362,"relics_obtained":[{"floor":6.0,"key":"Bronze Scales"},{"floor":9,"key":"PreservedInsect"}],"event_choices":[{"cards_removed":["Strike_B"],"damage_healed":0.0,"max_hp_gain":0.0,"max_hp_loss":0.0,"gold_gain":0.0,"event_name":"Wheel of Change","player_choice":"Card Removal","floor":5.0,"gold_loss":0.0,"damage_taken":0.0},{"damage_healed":0,"gold_gain":0,"player_choice":"Ignored","damage_taken":0,"max_hp_gain":0,"max_hp_loss":0,"event_name":"Ghosts","floor":20,"gold_loss":0},{"damage_healed":0,"gold_gain":0,"player_choice":"Ignored","damage_taken":0,"max_hp_gain":0,"max_hp_loss":0,"event_name":"The Mausoleum","floor":21,"gold_loss":0},{"damage_healed":0,"gold_gain":0,"player_choice":"Fought Bandits","damage_taken":0,"max_hp_gain":0,"max_hp_loss":0,"event_name":"Masked Bandits","floor":22,"gold_loss":0}],"is_beta":false,"boss_relics":[{"not_picked":["SlaversCollar","SacredBark"],"picked":"Nuclear Battery"}],"items_purged_floors":[],"is_endless":false,"potions_floor_spawned":[1,4,6,11,13,18],"killed_by":"Masked Bandits","ascension_level":20}}