{"host":"64ub6hloe4gtkym4","time":1613848382,"event":{"mods":["AchievementEnabler","BaseMod","Colored Map","Colored Powertips","Googly Eyes","Hermit","Highlight Path","Hubris","Minty Spire (QoL Compilation)","Reliquary","Shop Mod","StSLib","The Construct","The Runesmith","The Servant 0.9.4"],"gold_per_floor":[118,118,118,118,132,132,157,157,182,182,210,223,223,236,236,359,359,373,43,42,42,42,42,42],"floor_reached":23,"language":"ENG","playtime":1563,"items_purged":["Injury"],"score":179,"play_id":"47116051-24ce-4eec-9b4c-96b1e1b0d292","local_time":"20210220191302","is_ascension_mode":false,"campfire_choices":[{"data":"Read","floor":6,"key":"SMITH"},{"floor":8,"key":"REST"},{"data":"Moonlight","floor":10,"key":"SMITH"},{"floor":13,"key":"REST"},{"floor":15,"key":"REST"}],"circlet_count":0,"master_deck":["Strike_S","Strike_S","Strike_S","Strike_S","Defend_S","Defend_S","Defend_S","Defend_S","KidneyShot+1","Exchange","Moonlight+1","Read+1","Rearm","Ricochet","Potential","SilverBlades","FlawlessForm","Collapse","GearUp+1"],"relics":["Uniform","Golden Idol","Regal Pillow","Odd Mushroom","hubris:Stopwatch","Kunai","hubris:Icosahedron","Nloth\u0027s Gift"],"acts_visited":["Exordium","TheCity"],"potions_floor_usage":[11,16,16,18],"damage_taken":[{"damage":0,"enemies":"Small Slimes","floor":1,"turns":1},{"damage":0,"enemies":"Jaw Worm","floor":5,"turns":1},{"damage":7,"enemies":"2 Louse","floor":7,"turns":2},{"damage":18,"enemies":"The Mushroom Lair","floor":11,"turns":9},{"damage":6,"enemies":"2 Fungi Beasts","floor":12,"turns":5},{"damage":10,"enemies":"Looter","floor":14,"turns":3},{"damage":38,"enemies":"The Guardian","floor":16,"turns":18},{"damage":7,"enemies":"Spheric Guardian","floor":18,"turns":8},{"damage":30,"enemies":"2 Thieves","floor":20,"turns":5},{"damage":36,"enemies":"3 Cultists","floor":23,"turns":4}],"seed_played":"-8056740223164638067","potions_obtained":[{"floor":1,"key":"DuplicationPotion"},{"floor":5,"key":"SkillPotion"},{"floor":12,"key":"DistilledChaos"},{"floor":16,"key":"Block Potion"}],"is_trial":false,"path_per_floor":["M","?","?","?","M","R","M","R","T","R","?","M","R","M","R","B",null,"M","$","M","?","?","M"],"character_chosen":"THE_SERVANT","items_purchased":["Kunai"],"campfire_rested":3,"item_purchase_floors":[19],"current_hp_per_floor":[65,65,65,65,65,65,58,65,65,65,47,41,65,55,65,27,65,58,58,28,28,28,0,0],"gold":42,"neow_bonus":"THREE_ENEMY_KILL","is_daily":false,"chose_seed":false,"campfire_upgraded":2,"win_rate":0.0,"timestamp":1613848382,"path_taken":["M","?","?","?","M","R","M","R","T","R","?","M","R","M","R","BOSS","M","$","M","?","?","?"],"items_purchased_type":["Relic"],"build_version":"2020-12-22","purchased_purges":1,"victory":false,"max_hp_per_floor":[65,65,65,65,65,65,65,65,65,65,65,65,65,65,65,65,65,65,65,65,65,65,65,65],"card_choices":[{"not_picked":["Collapse","Potential"],"picked":"Moonlight","floor":1},{"not_picked":["FastForward","Rewind"],"picked":"Read","floor":5},{"not_picked":["Foresight","Replace"],"picked":"Rearm","floor":7},{"not_picked":["InstantArmor","Spin"],"picked":"Ricochet","floor":11},{"not_picked":["TimeWarp","Replace"],"picked":"Potential","floor":12},{"not_picked":["Advance","Starlight"],"picked":"SilverBlades","floor":14},{"not_picked":["TheWorld","Solidify"],"picked":"FlawlessForm","floor":16},{"not_picked":["Defy","Rewind"],"picked":"Collapse","floor":18},{"not_picked":["Alleviate","BestPractice+1"],"picked":"GearUp+1","floor":20}],"player_experience":33522,"relics_obtained":[{"floor":9,"key":"Regal Pillow"},{"floor":11,"key":"Odd Mushroom"}],"event_choices":[{"damage_healed":0,"gold_gain":0,"player_choice":"Ignored","damage_taken":0,"max_hp_gain":0,"max_hp_loss":0,"event_name":"Liars Game","floor":2,"gold_loss":0},{"damage_healed":0,"gold_gain":0,"player_choice":"Grow","damage_taken":0,"max_hp_gain":0,"max_hp_loss":0,"event_name":"Living Wall","floor":3,"gold_loss":0,"cards_upgraded":["KidneyShot"]},{"damage_healed":0,"gold_gain":0,"player_choice":"Take Wound","damage_taken":0,"relics_obtained":["Golden Idol"],"max_hp_gain":0,"max_hp_loss":0,"event_name":"Golden Idol","floor":4,"gold_loss":0,"cards_obtained":["Injury"]},{"damage_healed":0,"gold_gain":0,"player_choice":"Fought Mushrooms","damage_taken":0,"max_hp_gain":0,"max_hp_loss":0,"event_name":"Mushrooms","floor":11,"gold_loss":0},{"damage_healed":0,"gold_gain":0,"player_choice":"Traded Relic","damage_taken":0,"relics_obtained":["Nloth\u0027s Gift"],"max_hp_gain":0,"max_hp_loss":0,"event_name":"N\u0027loth","floor":22,"relics_lost":["NeowsBlessing"],"gold_loss":0}],"is_beta":false,"boss_relics":[{"not_picked":["reliquary:KinkedSpring","hubris:TerracottaHorce"],"picked":"hubris:Stopwatch"}],"items_purged_floors":[19],"is_endless":false,"potions_floor_spawned":[1,5,12,16],"killed_by":"3 Cultists","ascension_level":0}}