{"host":"3kvzrqphghcx5kvo","time":1613859900,"event":{"mods":["AchievementEnabler","BaseMod","Colored Map","Colored Powertips","Downfall","GifTheSpireLib","Minty Spire (QoL Compilation)","Quick Restart","Rare Cards Sparkle","Relic Stats","StSLib","Unceasing Turn Reminder","everything is the same but u backflip on backflip"],"gold_per_floor":[117,117,117,42,42,42,60,93,93,93,63,63,74,86,86,163,163,173,173,65,79,91,123,123,123,123,123,48,48,75,88,88,162,162,176,192,192,1191,697,697,725,735,735,735,750,44,0,19,19,19,19,19],"floor_reached":51,"language":"ENG","playtime":4089,"items_purged":["Parasite","Normality","Normality"],"score":1497,"play_id":"eef9e276-c1b4-4672-af8d-8f5c45be9c03","local_time":"20210220142500","is_ascension_mode":true,"campfire_choices":[{"data":"Prostrate","floor":6.0,"key":"SMITH"},{"floor":10.0,"key":"REST"},{"data":"Brilliance","floor":12.0,"key":"SMITH"},{"data":"Eruption","floor":15.0,"key":"SMITH"},{"floor":24.0,"key":"REST"},{"floor":27.0,"key":"REST"},{"data":"Trip","floor":29.0,"key":"SMITH"},{"data":"BowlingBash","floor":32.0,"key":"SMITH"},{"data":"Perseverance","floor":40.0,"key":"SMITH"},{"floor":44.0,"key":"REST"},{"floor":49.0,"key":"REST"}],"circlet_count":0,"master_deck":["AscendersBane","Strike_P","Defend_P","Defend_P","Defend_P","Eruption+1","Vigilance","Prostrate+1","Brilliance+1","BowlingBash+1","Vault","Meditate","Trip+1","Evaluate+1","Brilliance","Perseverance+1","EmptyMind+1","Finesse","Finesse","ThirdEye+1","ClearTheMind+1","SashWhip+1","LikeWater+1","SpiritShield","Protect","Pray","FlyingSleeves+1"],"relics":["PureWater","CaptainsWheel","Mummified Hand","Cursed Key","Calipers","Akabeko","Empty Cage","Orrery","Ancient Tea Set","Dream Catcher","StoneCalendar","Medical Kit","Red Mask"],"acts_visited":["Exordium","TheCity","TheBeyond"],"potions_floor_usage":[51,51],"damage_taken":[{"damage":3.0,"enemies":"Small Slimes","floor":1.0,"turns":4.0},{"damage":2.0,"enemies":"Cultist","floor":7.0,"turns":3.0},{"damage":34.0,"enemies":"3 Sentries","floor":8.0,"turns":7.0},{"damage":6.0,"enemies":"2 Louse","floor":13.0,"turns":3.0},{"damage":4.0,"enemies":"Exordium Wildlife","floor":14.0,"turns":4.0},{"damage":0.0,"enemies":"Slime Boss","floor":16.0,"turns":6.0},{"damage":11.0,"enemies":"Shell Parasite","floor":18.0,"turns":4.0},{"damage":4.0,"enemies":"2 Thieves","floor":21.0,"turns":4.0},{"damage":25.0,"enemies":"Snake Plant","floor":22.0,"turns":4.0},{"damage":20.0,"enemies":"Book of Stabbing","floor":23.0,"turns":6.0},{"damage":16.0,"enemies":"Slavers","floor":30.0,"turns":5.0},{"damage":0.0,"enemies":"Cultist and Chosen","floor":31.0,"turns":6.0},{"damage":54.0,"enemies":"Automaton","floor":33.0,"turns":6.0},{"damage":0.0,"enemies":"3 Darklings","floor":35.0,"turns":4.0},{"damage":0.0,"enemies":"3 Shapes","floor":36.0,"turns":5.0},{"damage":14.0,"enemies":"Reptomancer","floor":41.0,"turns":5.0},{"damage":2.0,"enemies":"3 Darklings","floor":42.0,"turns":7.0},{"damage":4.0,"enemies":"Writhing Mass","floor":45.0,"turns":10.0},{"damage":19.0,"enemies":"Maw","floor":48.0,"turns":9.0},{"damage":24.0,"enemies":"Awakened One","floor":50.0,"turns":17.0},{"damage":46,"enemies":"Time Eater","floor":51,"turns":8}],"seed_played":"6818827336416046375","potions_obtained":[{"floor":7.0,"key":"PowerPotion"},{"floor":8.0,"key":"GamblersBrew"},{"floor":11.0,"key":"LiquidMemories"},{"floor":11.0,"key":"EssenceOfSteel"},{"floor":16.0,"key":"Fire Potion"},{"floor":23.0,"key":"Fire Potion"},{"floor":31.0,"key":"Regen Potion"},{"floor":33.0,"key":"GamblersBrew"},{"floor":41.0,"key":"CultistPotion"},{"floor":42.0,"key":"Dexterity Potion"}],"is_trial":false,"path_per_floor":["M","?","?","$","?","R","M","E","T","R","?","R","M","M","R","B",null,"M","?","$","M","M","E","R","?","T","R","?","R","E","M","R","B",null,"M","M","?","?","$","R","E","M","T","R","M","$","?","M","R","B","B"],"character_chosen":"WATCHER","items_purchased":["Trip","Orrery","SkillPotion","Ancient Tea Set","StoneCalendar","Medical Kit","Pray"],"campfire_rested":5,"item_purchase_floors":[20,39,39,39,46,46,46],"current_hp_per_floor":[70,70,70,70,70,70,68,34,34,57,57,57,51,47,47,47,70,59,59,59,55,30,10,33,48,48,71,71,71,55,55,55,16,62,62,62,57,57,57,57,43,41,41,64,60,60,60,41,64,40,0,0],"gold":19,"neow_bonus":"TWENTY_PERCENT_HP_BONUS","is_daily":false,"chose_seed":false,"campfire_upgraded":6,"win_rate":0.0,"timestamp":1613859900,"path_taken":["M","?","?","$","?","R","M","E","T","R","?","R","M","M","R","BOSS","M","?","$","?","M","E","R","?","T","R","?","R","E","M","R","BOSS","M","M","?","?","$","R","E","M","T","R","M","$","?","M","R","BOSS","BOSS"],"items_purchased_type":["Card","Relic","Potion","Relic","Relic","Relic","Card"],"build_version":"2020-12-22","purchased_purges":3,"victory":false,"max_hp_per_floor":[80,80,80,77,77,77,77,77,77,77,77,77,77,77,77,77,77,77,77,77,77,77,77,77,77,77,77,77,77,77,77,77,77,77,77,77,77,77,77,77,77,77,77,77,77,77,77,77,77,77,77,77],"relic_stats":{"Dream Catcher":2,"counters":[21,127],"Mummified Hand":[7],"StoneCalendar":[156],"Cursed Key":0,"Medical Kit":[0],"obtain_stats":[{"Calipers":23,"StoneCalendar":46,"Cursed Key":17,"Empty Cage":34,"Ancient Tea Set":39,"Medical Kit":46,"Akabeko":30,"CaptainsWheel":8,"Dream Catcher":41,"Mummified Hand":9,"Orrery":39,"Red Mask":47,"PureWater":0},{"Calipers":10,"StoneCalendar":18,"Cursed Key":6,"Empty Cage":13,"Ancient Tea Set":15,"Medical Kit":18,"Akabeko":11,"CaptainsWheel":3,"Dream Catcher":16,"Mummified Hand":3,"Orrery":15,"Red Mask":18,"PureWater":0},{"Calipers":45,"StoneCalendar":93,"Cursed Key":27,"Empty Cage":62,"Ancient Tea Set":71,"Medical Kit":93,"Akabeko":50,"CaptainsWheel":14,"Dream Catcher":76,"Mummified Hand":14,"Orrery":71,"Red Mask":93,"PureWater":0}]},"card_choices":[{"not_picked":["Evaluate","ThirdEye"],"picked":"Prostrate","floor":1.0},{"not_picked":["Crescendo","Protect","FlyingSleeves"],"picked":"SKIP","floor":7.0},{"not_picked":["InnerPeace","WindmillStrike"],"picked":"Brilliance","floor":8.0},{"not_picked":["CutThroughFate","Consecrate"],"picked":"BowlingBash","floor":13.0},{"not_picked":["EmptyMind","PathToVictory","ClearTheMind"],"picked":"SKIP","floor":14.0},{"not_picked":["Establishment","Scrawl"],"picked":"Vault","floor":16.0},{"not_picked":["Adaptation","Crescendo","JustLucky"],"picked":"SKIP","floor":18.0},{"not_picked":["WreathOfFlame","CarveReality","Halt"],"picked":"SKIP","floor":21.0},{"not_picked":["Protect","FollowUp"],"picked":"Evaluate+1","floor":22.0},{"not_picked":["Meditate","FollowUp","Collect"],"picked":"SKIP","floor":23.0},{"not_picked":["FlurryOfBlows","CrushJoints","MasterReality"],"picked":"SKIP","floor":30.0},{"not_picked":["SignatureMove","Indignation","EmptyMind"],"picked":"SKIP","floor":31.0},{"not_picked":["Wish","DevaForm"],"picked":"Brilliance","floor":33.0},{"not_picked":["FollowUp","Consecrate+1"],"picked":"Perseverance","floor":35.0},{"not_picked":["EmptyMind+1","Weave+1","MentalFortress"],"picked":"SKIP","floor":36.0},{"not_picked":["Weave+1","MentalFortress"],"picked":"EmptyMind+1","floor":36.0},{"not_picked":["Trip","HandOfGreed"],"picked":"Finesse","floor":37.0},{"not_picked":["Purity","Chrysalis"],"picked":"Finesse","floor":37.0},{"not_picked":["FlurryOfBlows","Nirvana"],"picked":"ThirdEye+1","floor":39.0},{"not_picked":["Sanctity","Protect+1"],"picked":"ClearTheMind+1","floor":39.0},{"not_picked":["WreathOfFlame","DeusExMachina"],"picked":"SashWhip+1","floor":39.0},{"not_picked":["Weave+1","Swivel"],"picked":"LikeWater+1","floor":39.0},{"not_picked":["ThirdEye","CutThroughFate"],"picked":"SpiritShield","floor":41.0},{"not_picked":["Halt","Sanctity"],"picked":"Protect","floor":42.0},{"not_picked":["Nirvana+1","Meditate","FollowUp"],"picked":"SKIP","floor":45.0},{"not_picked":["Nirvana+1","Collect"],"picked":"FlyingSleeves+1","floor":48.0}],"player_experience":1280882,"relics_obtained":[{"floor":8.0,"key":"CaptainsWheel"},{"floor":9.0,"key":"Mummified Hand"},{"floor":23.0,"key":"Calipers"},{"floor":30.0,"key":"Akabeko"},{"floor":41.0,"key":"Dream Catcher"}],"event_choices":[{"damage_healed":0.0,"max_hp_gain":0.0,"max_hp_loss":0.0,"gold_gain":0.0,"event_name":"Liars Game","player_choice":"Ignored","floor":2.0,"gold_loss":0.0,"damage_taken":0.0},{"damage_healed":0.0,"max_hp_gain":0.0,"max_hp_loss":0.0,"gold_gain":0.0,"event_name":"Shining Light","player_choice":"Ignored","floor":3.0,"gold_loss":0.0,"damage_taken":0.0},{"damage_healed":0.0,"max_hp_gain":0.0,"max_hp_loss":0.0,"gold_gain":0.0,"event_name":"The Cleric","player_choice":"Leave","floor":5.0,"gold_loss":0.0,"damage_taken":0.0},{"damage_healed":0.0,"max_hp_gain":0.0,"max_hp_loss":0.0,"gold_gain":0.0,"event_name":"The Woman in Blue","player_choice":"Bought 2 Potions","floor":11.0,"gold_loss":0.0,"damage_taken":0.0},{"damage_healed":0.0,"max_hp_gain":0.0,"max_hp_loss":0.0,"gold_gain":0.0,"cards_transformed":["Strike_P"],"event_name":"Transmorgrifier","player_choice":"Transformed","floor":19.0,"gold_loss":0.0,"damage_taken":0.0,"cards_obtained":["Meditate"]},{"damage_healed":15.0,"max_hp_gain":0.0,"max_hp_loss":0.0,"gold_gain":0.0,"event_name":"The Library","player_choice":"Heal","floor":25.0,"gold_loss":0.0,"damage_taken":0.0},{"cards_removed":["Strike_P"],"damage_healed":0.0,"max_hp_gain":0.0,"max_hp_loss":0.0,"gold_gain":0.0,"event_name":"Beggar","player_choice":"Gave Gold","floor":28.0,"gold_loss":75.0,"damage_taken":0.0},{"damage_healed":0.0,"max_hp_gain":0.0,"max_hp_loss":0.0,"gold_gain":0.0,"event_name":"SensoryStone","player_choice":"Memory 2","floor":37.0,"gold_loss":0.0,"damage_taken":5.0},{"damage_healed":0.0,"max_hp_gain":0.0,"max_hp_loss":0.0,"gold_gain":999.0,"event_name":"MindBloom","player_choice":"Gold","floor":38.0,"gold_loss":0.0,"damage_taken":0.0,"cards_obtained":["Normality","Normality"]},{"damage_healed":0.0,"max_hp_gain":0.0,"max_hp_loss":0.0,"gold_gain":0.0,"event_name":"Tomb of Lord Red Mask","player_choice":"Paid","floor":47.0,"gold_loss":44.0,"damage_taken":0.0,"relics_obtained":["Red Mask"]}],"is_beta":false,"boss_relics":[{"not_picked":["Calling Bell","Runic Pyramid"],"picked":"Cursed Key"},{"not_picked":["Sozu","Busted Crown"],"picked":"Empty Cage"}],"items_purged_floors":[4,39,46],"is_endless":false,"potions_floor_spawned":[7,8,16,23,31,33,41,42],"killed_by":"Time Eater","ascension_level":20}}