{"host":"mc5v85iuptizxtr7","time":1613833615,"event":{"mods":["AchievementEnabler","Ascension Reborn","Aspiration","Bard","BaseMod","BetterRewards","Colored Map","Colored Powertips","Conspire","DeckTracker","Downfall","Hermit","Highlight Path","Hubris","Infinite Spire","Minty Spire (QoL Compilation)","Rare Cards Sparkle","Relic Stats","Shop Mod","StSLib","Synergy Search","The Animator","The Bladedancer","The Bug Knight","The Cursed","The Forsaken","The Necromancer","UnlockEverythingMod"],"gold_per_floor":[123,123,123,16,16,57,57,88,119,136,149,165,165,46,46,171,171,189,203,215,215,235,235,48,48],"floor_reached":24,"language":"DEU","playtime":1173,"items_purged":[],"score":256,"play_id":"e0dcc5df-9d4e-44b7-8b0f-61ba89a80753","local_time":"20210220160655","is_ascension_mode":true,"campfire_choices":[{"floor":7.0,"key":"RECALL"},{"data":"conspire:SharedLibrary","floor":13,"key":"SMITH"},{"data":"Panache","floor":15,"key":"SMITH"},{"data":"Electrodynamics","floor":23,"key":"SMITH"}],"circlet_count":0,"master_deck":["Strike_B","Strike_B","Strike_B","Strike_B","Defend_B","Defend_B","Defend_B","Zap","Dualcast","Fusion","White Noise","Skim","Core Surge","Sweeping Beam+1","Hello World+1","hubris:DuctTapeCard","conspire:SharedLibrary+1","Panache+1","Electrodynamics+1","Static Discharge+1","Coolheaded+1","Self Repair"],"relics":["Cracked Core","NeowsBlessing","infinitespire:BottledMercury","Membership Card","aspiration:ChemicalBlood","hubris:DuctTape","Pantograph","theForsaken:Lifeblossom","hubris:GlazedTorus","aspiration:Stellarator","Matryoshka","infinitespire:ShieldingShard"],"acts_visited":["Exordium","TheCity"],"potions_floor_usage":[16,16,18,20,22,24,24],"damage_taken":[{"damage":0.0,"enemies":"Small Slimes","floor":1.0,"turns":1.0},{"damage":0.0,"enemies":"Lagavulin","floor":6.0,"turns":1.0},{"damage":0.0,"enemies":"3 Sentries","floor":8.0,"turns":1.0},{"damage":0.0,"enemies":"conspire:RoseBush","floor":10.0,"turns":2.0},{"damage":0.0,"enemies":"2 Louse","floor":11.0,"turns":2.0},{"damage":3.0,"enemies":"Looter","floor":12.0,"turns":2.0},{"damage":40,"enemies":"Hexaghost","floor":16,"turns":6},{"damage":5,"enemies":"3 Byrds","floor":18,"turns":3},{"damage":5,"enemies":"Chosen and Byrds","floor":19,"turns":1},{"damage":14,"enemies":"conspire:HollyBat","floor":20,"turns":5},{"damage":18,"enemies":"Centurion and Healer","floor":22,"turns":2},{"damage":85,"enemies":"hubris:Merchant","floor":24,"turns":6}],"seed_played":"232307847370105060","potions_obtained":[{"floor":1.0,"key":"EssenceOfSteel"},{"floor":1.0,"key":"Swift Potion"},{"floor":6.0,"key":"Weak Potion"},{"floor":8.0,"key":"hexamod:SoulburnPotion"},{"floor":16,"key":"SteroidPotion"},{"floor":18,"key":"champ:CounterPotion"},{"floor":22,"key":"champ:CounterPotion"}],"is_trial":false,"path_per_floor":["M","?","?","$","?","E","R","E","T","M","M","M","R","$","R","B",null,"M","M","M","?","M","R","$"],"character_chosen":"DEFECT","items_purchased":["Membership Card","theForsaken:Lifeblossom","Panache","Matryoshka","infinitespire:ShieldingShard"],"campfire_rested":0,"item_purchase_floors":[4,14,14,24,24],"current_hp_per_floor":[79,76,76,76,76,76,76,76,76,76,76,73,73,73,73,46,83,81,78,70,70,59,59,0,0],"gold":48,"neow_bonus":"THREE_ENEMY_KILL","is_daily":false,"chose_seed":false,"campfire_upgraded":3,"win_rate":0.0,"timestamp":1613833615,"path_taken":["M","?","?","$","?","E","R","E","T","M","M","M","R","$","R","BOSS","M","M","M","?","?","R","$"],"items_purchased_type":["Relic","Relic","Card","Relic","Relic"],"build_version":"2020-12-22","purchased_purges":0,"victory":false,"max_hp_per_floor":[79,79,79,79,79,79,79,79,79,79,79,79,79,79,79,83,83,83,83,83,83,83,83,83,83],"relic_stats":{"counters":[12,32],"Pantograph":30,"obtain_stats":[{"infinitespire:BottledMercury":2,"Matryoshka":24,"infinitespire:ShieldingShard":24,"NeowsBlessing":0,"hubris:DuctTape":8,"aspiration:Stellarator":17,"Pantograph":11,"theForsaken:Lifeblossom":14,"Membership Card":4,"Cracked Core":0,"aspiration:ChemicalBlood":6,"hubris:GlazedTorus":16},{"infinitespire:BottledMercury":1,"Matryoshka":11,"infinitespire:ShieldingShard":11,"NeowsBlessing":0,"hubris:DuctTape":3,"aspiration:Stellarator":7,"Pantograph":5,"theForsaken:Lifeblossom":6,"Membership Card":1,"Cracked Core":0,"aspiration:ChemicalBlood":2,"hubris:GlazedTorus":7},{"infinitespire:BottledMercury":1,"Matryoshka":26,"infinitespire:ShieldingShard":26,"NeowsBlessing":0,"hubris:DuctTape":3,"aspiration:Stellarator":15,"Pantograph":7,"theForsaken:Lifeblossom":9,"Membership Card":1,"Cracked Core":0,"aspiration:ChemicalBlood":2,"hubris:GlazedTorus":15}]},"card_choices":[{"not_picked":["FTL","Barrage"],"picked":"Fusion","floor":1.0},{"not_picked":["Turbo","Streamline"],"picked":"White Noise","floor":6.0},{"not_picked":["Beam Cell","Redo"],"picked":"Skim","floor":6.0},{"not_picked":["Melter","Doom and Gloom"],"picked":"Steam+1","floor":8.0},{"not_picked":["Conserve Battery","Melter+1"],"picked":"Core Surge","floor":8.0},{"not_picked":["BootSequence","Coolheaded"],"picked":"Sweeping Beam+1","floor":10.0},{"not_picked":["Streamline","Leap"],"picked":"Hello World+1","floor":11.0},{"not_picked":["Hologram","Stack"],"picked":"conspire:SharedLibrary","floor":12},{"not_picked":["Seek","Reboot"],"picked":"Electrodynamics","floor":16},{"not_picked":["Darkness+1","Streamline"],"picked":"Static Discharge+1","floor":18},{"not_picked":["Hologram+1","Steam+1"],"picked":"Coolheaded+1","floor":19},{"not_picked":["Beam Cell+1","Redo","Melter"],"picked":"SKIP","floor":20},{"not_picked":["Compile Driver","Beam Cell+1"],"picked":"Self Repair","floor":22}],"player_experience":165589,"relics_obtained":[{"floor":6.0,"key":"aspiration:ChemicalBlood"},{"floor":8.0,"key":"hubris:DuctTape"},{"floor":11.0,"key":"Pantograph"},{"floor":16,"key":"hubris:GlazedTorus"}],"event_choices":[{"damage_healed":0.0,"max_hp_gain":0.0,"max_hp_loss":0.0,"gold_gain":0.0,"event_name":"Scrap Ooze","player_choice":"Success","floor":2.0,"gold_loss":0.0,"damage_taken":3.0,"relics_obtained":["infinitespire:BottledMercury"]},{"damage_healed":0.0,"max_hp_gain":0.0,"max_hp_loss":0.0,"gold_gain":0.0,"event_name":"The Cleric","player_choice":"Leave","floor":3.0,"gold_loss":0.0,"damage_taken":0.0},{"damage_healed":0,"gold_gain":0,"player_choice":"Ignored","damage_taken":0,"max_hp_gain":0,"max_hp_loss":0,"event_name":"NoteForYourself","floor":21,"gold_loss":0}],"is_beta":false,"boss_relics":[{"not_picked":["Ectoplasm","bronze:MakeshiftBattery"],"picked":"aspiration:Stellarator"}],"items_purged_floors":[],"is_endless":false,"potions_floor_spawned":[1,11,12,19,22],"killed_by":"hubris:Merchant","ascension_level":0}}