{"host":"or8fr2mp0k3eluj8","time":1613818393,"event":{"mods":["AchievementEnabler","BaseMod","Colored Map","DeckTracker","Keyboard Shortcuts","Minty Spire (QoL Compilation)","StSLib","SuperFastMode","everything is the same but u backflip on backflip"],"gold_per_floor":[112,37,112,112,112,145,162,176,176,176,25,52,71,87,87,87,87],"floor_reached":16,"language":"KOR","playtime":294,"items_purged":["Strike_B","Strike_B"],"score":146,"play_id":"b1cd21d3-8591-4f0d-991c-104705aacfa8","local_time":"20210220195313","is_ascension_mode":true,"campfire_choices":[{"floor":15,"key":"REST"}],"circlet_count":0,"master_deck":["Strike_B","Strike_B","Defend_B","Defend_B","Defend_B","Zap","Dualcast","Rainbow","Redo","Coolheaded","Genetic Algorithm","Sweeping Beam","Barrage+1","Self Repair","Defragment","Steam"],"relics":["Cracked Core","Mango","Molten Egg 2","Bag of Marbles"],"acts_visited":["Exordium"],"potions_floor_usage":[],"damage_taken":[{"damage":3,"enemies":"2 Louse","floor":1,"turns":2},{"damage":12,"enemies":"Lagavulin","floor":6,"turns":5},{"damage":16,"enemies":"Small Slimes","floor":7,"turns":3},{"damage":4,"enemies":"Cultist","floor":8,"turns":3},{"damage":23,"enemies":"Gremlin Nob","floor":12,"turns":4},{"damage":9,"enemies":"Looter","floor":13,"turns":3},{"damage":13,"enemies":"2 Fungi Beasts","floor":14,"turns":3},{"damage":31,"enemies":"Slime Boss","floor":16,"turns":5}],"seed_played":"-2434653824978999803","potions_obtained":[{"floor":6,"key":"BlessingOfTheForge"},{"floor":14,"key":"FearPotion"}],"is_trial":false,"path_per_floor":["M","$","?","?","?","E","M","M","T","T","$","E","M","M","R","B"],"character_chosen":"DEFECT","items_purchased":["Barrage+1"],"campfire_rested":1,"item_purchase_floors":[11],"current_hp_per_floor":[72,72,61,54,59,61,45,41,41,41,41,18,16,3,31,0,0],"gold":87,"neow_bonus":"ONE_RANDOM_RARE_CARD","is_daily":false,"chose_seed":false,"campfire_upgraded":0,"win_rate":0.0,"timestamp":1613818393,"path_taken":["M","$","?","?","?","E","M","M","T","?","$","E","M","M","R","BOSS"],"items_purchased_type":["Card"],"build_version":"2020-12-22","purchased_purges":2,"victory":false,"max_hp_per_floor":[75,75,75,75,80,94,94,94,94,94,94,94,94,94,94,94,94],"card_choices":[{"not_picked":["Rebound","Steam Power"],"picked":"Redo","floor":1},{"not_picked":["Go for the Eyes","Rebound"],"picked":"Coolheaded","floor":6},{"not_picked":["Leap","Compile Driver"],"picked":"Genetic Algorithm","floor":7},{"not_picked":["Gash","Lockon"],"picked":"Sweeping Beam","floor":8},{"not_picked":["Beam Cell+1","Hologram"],"picked":"Self Repair","floor":12},{"not_picked":["Double Energy","Genetic Algorithm"],"picked":"Defragment","floor":13},{"not_picked":["Blizzard+1","Sweeping Beam+1"],"picked":"Steam","floor":14}],"player_experience":394565,"relics_obtained":[{"floor":6,"key":"Mango"},{"floor":10,"key":"Molten Egg 2"},{"floor":12,"key":"Bag of Marbles"}],"event_choices":[{"damage_healed":0,"gold_gain":75,"player_choice":"Gather Gold","damage_taken":11,"max_hp_gain":0,"max_hp_loss":0,"event_name":"World of Goop","floor":3,"gold_loss":0},{"cards_removed":["Defend_B"],"damage_healed":0,"gold_gain":0,"player_choice":"Card Removal","damage_taken":7,"max_hp_gain":0,"max_hp_loss":0,"event_name":"Golden Wing","floor":4,"gold_loss":0},{"damage_healed":0,"gold_gain":0,"player_choice":"Donut","damage_taken":0,"max_hp_gain":5,"max_hp_loss":0,"event_name":"Big Fish","floor":5,"gold_loss":0}],"is_beta":false,"boss_relics":[],"items_purged_floors":[2,11],"is_endless":false,"potions_floor_spawned":[6,14],"killed_by":"Slime Boss","ascension_level":2}}