{"host":"gobyjzz6xbwq9f9i","time":1613809633,"event":{"mods":["AchievementEnabler","BaseMod","Bestiary","Colored Map","Minty Spire (QoL Compilation)","Relic Stats","ojb\u0027s Info Mod"],"gold_per_floor":[109,119,119,137,137,164,164,174,255,255,287,300,300,332,332,429,429,449,469,469,469,484,514,534,50,73,89,116,116,116,133,133,230,230,243,243,256,256,270,303,303,328,354,364,379,407,419,37,37,37,37,37,12,45,45],"floor_reached":56,"language":"ENG","playtime":2961,"items_purged":["Strike_P"],"score":2211,"play_id":"3963e961-0fda-4709-be60-1390f63c4979","local_time":"20210220002713","is_ascension_mode":true,"campfire_choices":[{"data":"WheelKick","floor":7,"key":"SMITH"},{"data":"CutThroughFate","floor":10,"key":"SMITH"},{"data":"Fasting2","floor":13,"key":"SMITH"},{"data":"BattleHymn","floor":15,"key":"SMITH"},{"data":"Ragnarok","floor":29,"key":"SMITH"},{"floor":32,"key":"REST"},{"data":"Meditate","floor":41,"key":"SMITH"},{"floor":49,"key":"RECALL"},{"floor":52,"key":"REST"}],"circlet_count":0,"master_deck":["AscendersBane","Defend_P+1","Defend_P+1","Eruption+1","Vigilance+1","WheelKick+1","Swivel+1","EmptyMind","BattleHymn+1","CutThroughFate+1","LessonLearned+1","Fasting2+1","Vault+1","DevaForm+1","Crescendo+1","Nirvana+1","Evaluate+1","Ragnarok+1","Meditate+1","TalkToTheHand+1","CutThroughFate+1","BowlingBash+1","SpiritShield+1","Alpha+1","SandsOfTime+1","Vengeance+1","SandsOfTime+1","Fasting2+1","TalkToTheHand+1","Swivel+1","Indignation+1","Tantrum","CutThroughFate+1","Adaptation+1","ThirdEye","DeusExMachina"],"relics":["Snecko Eye","TungstenRod","Mercury Hourglass","Akabeko","Strawberry","Sozu","Bottled Tornado","Mummified Hand","PreservedInsect","Potion Belt","Ornamental Fan","Astrolabe","StrikeDummy","Singing Bowl","Bird Faced Urn","Melange","Oddly Smooth Stone","Bronze Scales"],"acts_visited":["Exordium","TheCity","TheBeyond","TheEnding"],"potions_floor_usage":[6,42,55],"damage_taken":[{"damage":0,"enemies":"Small Slimes","floor":1,"turns":2},{"damage":0,"enemies":"Cultist","floor":2,"turns":1},{"damage":0,"enemies":"Jaw Worm","floor":4,"turns":1},{"damage":0,"enemies":"Lagavulin","floor":6,"turns":3},{"damage":0,"enemies":"Looter","floor":8,"turns":2},{"damage":0,"enemies":"Gremlin Nob","floor":11,"turns":2},{"damage":0,"enemies":"2 Fungi Beasts","floor":12,"turns":2},{"damage":0,"enemies":"3 Sentries","floor":14,"turns":3},{"damage":0,"enemies":"Slime Boss","floor":16,"turns":5},{"damage":0,"enemies":"Chosen","floor":18,"turns":4},{"damage":3,"enemies":"Shell Parasite","floor":19,"turns":2},{"damage":0,"enemies":"Snake Plant","floor":22,"turns":3},{"damage":28,"enemies":"Book of Stabbing","floor":23,"turns":6},{"damage":0,"enemies":"Cultist and Chosen","floor":24,"turns":2},{"damage":0,"enemies":"Chosen and Byrds","floor":27,"turns":3},{"damage":8,"enemies":"Slavers","floor":28,"turns":3},{"damage":0,"enemies":"Centurion and Healer","floor":31,"turns":4},{"damage":0,"enemies":"Automaton","floor":33,"turns":4},{"damage":0,"enemies":"3 Shapes","floor":35,"turns":2},{"damage":0,"enemies":"Orb Walker","floor":37,"turns":4},{"damage":0,"enemies":"Sphere and 2 Shapes","floor":39,"turns":2},{"damage":0,"enemies":"Giant Head","floor":40,"turns":3},{"damage":0,"enemies":"Reptomancer","floor":42,"turns":2},{"damage":0,"enemies":"Maw","floor":44,"turns":5},{"damage":18,"enemies":"4 Shapes","floor":45,"turns":6},{"damage":0,"enemies":"Giant Head","floor":46,"turns":4},{"damage":24,"enemies":"Writhing Mass","floor":47,"turns":2},{"damage":24,"enemies":"Awakened One","floor":50,"turns":6},{"damage":0,"enemies":"Shield and Spear","floor":54,"turns":2},{"damage":50,"enemies":"The Heart","floor":55,"turns":6}],"seed_played":"8656289052174985563","potions_obtained":[{"floor":1,"key":"CultistPotion"},{"floor":2,"key":"BlessingOfTheForge"},{"floor":14,"key":"Ancient Potion"},{"floor":16,"key":"Explosive Potion"}],"is_trial":false,"path_per_floor":["M","M","?","M","?","E","R","M","T","R","E","M","R","E","R","B",null,"M","M","?","?","M","E","M","$","T","M","E","R","?","M","R","B",null,"M","?","M","?","M","E","R","E","T","M","M","E","M","$","R","B",null,"R","$","E","B",null],"character_chosen":"WATCHER","items_purchased":["Mummified Hand","Meditate","TalkToTheHand","Adaptation","Melange","Oddly Smooth Stone","ThirdEye"],"campfire_rested":2,"item_purchase_floors":[25,25,25,48,48,48,53],"current_hp_per_floor":[65,65,65,65,65,65,65,65,65,65,65,65,65,72,72,72,77,77,74,74,74,74,46,46,46,46,46,38,38,38,38,61,61,75,75,75,75,75,75,75,75,77,77,79,61,61,43,43,43,31,70,83,83,83,35],"gold":45,"neow_bonus":"BOSS_RELIC","is_daily":false,"chose_seed":false,"campfire_upgraded":6,"win_rate":0.0,"timestamp":1613809633,"path_taken":["M","M","?","M","?","E","R","?","T","R","E","M","R","E","R","BOSS","M","M","?","?","M","E","M","$","T","M","E","R","?","M","R","BOSS","M","?","M","?","M","E","R","E","T","M","M","E","M","$","R","BOSS","R","$","E","BOSS"],"items_purchased_type":["Relic","Card","Card","Card","Relic","Relic","Card"],"build_version":"2020-12-22","purchased_purges":1,"victory":true,"max_hp_per_floor":[72,72,72,72,72,72,72,72,72,72,72,72,72,79,79,79,79,79,79,79,79,79,79,79,79,79,79,79,79,79,79,79,79,79,79,79,79,79,79,79,79,81,81,83,83,83,83,83,83,83,83,83,83,83,83],"relic_stats":{"Singing Bowl":4,"counters":[30,93],"Astrolabe":["Alpha","SandsOfTime","Vengeance"],"Melange":[6],"PreservedInsect":438,"Mercury Hourglass":[363],"Sozu":10,"Mummified Hand":[111],"Ornamental Fan":[88],"Bird Faced Urn":[20],"Bronze Scales":[48],"Snecko Eye":[192,181,177,172],"obtain_stats":[{"Potion Belt":28,"Singing Bowl":42,"Astrolabe":34,"Melange":48,"Oddly Smooth Stone":48,"PreservedInsect":26,"Bottled Tornado":23,"Akabeko":11,"Mercury Hourglass":9,"Sozu":17,"Mummified Hand":25,"Ornamental Fan":30,"Strawberry":14,"Bird Faced Urn":46,"Bronze Scales":54,"Snecko Eye":0,"PureWater":0,"StrikeDummy":40,"TungstenRod":6},{"Potion Belt":16,"Singing Bowl":23,"Astrolabe":18,"Melange":27,"Oddly Smooth Stone":27,"PreservedInsect":14,"Bottled Tornado":13,"Akabeko":6,"Mercury Hourglass":5,"Sozu":9,"Mummified Hand":14,"Ornamental Fan":16,"Strawberry":8,"Bird Faced Urn":26,"Bronze Scales":29,"Snecko Eye":0,"PureWater":0,"StrikeDummy":22,"TungstenRod":4},{"Potion Belt":43,"Singing Bowl":63,"Astrolabe":51,"Melange":79,"Oddly Smooth Stone":79,"PreservedInsect":37,"Bottled Tornado":35,"Akabeko":11,"Mercury Hourglass":9,"Sozu":21,"Mummified Hand":37,"Ornamental Fan":43,"Strawberry":16,"Bird Faced Urn":77,"Bronze Scales":87,"Snecko Eye":0,"PureWater":0,"StrikeDummy":61,"TungstenRod":7}],"TungstenRod":22},"card_choices":[{"not_picked":["PathToVictory","Swivel"],"picked":"WheelKick","floor":1},{"not_picked":["CrushJoints","PathToVictory"],"picked":"Swivel","floor":2},{"not_picked":["EmptyBody","Adaptation"],"picked":"EmptyMind","floor":4},{"not_picked":["CrushJoints","Nirvana"],"picked":"BattleHymn","floor":6},{"not_picked":["Vengeance","WreathOfFlame"],"picked":"CutThroughFate","floor":8},{"not_picked":["JustLucky","FlurryOfBlows"],"picked":"LessonLearned","floor":11},{"not_picked":["ThirdEye","Consecrate"],"picked":"Fasting2","floor":12},{"not_picked":["BowlingBash","DeusExMachina"],"picked":"Vault","floor":14},{"not_picked":["Judgement","Establishment"],"picked":"DevaForm","floor":16},{"not_picked":["Nirvana","EmptyFist","Prostrate"],"picked":"SKIP","floor":18},{"not_picked":["Prostrate","EmptyBody"],"picked":"Crescendo+1","floor":19},{"not_picked":["Protect","FlyingSleeves"],"picked":"Evaluate+1","floor":22},{"not_picked":["FollowUp","InnerPeace"],"picked":"Ragnarok","floor":23},{"not_picked":["FlurryOfBlows","Halt","Weave"],"picked":"SKIP","floor":24},{"not_picked":["FlurryOfBlows","Halt","Weave"],"picked":"SKIP","floor":24},{"not_picked":["EmptyFist","SashWhip"],"picked":"CutThroughFate","floor":27},{"not_picked":["ForeignInfluence","DeceiveReality","BowlingBash"],"picked":"SKIP","floor":28},{"not_picked":["Halt","PathToVictory"],"picked":"BowlingBash","floor":31},{"not_picked":["DeusExMachina","Establishment"],"picked":"SpiritShield","floor":33},{"not_picked":["BowlingBash","Meditate+1"],"picked":"SandsOfTime+1","floor":35},{"not_picked":["Halt+1","FollowUp+1"],"picked":"Fasting2+1","floor":37},{"not_picked":["FlurryOfBlows","Protect"],"picked":"TalkToTheHand+1","floor":39},{"not_picked":["WreathOfFlame+1","Fasting2"],"picked":"Swivel+1","floor":40},{"not_picked":["Crescendo+1","Worship","Pray"],"picked":"Singing Bowl","floor":42},{"not_picked":["Devotion","LikeWater","FollowUp+1"],"picked":"Singing Bowl","floor":44},{"not_picked":["CutThroughFate","Evaluate"],"picked":"Indignation+1","floor":45},{"not_picked":["Halt+1","FollowUp+1"],"picked":"Tantrum","floor":46},{"not_picked":["ThirdEye","Collect"],"picked":"CutThroughFate+1","floor":47},{"not_picked":["Halt","Consecrate"],"picked":"DeusExMachina","floor":54}],"player_experience":1366546,"relics_obtained":[{"floor":6,"key":"TungstenRod"},{"floor":9,"key":"Mercury Hourglass"},{"floor":11,"key":"Akabeko"},{"floor":14,"key":"Strawberry"},{"floor":23,"key":"Bottled Tornado"},{"floor":26,"key":"PreservedInsect"},{"floor":28,"key":"Potion Belt"},{"floor":40,"key":"StrikeDummy"},{"floor":42,"key":"Singing Bowl"},{"floor":46,"key":"Bird Faced Urn"},{"floor":54,"key":"Bronze Scales"}],"event_choices":[{"damage_healed":0,"gold_gain":0,"player_choice":"Ignored","damage_taken":0,"max_hp_gain":0,"max_hp_loss":0,"event_name":"Liars Game","floor":3,"gold_loss":0},{"damage_healed":0,"gold_gain":0,"cards_transformed":["Defend_P"],"player_choice":"Transformed","damage_taken":0,"max_hp_gain":0,"max_hp_loss":0,"event_name":"Transmorgrifier","floor":5,"gold_loss":0,"cards_obtained":["Study"]},{"damage_healed":0,"gold_gain":0,"player_choice":"Ignored","damage_taken":0,"max_hp_gain":0,"max_hp_loss":0,"event_name":"Ghosts","floor":20,"gold_loss":0},{"damage_healed":0,"gold_gain":0,"cards_transformed":["Strike_P","Defend_P"],"player_choice":"Became Test Subject","damage_taken":0,"max_hp_gain":0,"max_hp_loss":0,"event_name":"Drug Dealer","floor":21,"gold_loss":0,"cards_obtained":["PathToVictory","Nirvana"]},{"damage_healed":0,"gold_gain":0,"player_choice":"Opened","damage_taken":0,"relics_obtained":["Ornamental Fan"],"max_hp_gain":0,"max_hp_loss":0,"event_name":"The Mausoleum","floor":30,"gold_loss":0},{"cards_removed":["Study"],"damage_healed":0,"gold_gain":0,"player_choice":"Removed Power","damage_taken":0,"max_hp_gain":0,"max_hp_loss":0,"event_name":"Falling","floor":36,"gold_loss":0},{"damage_healed":0,"gold_gain":0,"player_choice":"Ignored","damage_taken":0,"max_hp_gain":0,"max_hp_loss":0,"event_name":"NoteForYourself","floor":38,"gold_loss":0}],"is_beta":false,"boss_relics":[{"not_picked":["Pandora\u0027s Box","Tiny House"],"picked":"Sozu"},{"not_picked":["Philosopher\u0027s Stone","VioletLotus"],"picked":"Astrolabe"}],"items_purged_floors":[25],"is_endless":false,"potions_floor_spawned":[1,2,14,16,19,22,23,31,39,40,42,45,46,47],"ascension_level":10}}