{"host":"121m0oxswv9tg9hk","time":1613858238,"event":{"mods":["BaseMod","Better Altar","Better Third Choice","Hermit","Hubris","Ironclad Rager","MarisaÅiñ∂âJÅ@ñÇóùçπÅj","Minty Spire (QoL Compilation)","Replay The Spire","StSLib","The Construct","The Mystic"],"gold_per_floor":[118,43,43,43,43,93,93,111,111,111,111],"floor_reached":10,"language":"ENG","playtime":552,"items_purged":["mysticmod:Defend_Mystic"],"score":83,"play_id":"193ad305-5b31-4c60-bee4-4038eb14aeb8","local_time":"20210220225718","is_ascension_mode":true,"campfire_choices":[{"floor":7,"key":"REST"}],"circlet_count":0,"master_deck":["mysticmod:Strike_Mystic","mysticmod:Strike_Mystic","mysticmod:Strike_Mystic","mysticmod:Defend_Mystic","mysticmod:Defend_Mystic","mysticmod:Defend_Mystic","mysticmod:ArcaneDodge","mysticmod:ShockingGrasp","mysticmod:CureLightWounds","Prepared","Prepared"],"relics":["ReplayTheSpireMod:Ring of Challenge","m_BookOfShivs","White Beast Statue","Replay:Bottled Steam"],"acts_visited":["Exordium"],"potions_floor_usage":[6,10],"damage_taken":[{"damage":0,"enemies":"Small Slimes","floor":1,"turns":3},{"damage":30,"enemies":"3 Sentries","floor":6,"turns":12},{"damage":0,"enemies":"2 Louse","floor":8,"turns":4},{"damage":72,"enemies":"Gremlin Nob","floor":10,"turns":5}],"seed_played":"1822521682932206365","potions_obtained":[{"floor":1,"key":"SkillPotion"},{"floor":6,"key":"Block Potion"},{"floor":8,"key":"Dexterity Potion"}],"is_trial":false,"path_per_floor":["M","$","?","?","?","E","R","M","T","E"],"character_chosen":"MYSTIC_CLASS","items_purchased":[],"campfire_rested":1,"item_purchase_floors":[],"current_hp_per_floor":[69,69,69,69,69,42,65,68,68,0,0],"gold":111,"neow_bonus":"REMOVE_CARD","is_daily":false,"chose_seed":false,"campfire_upgraded":0,"win_rate":0.0,"timestamp":1613858238,"path_taken":["M","$","?","?","?","E","R","M","T","E"],"items_purchased_type":[],"build_version":"2020-12-22","purchased_purges":1,"victory":false,"max_hp_per_floor":[77,77,77,77,77,77,77,77,77,77,77],"card_choices":[{"not_picked":["mysticmod:AllIn","mysticmod:Probe"],"picked":"mysticmod:CureLightWounds","floor":1},{"not_picked":["Outmaneuver","Concentrate"],"picked":"Prepared","floor":6},{"not_picked":["mysticmod:Daze","Endless Agony"],"picked":"Prepared","floor":8}],"player_experience":2582443,"relics_obtained":[{"floor":3,"key":"ReplayTheSpireMod:Ring of Challenge"},{"floor":6,"key":"White Beast Statue"},{"floor":9,"key":"Replay:Bottled Steam"}],"event_choices":[{"damage_healed":0,"gold_gain":0,"player_choice":"Leave","damage_taken":0,"max_hp_gain":0,"max_hp_loss":0,"event_name":"The Cleric","floor":4,"gold_loss":0}],"is_beta":false,"boss_relics":[],"items_purged_floors":[2],"is_endless":false,"potions_floor_spawned":[1,6,8],"killed_by":"Gremlin Nob","ascension_level":6}}