{"host":"nxydmt0dvj4m8em3","time":1613787828,"event":{"mods":["AchievementEnabler","Aspiration","BaseMod","Better Altar","Better Match","Better Note","Better Sensory Stone","Better Skull","Better Third Choice","BetterRewards","Colored Map","Colored Powertips","Downfall","GifTheSpireLib","Googly Eyes","Hermit","Hubris","Infinite Spire","Minty Spire (QoL Compilation)","Permanent Neow","Quick Restart","Rare Cards Sparkle","Replay The Spire","Shop Mod","Spicy Shops","StSLib","Stuff the Spire","egg","everything is the same but u backflip on backflip","slay the spire mod where everything is the same but ironclad has a cowboy hat"],"gold_per_floor":[117,117,136,153,167,201,201,213,213,213,60,60,60,75,75,170,170,188,202,117,117,132,132,157,157,157,173,173,188,188,289,289,299,299,299,330,345,345,397,397,397],"floor_reached":44,"language":"ENG","playtime":6991,"items_purged":[],"score":336,"play_id":"83fa9deb-2801-4b85-b971-591b63c8ff3d","local_time":"20210219182348","is_ascension_mode":false,"campfire_choices":[{"floor":7,"key":"REST"},{"floor":10,"key":"REST"},{"data":"Armaments","floor":15,"key":"SMITH"},{"floor":25,"key":"REST"},{"data":"Heavy Blade","floor":30,"key":"SMITH"},{"floor":32,"key":"REST"},{"floor":42,"key":"REST"}],"circlet_count":0,"master_deck":["Strike_R","Strike_R","Strike_R","Strike_R","Strike_R","Defend_R","Defend_R","Defend_R","Defend_R","Bash","Flex","Armaments","hubris:ReadiedAction","hubris:SharpeningStone","Heavy Blade+1","Armaments+1","Injury","StuffTheSpire:Incineration","Demon Form","ReplayTheSpireMod:Strike From Hell+1","Flex+1","hubris:Fate+1","Armaments+1","Pommel Strike+1","Bloodletting+1","Double Tap+1","Second Wind+1","Anger+1"],"relics":["Burning Blood","aspiration:Nostalgia","sneckomod:SneckoSoul","aspiration:DSix","hubris:Teleporter","MerchantsRug","Toxic Egg 2","infinitespire:Broken Mirror","Ring of Chaos","Replay:Bottled Steam","aspiration:HiddenCompartment","aspiration:RitualStick","hubris:Towel","SlaversCollar","Replay:WaspNest","hubris:SlimyHat"],"acts_visited":["Exordium","TheCity","TheBeyond"],"potions_floor_usage":[16,33,40,41],"damage_taken":[{"damage":12,"enemies":"Small Slimes","floor":1,"turns":4},{"damage":6,"enemies":"Cultist","floor":3,"turns":5},{"damage":6,"enemies":"Jaw Worm","floor":4,"turns":3},{"damage":9,"enemies":"Blue Slaver","floor":5,"turns":4},{"damage":31,"enemies":"Lagavulin","floor":6,"turns":6},{"damage":11,"enemies":"Large Slime","floor":8,"turns":6},{"damage":6,"enemies":"Exordium Wildlife","floor":14,"turns":6},{"damage":32,"enemies":"The Guardian","floor":16,"turns":15},{"damage":0,"enemies":"Spheric Guardian","floor":18,"turns":2},{"damage":28,"enemies":"Chosen","floor":19,"turns":7},{"damage":0,"enemies":"3 Cultists","floor":23,"turns":1},{"damage":16,"enemies":"Centurion and Healer","floor":29,"turns":7},{"damage":18,"enemies":"Snake Plant","floor":31,"turns":3},{"damage":0,"enemies":"Automaton","floor":33,"turns":2},{"damage":63,"enemies":"3 Darklings","floor":35,"turns":7},{"damage":18,"enemies":"Nightmare","floor":40,"turns":5},{"damage":0,"enemies":"3 Shapes","floor":41,"turns":1},{"damage":68,"enemies":"Transient","floor":44,"turns":4}],"seed_played":"-5670868382770237589","potions_obtained":[{"floor":3,"key":"Dexterity Potion"},{"floor":8,"key":"SmokeBomb"},{"floor":23,"key":"DuplicationPotion"},{"floor":29,"key":"Languid Potion"},{"floor":41,"key":"SteroidPotion"}],"is_trial":false,"path_per_floor":["M","?","M","M","M","E","R","M","T","R","$","?","T","M","R","B",null,"M","M","?","AVR","M","R","T","?","?","M","R","M","R","B",null,"M","AVR","?","NM","M","R","T","M"],"character_chosen":"IRONCLAD","items_purchased":["MerchantsRug"],"campfire_rested":5,"item_purchase_floors":[11],"current_hp_per_floor":[74,74,74,74,71,46,70,65,65,80,80,80,80,80,80,54,80,80,58,58,58,64,80,80,64,64,54,54,42,66,72,80,23,23,28,16,22,46,46,0,0],"gold":397,"neow_bonus":"NOSTALGIA","is_daily":false,"chose_seed":false,"campfire_upgraded":2,"win_rate":0.0,"timestamp":1613787828,"path_taken":["M","?","?","?","M","E","R","M","T","R","$","?","?","M","R","BOSS","M","M","?","AVR","M","R","T","?","?","M","R","M","R","BOSS","M","AVR","?","NM","?","R","T","M"],"items_purchased_type":["Relic"],"build_version":"2020-12-22","purchased_purges":0,"victory":false,"max_hp_per_floor":[80,80,80,80,80,80,80,80,80,80,80,80,80,80,80,80,80,80,80,80,80,80,80,80,80,80,80,80,80,80,80,80,80,80,80,80,80,80,80,80,80],"card_choices":[{"not_picked":["Heavy Blade","Wild Strike"],"picked":"Flex","floor":1},{"not_picked":["Perfected Strike","StuffTheSpire:RockThrow"],"picked":"Armaments","floor":3},{"not_picked":["True Grit","Dark Embrace"],"picked":"hubris:ReadiedAction","floor":4},{"not_picked":["Feel No Pain","Defy Death"],"picked":"hubris:SharpeningStone","floor":5},{"not_picked":["Replay:Undeath\u0027s Touch","ReplayTheSpireMod:Strike From Hell"],"picked":"Heavy Blade","floor":6},{"not_picked":["StuffTheSpire:RockThrow","Flex"],"picked":"Armaments","floor":8},{"not_picked":["Reckless Charge","Pommel Strike"],"picked":"StuffTheSpire:Incineration","floor":14},{"not_picked":["Impervious+1","StuffTheSpire:TitanForm"],"picked":"Demon Form","floor":16},{"not_picked":["Shockwave+1","Uppercut"],"picked":"ReplayTheSpireMod:Strike From Hell+1","floor":18},{"not_picked":["Warcry+1","Dual Wield+1"],"picked":"Flex+1","floor":19},{"not_picked":["StuffTheSpire:RockThrow","Sword Boomerang"],"picked":"Armaments+1","floor":23},{"not_picked":["ReplayTheSpireMod:Limb From Limb","StuffTheSpire:RagingBull"],"picked":"Pommel Strike+1","floor":29},{"not_picked":["Blood for Blood","ReplayTheSpireMod:Limb From Limb+1"],"picked":"Bloodletting+1","floor":31},{"not_picked":["hubris:StunningStrike","Hemogenesis"],"picked":"Double Tap+1","floor":33},{"not_picked":["Flex+1","Dark Embrace+1"],"picked":"Iron Wave","floor":35},{"not_picked":["ReplayReversal+1","hubris:CleavingFinish+1"],"picked":"Second Wind+1","floor":40},{"not_picked":["StuffTheSpire:BloodClot+1","Searing Blow+1"],"picked":"Anger+1","floor":41}],"player_experience":128487,"relics_obtained":[{"floor":6,"key":"aspiration:DSix"},{"floor":9,"key":"hubris:Teleporter"},{"floor":13,"key":"infinitespire:Broken Mirror"},{"floor":26,"key":"aspiration:HiddenCompartment"},{"floor":40,"key":"Replay:WaspNest"},{"floor":43,"key":"hubris:SlimyHat"}],"event_choices":[{"cards_removed":["Strike_R"],"damage_healed":0,"gold_gain":0,"player_choice":"Give","damage_taken":0,"max_hp_gain":0,"max_hp_loss":0,"event_name":"betterNote:BetterNote","floor":2,"gold_loss":0,"cards_obtained":["Regret"]},{"damage_healed":0,"gold_gain":0,"player_choice":"Obtained Relic","damage_taken":0,"relics_obtained":["Replay:Bottled Steam"],"max_hp_gain":0,"max_hp_loss":0,"event_name":"Addict","floor":20,"gold_loss":85},{"cards_removed":["Iron Wave"],"damage_healed":5,"gold_gain":0,"player_choice":"Offered Common","damage_taken":0,"max_hp_gain":0,"max_hp_loss":0,"event_name":"Bonfire Elementals","floor":39,"gold_loss":0},{"cards_removed":["Iron Wave"],"damage_healed":5,"gold_gain":0,"player_choice":"Offered Special","damage_taken":0,"max_hp_gain":0,"max_hp_loss":0,"event_name":"Bonfire Elementals","floor":39,"gold_loss":0}],"is_beta":false,"boss_relics":[{"not_picked":["Coffee Dripper","infinitespire:Burning Sword"],"picked":"Ring of Chaos"},{"not_picked":["aspiration:FutureDiary","Philosopher\u0027s Stone"],"picked":"SlaversCollar"}],"items_purged_floors":[],"is_endless":true,"potions_floor_spawned":[3,8,23,29,41],"killed_by":"Transient","ascension_level":0}}