{"host":"s924z949m5wc23z2","time":1613811276,"event":{"mods":["100% Spire Juice","ATMod(∞¢Ë™Mod)","Act Like it!","Arknights","Ascension Reborn","BaseMod","Colored Map","Colored Powertips","Conspire","Downfall","Good Game Mod","Lobotomy","LobotomyExtend","Luminous","Marisa£®ÏF”Í°°ƒß¿Ì…≥£©","Minty Spire (QoL Compilation)","MostiFishMod","Reimu£®≤©¿ˆ¡È√Œ£©","Relic Stats","Reliquary","Replay The Spire","Spicy Shops","StSLib","The Marked","WarShipGirlsR/’ΩΩ¢…Ÿ≈ÆR mod","Yakumo Yukari mod","Youmu£®ªÍ∆«—˝√Œ£©","Yuyuko","noobMod"],"gold_per_floor":[118,193,206,216,235,269,281,37,89,89,124,124,124,157,157,262,262,282,242,242,260,260,288,288,288,288,316,14,33,33,46,46,143,143,162,162,177,205,224,257,257,288,312,381,-1384,-1384,-1384,-1384,-1384,-1359,-1359,-1359,-1359,-1359,-1278,-1228],"floor_reached":57,"language":"ZHS","playtime":3423,"items_purged":["Regret"],"score":1858,"play_id":"d0ce34b8-c922-4f3d-a8d5-1705b6595fbd","local_time":"20210220175436","is_ascension_mode":true,"campfire_choices":[{"floor":13,"key":"RECALL"},{"data":"MostiFishMod:StarWish","floor":24,"key":"SMITH"},{"data":"Scrawl","floor":32,"key":"SMITH"},{"data":"DeusExMachina","floor":41,"key":"SMITH"},{"data":"Writhe","floor":49,"key":"PURGE"},{"data":"MostiFishMod:KamiSmash","floor":53,"key":"SMITH"}],"circlet_count":0,"master_deck":["Strike_P","Strike_P","Strike_P","Defend_P","Defend_P+1","Defend_P","Defend_P","Eruption+1","AT_FamilyPortrait","MostiFishMod:Nomercy+1","FieryBird","Adaptation+1","FlyingSleeves","SpiderBud","Pray+1","HeroicMonk","WheelKick","MostiFishMod:DisColor","MHz","MostiFishMod:DustFall","AT_IrregularMenstruation","AT_FamilyPortrait","MostiFishMod:StarWish+1","MostiFishMod:KamiSmash+1","BowlingBash","Scrawl+1","Crescendo+1","Wireheading+1","ThirdEye+1","BlueStar","MostiFishMod:KamiSmash+1","Replay:Hum+1","Scarecrow","MostiFishMod:DustFall","BodiesMountain","Replay:ManipulateFuture","NothingThere","DeusExMachina+1","MostiFishMod:PathToVictory","Pray","MasterReality"],"relics":["PureWater","AT_ATBox","ice","REME:ComplimentaryCards","DaveBox","SynthV:C4","CogitoBucket","RabbitCall","SynthV:TestCard","LetterFromLob","Vajra","AspirationHeart","ImprovedEquipment","Replay:Baseball","reliquary:Firecrackers","Bronze Scales","RedLine:ReiMu","SkinProphecy","Anchor","Gaze_r","Moonlight_r","Sundial","reliquary:Buckler","Darkstone Periapt","Toy Ornithopter","Blue Candle","GreenFoldingFan","BehaviorAdjustment","CombinedTypeHook","Unceasing Top","AT_Manta","AT_MibuBalloonWealth","Blood Vial","RuthlessExorcism:ReiMu","Lee\u0027s Waffle","SynthV:MejaisSoulstealer","Pantograph","Red Mask","AT_SilvercatRing"],"acts_visited":["Exordium","TheCity","TheBeyond","TheEnding"],"potions_floor_usage":[16,35,56,56],"damage_taken":[{"damage":0,"enemies":"Cultist","floor":1,"turns":2},{"damage":22,"enemies":"Jaw Worm","floor":3,"turns":2},{"damage":29,"enemies":"2 Louse","floor":4,"turns":3},{"damage":21,"enemies":"2 Fungi Beasts","floor":5,"turns":3},{"damage":42,"enemies":"Replay:BlueRogue","floor":6,"turns":4},{"damage":22,"enemies":"Looter","floor":7,"turns":3},{"damage":13,"enemies":"Gremlin Nob","floor":11,"turns":8},{"damage":0,"enemies":"Lagavulin","floor":14,"turns":2},{"damage":0,"enemies":"Fading Forest","floor":16,"turns":3},{"damage":26,"enemies":"Chosen","floor":18,"turns":1},{"damage":0,"enemies":"Shell Parasite","floor":21,"turns":2},{"damage":0,"enemies":"Slavers","floor":23,"turns":1},{"damage":0,"enemies":"Gremlin Leader","floor":25,"turns":1},{"damage":0,"enemies":"Gremlin Leader","floor":27,"turns":1},{"damage":0,"enemies":"Centurion and Healer","floor":29,"turns":1},{"damage":1,"enemies":"Cultist and Chosen","floor":31,"turns":1},{"damage":1,"enemies":"Champ","floor":33,"turns":1},{"damage":1,"enemies":"3 Shapes","floor":35,"turns":2},{"damage":0,"enemies":"Orb Walker","floor":37,"turns":1},{"damage":0,"enemies":"conspire:MimicChest","floor":38,"turns":1},{"damage":0,"enemies":"Maw","floor":39,"turns":1},{"damage":0,"enemies":"R_Hoarder","floor":40,"turns":1},{"damage":0,"enemies":"Reptomancer","floor":42,"turns":1},{"damage":0,"enemies":"Writhing Mass","floor":44,"turns":1},{"damage":0,"enemies":"Time Eater","floor":50,"turns":1},{"damage":0,"enemies":"Shield and Spear","floor":55,"turns":1},{"damage":67,"enemies":"The Heart","floor":56,"turns":3}],"seed_played":"992219545551177133","potions_obtained":[{"floor":1,"key":"DuplicationPotion"},{"floor":3,"key":"Milkshake"},{"floor":5,"key":"Fire Potion"},{"floor":18,"key":"BlessingOfTheForge"},{"floor":33,"key":"Swift Potion"},{"floor":35,"key":"BottledMiracle"}],"is_trial":false,"path_per_floor":["M","?","M","M","M","E","M","$","T","T","E","?","R","E","R_BF","B",null,"M","?","?","M","?","E","R","E","T","E","$","M","?","M","R","B",null,"M","?","M","?","M","E","R","E","T","M","$","T","?","?","R_BF","B",null,null,"R","$","E","B",null],"character_chosen":"WATCHER","items_purchased":["ImprovedEquipment","Darkstone Periapt","Toy Ornithopter","Blood Vial","RuthlessExorcism:ReiMu","Lee\u0027s Waffle","SynthV:MejaisSoulstealer"],"campfire_rested":0,"item_purchase_floors":[8,28,28,45,45,45,45],"current_hp_per_floor":[72,65,43,14,2,35,23,23,23,23,94,75,75,85,85,94,94,76,76,76,93,93,96,96,77,77,102,108,110,105,112,112,114,114,118,118,120,122,124,126,126,128,128,130,143,143,143,143,143,145,145,145,145,145,147,428],"gold":-1228,"neow_bonus":"","is_daily":false,"chose_seed":false,"campfire_upgraded":4,"win_rate":0.0,"timestamp":1613811276,"path_taken":["M","?","?","M","M","E","M","$","T","?","E","?","R","E","R_BF","BOSS","M","?","?","?","?","E","R","E","T","E","$","?","?","M","R","BOSS","M","?","M","?","M","E","R","E","T","?","$","?","?","?","R_BF","BOSS","R","$","E","BOSS"],"items_purchased_type":["Relic","Relic","Relic","Relic","Relic","Relic","Relic"],"build_version":"2020-12-22","purchased_purges":1,"victory":true,"max_hp_per_floor":[72,72,72,72,72,76,90,90,90,90,94,94,94,94,94,94,94,94,94,94,94,94,96,96,100,100,102,108,110,110,112,112,114,114,118,118,120,122,124,126,126,128,128,130,143,143,143,143,143,145,145,145,145,145,147,459],"relic_stats":{"Darkstone Periapt":12,"Blood Vial":2,"Lee\u0027s Waffle":7,"counters":[30,55],"Sundial":[0],"Bronze Scales":[64],"Blue Candle":[3],"Pantograph":12,"obtain_stats":[{"Darkstone Periapt":28,"RabbitCall":0,"CombinedTypeHook":38,"AT_ATBox":0,"DaveBox":0,"reliquary:Firecrackers":11,"AT_MibuBalloonWealth":43,"Vajra":6,"ice":0,"SkinProphecy":21,"SynthV:C4":0,"RedLine:ReiMu":17,"Blood Vial":45,"GreenFoldingFan":34,"CogitoBucket":0,"Sundial":26,"Pantograph":46,"reliquary:Buckler":27,"Red Mask":47,"Lee\u0027s Waffle":45,"SynthV:MejaisSoulstealer":45,"AT_Manta":42,"ImprovedEquipment":8,"Blue Candle":30,"AspirationHeart":7,"AT_SilvercatRing":55,"Gaze_r":25,"Moonlight_r":25,"REME:ComplimentaryCards":0,"Replay:Baseball":9,"Anchor":23,"SynthV:TestCard":1,"Bronze Scales":14,"BehaviorAdjustment":35,"LetterFromLob":1,"PureWater":0,"Toy Ornithopter":28,"Unceasing Top":40,"RuthlessExorcism:ReiMu":45},{"Darkstone Periapt":16,"RabbitCall":0,"CombinedTypeHook":23,"AT_ATBox":0,"DaveBox":0,"reliquary:Firecrackers":8,"AT_MibuBalloonWealth":26,"Vajra":5,"ice":0,"SkinProphecy":13,"SynthV:C4":0,"RedLine:ReiMu":10,"Blood Vial":27,"GreenFoldingFan":19,"CogitoBucket":0,"Sundial":15,"Pantograph":27,"reliquary:Buckler":16,"Red Mask":27,"Lee\u0027s Waffle":27,"SynthV:MejaisSoulstealer":27,"AT_Manta":26,"ImprovedEquipment":7,"Blue Candle":17,"AspirationHeart":7,"AT_SilvercatRing":29,"Gaze_r":15,"Moonlight_r":15,"REME:ComplimentaryCards":0,"Replay:Baseball":7,"Anchor":14,"SynthV:TestCard":1,"Bronze Scales":9,"BehaviorAdjustment":21,"LetterFromLob":1,"PureWater":0,"Toy Ornithopter":16,"Unceasing Top":25,"RuthlessExorcism:ReiMu":27},{"Darkstone Periapt":38,"RabbitCall":0,"CombinedTypeHook":46,"AT_ATBox":0,"DaveBox":0,"reliquary:Firecrackers":26,"AT_MibuBalloonWealth":49,"Vajra":14,"ice":0,"SkinProphecy":35,"SynthV:C4":0,"RedLine:ReiMu":31,"Blood Vial":50,"GreenFoldingFan":41,"CogitoBucket":0,"Sundial":37,"Pantograph":50,"reliquary:Buckler":38,"Red Mask":50,"Lee\u0027s Waffle":50,"SynthV:MejaisSoulstealer":50,"AT_Manta":49,"ImprovedEquipment":18,"Blue Candle":39,"AspirationHeart":18,"AT_SilvercatRing":52,"Gaze_r":37,"Moonlight_r":37,"REME:ComplimentaryCards":0,"Replay:Baseball":18,"Anchor":36,"SynthV:TestCard":2,"Bronze Scales":28,"BehaviorAdjustment":44,"LetterFromLob":2,"PureWater":0,"Toy Ornithopter":38,"Unceasing Top":48,"RuthlessExorcism:ReiMu":50}],"Toy Ornithopter":0,"Unceasing Top":[0]},"card_choices":[{"not_picked":["MeatLantern","BigBird","FairyFestival"],"picked":"Singing Bowl","floor":1},{"not_picked":["Crescendo","EmptyBody"],"picked":"MostiFishMod:Nomercy","floor":1},{"not_picked":["Bloodbath","NakedNest","BeautyBeast"],"picked":"Singing Bowl","floor":3},{"not_picked":["CherryBlossoms","CrumblingArmor"],"picked":"FieryBird","floor":3},{"not_picked":["SashWhip","Conclude","Meditate","FlurryOfBlows"],"picked":"Adaptation","floor":3},{"not_picked":["MostiFishMod:Adaptation","CrushJoints","FlurryOfBlows","EmptyFist"],"picked":"FlyingSleeves","floor":4},{"not_picked":["OldLady","BeautyBeast","WhitesApple"],"picked":"Singing Bowl","floor":4},{"not_picked":["UniverseFragment","Funeral"],"picked":"SpiderBud","floor":5},{"not_picked":["ClearTheMind","Protect","DeceiveReality","Consecrate"],"picked":"Pray","floor":5},{"not_picked":["SingingMachine","RedShoes","HappyTeddy"],"picked":"Singing Bowl","floor":6},{"not_picked":["FlurryOfBlows","BowlingBash","MostiFishMod:Nomercy","Replay:AtTheReady"],"picked":"InnerPeace","floor":6},{"not_picked":["Scorched","Murderer"],"picked":"HeroicMonk","floor":7},{"not_picked":["Crescendo","Wireheading","FlyingSleeves","Conclude"],"picked":"WheelKick","floor":7},{"not_picked":["Bloodbath","CherryBlossoms","BlackArmy"],"picked":"Singing Bowl","floor":11},{"not_picked":["FlurryOfBlows","FollowUp","CrushJoints","JustLucky"],"picked":"MostiFishMod:DisColor","floor":11},{"not_picked":["Murderer","ShyLook"],"picked":"MHz","floor":14},{"not_picked":["AT_DivineConfetti","EmptyBody","FearNoEvil","EmptyMind"],"picked":"MostiFishMod:DustFall","floor":14},{"not_picked":["Bloodbath","BeautyBeast","WallGazer"],"picked":"Singing Bowl","floor":16},{"not_picked":["MostiFishMod:StarHerder","Establishment","AT_MachinaRedman","MostiFishMod:DisColor"],"picked":"MostiFishMod:StarWish","floor":16},{"not_picked":["MeatLantern","NakedNest","Bloodbath"],"picked":"Singing Bowl","floor":18},{"not_picked":["Replay:ManipulateFuture+1","MostiFishMod:ScryFuture","Replay:Battleflow+1","CrushJoints"],"picked":"MostiFishMod:KamiSmash","floor":18},{"not_picked":["HappyTeddy","MeatLantern","SilentOrchestra"],"picked":"Singing Bowl","floor":21},{"not_picked":["WheelKick","MostiFishMod:Nomercy","Protect","FollowUp"],"picked":"Scrawl","floor":21},{"not_picked":["PunishingBird","VoidDream","MeltingLove"],"picked":"Singing Bowl","floor":23},{"not_picked":["ClearTheMind","WheelKick","AT_RealColorLess","EmptyBody"],"picked":"Crescendo+1","floor":23},{"not_picked":["LaLuna","Wellcheers","QueenBee"],"picked":"Singing Bowl","floor":27},{"not_picked":["ReachHeaven","CutThroughFate","Replay:AtTheReady","JustLucky"],"picked":"Wireheading","floor":27},{"not_picked":["BigBadWolf","RedShoes","SnowQueen"],"picked":"Singing Bowl","floor":29},{"not_picked":["FlyingSleeves","ClearTheMind+1","TalkToTheHand","SashWhip"],"picked":"ThirdEye+1","floor":29},{"not_picked":["LittlePrince","ShyLook"],"picked":"BlueStar","floor":31},{"not_picked":["WindmillStrike","ThirdEye","MostiFishMod:FlowState+1","MostiFishMod:Speedup","ClearTheMind"],"picked":"SKIP","floor":31},{"not_picked":["Murderer","Mercenary","BeautyBeast"],"picked":"Singing Bowl","floor":33},{"not_picked":["Establishment","MostiFishMod:Adaptation","MostiFishMod:StarOceanP","MostiFishMod:Moonprays"],"picked":"MostiFishMod:KamiSmash","floor":33},{"not_picked":["BigBadWolf","Funeral","GreedKing"],"picked":"Singing Bowl","floor":35},{"not_picked":["CrushJoints+1","FollowUp+1","Replay:BluntJabs+1","AT_DivineConfetti"],"picked":"Replay:Hum+1","floor":35},{"not_picked":["LongBird","Wellcheers","ShyLook"],"picked":"Singing Bowl","floor":37},{"not_picked":["LongBird","Funeral"],"picked":"Scarecrow","floor":37},{"not_picked":["Adaptation","Fasting2","MostiFishMod:Nomercy","Replay:BluntJabs"],"picked":"MostiFishMod:DustFall","floor":37},{"not_picked":["FairyFestival","LaLuna","Freischutz"],"picked":"Singing Bowl","floor":38},{"not_picked":["DreamingCurrent","DespairKnight"],"picked":"BodiesMountain","floor":38},{"not_picked":["Protect","Halt","ClearTheMind","FlyingSleeves+1"],"picked":"Replay:ManipulateFuture","floor":38},{"not_picked":["Rudolta","DespairKnight"],"picked":"NothingThere","floor":39},{"not_picked":["JustLucky","CrushJoints+1","Halt+1","ThirdEye","TalkToTheHand"],"picked":"SKIP","floor":39},{"not_picked":["FairyFestival","Bloodbath","WhitesApple"],"picked":"Singing Bowl","floor":40},{"not_picked":["AT_RealFormLess+1","Replay:Cycle+1","Perseverance+1","Crescendo"],"picked":"DeusExMachina","floor":40},{"not_picked":["Rudolta","Scorched","SingingMachine"],"picked":"Singing Bowl","floor":42},{"not_picked":["Wallop","Protect+1","Consecrate+1","Replay:Anticipation"],"picked":"MostiFishMod:PathToVictory","floor":42},{"not_picked":["BigBird","GalaxyChild","LaLuna"],"picked":"Singing Bowl","floor":44},{"not_picked":["Meditate+1","ClearTheMind+1","Replay:BluntJabs+1","EmptyBody+1","Replay:Hum"],"picked":"SKIP","floor":44},{"not_picked":["LittlePrince","BlackArmy","Laetitia"],"picked":"Singing Bowl","floor":55},{"not_picked":["FollowUp","MostiFishMod:Adaptation","Replay:AtTheReady","TalkToTheHand"],"picked":"MasterReality","floor":55}],"player_experience":353501,"relics_obtained":[{"floor":1,"key":"SynthV:TestCard"},{"floor":1,"key":"LetterFromLob"},{"floor":6,"key":"Vajra"},{"floor":9,"key":"Replay:Baseball"},{"floor":11,"key":"reliquary:Firecrackers"},{"floor":14,"key":"Bronze Scales"},{"floor":23,"key":"Anchor"},{"floor":26,"key":"Sundial"},{"floor":27,"key":"reliquary:Buckler"},{"floor":38,"key":"CombinedTypeHook"},{"floor":40,"key":"Unceasing Top"},{"floor":42,"key":"AT_Manta"},{"floor":43,"key":"AT_MibuBalloonWealth"},{"floor":46,"key":"Pantograph"},{"floor":55,"key":"AT_SilvercatRing"}],"event_choices":[{"damage_healed":0,"gold_gain":75,"player_choice":"Touch","damage_taken":7,"max_hp_gain":0,"max_hp_loss":0,"event_name":"FaceTrader","floor":2,"gold_loss":0},{"damage_healed":0,"gold_gain":0,"player_choice":"Entered Light","damage_taken":19,"max_hp_gain":0,"max_hp_loss":0,"event_name":"Shining Light","floor":12,"gold_loss":0,"cards_upgraded":["Defend_P","MostiFishMod:Nomercy"]},{"damage_healed":0,"gold_gain":0,"cards_transformed":["Vigilance"],"player_choice":"Transformed","damage_taken":0,"max_hp_gain":0,"max_hp_loss":0,"event_name":"Transmorgrifier","floor":20,"gold_loss":0,"cards_obtained":["BowlingBash"]},{"damage_healed":0,"gold_gain":0,"player_choice":"Upgraded","damage_taken":0,"max_hp_gain":0,"max_hp_loss":0,"event_name":"Upgrade Shrine","floor":22,"gold_loss":0,"cards_upgraded":["MostiFishMod:KamiSmash"]},{"damage_healed":0,"gold_gain":0,"player_choice":"Paid","damage_taken":0,"relics_obtained":["Red Mask"],"max_hp_gain":0,"max_hp_loss":0,"event_name":"Tomb of Lord Red Mask","floor":47,"gold_loss":-1384},{"damage_healed":0,"gold_gain":0,"cards_transformed":["Strike_P"],"player_choice":"Transformed","damage_taken":0,"max_hp_gain":0,"max_hp_loss":0,"event_name":"Transmorgrifier","floor":48,"gold_loss":0,"cards_obtained":["Pray"]}],"is_beta":false,"boss_relics":[{"not_picked":["Honey Jar","SlaversCollar"],"picked":"RedLine:ReiMu"},{"not_picked":["Busted Crown","conspire:SlowCooker"],"picked":"GreenFoldingFan"}],"items_purged_floors":[45],"is_endless":false,"potions_floor_spawned":[1,3,5,14,18,23,29,33,35,40,44,55],"ascension_level":1}}