{"host":"nsc6ozq3atyrdr3m","time":1613820212,"event":{"mods":["BaseMod","Colored Map","Minty Spire (QoL Compilation)"],"gold_per_floor":[115,129,144,6,24,24,41,68,68,68,68,68],"floor_reached":11,"language":"FRA","playtime":283,"items_purged":[],"score":150,"play_id":"7be82a76-8faa-450c-8cdd-acdd286c548d","local_time":"20210220122332","is_ascension_mode":true,"campfire_choices":[{"data":"Armaments","floor":6,"key":"SMITH"},{"floor":10,"key":"REST"}],"circlet_count":0,"master_deck":["AscendersBane","Strike_R","Strike_R","Strike_R","Strike_R","Strike_R","Defend_R","Defend_R","Defend_R","Defend_R","Bash+1","Armaments+1","Battle Trance","Thunderclap","Disarm","Heavy Blade","Uppercut","Flex"],"relics":["Burning Blood","Oddly Smooth Stone","Omamori"],"acts_visited":["Exordium"],"potions_floor_usage":[8,11],"damage_taken":[{"damage":1,"enemies":"Cultist","floor":1,"turns":3},{"damage":4,"enemies":"Jaw Worm","floor":2,"turns":4},{"damage":2,"enemies":"2 Louse","floor":3,"turns":4},{"damage":16,"enemies":"Blue Slaver","floor":5,"turns":6},{"damage":26,"enemies":"Large Slime","floor":7,"turns":8},{"damage":34,"enemies":"Lagavulin","floor":8,"turns":6},{"damage":58,"enemies":"Gremlin Nob","floor":11,"turns":4}],"seed_played":"8198558970914390785","potions_obtained":[{"floor":1,"key":"Energy Potion"},{"floor":2,"key":"EssenceOfSteel"},{"floor":7,"key":"BloodPotion"}],"is_trial":false,"path_per_floor":["M","M","M","$","M","R","M","E","T","R","E"],"character_chosen":"IRONCLAD","items_purchased":["Disarm","Heavy Blade"],"campfire_rested":1,"item_purchase_floors":[4,4],"current_hp_per_floor":[73,75,75,75,65,65,45,17,17,39,0,0],"gold":68,"neow_bonus":"UPGRADE_CARD","is_daily":false,"chose_seed":false,"campfire_upgraded":1,"win_rate":0.0,"timestamp":1613820212,"path_taken":["M","M","M","$","M","R","?","E","T","R","E"],"items_purchased_type":["Card","Card"],"build_version":"2020-12-22","purchased_purges":0,"victory":false,"max_hp_per_floor":[75,75,75,75,75,75,75,75,75,75,75,75],"card_choices":[{"not_picked":["Second Wind","Headbutt"],"picked":"Armaments","floor":1},{"not_picked":["Twin Strike","Burning Pact"],"picked":"Battle Trance","floor":2},{"not_picked":["Headbutt","Sever Soul"],"picked":"Thunderclap","floor":3},{"not_picked":["Blood for Blood","Body Slam"],"picked":"Uppercut","floor":5},{"not_picked":["Warcry","Shrug It Off"],"picked":"Flex","floor":7},{"not_picked":["Armaments","Searing Blow","Sever Soul"],"picked":"SKIP","floor":8}],"player_experience":434215,"relics_obtained":[{"floor":8,"key":"Oddly Smooth Stone"},{"floor":9,"key":"Omamori"}],"event_choices":[],"is_beta":false,"boss_relics":[],"items_purged_floors":[],"is_endless":false,"potions_floor_spawned":[1,2,7],"killed_by":"Gremlin Nob","ascension_level":20}}