{"host":"51qmnr9isyv85d0p","time":1613802292,"event":{"mods":["AchievementEnabler","BaseMod","Colored Map","Colored Powertips","Curses Come First","Downfall","Minty Spire (QoL Compilation)","Red Circlet Mod","Relic Stats","Replay The Spire","StSLib","TestMod"],"gold_per_floor":[117,117,8072,8023,7904,7947,7972,8014,8014,8014,7143,7175,7175,7175,7175,7324,7324,7351,7351,7383,6724,6757,6757,6757,6757,6757,6811,6848,6872,6086,6122,6122,6273,6273,6298,6338,5138,5138,5538,5538,5538,5600,5625,5625,5677,5046,5080,5080,5080,5126],"floor_reached":51,"language":"ZHS","playtime":2309,"items_purged":["Defend_B","Strike_B","Strike_B","Defend_B","Strike_B","Defend_B+1"],"score":1254,"play_id":"f83fd1cc-2495-4183-b664-11074b95c9ba","local_time":"20210220142452","is_ascension_mode":true,"campfire_choices":[{"data":"Genetic Algorithm","floor":10,"key":"SMITH"},{"data":"Zap","floor":15,"key":"SMITH"},{"data":"Rainbow","floor":23,"key":"SMITH"},{"data":"Dualcast","floor":25,"key":"SMITH"},{"floor":32,"key":"RECALL"},{"data":"Defragment","floor":40,"key":"SMITH"},{"data":"Amplify","floor":44,"key":"SMITH"},{"data":"Electrodynamics","floor":49,"key":"SMITH"}],"circlet_count":0,"master_deck":["Strike_B+1","Zap+1","Dualcast+1","BootSequence+1","Go for the Eyes+1","Master of Strategy","Beam Cell+1","Stack","Hello World","Pot Of Greed+1","Pot Of Greed+1","Genetic Algorithm+1","Steam+1","Sweeping Beam+1","Rainbow+1","White Noise","Loop+1","Machine Learning","ReplayTheSpireMod:Calculation Training+1","ReplayTheSpireMod:Omega Cannon+1","Pot Of Greed+1","Defragment+1","Swift Strike","Heatsinks+1","Fusion+1","Creative AI","Swift Strike+1","Go for the Eyes+1","Chill","White Noise+1","Aggregate+1","Amplify+1","Pot Of Greed+1","Sweeping Beam+1","Trip","Defragment+1","ReplayTheSpireMod:Reroute Power+1","Melter","ReplayTheSpireMod:Omega Cannon+1","Electrodynamics+1","Rip and Tear+1","Delirium"],"relics":["Cracked Core","testmod-DeterminationOfClimber","Golden Idol","Darkstone Periapt","testmod-Hope","Frozen Eye","testmod-CrystalShield","Grinning Jar","Sundial","Carrot","Anchor","Gremlin Food","champ:Barbells","testmod-CardMagician","ReplayFunnel","Pet Ghost","HandDrill","Strawberry","Replay:Accelerometer","Replay:Mystery Machine","Orrery","Ring of Chaos","Blue Doll","Raider\u0027s Mask","Replay:Bottled Eggs","Bottled Tornado","Oddly Smooth Stone","Simple Rune","hexamod:BolsterEngine","testmod-Antiphasic","OrangePellets","Ring of Hypnosis","Ring of Panic"],"acts_visited":["Exordium","TheCity","TheBeyond"],"potions_floor_usage":[6,8,37,50],"damage_taken":[{"damage":7,"enemies":"Small Slimes","floor":1,"turns":3},{"damage":1,"enemies":"Gremlin Nob","floor":6,"turns":3},{"damage":0,"enemies":"Jaw Worm","floor":7,"turns":2},{"damage":0,"enemies":"Lagavulin","floor":8,"turns":4},{"damage":0,"enemies":"Cultist","floor":12,"turns":2},{"damage":0,"enemies":"The Guardian","floor":16,"turns":3},{"damage":0,"enemies":"Chosen","floor":18,"turns":2},{"damage":0,"enemies":"3 Byrds","floor":20,"turns":1},{"damage":0,"enemies":"Snake Plant","floor":22,"turns":1},{"damage":0,"enemies":"Gremlin Leader","floor":27,"turns":2},{"damage":0,"enemies":"Cultist and Chosen","floor":28,"turns":1},{"damage":0,"enemies":"Centurion and Healer","floor":29,"turns":1},{"damage":0,"enemies":"Snecko","floor":31,"turns":1},{"damage":0,"enemies":"Collector","floor":33,"turns":3},{"damage":0,"enemies":"Orb Walker","floor":35,"turns":1},{"damage":0,"enemies":"3 Darklings","floor":36,"turns":1},{"damage":0,"enemies":"R_Hoarder","floor":42,"turns":2},{"damage":0,"enemies":"Nemesis","floor":45,"turns":1},{"damage":0,"enemies":"Writhing Mass","floor":47,"turns":1},{"damage":0,"enemies":"Time Eater","floor":50,"turns":6}],"seed_played":"-5043406969887355027","potions_obtained":[{"floor":1,"key":"Fire Potion"},{"floor":7,"key":"FocusPotion"},{"floor":29,"key":"EntropicBrew"},{"floor":35,"key":"Elixir"}],"is_trial":false,"path_per_floor":["M","?","$","?","?","E","M","E","T","R","$","M","?","?","R","B",null,"M","?","M","$","M","R","?","R","T","E","M","M","$","M","R","B",null,"M","M","$","?","?","R","?","E","T","R","E","$","M","?","R","B",null],"character_chosen":"DEFECT","items_purchased":["Go for the Eyes","Master of Strategy","Beam Cell","Stack","Darkstone Periapt","testmod-Hope","Frozen Eye","Venom Potion","champ:CounterPotion","Hello World","Anchor","Gremlin Food","champ:Barbells","Rainbow","White Noise","Loop+1","Regen Potion","ReplayFunnel","Pet Ghost","HandDrill","Swift Strike","Replay:Accelerometer","Replay:Mystery Machine","Swift Strike","Orrery","Blue Doll","Raider\u0027s Mask","Replay:Bottled Eggs","Trip","Fruit Juice","Slimebound:ThreeZeroPotion","Defragment","ReplayTheSpireMod:Reroute Power+1","Melter","hexamod:BolsterEngine","testmod-Antiphasic","OrangePellets"],"campfire_rested":0,"item_purchase_floors":[3,3,3,3,3,3,3,3,3,3,11,11,11,11,11,11,11,21,21,21,21,30,30,30,30,37,37,37,37,37,37,37,37,37,46,46,46],"current_hp_per_floor":[75,55,55,55,55,58,63,71,71,71,71,78,78,78,78,82,82,82,82,82,82,82,82,82,82,82,89,89,89,89,89,89,89,89,89,89,94,94,94,94,94,94,94,94,94,94,94,100,100,100],"gold":5126,"neow_bonus":"TEN_PERCENT_HP_BONUS","is_daily":false,"chose_seed":false,"campfire_upgraded":7,"win_rate":0.0,"timestamp":1613802292,"path_taken":["M","?","$","?","?","E","?","E","T","R","$","M","?","?","R","BOSS","M","?","M","$","M","R","?","R","T","E","?","M","$","M","R","BOSS","M","M","$","?","?","R","?","E","T","R","E","$","M","?","R","BOSS"],"items_purchased_type":["Card","Card","Card","Card","Relic","Relic","Relic","Potion","Potion","Card","Relic","Relic","Relic","Card","Card","Card","Potion","Relic","Relic","Relic","Card","Relic","Relic","Card","Relic","Relic","Relic","Relic","Card","Potion","Potion","Card","Card","Card","Relic","Relic","Relic"],"build_version":"2020-12-22","purchased_purges":6,"victory":true,"max_hp_per_floor":[82,82,82,82,82,82,82,82,82,82,82,82,82,82,82,82,82,82,82,82,82,82,82,82,82,82,89,89,89,89,89,89,89,89,89,89,94,94,94,94,94,94,94,94,94,94,94,100,100,100],"relic_stats":{"Darkstone Periapt":6,"OrangePellets":[4],"counters":[20,40],"Golden Idol":157,"Sundial":[8],"HandDrill":[28],"obtain_stats":[{"Darkstone Periapt":3,"ReplayFunnel":21,"Replay:Accelerometer":30,"Carrot":9,"Blue Doll":37,"Raider\u0027s Mask":37,"Replay:Mystery Machine":30,"Bottled Tornado":42,"Pet Ghost":21,"Frozen Eye":3,"testmod-CrystalShield":5,"Sundial":8,"DollysMirror":38,"Strawberry":27,"testmod-DeterminationOfClimber":0,"HandDrill":21,"Replay:Bottled Eggs":37,"Ring of Panic":48,"Cracked Core":0,"Gremlin Food":11,"champ:Barbells":11,"testmod-TestBox":0,"Ring of Hypnosis":48,"Golden Idol":2,"Oddly Smooth Stone":43,"testmod-CardMagician":17,"Ring of Chaos":34,"testmod-Antiphasic":46,"OrangePellets":46,"Anchor":11,"testmod-Hope":3,"Orrery":30,"Simple Rune":45,"Grinning Jar":6,"hexamod:BolsterEngine":46},{"Darkstone Periapt":1,"ReplayFunnel":8,"Replay:Accelerometer":12,"Carrot":4,"Blue Doll":16,"Raider\u0027s Mask":16,"Replay:Mystery Machine":12,"Bottled Tornado":17,"Pet Ghost":8,"Frozen Eye":1,"testmod-CrystalShield":1,"Sundial":4,"DollysMirror":16,"Strawberry":10,"testmod-DeterminationOfClimber":0,"HandDrill":8,"Replay:Bottled Eggs":16,"Ring of Panic":19,"Cracked Core":0,"Gremlin Food":4,"champ:Barbells":4,"testmod-TestBox":0,"Ring of Hypnosis":19,"Golden Idol":1,"Oddly Smooth Stone":17,"testmod-CardMagician":6,"Ring of Chaos":14,"testmod-Antiphasic":18,"OrangePellets":18,"Anchor":4,"testmod-Hope":1,"Orrery":12,"Simple Rune":18,"Grinning Jar":2,"hexamod:BolsterEngine":18},{"Darkstone Periapt":3,"ReplayFunnel":19,"Replay:Accelerometer":24,"Carrot":12,"Blue Doll":30,"Raider\u0027s Mask":30,"Replay:Mystery Machine":24,"Bottled Tornado":32,"Pet Ghost":19,"Frozen Eye":3,"testmod-CrystalShield":3,"Sundial":12,"DollysMirror":30,"Strawberry":22,"testmod-DeterminationOfClimber":0,"HandDrill":19,"Replay:Bottled Eggs":30,"Ring of Panic":34,"Cracked Core":0,"Gremlin Food":12,"champ:Barbells":12,"testmod-TestBox":0,"Ring of Hypnosis":34,"Golden Idol":3,"Oddly Smooth Stone":32,"testmod-CardMagician":16,"Ring of Chaos":28,"testmod-Antiphasic":33,"OrangePellets":33,"Anchor":12,"testmod-Hope":3,"Orrery":24,"Simple Rune":33,"Grinning Jar":6,"hexamod:BolsterEngine":33}]},"card_choices":[{"not_picked":["Steam","Rebound"],"picked":"BootSequence","floor":1},{"not_picked":["Go for the Eyes","Panic Button"],"picked":"Genetic Algorithm","floor":6},{"not_picked":["Sweeping Beam","Double Energy"],"picked":"Steam","floor":7},{"not_picked":["Beam Cell","Static Discharge"],"picked":"Sweeping Beam","floor":8},{"not_picked":["Coolheaded","Sweeping Beam"],"picked":"Machine Learning","floor":12},{"not_picked":["Machine Learning","Biased Cognition"],"picked":"ReplayTheSpireMod:Omega Cannon","floor":16},{"not_picked":["Stack","Steam","Barrage"],"picked":"SKIP","floor":18},{"not_picked":["Auto Shields","Stack","ReplayRNGCard"],"picked":"SKIP","floor":20},{"not_picked":["Stack","Barrage"],"picked":"Heatsinks+1","floor":22},{"not_picked":["Sweeping Beam+1","Go for the Eyes"],"picked":"Fusion+1","floor":27},{"not_picked":["Leap","Loop","ReplayTheSpireMod:System Scan+1"],"picked":"SKIP","floor":28},{"not_picked":["Conserve Battery","Ball Lightning"],"picked":"Creative AI","floor":29},{"not_picked":["BasicCrystalCard","Skim"],"picked":"Go for the Eyes+1","floor":30},{"not_picked":["Skim+1","ReplayRNGCard"],"picked":"ReplayTheSpireMod:Reroute Power","floor":30},{"not_picked":["Auto Shields+1","Leap+1"],"picked":"Chill","floor":30},{"not_picked":["ReplayTheSpireMod:Repulse","Tempest"],"picked":"White Noise+1","floor":30},{"not_picked":["Go for the Eyes","Self Repair+1"],"picked":"Aggregate+1","floor":30},{"not_picked":["Panic Button","Ball Lightning","Sweeping Beam"],"picked":"SKIP","floor":31},{"not_picked":["Creative AI","Rainbow"],"picked":"Amplify","floor":33},{"not_picked":["Beam Cell+1","Barrage+1"],"picked":"Sweeping Beam+1","floor":35},{"not_picked":["ReplaySort","Go for the Eyes","Panic Button"],"picked":"SKIP","floor":36},{"not_picked":["Time Bomb","Stack+1","Loop"],"picked":"SKIP","floor":42},{"not_picked":["Lockon","Leap+1"],"picked":"Electrodynamics","floor":45},{"not_picked":["Beam Cell","Coolheaded"],"picked":"Rip and Tear+1","floor":47}],"player_experience":138424,"relics_obtained":[{"floor":6,"key":"Grinning Jar"},{"floor":8,"key":"Sundial"},{"floor":9,"key":"Carrot"},{"floor":27,"key":"Strawberry"},{"floor":42,"key":"Bottled Tornado"},{"floor":43,"key":"Oddly Smooth Stone"},{"floor":45,"key":"Simple Rune"},{"floor":48,"key":"Ring of Hypnosis"},{"floor":48,"key":"Ring of Panic"}],"event_choices":[{"damage_healed":0,"gold_gain":0,"player_choice":"Take Damage","damage_taken":20,"relics_obtained":["Golden Idol"],"max_hp_gain":0,"max_hp_loss":0,"event_name":"Golden Idol","floor":2,"gold_loss":0},{"damage_healed":0,"gold_gain":0,"player_choice":"Left Gold","damage_taken":0,"max_hp_gain":0,"max_hp_loss":0,"event_name":"World of Goop","floor":4,"gold_loss":49},{"damage_healed":0,"gold_gain":0,"player_choice":"Paid Gold","damage_taken":0,"relics_obtained":["testmod-CrystalShield"],"max_hp_gain":0,"max_hp_loss":0,"event_name":"WeMeetAgain","floor":5,"gold_loss":119},{"damage_healed":0,"gold_gain":0,"player_choice":"Ignored","damage_taken":0,"max_hp_gain":0,"max_hp_loss":0,"event_name":"Liars Game","floor":14,"gold_loss":0},{"damage_healed":0,"gold_gain":0,"player_choice":"Read","damage_taken":0,"max_hp_gain":0,"max_hp_loss":0,"event_name":"The Library","floor":19,"gold_loss":0,"cards_obtained":["Defragment"]},{"damage_healed":0,"gold_gain":0,"player_choice":"Forge","damage_taken":0,"max_hp_gain":0,"max_hp_loss":0,"event_name":"Accursed Blacksmith","floor":24,"gold_loss":0,"cards_upgraded":["ReplayTheSpireMod:Omega Cannon"]},{"damage_healed":0,"gold_gain":0,"player_choice":"Swap Relic","damage_taken":0,"relics_obtained":["DollysMirror"],"max_hp_gain":0,"max_hp_loss":0,"event_name":"给自己的盒子","floor":38,"relics_lost":["DollysMirror"],"gold_loss":0},{"damage_healed":0,"gold_gain":400,"player_choice":"Sell","damage_taken":0,"max_hp_gain":0,"max_hp_loss":0,"event_name":"恩洛斯的盘子","floor":39,"relics_lost":["testmod-TestBox"],"gold_loss":0},{"cards_removed":["ReplayTheSpireMod:Reroute Power"],"damage_healed":0,"gold_gain":0,"player_choice":"Removed Skill","damage_taken":0,"max_hp_gain":0,"max_hp_loss":0,"event_name":"Falling","floor":41,"gold_loss":0}],"is_beta":false,"boss_relics":[{"not_picked":["Replay:Drink Me","Philosopher\u0027s Stone"],"picked":"testmod-CardMagician"},{"not_picked":["FrozenCore","Abe\u0027s Treasure"],"picked":"Ring of Chaos"}],"items_purged_floors":[3,11,21,30,37,46],"is_endless":false,"potions_floor_spawned":[1,7,22,29,33,35,45,47],"ascension_level":1}}