{"host":"rg29p8m4aqjozpzt","time":1613839566,"event":{"mods":["100% Spire Juice","Aspiration","Bartender","BaseMod","Beaked The Cultist","Better Altar","Better Match","Better Sensory Stone","Better Skull","Better Third Choice","BetterRewards","Chen","Colored Powertips","Conspire","Downfall","Friendly Minions","Hermit","Hubris","JesterMod","Magitek Elite","Minty Spire (QoL Compilation)","Permanent Neow","Prisma Mod","QueenMod","Quick Restart","Relic Filter","Reorder Act Four","Shade Mod","StSLib","SuperFastMode","The Alterego","The Marked","The Runesmith","Unceasing Turn Reminder"],"gold_per_floor":[114,133,133,149,149,149,149,149,149,149],"floor_reached":8,"language":"ENG","playtime":385,"items_purged":["hexamod:Strike","hexamod:Strike"],"score":46,"play_id":"29f84c71-2852-4dd6-88f6-84e5fdd571cb","local_time":"20210220174606","is_ascension_mode":false,"campfire_choices":[{"data":"hexamod:EmpoweredFlame","floor":6,"key":"SMITH"}],"circlet_count":0,"master_deck":["hexamod:Strike+1","hexamod:Strike+1","hexamod:Defend","hexamod:Defend","hexamod:Defend","hexamod:Defend","hexamod:Sear","hexamod:Float","Apotheosis+1","hexamod:EmpoweredFlame+1","hexamod:TimeWarp","hexamod:RadiantFlame","hexamod:ShieldOfDarkness","hexamod:BurningTouch","hexamod:ThermalTransfer"],"relics":["hexamod:SpiritBrand","Whetstone","aspiration:ChemicalBlood"],"acts_visited":["Exordium"],"potions_floor_usage":[8],"damage_taken":[{"damage":0,"enemies":"Small Slimes","floor":1,"turns":4},{"damage":5,"enemies":"Jaw Worm","floor":2,"turns":4},{"damage":0,"enemies":"2 Louse","floor":4,"turns":3},{"damage":34,"enemies":"3 Sentries","floor":8,"turns":5}],"seed_played":"-8038825908490304192","potions_obtained":[],"is_trial":false,"path_per_floor":["M","M","?","M","T","R","?","E"],"character_chosen":"THE_SPIRIT","items_purchased":["Apotheosis","hexamod:EmpoweredFlame","hexamod:TimeWarp","Whetstone","hexamod:RadiantFlame","hexamod:ShieldOfDarkness"],"campfire_rested":0,"item_purchase_floors":[0,0,0,0,0,0],"current_hp_per_floor":[38,33,33,33,33,33,33,0,0,0],"gold":149,"neow_bonus":"","is_daily":false,"chose_seed":false,"campfire_upgraded":1,"win_rate":0.0,"timestamp":1613839566,"path_taken":["M","M","?","M","?","R","?","E"],"items_purchased_type":["Card","Card","Card","Relic","Card","Card"],"build_version":"2020-12-22","purchased_purges":2,"victory":false,"max_hp_per_floor":[70,70,70,70,70,70,70,70,70,70],"card_choices":[{"not_picked":["hexamod:Incineration","hexamod:GhostLash"],"picked":"hexamod:BurningTouch","floor":1},{"not_picked":["hexamod:NightmareGuise","hexamod:SoulSteal","hexamod:Firestarter"],"picked":"SKIP","floor":2},{"not_picked":["hexamod:BacktrackSmack","hexamod:HauntingEcho"],"picked":"hexamod:ThermalTransfer","floor":4}],"player_experience":1561886,"relics_obtained":[{"floor":5,"key":"aspiration:ChemicalBlood"}],"event_choices":[{"damage_healed":0,"gold_gain":0,"player_choice":"Forge","damage_taken":0,"max_hp_gain":0,"max_hp_loss":0,"event_name":"Accursed Blacksmith","floor":7,"gold_loss":0,"cards_upgraded":["Apotheosis"]}],"is_beta":false,"boss_relics":[],"items_purged_floors":[0,0],"is_endless":false,"potions_floor_spawned":[],"killed_by":"3 Sentries","ascension_level":0}}