{"host":"nug5xkek4sujf8as","time":1613847219,"event":{"mods":["Act Like it!","Aspiration","BaseMod","Booster Modes","CapriCore","Colored Powertips","Conspire","Energized Spire","Gensokyo","Minty Spire (QoL Compilation)","Permanent Neow","Quick Restart","Replay The Spire","Shop Mod","Spicy Shops","StSLib","【功能Mod】混沌之环修复补丁","【遗物卡牌】REMEMod","篝火指南"],"gold_per_floor":[112,129,140,164,184,213,274,303,327,327,9,9,19,51,51,51,51],"floor_reached":16,"language":"ZHS","playtime":600,"items_purged":[],"score":260,"play_id":"bd2332c7-4dce-4d5b-a77f-4ade7ef9e10c","local_time":"20210221025339","is_ascension_mode":true,"campfire_choices":[{"data":"Gensokyo:TekeTeke","floor":12.0,"key":"SMITH"},{"floor":15,"key":"REST"}],"circlet_count":0,"master_deck":["AscendersBane","Strike_R","Strike_R","Strike_R","Strike_R","Strike_R","Defend_R","Bash","Predator","REME_Cut","Perfected Strike","Inflame","Perfected Strike","Reaper","Dark Embrace","Cleave","Uppercut","Doppelganger","ReplayTheSpireMod:Tripwire","Prepared","Gensokyo:RustyChest","Gensokyo:TarnishedGold","Gensokyo:TekeTeke+1","Gensokyo:Shovel","Gensokyo:TrainingManual","Second Wind","ReplayTheSpireMod:Limb From Limb"],"relics":["Burning Blood","REME_ComplimentaryCards","Another Sword","Replay:Wax Seal","Orichalcum","Omamori","MealTicket","Shuriken"],"acts_visited":["Gensokyo:Gensokyo"],"potions_floor_usage":[14,16],"damage_taken":[{"damage":7.0,"enemies":"Gensokyo:2_Kodama","floor":1.0,"turns":3.0},{"damage":10.0,"enemies":"Gensokyo:3_Fairies","floor":2.0,"turns":4.0},{"damage":3.0,"enemies":"Gensokyo:Gryphon","floor":3.0,"turns":2.0},{"damage":0.0,"enemies":"Gensokyo:LivingMonolith","floor":5.0,"turns":3.0},{"damage":15.0,"enemies":"Gensokyo:Mamizou","floor":6.0,"turns":7.0},{"damage":0.0,"enemies":"Gensokyo:Cirno","floor":8.0,"turns":6.0},{"damage":19.0,"enemies":"Gensokyo:2_Rabbits","floor":13.0,"turns":5.0},{"damage":12,"enemies":"Gensokyo:Aya","floor":14,"turns":6},{"damage":43,"enemies":"Gensokyo:Yukari","floor":16,"turns":7}],"seed_played":"-7024952952245119260","potions_obtained":[{"floor":2.0,"key":"HeartOfIron"},{"floor":3.0,"key":"AttackPotion"},{"floor":7.0,"key":"LifebloodPotion"},{"floor":13.0,"key":"LiquidMemories"},{"floor":14,"key":"FearPotion"}],"is_trial":false,"path_per_floor":["M","M","M","T","M","E","?","E","T","?","COS","R","M","E","R","B"],"character_chosen":"IRONCLAD","items_purchased":[],"campfire_rested":1,"item_purchase_floors":[],"current_hp_per_floor":[49,45,48,48,54,45,21,39,39,39,39,39,26,20,42,0,0],"gold":51,"neow_bonus":"ONE_RARE_RELIC","is_daily":false,"chose_seed":false,"campfire_upgraded":1,"win_rate":0.0,"timestamp":1613847219,"path_taken":["M","M","M","?","M","E","?","E","T","?","COS","R","?","E","R","BOSS"],"items_purchased_type":[],"build_version":"2020-12-22","purchased_purges":0,"victory":false,"max_hp_per_floor":[75,75,75,75,75,75,75,75,75,75,75,75,75,75,75,75,75],"card_choices":[{"not_picked":["Iron Wave","ReplayTheSpireMod:Stacked"],"picked":"REME_Cut","floor":1.0},{"not_picked":["Dropkick","Massacre"],"picked":"Perfected Strike","floor":2.0},{"not_picked":["Flex","Thunderclap"],"picked":"Inflame","floor":3.0},{"not_picked":["Wild Strike","Clothesline"],"picked":"Perfected Strike","floor":5.0},{"not_picked":["ReplayTheSpireMod:LeadingStrike","True Grit"],"picked":"Reaper","floor":6.0},{"not_picked":["Flex","ReplayTheSpireMod:Strike From Hell"],"picked":"Dark Embrace","floor":7.0},{"not_picked":["Clash","Warcry"],"picked":"Cleave","floor":7.0},{"not_picked":["Thunderclap","Iron Wave"],"picked":"Uppercut","floor":8.0},{"not_picked":["Anger","ReplayTheSpireMod:Strike From Hell"],"picked":"Second Wind","floor":13.0},{"not_picked":["Dark Embrace","Burning Pact"],"picked":"ReplayTheSpireMod:Limb From Limb","floor":14}],"player_experience":833868,"relics_obtained":[{"floor":4.0,"key":"Replay:Wax Seal"},{"floor":6.0,"key":"Orichalcum"},{"floor":7.0,"key":"Omamori"},{"floor":8.0,"key":"MealTicket"},{"floor":14,"key":"Shuriken"}],"event_choices":[],"is_beta":false,"boss_relics":[],"items_purged_floors":[],"is_endless":false,"potions_floor_spawned":[2,3,13,14],"killed_by":"Gensokyo:Yukari","ascension_level":20}}