{"host":"qtqz1b21ag9kfmyj","time":1613824752,"event":{"mods":["BaseMod","Better Third Choice","Block Reminder","Hermit","Minty Spire (QoL Compilation)","StSLib","The Bug Knight","The Cursed","The Necromancer","The Servant 0.9.4"],"gold_per_floor":[119,119,97,16,27,27,27,37,62,75,109,125,152,162,162,264,264,284,299,299,231,231,260,260,112,112,112,130,144,173,187,187,187,187],"floor_reached":33,"language":"ENG","playtime":1266,"items_purged":[],"score":297,"play_id":"ec0047c0-2094-4b2d-a584-c0a918c4dda3","local_time":"20210220063912","is_ascension_mode":false,"campfire_choices":[{"data":"Necrotic_Claws","floor":6,"key":"SMITH"},{"floor":15,"key":"REST"},{"floor":24,"key":"REST"},{"floor":32,"key":"REST"}],"circlet_count":0,"master_deck":["Strike_W","Strike_W","Defend_W","Defend_W","Defend_W","Negative_Energy_Arrows","Bone_Wall","Necrotic_Claws+1","Blood_Wake","Negative_Energy_Burst","Sadistic Nature","Negative_Energy_Mist","Bone_Bullets","Negative_Energy_Sphere","Detonate_Bones","Spectral_Walk","Blood_Shield","Skeleton_Dragon","Reap_The_Weak+1","Epidemic+1","Necrotic_Claws+1","Bone_Armor+1","Bone_Prison","Summon_Lich","Bone_Armory","Violent_Necrosis","Bone_Prison+1","Corrupt","Uncharnel+1","Vampiric_Strike"],"relics":["Vampire_Amulet","NeowsBlessing","betterThird:SlimedRelic","Pen Nib","Bottled Tornado","Centennial Puzzle","Astrolabe","Bronze Scales","Sling","Unceasing Top","Smiling Mask"],"acts_visited":["Exordium","TheCity"],"potions_floor_usage":[11,18,23,30,33,33,33],"damage_taken":[{"damage":0,"enemies":"Small Slimes","floor":1,"turns":1},{"damage":0,"enemies":"Jaw Worm","floor":5,"turns":1},{"damage":0,"enemies":"Cultist","floor":8,"turns":1},{"damage":4,"enemies":"Looter","floor":10,"turns":3},{"damage":14,"enemies":"Gremlin Nob","floor":11,"turns":3},{"damage":3,"enemies":"Large Slime","floor":12,"turns":3},{"damage":22,"enemies":"Lagavulin","floor":13,"turns":5},{"damage":3,"enemies":"2 Fungi Beasts","floor":14,"turns":2},{"damage":45,"enemies":"The Guardian","floor":16,"turns":10},{"damage":0,"enemies":"2 Thieves","floor":18,"turns":1},{"damage":0,"enemies":"3 Byrds","floor":19,"turns":2},{"damage":22,"enemies":"Gremlin Leader","floor":23,"turns":6},{"damage":13,"enemies":"Cultist and Chosen","floor":28,"turns":4},{"damage":0,"enemies":"Snecko","floor":29,"turns":5},{"damage":17,"enemies":"Slavers","floor":30,"turns":4},{"damage":8,"enemies":"Snake Plant","floor":31,"turns":3},{"damage":69,"enemies":"Automaton","floor":33,"turns":7}],"seed_played":"2945484762804249586","potions_obtained":[{"floor":1,"key":"DistilledChaos"},{"floor":11,"key":"SpeedPotion"},{"floor":12,"key":"Explosive Potion"},{"floor":14,"key":"Explosive Potion"},{"floor":19,"key":"Ancient Potion"},{"floor":23,"key":"Block Potion"},{"floor":30,"key":"FearPotion"}],"is_trial":false,"path_per_floor":["M","?","?","$","M","R","?","M","T","M","E","M","E","M","R","B",null,"M","M","?","$","?","E","R","$","T","?","M","M","E","M","R","B"],"character_chosen":"NECROMANCER","items_purchased":["Blood_Wake","Summon_Lich","Sling"],"campfire_rested":3,"item_purchase_floors":[4,21,25],"current_hp_per_floor":[75,75,64,64,66,66,66,68,68,66,54,55,35,36,58,15,75,75,75,75,75,75,59,75,75,75,61,52,54,43,37,61,0,0],"gold":187,"neow_bonus":"THREE_ENEMY_KILL","is_daily":false,"chose_seed":false,"campfire_upgraded":1,"win_rate":0.0,"timestamp":1613824752,"path_taken":["M","?","?","$","M","R","?","M","T","M","E","?","E","M","R","BOSS","M","M","?","$","?","E","R","$","T","?","M","M","E","M","R","BOSS"],"items_purchased_type":["Card","Card","Relic"],"build_version":"2020-12-22","purchased_purges":0,"victory":false,"max_hp_per_floor":[75,75,75,75,75,75,75,75,75,75,75,75,75,75,75,75,75,75,75,75,75,75,75,75,75,75,80,80,80,80,80,80,80,80],"card_choices":[{"not_picked":["Death_March_Dance","Toxic_Smoke_Screen"],"picked":"Necrotic_Claws","floor":1},{"not_picked":["Chill_Blood","Blood_Is_Power"],"picked":"Negative_Energy_Burst","floor":5},{"not_picked":["Strike_from_Beyond","Blood_for_Blood"],"picked":"Negative_Energy_Mist","floor":8},{"not_picked":["Negative_Energy_Burst","Siphon_Strength"],"picked":"Bone_Bullets","floor":10},{"not_picked":["Death_March_Dance","Uncharnel"],"picked":"Negative_Energy_Sphere","floor":11},{"not_picked":["Consume_Illness","Death_Coil"],"picked":"Detonate_Bones","floor":12},{"not_picked":["Finger_Of_Death","Death_Coil"],"picked":"Spectral_Walk","floor":13},{"not_picked":["Negative_Energy_Mist","Death_Knell"],"picked":"Blood_Shield","floor":14},{"not_picked":["Requiem","Blood_Magic"],"picked":"Skeleton_Dragon","floor":16},{"not_picked":["Negative_Energy_Mist+1","Life_Tap"],"picked":"Bone_Armor+1","floor":18},{"not_picked":["Finger_Of_Death","Bone_Spikes+1"],"picked":"Bone_Prison","floor":19},{"not_picked":["Summon_Undead","Bone_Bullets"],"picked":"Violent_Necrosis","floor":23},{"not_picked":["Bones_to_Steel","Blood_Wake"],"picked":"Bone_Prison+1","floor":28},{"not_picked":["Negative_Energy_Shield","Whirlwind_of_Bones"],"picked":"Corrupt","floor":29},{"not_picked":["Vampiric_Strike","Shade_Step"],"picked":"Uncharnel+1","floor":30},{"not_picked":["Whirlwind_of_Bones","Negative_Energy_Javelin"],"picked":"Vampiric_Strike","floor":31}],"player_experience":167119,"relics_obtained":[{"floor":9,"key":"Pen Nib"},{"floor":11,"key":"Bottled Tornado"},{"floor":13,"key":"Centennial Puzzle"},{"floor":23,"key":"Bronze Scales"},{"floor":26,"key":"Unceasing Top"},{"floor":30,"key":"Smiling Mask"}],"event_choices":[{"damage_healed":75,"gold_gain":0,"player_choice":"Embrace Burn","damage_taken":0,"max_hp_gain":0,"max_hp_loss":75,"event_name":"betterThird:BetterShining","floor":2,"gold_loss":0},{"damage_healed":0,"gold_gain":0,"player_choice":"Slimed","damage_taken":11,"max_hp_gain":0,"max_hp_loss":0,"event_name":"betterThird:BetterGoop","floor":3,"gold_loss":22},{"damage_healed":0,"gold_gain":0,"cards_transformed":["Burn"],"player_choice":"Transformed","damage_taken":0,"max_hp_gain":0,"max_hp_loss":0,"event_name":"Transmorgrifier","floor":7,"gold_loss":0,"cards_obtained":["Sadistic Nature"]},{"damage_healed":0,"gold_gain":0,"player_choice":"Ignored","damage_taken":0,"max_hp_gain":0,"max_hp_loss":0,"event_name":"Vampires","floor":20,"gold_loss":0},{"damage_healed":0,"gold_gain":0,"player_choice":"Read","damage_taken":0,"max_hp_gain":0,"max_hp_loss":0,"event_name":"The Library","floor":22,"gold_loss":0,"cards_obtained":["Bone_Armory"]},{"damage_healed":0,"gold_gain":0,"player_choice":"Shed Blood","damage_taken":19,"max_hp_gain":5,"max_hp_loss":0,"event_name":"Forgotten Altar","floor":27,"gold_loss":0}],"is_beta":false,"boss_relics":[{"not_picked":["Runic Dome","Busted Crown"],"picked":"Astrolabe"}],"items_purged_floors":[],"is_endless":false,"potions_floor_spawned":[1,11,12,14,16,19,23,30,31],"killed_by":"Automaton","ascension_level":0}}