{"host":"suw5tyb7z6zbnnfs","time":1613784517,"event":{"mods":["AchievementEnabler","BaseMod","Colored Map","Minty Spire (QoL Compilation)"],"gold_per_floor":[111,33,108,122,140,172,172,23,23,23,37,37,37,37,37,141,141,161,147,109,34,49,83,30,30,30,64,0,0,0,0,0,0,0],"floor_reached":33,"language":"ENG","playtime":1893,"items_purged":["Defend_G"],"score":432,"play_id":"b46000b8-edcd-4629-bdf2-2554cfe80980","local_time":"20210219202837","is_ascension_mode":true,"campfire_choices":[{"data":"Neutralize","floor":7,"key":"SMITH"},{"data":"Noxious Fumes","floor":10,"key":"SMITH"},{"floor":13,"key":"REST"},{"data":"Cloak And Dagger","floor":15,"key":"SMITH"},{"data":"Wraith Form v2","floor":25,"key":"SMITH"},{"data":"Caltrops","floor":29,"key":"SMITH"},{"data":"Acrobatics","floor":32,"key":"SMITH"}],"circlet_count":0,"master_deck":["AscendersBane","Strike_G","Strike_G","Strike_G","Strike_G","Defend_G","Defend_G","Defend_G","Survivor","Neutralize+1","Backflip","Noxious Fumes+1","Caltrops+1","Infinite Blades","Cloak And Dagger+1","Wraith Form v2+1","Infinite Blades","Acrobatics+1","Decay"],"relics":["HoveringKite","WingedGreaves","Membership Card","Ornamental Fan","Coffee Dripper","Juzu Bracelet","Ginger","Pen Nib","Mercury Hourglass"],"acts_visited":["Exordium","TheCity"],"potions_floor_usage":[6,16,23,23],"damage_taken":[{"damage":4.0,"enemies":"Jaw Worm","floor":1.0,"turns":6.0},{"damage":0,"enemies":"Cultist","floor":4,"turns":4},{"damage":11,"enemies":"2 Louse","floor":5,"turns":3},{"damage":4,"enemies":"Lagavulin","floor":6,"turns":8},{"damage":17,"enemies":"Large Slime","floor":11,"turns":7},{"damage":33,"enemies":"Slime Boss","floor":16,"turns":11},{"damage":13,"enemies":"3 Byrds","floor":18,"turns":4},{"damage":6,"enemies":"2 Thieves","floor":19,"turns":5},{"damage":14,"enemies":"Chosen and Byrds","floor":22,"turns":6},{"damage":20,"enemies":"Gremlin Leader","floor":23,"turns":8},{"damage":6,"enemies":"Book of Stabbing","floor":27,"turns":6},{"damage":18,"enemies":"Automaton","floor":33,"turns":2}],"seed_played":"-1449685503735053436","potions_obtained":[{"floor":5,"key":"PowerPotion"},{"floor":11,"key":"DistilledChaos"},{"floor":18,"key":"Regen Potion"},{"floor":19,"key":"Explosive Potion"}],"is_trial":false,"path_per_floor":["M","$","?","M","M","E","R","$","T","R","M","?","R","?","R","B",null,"M","M","$","?","M","E","$","R","T","E","?","R","?","?","R","B"],"character_chosen":"THE_SILENT","items_purchased":["Noxious Fumes","Membership Card","FairyPotion"],"campfire_rested":1,"item_purchase_floors":[2,8,24],"current_hp_per_floor":[59,59,52,52,41,37,37,37,37,37,20,13,34,57,57,24,59,46,40,40,40,26,21,21,21,21,15,15,15,15,15,15,0,0],"gold":0,"neow_bonus":"BOSS_RELIC","is_daily":false,"chose_seed":false,"campfire_upgraded":6,"win_rate":0.0,"timestamp":1613784517,"path_taken":["M","$","?","M","M","E","R","$","T","R","?","?","R","?","R","BOSS","M","M","$","?","M","E","$","R","T","E","?","R","?","?","R","BOSS"],"items_purchased_type":["Card","Relic","Potion"],"build_version":"2020-12-22","purchased_purges":1,"victory":false,"max_hp_per_floor":[70,70,70,70,70,70,70,70,70,70,70,70,70,70,70,70,70,70,70,70,70,70,70,70,70,70,70,70,70,70,70,70,70,70],"card_choices":[{"not_picked":["Underhanded Strike","All Out Attack"],"picked":"Backflip","floor":1.0},{"not_picked":["Backflip","Deadly Poison","Blade Dance"],"picked":"SKIP","floor":4},{"not_picked":["Infinite Blades","Choke"],"picked":"Caltrops","floor":5},{"not_picked":["PiercingWail","A Thousand Cuts"],"picked":"Infinite Blades","floor":6},{"not_picked":["Bane","Eviscerate"],"picked":"Cloak And Dagger","floor":11},{"not_picked":["Storm of Steel","Die Die Die"],"picked":"Wraith Form v2","floor":16},{"not_picked":["Deflect+1","Deadly Poison"],"picked":"Infinite Blades","floor":18},{"not_picked":["Flying Knee","Bane","Setup"],"picked":"SKIP","floor":19},{"not_picked":["Flying Knee","Escape Plan","Heel Hook"],"picked":"SKIP","floor":22},{"not_picked":["Venomology","Backflip+1"],"picked":"Acrobatics","floor":23},{"not_picked":["Poisoned Stab","Endless Agony","Slice+1"],"picked":"SKIP","floor":27}],"player_experience":954138,"relics_obtained":[{"floor":6,"key":"WingedGreaves"},{"floor":9,"key":"Ornamental Fan"},{"floor":23,"key":"Juzu Bracelet"},{"floor":26,"key":"Ginger"},{"floor":27,"key":"Pen Nib"}],"event_choices":[{"damage_healed":0,"gold_gain":75,"player_choice":"Touch","damage_taken":7,"max_hp_gain":0,"max_hp_loss":0,"event_name":"FaceTrader","floor":3,"gold_loss":0},{"cards_removed":["Defend_G"],"damage_healed":0,"gold_gain":0,"player_choice":"Card Removal","damage_taken":7,"max_hp_gain":0,"max_hp_loss":0,"event_name":"Golden Wing","floor":12,"gold_loss":0},{"damage_healed":23,"gold_gain":0,"player_choice":"Banana","damage_taken":0,"max_hp_gain":0,"max_hp_loss":0,"event_name":"Big Fish","floor":14,"gold_loss":0},{"cards_removed":["Strike_G"],"damage_healed":0,"gold_gain":0,"player_choice":"Gave Gold","damage_taken":0,"max_hp_gain":0,"max_hp_loss":0,"event_name":"Beggar","floor":21,"gold_loss":75},{"damage_healed":0,"gold_gain":0,"player_choice":"Paid Fearfully","damage_taken":0,"max_hp_gain":0,"max_hp_loss":0,"event_name":"Masked Bandits","floor":28,"gold_loss":64},{"damage_healed":0,"gold_gain":0,"player_choice":"Gave Potion","damage_taken":0,"relics_obtained":["Mercury Hourglass"],"max_hp_gain":0,"max_hp_loss":0,"event_name":"WeMeetAgain","floor":30,"gold_loss":0},{"damage_healed":0,"gold_gain":0,"player_choice":"Smashed Altar","damage_taken":0,"max_hp_gain":0,"max_hp_loss":0,"event_name":"Forgotten Altar","floor":31,"gold_loss":0,"cards_obtained":["Decay"]}],"is_beta":false,"boss_relics":[{"not_picked":["SlaversCollar","Runic Dome"],"picked":"Coffee Dripper"}],"items_purged_floors":[20],"is_endless":false,"potions_floor_spawned":[5,11,18,19,22],"killed_by":"Automaton","ascension_level":11}}