{"host":"strpjp9enjjpooof","time":1613797564,"event":{"mods":["Aspiration","BaseMod","Better Altar","Better Match","Better Note","Better Sensory Stone","Better Skull","Better Third Choice","Colored Powertips","Conspire","Energized Spire","Force Act Four","GifTheSpireLib","Halation","Hubris","Lobotomy","Minty Spire (QoL Compilation)","Relic Filter Mod","Reliquary","Replay The Spire","Spicy Shops","Spikes Relics","StSLib","Stuff the Spire","The Blue Laboratory","Together in Spire"],"gold_per_floor":[109,124,142,158,158,158,178,206,206,206,231,231,231,261,350,451,451,469,469,485,341,361,389,389,389,389,414,426,426,442,442,442,543,543,554,44,58,58,108,108,133,26,51,86,99,134,151,195,195,195,1802,1827,1827,1827],"floor_reached":53,"language":"ENG","playtime":2304,"items_purged":["ReplayTheSpireMod:Splinters"],"score":803,"play_id":"0c2fd493-11fd-4613-9de9-12205c0b3247","local_time":"20210219200604","is_ascension_mode":false,"campfire_choices":[{"data":"Reckless Charge","floor":6.0,"key":"SMITH"},{"data":"Whirlwind","floor":10.0,"key":"SMITH"},{"floor":13.0,"key":"REST"},{"data":"Whirlwind+1","floor":29.0,"key":"SMITH"},{"data":"Bloodletting","floor":32.0,"key":"SMITH"},{"floor":40,"key":"REST"},{"data":"Battle Trance","floor":49,"key":"SMITH"},{"data":"Bludgeon","floor":50,"key":"SMITH"}],"circlet_count":0,"master_deck":["Strike_R","Strike_R","Strike_R","Strike_R","Defend_R","Defend_R","Defend_R","Defend_R","Bash","Reckless Charge+1","Whirlwind+2","Heavy Blade","ReplayTheSpireMod:Stacked","Hemokinesis","Hemokinesis","Metallicize","Bludgeon","Immolate","Twin Strike","Run Through+1","Bloodletting+1","Rage","Shockwave+1","Ghostly Armor","Bludgeon+1","Hemokinesis","Pummel","Impervious","Clothesline","Cleave","True Grit+1","Berserk","StuffTheSpire:Slingshot+1","Body Slam+1","Metallicize+1","Flame Barrier+1","Bludgeon","Heavy Blade","Battle Trance+1","Body Slam","Warcry+1","Twin Strike+1","Rupture","Twin Strike","Twin Strike","Iron Wave","Exhume","hubris:ReadiedAction","Mayhem","Replay:Parry","Heavy Blade"],"relics":["StuffTheSpire:OccultApparatus","hubris:OldNail","Quantum Egg","reliquary:TuningFork","Centennial Puzzle","hubris:FruitBowl","reliquary:PartyBalloon","reliquary:BigHammer","Orrery","reliquary:PorcupineQuills","Pantograph","Ancient Tea Set","reliquary:ThirdArm","GolemAmulet","Oddly Smooth Stone","halation:PrussianBluePaint","halation:Diary","ReplayTheSpireMod:TigerMarble","reliquary:WeakTea","Blue Candle","Runic Pyramid","reliquary:FingerTrap","Medical Kit","Ice Cream","hubris:TenFootPole","Happy Flower","Replay:Rubber Ducky"],"acts_visited":["TheEnding"],"potions_floor_usage":[53],"damage_taken":[{"damage":0.0,"enemies":"Cultist","floor":1.0,"turns":2.0},{"damage":12.0,"enemies":"conspire:RoseBush","floor":2.0,"turns":2.0},{"damage":3.0,"enemies":"Jaw Worm","floor":3.0,"turns":2.0},{"damage":0.0,"enemies":"Gremlin Gang","floor":4.0,"turns":2.0},{"damage":0.0,"enemies":"Exordium Wildlife","floor":7.0,"turns":1.0},{"damage":14.0,"enemies":"Replay:BlueRogue","floor":8.0,"turns":3.0},{"damage":22.0,"enemies":"Lagavulin","floor":11.0,"turns":3.0},{"damage":2.0,"enemies":"Replay:BlueRogue","floor":14.0,"turns":3.0},{"damage":28.0,"enemies":"The Guardian","floor":16.0,"turns":7.0},{"damage":13.0,"enemies":"conspire:FuzzyDice","floor":18.0,"turns":3.0},{"damage":10.0,"enemies":"Chosen","floor":20.0,"turns":2.0},{"damage":10.0,"enemies":"Sentry and Sphere","floor":22.0,"turns":3.0},{"damage":0.0,"enemies":"Replay:Snechameleon","floor":23.0,"turns":1.0},{"damage":0.0,"enemies":"conspire:Head Lice","floor":27.0,"turns":1.0},{"damage":7.0,"enemies":"Centurion and Healer","floor":28.0,"turns":2.0},{"damage":8.0,"enemies":"Chosen and Byrds","floor":30.0,"turns":2.0},{"damage":42.0,"enemies":"Pondfish","floor":33.0,"turns":9.0},{"damage":29.0,"enemies":"3 Shapes","floor":35.0,"turns":2.0},{"damage":16.0,"enemies":"Orb Walker","floor":37.0,"turns":2.0},{"damage":1,"enemies":"Nemesis","floor":41,"turns":4},{"damage":6,"enemies":"Giant Head","floor":44,"turns":2},{"damage":15,"enemies":"Jaw Worm Horde","floor":45,"turns":2},{"damage":0,"enemies":"Nemesis","floor":46,"turns":1},{"damage":0,"enemies":"Transient","floor":47,"turns":1},{"damage":16,"enemies":"Shield and Spear","floor":52,"turns":2},{"damage":141,"enemies":"The Heart","floor":53,"turns":5}],"seed_played":"-9029839205979896267","potions_obtained":[{"floor":0.0,"key":"blueLaboratory:BottledHope"},{"floor":0.0,"key":"blueLaboratory:ConflagurationPotion"},{"floor":0.0,"key":"SpeedPotion"},{"floor":2.0,"key":"blueLaboratory:IronCompound"},{"floor":7.0,"key":"Swift Potion"},{"floor":11.0,"key":"SpeedPotion"},{"floor":33.0,"key":"Adrenaline Potion"}],"is_trial":false,"path_per_floor":["M","M","M","M","?","R","M","E","T","R","E","$","R","E","R","B",null,"M","?","M","$","M","E","?","?","T","E","M","R","M","?","R","B",null,"M","$","M","?","NS","R","E","$","T","E","M","E","M","?","R","R","$","E","B"],"character_chosen":"IRONCLAD","items_purchased":["Centennial Puzzle","hubris:FruitBowl","Bloodletting","Orrery","FairyPotion","GolemAmulet","Oddly Smooth Stone","Swift Potion","halation:Diary","Flame Barrier+1","reliquary:FingerTrap","Medical Kit","Ice Cream","hubris:TenFootPole","Happy Flower","Rupture","Twin Strike","Iron Wave","Exhume","hubris:ReadiedAction","Mayhem","Replay:Parry"],"campfire_rested":2,"item_purchase_floors":[12,12,21,21,36,36,36,36,42,42,51,51,51,51,51,51,51,51,51,51,51,51],"current_hp_per_floor":[80,74,77,80,80,80,80,72,72,72,56,27,51,55,55,33,80,73,73,69,69,65,71,71,71,71,77,76,76,74,74,74,38,80,51,51,35,35,35,59,58,58,58,52,37,40,40,40,83,83,83,67,0,0],"gold":1827,"neow_bonus":"THREE_SMALL_POTIONS","is_daily":false,"chose_seed":false,"campfire_upgraded":6,"win_rate":0.0,"timestamp":1613797564,"path_taken":["M","M","?","M","?","R","M","E","T","R","E","?","R","E","R","BOSS","M","?","M","$","M","E","?","?","T","E","M","R","M","?","R","BOSS","M","$","M","?","NS","R","E","$","T","E","M","E","M","?","R","R","$","E","BOSS"],"items_purchased_type":["Relic","Relic","Card","Relic","Potion","Relic","Relic","Potion","Relic","Card","Relic","Relic","Relic","Relic","Relic","Card","Card","Card","Card","Card","Card","Card"],"build_version":"2020-12-22","purchased_purges":1,"victory":false,"max_hp_per_floor":[80,80,80,80,80,80,80,80,80,80,80,80,80,80,80,80,80,80,80,80,80,80,80,80,80,80,80,80,80,80,80,80,80,80,80,80,80,80,80,80,80,80,80,80,80,83,83,83,83,83,83,83,83,83],"card_choices":[{"not_picked":["ReplayReversal","Body Slam"],"picked":"Reckless Charge","floor":1.0},{"not_picked":["Armaments","Metallicize"],"picked":"Whirlwind","floor":2.0},{"not_picked":["Absolvement","Shockwave"],"picked":"Heavy Blade","floor":3.0},{"not_picked":["ReplayTheSpireMod:LeadingStrike","Evolve"],"picked":"ReplayTheSpireMod:Stacked","floor":4.0},{"not_picked":["ReplayTheSpireMod:Limb From Limb","Combust"],"picked":"Hemokinesis","floor":7.0},{"not_picked":["Clash","BarbarianYell"],"picked":"Hemokinesis","floor":8.0},{"not_picked":["Dual Wield","StuffTheSpire:Resist"],"picked":"Metallicize","floor":11.0},{"not_picked":["Armaments","Headbutt"],"picked":"Bludgeon","floor":14.0},{"not_picked":["Brutality","Juggernaut"],"picked":"Immolate","floor":16.0},{"not_picked":["Armaments+1","ReplayTheSpireMod:Limb From Limb"],"picked":"Twin Strike","floor":18.0},{"not_picked":["StuffTheSpire:Incineration","Blood for Blood"],"picked":"Run Through+1","floor":20.0},{"not_picked":["Headbutt","StuffTheSpire:RockThrow"],"picked":"Rage","floor":21.0},{"not_picked":["Abandon+1","Anger"],"picked":"Shockwave","floor":21.0},{"not_picked":["Cleave","Spot Weakness+1"],"picked":"Ghostly Armor","floor":21.0},{"not_picked":["Clothesline","Bloodletting"],"picked":"Bludgeon","floor":21.0},{"not_picked":["True Grit","Shrug It Off"],"picked":"Hemokinesis","floor":21.0},{"not_picked":["StuffTheSpire:Incineration+1","Flex+1"],"picked":"Pummel","floor":22.0},{"not_picked":["Havoc","ReplayTheSpireMod:Muscle Training+1"],"picked":"Impervious","floor":23.0},{"not_picked":["Dual Wield","Dropkick"],"picked":"Clothesline","floor":27.0},{"not_picked":["Thunderclap","Replay:Undeath\u0027s Touch"],"picked":"Cleave","floor":28.0},{"not_picked":["Power Through","Warcry"],"picked":"True Grit+1","floor":30.0},{"not_picked":["hubris:StunningStrike","Exhume"],"picked":"Berserk","floor":33.0},{"not_picked":["Body Slam","Havoc"],"picked":"StuffTheSpire:Slingshot+1","floor":35.0},{"not_picked":["StuffTheSpire:RockThrow","Abandon"],"picked":"Body Slam+1","floor":37.0},{"not_picked":["Dual Wield","StuffTheSpire:Resist"],"picked":"Metallicize+1","floor":41},{"not_picked":["Armaments+1","Headbutt"],"picked":"Bludgeon","floor":44},{"not_picked":["conspire:Charge+1","Perfected Strike+1"],"picked":"Heavy Blade","floor":45},{"not_picked":["Armaments","Uppercut"],"picked":"Battle Trance","floor":46},{"not_picked":["Clash+1","Pommel Strike+1"],"picked":"Body Slam","floor":47},{"not_picked":["Clash","BarbarianYell+1"],"picked":"Warcry+1","floor":48},{"not_picked":["True Grit+1","Wild Strike+1"],"picked":"Twin Strike+1","floor":48},{"not_picked":["Intimidate+1","Hemogenesis"],"picked":"Heavy Blade","floor":52}],"player_experience":166779,"relics_obtained":[{"floor":8.0,"key":"hubris:OldNail"},{"floor":9.0,"key":"Quantum Egg"},{"floor":11.0,"key":"reliquary:TuningFork"},{"floor":14.0,"key":"reliquary:PartyBalloon"},{"floor":23.0,"key":"reliquary:PorcupineQuills"},{"floor":26.0,"key":"Pantograph"},{"floor":27.0,"key":"Ancient Tea Set"},{"floor":41,"key":"halation:PrussianBluePaint"},{"floor":44,"key":"ReplayTheSpireMod:TigerMarble"},{"floor":46,"key":"reliquary:WeakTea"},{"floor":48,"key":"Blue Candle"},{"floor":52,"key":"Replay:Rubber Ducky"}],"event_choices":[{"cards_removed":["Strike_R"],"damage_healed":0.0,"max_hp_gain":0.0,"max_hp_loss":0.0,"gold_gain":0.0,"event_name":"Bonfire Elementals","player_choice":"Offered Basic","floor":5.0,"gold_loss":0.0,"damage_taken":0.0},{"damage_healed":0.0,"max_hp_gain":0.0,"max_hp_loss":0.0,"gold_gain":0.0,"event_name":"betterNote:BetterNote","player_choice":"Ignored","floor":19.0,"gold_loss":0.0,"damage_taken":0.0,"cards_obtained":["Injury"]},{"damage_healed":0.0,"max_hp_gain":0.0,"max_hp_loss":0.0,"gold_gain":0.0,"event_name":"Ghosts","player_choice":"Ignored","floor":24.0,"gold_loss":0.0,"damage_taken":0.0},{"damage_healed":0.0,"max_hp_gain":0.0,"max_hp_loss":0.0,"gold_gain":0.0,"event_name":"The Moai Head","player_choice":"Ignored","floor":38.0,"gold_loss":0.0,"damage_taken":0.0}],"is_beta":false,"boss_relics":[{"not_picked":["Busted Crown","energizedSpire:SpiderWeb"],"picked":"reliquary:BigHammer"},{"not_picked":["CosmicIsotope","aspiration:PoetsPen_weak"],"picked":"reliquary:ThirdArm"}],"items_purged_floors":[51],"is_endless":false,"potions_floor_spawned":[2,7,11,18,22,28,33,41,46,47,52],"killed_by":"The Heart","ascension_level":0}}