{"host":"i8x3uekhioq8aaet","time":1613817416,"event":{"mods":["AchievementEnabler","BaseMod","Colored Map","Colored Powertips","DeckTracker","Minty Spire (QoL Compilation)","Relic Sorter","StSLib"],"gold_per_floor":[118,68,68,68,88,88,101,101,101,121,134,134,145,164,164,164,164],"floor_reached":16,"language":"ZHT","playtime":432,"items_purged":[],"score":96,"play_id":"a55cb785-0d8b-4826-a087-ad34f309e53c","local_time":"20210220183656","is_ascension_mode":false,"campfire_choices":[{"data":"Defend_P","floor":6.0,"key":"SMITH"},{"floor":12,"key":"REST"},{"floor":15,"key":"REST"}],"circlet_count":0,"master_deck":["Strike_P","Strike_P","Strike_P","Strike_P","Defend_P","Defend_P","Defend_P+1","Eruption","Vigilance"],"relics":["PureWater"],"acts_visited":["Exordium"],"potions_floor_usage":[16],"damage_taken":[{"damage":0.0,"enemies":"Cultist","floor":1.0,"turns":2.0},{"damage":0.0,"enemies":"Small Slimes","floor":5.0,"turns":2.0},{"damage":0.0,"enemies":"2 Louse","floor":7.0,"turns":2.0},{"damage":0.0,"enemies":"Exordium Thugs","floor":8.0,"turns":3.0},{"damage":13.0,"enemies":"Blue Slaver","floor":10.0,"turns":3.0},{"damage":2,"enemies":"2 Fungi Beasts","floor":11,"turns":4},{"damage":27,"enemies":"Lots of Slimes","floor":13,"turns":5},{"damage":35,"enemies":"Exordium Thugs","floor":14,"turns":5},{"damage":32,"enemies":"Hexaghost","floor":16,"turns":6}],"seed_played":"7578045713810671346","potions_obtained":[{"floor":0.0,"key":"SmokeBomb"},{"floor":0.0,"key":"Weak Potion"},{"floor":0.0,"key":"DistilledChaos"},{"floor":3.0,"key":"Block Potion"},{"floor":3.0,"key":"EntropicBrew"},{"floor":10.0,"key":"SpeedPotion"},{"floor":13,"key":"Block Potion"}],"is_trial":false,"path_per_floor":["M","?","?","$","M","R","M","M","T","M","M","R","M","M","R","B"],"character_chosen":"WATCHER","items_purchased":[],"campfire_rested":2,"item_purchase_floors":[],"current_hp_per_floor":[72,72,72,72,72,72,72,72,72,59,57,72,45,10,31,0,0],"gold":164,"neow_bonus":"THREE_SMALL_POTIONS","is_daily":false,"chose_seed":false,"campfire_upgraded":1,"win_rate":0.0,"timestamp":1613817416,"path_taken":["M","?","?","$","?","R","M","M","T","M","?","R","M","M","R","BOSS"],"items_purchased_type":[],"build_version":"2020-12-22","purchased_purges":0,"victory":false,"max_hp_per_floor":[72,72,72,72,72,72,72,72,72,72,72,72,72,72,72,72,72],"card_choices":[{"not_picked":["Prostrate","Protect","Tantrum"],"picked":"SKIP","floor":1.0},{"not_picked":["FlurryOfBlows","EmptyMind","WheelKick"],"picked":"SKIP","floor":5.0},{"not_picked":["JustLucky","SashWhip","Wish"],"picked":"SKIP","floor":7.0},{"not_picked":["WreathOfFlame","CrushJoints","Halt"],"picked":"SKIP","floor":10.0},{"not_picked":["Wireheading","Tantrum","FlurryOfBlows"],"picked":"SKIP","floor":11},{"not_picked":["DeceiveReality","WindmillStrike","FearNoEvil"],"picked":"SKIP","floor":13},{"not_picked":["EmptyFist","SashWhip","MentalFortress"],"picked":"SKIP","floor":14}],"player_experience":338935,"relics_obtained":[],"event_choices":[{"cards_removed":["Defend_P"],"damage_healed":0.0,"max_hp_gain":0.0,"max_hp_loss":0.0,"gold_gain":0.0,"event_name":"The Cleric","player_choice":"Card Removal","floor":2.0,"gold_loss":50.0,"damage_taken":0.0},{"damage_healed":0.0,"max_hp_gain":0.0,"max_hp_loss":0.0,"gold_gain":0.0,"event_name":"Lab","player_choice":"Got Potions","floor":3.0,"gold_loss":0.0,"damage_taken":0.0}],"is_beta":false,"boss_relics":[],"items_purged_floors":[],"is_endless":false,"potions_floor_spawned":[5,7,10,13],"killed_by":"Hexaghost","ascension_level":0}}