{"host":"du3j2mdkciet31iv","time":1613845196,"event":{"mods":["BaseMod","Minty Spire (QoL Compilation)","Relic Stats","StSLib"],"gold_per_floor":[113,126,142,158,11,42,42,217,217,217,246,246,263,275,275,380,380,397,322,322,44,119,119,148,148,148,165,165,165,2,12,12,113,113,126,43,63,0,16,16,30,30,56,56,67,86,86,8,8,8,8],"floor_reached":50,"language":"ENG","playtime":3995,"items_purged":["Zap","Defend_B","Strike_B"],"score":462,"play_id":"2629177c-f401-4e4f-8a5f-e3faa1302b40","local_time":"20210220201956","is_ascension_mode":false,"campfire_choices":[{"data":"Darkness","floor":7,"key":"SMITH"},{"data":"Fusion","floor":10,"key":"SMITH"},{"data":"Lockon","floor":15,"key":"SMITH"},{"data":"Multi-Cast","floor":23,"key":"SMITH"},{"data":"Buffer","floor":25,"key":"SMITH"},{"data":"Leap","floor":28,"key":"SMITH"},{"data":"Auto Shields","floor":32,"key":"SMITH"},{"data":"Secret Technique","floor":40,"key":"SMITH"},{"floor":49,"key":"REST"}],"circlet_count":0,"master_deck":["Strike_B","Strike_B","Defend_B","Defend_B","Defend_B+1","Dualcast","Darkness+1","Auto Shields+1","Conserve Battery+1","Glacier","Doom and Gloom","Fusion+1","Lockon+1","Redo","Multi-Cast+1","Leap+1","Buffer+1","Rebound","Seek","Steam Power+1","Secret Technique+1","Rebound+1"],"relics":["Cracked Core","NeowsBlessing","Nunchaku","Bag of Marbles","Odd Mushroom","Velvet Choker","Membership Card","Oddly Smooth Stone","Pear","Bottled Lightning","War Paint","Nuclear Battery","Red Mask","Ancient Tea Set","Ornamental Fan"],"acts_visited":["Exordium","TheCity","TheBeyond"],"potions_floor_usage":[11,11,16,24,29,33,33,39,50,50,50],"damage_taken":[{"damage":0,"enemies":"Jaw Worm","floor":1,"turns":1},{"damage":0,"enemies":"2 Louse","floor":2,"turns":1},{"damage":0,"enemies":"Small Slimes","floor":3,"turns":1},{"damage":8,"enemies":"Red Slaver","floor":4,"turns":4},{"damage":5,"enemies":"3 Sentries","floor":6,"turns":8},{"damage":1,"enemies":"The Mushroom Lair","floor":11,"turns":3},{"damage":5,"enemies":"Exordium Thugs","floor":13,"turns":6},{"damage":6,"enemies":"Large Slime","floor":14,"turns":7},{"damage":21,"enemies":"Slime Boss","floor":16,"turns":6},{"damage":0,"enemies":"Chosen","floor":18,"turns":4},{"damage":19,"enemies":"Gremlin Leader","floor":24,"turns":3},{"damage":10,"enemies":"2 Thieves","floor":27,"turns":5},{"damage":0,"enemies":"Cultist and Chosen","floor":29,"turns":4},{"damage":6,"enemies":"Snake Plant","floor":31,"turns":3},{"damage":30,"enemies":"Automaton","floor":33,"turns":10},{"damage":4,"enemies":"3 Shapes","floor":35,"turns":4},{"damage":14,"enemies":"3 Darklings","floor":37,"turns":12},{"damage":51,"enemies":"Maw","floor":39,"turns":9},{"damage":6,"enemies":"Sphere and 2 Shapes","floor":41,"turns":4},{"damage":0,"enemies":"Jaw Worm Horde","floor":45,"turns":3},{"damage":0,"enemies":"4 Shapes","floor":46,"turns":4},{"damage":44,"enemies":"Time Eater","floor":50,"turns":7}],"seed_played":"-3951411004404908402","potions_obtained":[{"floor":1,"key":"SteroidPotion"},{"floor":3,"key":"Dexterity Potion"},{"floor":4,"key":"SneckoOil"},{"floor":11,"key":"ColorlessPotion"},{"floor":16,"key":"Strength Potion"},{"floor":27,"key":"SmokeBomb"},{"floor":35,"key":"FearPotion"}],"is_trial":false,"path_per_floor":["M","M","M","M","$","E","R","?","T","R","?","?","M","M","R","B",null,"M","?","?","$","?","R","E","R","T","M","R","M","$","M","R","B",null,"M","$","M","?","M","R","M","?","T","T","M","M","?","$","R","B"],"character_chosen":"DEFECT","items_purchased":["Doom and Gloom","Membership Card","Oddly Smooth Stone","War Paint","Fire Potion","Secret Technique","AttackPotion","Dexterity Potion","FearPotion"],"campfire_rested":1,"item_purchase_floors":[5,21,21,30,30,36,48,48,48],"current_hp_per_floor":[75,75,75,67,67,62,62,62,62,62,61,54,49,43,43,22,75,75,75,75,75,68,68,59,59,59,49,49,49,49,43,43,13,85,81,81,67,67,16,16,10,10,10,10,10,10,10,10,35,0,0],"gold":8,"neow_bonus":"THREE_ENEMY_KILL","is_daily":false,"chose_seed":false,"campfire_upgraded":8,"win_rate":0.0,"timestamp":1613845196,"path_taken":["M","M","M","M","$","E","R","?","T","R","?","?","M","M","R","BOSS","M","?","?","$","?","R","E","R","T","?","R","M","$","M","R","BOSS","M","$","M","?","M","R","M","?","T","?","M","?","?","$","R","BOSS"],"items_purchased_type":["Card","Relic","Relic","Relic","Potion","Card","Potion","Potion","Potion"],"build_version":"2020-12-22","purchased_purges":3,"victory":false,"max_hp_per_floor":[75,75,75,75,75,75,75,75,75,75,75,75,75,75,75,75,75,75,75,75,75,75,75,85,85,85,85,85,85,85,85,85,85,85,85,85,85,85,85,85,85,85,85,85,85,85,85,85,85,85,85],"relic_stats":{"Nunchaku":[8],"counters":[22,109],"Ornamental Fan":[0],"War Paint":["Defend_B","Conserve Battery"],"obtain_stats":[{"Pear":24,"NeowsBlessing":0,"Velvet Choker":17,"Oddly Smooth Stone":21,"Odd Mushroom":11,"War Paint":30,"Ancient Tea Set":43,"Nuclear Battery":34,"Nunchaku":6,"Ornamental Fan":44,"Bag of Marbles":9,"Red Mask":38,"Membership Card":21,"Bottled Lightning":26,"Cracked Core":0},{"Pear":11,"NeowsBlessing":0,"Velvet Choker":9,"Oddly Smooth Stone":10,"Odd Mushroom":6,"War Paint":13,"Ancient Tea Set":19,"Nuclear Battery":15,"Nunchaku":5,"Ornamental Fan":19,"Bag of Marbles":5,"Red Mask":17,"Membership Card":10,"Bottled Lightning":11,"Cracked Core":0},{"Pear":44,"NeowsBlessing":0,"Velvet Choker":37,"Oddly Smooth Stone":41,"Odd Mushroom":18,"War Paint":53,"Ancient Tea Set":95,"Nuclear Battery":66,"Nunchaku":15,"Ornamental Fan":95,"Bag of Marbles":15,"Red Mask":82,"Membership Card":41,"Bottled Lightning":44,"Cracked Core":0}]},"card_choices":[{"not_picked":["Rip and Tear","Storm"],"picked":"Darkness","floor":1},{"not_picked":["Genetic Algorithm","Stack"],"picked":"Auto Shields","floor":2},{"not_picked":["Self Repair","Go for the Eyes"],"picked":"Conserve Battery","floor":3},{"not_picked":["Capacitor","Rebound"],"picked":"Glacier","floor":4},{"not_picked":["Stack","Double Energy"],"picked":"Fusion","floor":6},{"not_picked":["Hologram","Capacitor"],"picked":"Lockon","floor":13},{"not_picked":["Beam Cell","Hologram"],"picked":"Redo","floor":14},{"not_picked":["Biased Cognition","Fission"],"picked":"Multi-Cast","floor":16},{"not_picked":["Streamline","White Noise"],"picked":"Leap","floor":18},{"not_picked":["Cold Snap","Streamline"],"picked":"Buffer","floor":24},{"not_picked":["Leap","Hologram"],"picked":"Rebound","floor":27},{"not_picked":["Steam","Sweeping Beam","Hologram"],"picked":"SKIP","floor":31},{"not_picked":["Creative AI","Rainbow"],"picked":"Seek","floor":33},{"not_picked":["Go for the Eyes+1","Steam"],"picked":"Steam Power+1","floor":35},{"not_picked":["Sweeping Beam","BootSequence+1","Turbo"],"picked":"SKIP","floor":37},{"not_picked":["Ball Lightning","Stack","Coolheaded+1"],"picked":"SKIP","floor":39},{"not_picked":["Gash+1","Static Discharge"],"picked":"Rebound+1","floor":41},{"not_picked":["Hello World","Steam","Lockon"],"picked":"SKIP","floor":45},{"not_picked":["Aggregate+1","Ball Lightning+1","Rip and Tear"],"picked":"SKIP","floor":46}],"player_experience":45402,"relics_obtained":[{"floor":6,"key":"Nunchaku"},{"floor":9,"key":"Bag of Marbles"},{"floor":11,"key":"Odd Mushroom"},{"floor":24,"key":"Pear"},{"floor":26,"key":"Bottled Lightning"},{"floor":43,"key":"Ancient Tea Set"},{"floor":44,"key":"Ornamental Fan"}],"event_choices":[{"damage_healed":0,"gold_gain":175,"player_choice":"AGREE","damage_taken":0,"max_hp_gain":0,"max_hp_loss":0,"event_name":"Liars Game","floor":8,"gold_loss":0,"cards_obtained":["Doubt"]},{"damage_healed":0,"gold_gain":0,"player_choice":"Fought Mushrooms","damage_taken":0,"max_hp_gain":0,"max_hp_loss":0,"event_name":"Mushrooms","floor":11,"gold_loss":0},{"cards_removed":["Doubt"],"damage_healed":0,"gold_gain":0,"player_choice":"Card Removal","damage_taken":7,"max_hp_gain":0,"max_hp_loss":0,"event_name":"Golden Wing","floor":12,"gold_loss":0},{"cards_removed":["Strike_B"],"damage_healed":0,"gold_gain":0,"player_choice":"Gave Gold","damage_taken":0,"max_hp_gain":0,"max_hp_loss":0,"event_name":"Beggar","floor":19,"gold_loss":75},{"damage_healed":0,"gold_gain":0,"player_choice":"Ignored","damage_taken":0,"max_hp_gain":0,"max_hp_loss":0,"event_name":"Ghosts","floor":20,"gold_loss":0},{"damage_healed":0,"gold_gain":75,"player_choice":"Touch","damage_taken":7,"max_hp_gain":0,"max_hp_loss":0,"event_name":"FaceTrader","floor":22,"gold_loss":0},{"damage_healed":0,"gold_gain":0,"player_choice":"Paid","damage_taken":0,"relics_obtained":["Red Mask"],"max_hp_gain":0,"max_hp_loss":0,"event_name":"Tomb of Lord Red Mask","floor":38,"gold_loss":63},{"damage_healed":0,"gold_gain":0,"player_choice":"Memory 1","damage_taken":0,"max_hp_gain":0,"max_hp_loss":0,"event_name":"SensoryStone","floor":42,"gold_loss":0},{"damage_healed":0,"gold_gain":0,"player_choice":"Ignored","damage_taken":0,"max_hp_gain":0,"max_hp_loss":0,"event_name":"NoteForYourself","floor":47,"gold_loss":0}],"is_beta":false,"boss_relics":[{"not_picked":["Runic Pyramid","Busted Crown"],"picked":"Velvet Choker"},{"not_picked":["Calling Bell","Empty Cage"],"picked":"Nuclear Battery"}],"items_purged_floors":[5,21,30],"is_endless":false,"potions_floor_spawned":[1,3,4,11,16,27,29,35],"killed_by":"Time Eater","ascension_level":0}}