{"host":"y087t2reloz9bi43","time":1613784196,"event":{"mods":["2.2 Compatiblity","AchievementEnabler","Aspiration","BaseMod","Bestiary","Better Note","Better Vampires","BetterRewards","Colored Map","Colored Powertips","Conspire","Downfall","GifTheSpireLib","Gold Saver","Halation","Hubris","Infinite Spire","Jedi Mod","Mimic Mod","Minty Spire (QoL Compilation)","Permanent Neow","Potionbrewer","Rare Cards Sparkle","Relic Stats","Reliquary","Replay The Spire","Shop Mod","StSLib","Transform Curses","Uncapped","everything is the same but u backflip on backflip"],"gold_per_floor":[947,963,963,933,944,977,995,1023,1054,1082,1100,1127,1127,1052,1052,1153,1153,1172,1187,1204,1247,1259,1259,1259],"floor_reached":23,"language":"ENG","playtime":2172,"items_purged":["potionbrewer:PotionbrewerStrike"],"score":339,"play_id":"9fc63b14-1807-4ff5-bfb0-f7b8ef1966ae","local_time":"20210220012316","is_ascension_mode":true,"campfire_choices":[{"data":"potionbrewer:HazardousMaterials","floor":13,"key":"SMITH"},{"floor":15,"key":"REST"}],"circlet_count":0,"master_deck":["potionbrewer:PotionbrewerStrike","potionbrewer:PotionbrewerStrike","potionbrewer:PotionbrewerStrike","potionbrewer:PotionbrewerDefend","potionbrewer:PotionbrewerDefend","potionbrewer:PotionbrewerDefend","potionbrewer:PotionbrewerDefend","potionbrewer:Collect","potionbrewer:ChemicalSpill","potionbrewer:BeatDown","potionbrewer:Shovel","potionbrewer:Prototype","potionbrewer:HazardousMaterials+1","potionbrewer:Prototype","potionbrewer:Toxicity","potionbrewer:TwoForOne","potionbrewer:Prototype"],"relics":["potionbrewer:PotionKit","Oddly Smooth Stone","infinitespire:WardingShard","Pantograph","Pen Nib","reliquary:KinkedSpring","Pet Ghost"],"acts_visited":["Exordium","TheCity"],"potions_floor_usage":[1,2,5,6,7,7,8,9,9,10,18,18,18,19,19,21,21,21,21,22,22,22,22,23],"damage_taken":[{"damage":0,"enemies":"Small Slimes","floor":1,"turns":3},{"damage":1,"enemies":"Jaw Worm","floor":2,"turns":4},{"damage":0,"enemies":"infinitespire:Voidling","floor":5,"turns":4},{"damage":25,"enemies":"Replay:BlueRogue","floor":6,"turns":9},{"damage":6,"enemies":"Exordium Wildlife","floor":7,"turns":4},{"damage":4,"enemies":"Gremlin Nob","floor":8,"turns":5},{"damage":0,"enemies":"Blue Slaver","floor":9,"turns":7},{"damage":9,"enemies":"Replay:BlueRogue","floor":10,"turns":6},{"damage":5,"enemies":"Blue Slaver","floor":11,"turns":4},{"damage":0,"enemies":"Lagavulin","floor":12,"turns":2},{"damage":0,"enemies":"Slime Boss","floor":16,"turns":3},{"damage":35,"enemies":"conspire:FuzzyDice","floor":18,"turns":6},{"damage":0,"enemies":"Chosen","floor":19,"turns":4},{"damage":0,"enemies":"Snake Plant","floor":20,"turns":1},{"damage":29,"enemies":"conspire:MimicChest","floor":21,"turns":7},{"damage":10,"enemies":"conspire:HollyBat","floor":22,"turns":7},{"damage":11,"enemies":"Slavers","floor":23,"turns":1}],"seed_played":"7921311522222282762","potions_obtained":[{"floor":0,"key":"Venom Potion"},{"floor":0,"key":"Doom Potion"},{"floor":0,"key":"Fire Potion"},{"floor":2,"key":"potionbrewer:NoxiousPotion"},{"floor":4,"key":"jedi:wingpotion"},{"floor":4,"key":"Energy Potion"},{"floor":7,"key":"Weak Potion"},{"floor":11,"key":"jedi:StrikingPotion"},{"floor":12,"key":"potionbrewer:ToxicPotion"},{"floor":21,"key":"AttackPotion"}],"is_trial":false,"path_per_floor":["M","M","?","?","M","E","M","E","MIM","E","M","E","R","$","R","B",null,"M","M","M","?","M","E"],"character_chosen":"POTIONBREWER","items_purchased":[],"campfire_rested":1,"item_purchase_floors":[],"current_hp_per_floor":[75,74,74,74,74,49,43,39,39,30,25,25,25,25,47,72,75,40,40,40,11,1,0,0],"gold":1259,"neow_bonus":"THREE_SMALL_POTIONS","is_daily":false,"chose_seed":false,"campfire_upgraded":1,"win_rate":0.0,"timestamp":1613784196,"path_taken":["M","M","?","?","M","E","M","E","MIM","E","M","E","R","$","R","BOSS","M","M","M","?","M","E"],"items_purchased_type":[],"build_version":"2020-12-22","purchased_purges":1,"victory":false,"max_hp_per_floor":[75,75,75,75,75,75,75,75,75,75,75,75,75,75,75,75,75,75,75,75,75,75,75,75],"relic_stats":{"counters":[17,77],"Pantograph":25,"Pen Nib":[4],"obtain_stats":[{"reliquary:KinkedSpring":17,"infinitespire:WardingShard":8,"Pantograph":10,"Oddly Smooth Stone":6,"Pen Nib":12,"Pet Ghost":21,"potionbrewer:PotionKit":0},{"reliquary:KinkedSpring":11,"infinitespire:WardingShard":6,"Pantograph":8,"Oddly Smooth Stone":4,"Pen Nib":10,"Pet Ghost":15,"potionbrewer:PotionKit":0},{"reliquary:KinkedSpring":51,"infinitespire:WardingShard":29,"Pantograph":42,"Oddly Smooth Stone":20,"Pen Nib":48,"Pet Ghost":69,"potionbrewer:PotionKit":0}]},"card_choices":[{"not_picked":["potionbrewer:BlindingMist","potionbrewer:Brandish","potionbrewer:BlindingSpray"],"picked":"SKIP","floor":1},{"not_picked":["potionbrewer:FortifiedSerum","potionbrewer:FlareUp","potionbrewer:Smack"],"picked":"SKIP","floor":2},{"not_picked":["potionbrewer:Toxicity","potionbrewer:QuickStep"],"picked":"potionbrewer:BeatDown","floor":5},{"not_picked":["potionbrewer:IronFist","potionbrewer:EmptyBottle"],"picked":"potionbrewer:Shovel","floor":6},{"not_picked":["potionbrewer:Refill","potionbrewer:TestFormula","potionbrewer:QuickStep"],"picked":"potionbrewer:Prototype","floor":7},{"not_picked":["potionbrewer:ChemicalRage","potionbrewer:Smack"],"picked":"potionbrewer:HazardousMaterials","floor":8},{"not_picked":["potionbrewer:OneTwoPunch","potionbrewer:DigDeep","potionbrewer:Biohazard"],"picked":"potionbrewer:Prototype","floor":10},{"not_picked":["potionbrewer:Smack","potionbrewer:Contingency"],"picked":"potionbrewer:Toxicity","floor":11},{"not_picked":["potionbrewer:Biohazard","potionbrewer:TestSubject","potionbrewer:Fuel"],"picked":"SKIP","floor":12},{"not_picked":["potionbrewer:IronFlesh","potionbrewer:TheFinalStraw"],"picked":"potionbrewer:TwoForOne","floor":16},{"not_picked":["potionbrewer:Refill","potionbrewer:Biohazard","potionbrewer:Toxicity"],"picked":"SKIP","floor":18},{"not_picked":["potionbrewer:FlashPowder+1","potionbrewer:UnstableFormula","potionbrewer:Biohazard"],"picked":"SKIP","floor":19},{"not_picked":["potionbrewer:Refill+1","potionbrewer:CausticBarrier","potionbrewer:PotentialEnergy"],"picked":"SKIP","floor":20},{"not_picked":["potionbrewer:OneTwoPunch","potionbrewer:Biohazard+1","potionbrewer:TestFormula+1"],"picked":"potionbrewer:Prototype","floor":22}],"player_experience":332741,"relics_obtained":[{"floor":6,"key":"Oddly Smooth Stone"},{"floor":8,"key":"infinitespire:WardingShard"},{"floor":10,"key":"Pantograph"},{"floor":12,"key":"Pen Nib"},{"floor":21,"key":"Pet Ghost"}],"event_choices":[{"damage_healed":0,"gold_gain":0,"player_choice":"Ignored","damage_taken":0,"max_hp_gain":0,"max_hp_loss":0,"event_name":"Liars Game","floor":3,"gold_loss":0},{"damage_healed":0,"gold_gain":0,"player_choice":"Bought 2 Potions","damage_taken":0,"max_hp_gain":0,"max_hp_loss":0,"event_name":"The Woman in Blue","floor":4,"gold_loss":0}],"is_beta":false,"boss_relics":[{"not_picked":["potionbrewer:AlchemistKit","Busted Crown"],"picked":"reliquary:KinkedSpring"}],"items_purged_floors":[14],"is_endless":false,"potions_floor_spawned":[2,7,11,12,21],"killed_by":"Slavers","ascension_level":1}}