{"host":"Aki","time":1613835089,"event":{"mods":["ATMod(°¢èªMod)","Act Like it!","BaseMod","Better Vampires","Challenge The Spire","Colored Powertips","Custom Start","Energized Spire","Minty Spire (QoL Compilation)","MostiFishMod","Quick Restart","StSLib","Waifu the Spire","Youmu£¨»êÆÇÑýÃÎ£©","noobMod","¡¾ÒÅÎï¿¨ÅÆ¡¿REMEMod"],"gold_per_floor":[118,132,149,160,171,202,212,212,212,212,212,212,56,56,56,157,157,172,192,192,107,120,120,130,130,130,143,143,157,30,61,61,206,206,226,226,253,253,163,197,212,241,265,18,18,131,250,390,390,442,442,442,15,97,254],"floor_reached":56,"language":"ZHS","playtime":2313,"items_purged":["Strike_B","Defend_B","Defend_B"],"score":1922,"play_id":"60121716-b252-4bc0-815f-30809c741a5b","local_time":"20210220233129","is_ascension_mode":true,"campfire_choices":[{"data":"MostiFishMod:LinkProtocol","floor":8.0,"key":"SMITH"},{"data":"Heatsinks","floor":11.0,"key":"SMITH"},{"data":"MostiFishMod:Impulse","floor":15.0,"key":"SMITH"},{"data":"MostiFishMod:ReadyAimFire","floor":23.0,"key":"SMITH"},{"data":"Seek","floor":32.0,"key":"SMITH"},{"floor":49.0,"key":"RECALL"},{"data":"Coolheaded","floor":52.0,"key":"SMITH"}],"circlet_count":0,"master_deck":["Defend_B","Defend_B+1","Zap+1","Dualcast","Skim+1","Ball Lightning","MostiFishMod:LinkProtocol+1","Loop","Heatsinks+1","MostiFishMod:Impulse+1","MostiFishMod:ReadyAimFire+1","Coolheaded+1","Storm","Turbo+1","Seek+1","Storm","Fission+1","Coolheaded+1","REME_Whirling","Coolheaded+1","Coolheaded","AT_RobotInSpace+1","MostiFishMod:TalkingToTheRain"],"relics":["Cracked Core","ice","AT_ATBox","REME_ComplimentaryCards","DaveBox","MostiFishMod:AdaptiveDefenses","NeowsBlessing","SynthV:TestCard","Gremlin Horn","War Paint","SynthV:C4","energizedSpire:NeverEndingSparkler","FossilizedHelix","AT_TimeSand","DataDisk","REME_ArchaeologicalTools","GuanYuAspect","Mango","AT_MibuBalloonWealth","Dodecahedron","Boot","Bag of Preparation","Ying","ThornShield"],"acts_visited":["Exordium","TheCity","TheBeyond","TheEnding"],"potions_floor_usage":[],"damage_taken":[{"damage":0.0,"enemies":"Jaw Worm","floor":1.0,"turns":1.0},{"damage":0.0,"enemies":"2 Louse","floor":2.0,"turns":1.0},{"damage":0.0,"enemies":"Cultist","floor":3.0,"turns":1.0},{"damage":11.0,"enemies":"Blue Slaver","floor":4.0,"turns":3.0},{"damage":10.0,"enemies":"2 Fungi Beasts","floor":5.0,"turns":3.0},{"damage":25.0,"enemies":"Lagavulin","floor":6.0,"turns":5.0},{"damage":13.0,"enemies":"Exordium Thugs","floor":7.0,"turns":4.0},{"damage":29.0,"enemies":"Slime Boss","floor":16.0,"turns":6.0},{"damage":31.0,"enemies":"3 Byrds","floor":18.0,"turns":3.0},{"damage":10.0,"enemies":"Chosen","floor":19.0,"turns":2.0},{"damage":18.0,"enemies":"3 Cultists","floor":22.0,"turns":4.0},{"damage":0.0,"enemies":"Snake Plant","floor":24.0,"turns":1.0},{"damage":0.0,"enemies":"Snecko","floor":27.0,"turns":1.0},{"damage":0.0,"enemies":"Sentry and Sphere","floor":29.0,"turns":1.0},{"damage":0.0,"enemies":"Book of Stabbing","floor":31.0,"turns":1.0},{"damage":0.0,"enemies":"Champ","floor":33.0,"turns":3.0},{"damage":0.0,"enemies":"3 Shapes","floor":35.0,"turns":1.0},{"damage":0.0,"enemies":"Orb Walker","floor":37.0,"turns":2.0},{"damage":0.0,"enemies":"Reptomancer","floor":40.0,"turns":1.0},{"damage":0.0,"enemies":"Jaw Worm Horde","floor":41.0,"turns":1.0},{"damage":0.0,"enemies":"Nemesis","floor":42.0,"turns":1.0},{"damage":0.0,"enemies":"Reptomancer","floor":46.0,"turns":1.0},{"damage":0.0,"enemies":"4 Shapes","floor":47.0,"turns":1.0},{"damage":0.0,"enemies":"3 Darklings","floor":48.0,"turns":1.0},{"damage":0.0,"enemies":"Time Eater","floor":50.0,"turns":3.0},{"damage":0.0,"enemies":"Shield and Spear","floor":54.0,"turns":1.0},{"damage":4,"enemies":"The Heart","floor":55,"turns":3}],"seed_played":"-5712023956189787485","potions_obtained":[{"floor":2.0,"key":"Fire Potion"},{"floor":3.0,"key":"FocusPotion"},{"floor":4.0,"key":"EssenceOfSteel"},{"floor":7.0,"key":"Block Potion"},{"floor":18.0,"key":"Dexterity Potion"},{"floor":29.0,"key":"Regen Potion"},{"floor":33.0,"key":"PowerPotion"},{"floor":35.0,"key":"Regen Potion"},{"floor":36.0,"key":"DistilledChaos"},{"floor":47.0,"key":"Fire Potion"}],"is_trial":false,"path_per_floor":["M","M","M","M","M","E","M","R","T","?","R","?","$","?","R","B",null,"M","M","?","?","M","R","M","?","T","M","?","M","$","E","R","B",null,"M","?","M","?","?","E","M","E","T","$","?","E","M","M","R","B",null,"R","$","E","B",null],"character_chosen":"DEFECT","items_purchased":["SynthV:C4","Swift Potion","Dodecahedron","Bag of Preparation","Ying"],"campfire_rested":0,"item_purchase_floors":[13,30,44,53,53],"current_hp_per_floor":[68,68,68,64,66,50,52,52,52,52,52,37,37,42,42,29,67,49,55,40,40,22,22,22,22,22,22,22,22,22,22,22,31,43,43,43,43,43,43,50,57,57,57,57,57,57,57,57,57,57,57,57,57,57,57],"gold":254,"neow_bonus":"THREE_ENEMY_KILL","is_daily":false,"chose_seed":false,"campfire_upgraded":6,"win_rate":0.0,"timestamp":1613835089,"path_taken":["M","M","M","M","M","E","M","R","T","?","R","?","$","?","R","BOSS","M","M","?","?","M","R","M","?","T","M","?","M","?","E","R","BOSS","M","?","?","?","?","E","?","E","T","$","?","E","M","M","R","BOSS","R","$","E","BOSS"],"items_purchased_type":["Relic","Potion","Relic","Relic","Relic"],"build_version":"2020-12-18","purchased_purges":3,"victory":true,"max_hp_per_floor":[75,75,75,75,75,75,75,75,75,75,75,75,75,80,80,80,80,80,80,85,85,85,85,85,85,85,85,85,85,85,85,85,85,43,43,43,43,43,43,57,57,57,57,57,57,57,57,57,57,57,57,57,57,57,57],"card_choices":[{"not_picked":["Hologram","Redo"],"picked":"Skim","floor":1.0},{"not_picked":["MostiFishMod:Impulse","Compile Driver","Beam Cell","AT_HeatAcrobatics","Steam"],"picked":"SKIP","floor":2.0},{"not_picked":["Barrage","AT_StudyProgram","MostiFishMod:FluxCapactior","Coolheaded"],"picked":"Ball Lightning","floor":3.0},{"not_picked":["Stack","AT_ThreeBodyProblem","Blizzard","Redo","Barrage"],"picked":"SKIP","floor":4.0},{"not_picked":["AT_HeatAcrobatics","Streamline","Gash","Static Discharge"],"picked":"MostiFishMod:LinkProtocol","floor":5.0},{"not_picked":["Go for the Eyes","Sweeping Beam","FTL","Aggregate"],"picked":"Loop","floor":6.0},{"not_picked":["Conserve Battery","MostiFishMod:ReprogramOld","Redo","BootSequence"],"picked":"Heatsinks","floor":7.0},{"not_picked":["Hyperbeam","Creative AI","MostiFishMod:StarOceanB","REME_Shoggoth"],"picked":"MostiFishMod:ReadyAimFire","floor":16.0},{"not_picked":["Tempest","Stack","Compile Driver","AT_RobotInSpace"],"picked":"Coolheaded+1","floor":18.0},{"not_picked":["Gash","AT_ThreeBodyProblem","Redo+1","Loop"],"picked":"Storm","floor":19.0},{"not_picked":["Barrage","AT_EMC2","Streamline","Hello World"],"picked":"Turbo+1","floor":22.0},{"not_picked":["Consume","Cold Snap+1","Hologram","Leap"],"picked":"Seek","floor":24.0},{"not_picked":["Rebound","Streamline","Steam Power","Ball Lightning","Barrage+1"],"picked":"SKIP","floor":27.0},{"not_picked":["Reinforced Body","Scrape","MostiFishMod:Impulse","Conserve Battery"],"picked":"Storm","floor":29.0},{"not_picked":["MostiFishMod:FluxCapactior+1","Conserve Battery","Barrage","Lockon+1","Redo"],"picked":"SKIP","floor":31.0},{"not_picked":["MostiFishMod:StarOceanB","MostiFishMod:Culaccino","AT_WaterDrop","MostiFishMod:DawningShadow"],"picked":"Fission","floor":33.0},{"not_picked":["Gash+1","Glacier","MostiFishMod:FluxCapactior+1","Rebound+1"],"picked":"Coolheaded","floor":35.0},{"not_picked":["Redo+1","Stack+1","MostiFishMod:PushDownKick","Streamline+1","Reprogram"],"picked":"SKIP","floor":37.0},{"not_picked":["Auto Shields+1","AT_EMC2","Tempest+1","Capacitor+1","Streamline"],"picked":"SKIP","floor":40.0},{"not_picked":["Turbo+1","MostiFishMod:StarOceanB","Ball Lightning+1","Conserve Battery","Redo+1"],"picked":"SKIP","floor":41.0},{"not_picked":["FTL+1","Compile Driver+1","MostiFishMod:Distribution","Tempest"],"picked":"REME_Whirling","floor":42.0},{"not_picked":["Genetic Algorithm+1","Double Energy","Rebound+1","Chill+1"],"picked":"Coolheaded+1","floor":46.0},{"not_picked":["Steam+1","Compile Driver","Redo","Beam Cell+1"],"picked":"Coolheaded","floor":47.0},{"not_picked":["Glacier","AT_WarpDrive","Double Energy","Redo+1"],"picked":"AT_RobotInSpace+1","floor":48.0},{"not_picked":["Compile Driver+1","Leap+1","Fusion","Sweeping Beam"],"picked":"MostiFishMod:TalkingToTheRain","floor":54.0}],"player_experience":83990,"relics_obtained":[{"floor":1.0,"key":"SynthV:TestCard"},{"floor":6.0,"key":"Gremlin Horn"},{"floor":9.0,"key":"War Paint"},{"floor":26.0,"key":"AT_TimeSand"},{"floor":31.0,"key":"REME_ArchaeologicalTools"},{"floor":40.0,"key":"Mango"},{"floor":42.0,"key":"AT_MibuBalloonWealth"},{"floor":46.0,"key":"Boot"},{"floor":54.0,"key":"ThornShield"}],"event_choices":[{"damage_healed":0.0,"max_hp_gain":0.0,"max_hp_loss":0.0,"gold_gain":0.0,"cards_transformed":["Strike_B"],"event_name":"Living Wall","player_choice":"Change","floor":10.0,"gold_loss":0.0,"damage_taken":0.0,"cards_obtained":["MostiFishMod:Impulse"]},{"damage_healed":0.0,"max_hp_gain":0.0,"max_hp_loss":0.0,"gold_gain":0.0,"event_name":"Shining Light","player_choice":"Entered Light","floor":12.0,"gold_loss":0.0,"damage_taken":15.0,"cards_upgraded":["Strike_B","Skim"]},{"damage_healed":0.0,"max_hp_gain":5.0,"max_hp_loss":0.0,"gold_gain":0.0,"event_name":"Big Fish","player_choice":"Donut","floor":14.0,"gold_loss":0.0,"damage_taken":0.0},{"damage_healed":0.0,"max_hp_gain":5.0,"max_hp_loss":0.0,"gold_gain":0.0,"event_name":"Forgotten Altar","player_choice":"Shed Blood","floor":20.0,"gold_loss":0.0,"damage_taken":20.0},{"damage_healed":0.0,"max_hp_gain":0.0,"max_hp_loss":0.0,"gold_gain":0.0,"event_name":"Addict","player_choice":"Obtained Relic","floor":21.0,"gold_loss":85.0,"damage_taken":0.0,"relics_obtained":["FossilizedHelix"]},{"cards_removed":["Strike_B"],"damage_healed":0.0,"max_hp_gain":0.0,"max_hp_loss":0.0,"gold_gain":0.0,"event_name":"Back to Basics","player_choice":"Elegance","floor":25.0,"gold_loss":0.0,"damage_taken":0.0},{"damage_healed":0.0,"max_hp_gain":0.0,"max_hp_loss":0.0,"gold_gain":0.0,"event_name":"The Mausoleum","player_choice":"Opened","floor":28.0,"gold_loss":0.0,"damage_taken":0.0,"relics_obtained":["DataDisk"]},{"damage_healed":0.0,"max_hp_gain":0.0,"max_hp_loss":0.0,"gold_gain":0.0,"event_name":"Lab","player_choice":"Got Potions","floor":36.0,"gold_loss":0.0,"damage_taken":0.0},{"damage_healed":0.0,"max_hp_gain":0.0,"max_hp_loss":0.0,"gold_gain":0.0,"event_name":"Tomb of Lord Red Mask","player_choice":"Ignored","floor":38.0,"gold_loss":0.0,"damage_taken":0.0},{"cards_removed":["Strike_B"],"damage_healed":0.0,"max_hp_gain":0.0,"max_hp_loss":0.0,"gold_gain":0.0,"event_name":"Designer","player_choice":"Upgrade and Remove","floor":39.0,"gold_loss":90.0,"damage_taken":0.0,"cards_upgraded":["Fission"]},{"damage_healed":0.0,"max_hp_gain":0.0,"max_hp_loss":0.0,"gold_gain":0.0,"event_name":"SensoryStone","player_choice":"Memory 1","floor":45.0,"gold_loss":0.0,"damage_taken":0.0}],"is_beta":true,"boss_relics":[{"not_picked":["REME_DuelDisc","energizedSpire:MagnifyingGlass"],"picked":"energizedSpire:NeverEndingSparkler"},{"not_picked":["MoonlightInvasionPlan","Inserter"],"picked":"GuanYuAspect"}],"items_purged_floors":[30,44,53],"is_endless":false,"potions_floor_spawned":[2,3,4,5,7,18,29,33,35,37,42,47],"ascension_level":6}}