{"host":"klgyc9hk2vke70pr","time":1613839416,"event":{"mods":["2.2 Compatiblity","AchievementEnabler","BaseMod","Bestiary","Block Reminder","Colored Map","Colored Powertips","Curses Come First","Highlight Path","Minty Spire (QoL Compilation)","Rare Cards Sparkle","Relic Stats","Slay the Relics Exporter","Smile Girya","StSLib","UnlockEverythingMod","Waifu the Spire","everything is the same but u backflip on backflip"],"gold_per_floor":[116,127,52,52,68,94,94,19,19,49,49,77,94,126,126,197,197,208,208,228,228,228],"floor_reached":21,"language":"ENG","playtime":887,"items_purged":["Strike_R"],"score":494,"play_id":"a34f2fe3-d45c-4c41-86c8-e08fce54ed4c","local_time":"20210220104336","is_ascension_mode":true,"campfire_choices":[{"data":"Armaments","floor":7.0,"key":"SMITH"},{"data":"Immolate","floor":11.0,"key":"SMITH"},{"data":"Rupture","floor":15.0,"key":"SMITH"}],"circlet_count":0,"master_deck":["AscendersBane","Strike_R","Strike_R","Defend_R","Defend_R","Defend_R","Defend_R","Bash","Armaments+1","Headbutt","Immolate+1","Pommel Strike","Bloodletting","Limit Break","Carnage","Rupture+1","Barricade","Pommel Strike+1","Pommel Strike","Hemokinesis"],"relics":["Burning Blood","NeowsBlessing","HornCleat","Odd Mushroom","PreservedInsect","Letter Opener","Black Star"],"acts_visited":["Exordium","TheCity"],"potions_floor_usage":[21],"damage_taken":[{"damage":0.0,"enemies":"2 Louse","floor":1.0,"turns":1.0},{"damage":0.0,"enemies":"Jaw Worm","floor":2.0,"turns":1.0},{"damage":0.0,"enemies":"Cultist","floor":5.0,"turns":1.0},{"damage":23.0,"enemies":"Lagavulin","floor":6.0,"turns":7.0},{"damage":5.0,"enemies":"The Mushroom Lair","floor":10.0,"turns":3.0},{"damage":3.0,"enemies":"Gremlin Nob","floor":12.0,"turns":3.0},{"damage":0.0,"enemies":"2 Fungi Beasts","floor":13.0,"turns":1.0},{"damage":3.0,"enemies":"Lagavulin","floor":14.0,"turns":3.0},{"damage":28.0,"enemies":"Slime Boss","floor":16.0,"turns":6.0},{"damage":19.0,"enemies":"Spheric Guardian","floor":18.0,"turns":4.0},{"damage":31,"enemies":"Shell Parasite","floor":20,"turns":4},{"damage":34,"enemies":"Shelled Parasite and Fungi","floor":21,"turns":3}],"seed_played":"-4355719858458206036","potions_obtained":[{"floor":2.0,"key":"Block Potion"},{"floor":13.0,"key":"SkillPotion"},{"floor":14.0,"key":"BloodPotion"},{"floor":16.0,"key":"PowerPotion"}],"is_trial":false,"path_per_floor":["M","M","?","?","M","E","R","$","T","?","R","E","M","E","R","B",null,"M","?","M","M"],"character_chosen":"IRONCLAD","items_purchased":[],"campfire_rested":0,"item_purchase_floors":[],"current_hp_per_floor":[74,75,75,75,75,58,58,58,58,59,59,62,68,71,71,64,72,59,59,34,0,0],"gold":228,"neow_bonus":"THREE_ENEMY_KILL","is_daily":false,"chose_seed":false,"campfire_upgraded":3,"win_rate":0.0,"timestamp":1613839416,"path_taken":["M","M","?","?","?","E","R","?","T","?","R","E","M","E","R","BOSS","M","?","M","M"],"items_purchased_type":[],"build_version":"2020-12-22","purchased_purges":1,"victory":false,"max_hp_per_floor":[75,75,75,75,75,75,75,75,75,75,75,75,75,75,75,75,75,75,75,75,75,75],"relic_stats":{"counters":[12,37],"PreservedInsect":29,"Black Star":0,"Letter Opener":[20],"obtain_stats":[{"HornCleat":6,"NeowsBlessing":0,"PreservedInsect":12,"Black Star":17,"Letter Opener":14,"Odd Mushroom":10,"Burning Blood":0},{"HornCleat":4,"NeowsBlessing":0,"PreservedInsect":6,"Black Star":9,"Letter Opener":8,"Odd Mushroom":5,"Burning Blood":0},{"HornCleat":10,"NeowsBlessing":0,"PreservedInsect":16,"Black Star":26,"Letter Opener":20,"Odd Mushroom":13,"Burning Blood":0}],"Burning Blood":55},"card_choices":[{"not_picked":["Flex","Fire Breathing"],"picked":"Armaments","floor":1.0},{"not_picked":["Thunderclap","Armaments"],"picked":"Headbutt","floor":2.0},{"not_picked":["Havoc","Headbutt"],"picked":"Immolate","floor":5.0},{"not_picked":["Clothesline","Dropkick"],"picked":"Pommel Strike","floor":6.0},{"not_picked":["Intimidate","Sword Boomerang"],"picked":"Bloodletting","floor":10.0},{"not_picked":["Metallicize","Blood for Blood"],"picked":"Limit Break","floor":12.0},{"not_picked":["Dropkick","Carnage","Wild Strike"],"picked":"SKIP","floor":13.0},{"not_picked":["Dropkick","Wild Strike"],"picked":"Carnage","floor":13.0},{"not_picked":["Clash","Searing Blow"],"picked":"Rupture","floor":14.0},{"not_picked":["Fiend Fire","Bludgeon"],"picked":"Barricade","floor":16.0},{"not_picked":["Spot Weakness","Feel No Pain"],"picked":"Pommel Strike+1","floor":18.0},{"not_picked":["Armaments","Thunderclap"],"picked":"Hemokinesis","floor":20}],"player_experience":1180609,"relics_obtained":[{"floor":6.0,"key":"HornCleat"},{"floor":10.0,"key":"Odd Mushroom"},{"floor":12.0,"key":"PreservedInsect"},{"floor":14.0,"key":"Letter Opener"}],"event_choices":[{"cards_removed":["Strike_R"],"damage_healed":0.0,"max_hp_gain":0.0,"max_hp_loss":0.0,"gold_gain":0.0,"event_name":"The Cleric","player_choice":"Card Removal","floor":3.0,"gold_loss":75.0,"damage_taken":0.0},{"damage_healed":0.0,"max_hp_gain":0.0,"max_hp_loss":0.0,"gold_gain":0.0,"event_name":"Liars Game","player_choice":"Ignored","floor":4.0,"gold_loss":0.0,"damage_taken":0.0},{"damage_healed":0.0,"max_hp_gain":0.0,"max_hp_loss":0.0,"gold_gain":0.0,"event_name":"Mushrooms","player_choice":"Fought Mushrooms","floor":10.0,"gold_loss":0.0,"damage_taken":0.0},{"damage_healed":0.0,"max_hp_gain":0.0,"max_hp_loss":0.0,"gold_gain":0.0,"cards_transformed":["Strike_R"],"event_name":"Transmorgrifier","player_choice":"Transformed","floor":19.0,"gold_loss":0.0,"damage_taken":0.0,"cards_obtained":["Pommel Strike"]}],"is_beta":false,"boss_relics":[{"not_picked":["Calling Bell","Runic Pyramid"],"picked":"Black Star"}],"items_purged_floors":[8],"is_endless":false,"potions_floor_spawned":[2,13,14,16],"killed_by":"Shelled Parasite and Fungi","ascension_level":20}}