{"host":"dkr0dog13pegamnp","time":1613836750,"event":{"mods":["AchievementEnabler","BaseMod","Minty Spire (QoL Compilation)","Rare Cards Sparkle","StSLib","SuperFastMode","everything is the same but u backflip on backflip"],"gold_per_floor":[110,122,122,141,12,12,12,12,12,52,2,26,40,40,40,163,163,177,177,177,31,44,44,79,29,54,77,77,77,102,102,102,203,203,218,218,218],"floor_reached":36,"language":"KOR","playtime":879,"items_purged":[],"score":614,"play_id":"e24593cc-a824-4030-952f-bcf796264224","local_time":"20210221005910","is_ascension_mode":true,"campfire_choices":[{"data":"Cloak And Dagger","floor":6.0,"key":"SMITH"},{"data":"Accuracy","floor":8.0,"key":"SMITH"},{"data":"Accuracy","floor":15.0,"key":"SMITH"},{"data":"A Thousand Cuts","floor":23.0,"key":"SMITH"},{"data":"Footwork","floor":28,"key":"SMITH"},{"floor":32,"key":"DIG"}],"circlet_count":0,"master_deck":["AscendersBane","Defend_G","Defend_G","Defend_G","Defend_G","Survivor","Neutralize","Deadly Poison","Blade Dance","Accuracy+1","Cloak And Dagger+1","Footwork+1","Accuracy+1","A Thousand Cuts+1","Ghostly","Ghostly","Ghostly","Ghostly","Ghostly","Escape Plan","Cloak And Dagger","Backflip+1","Well Laid Plans+1","Underhanded Strike+1","PiercingWail+1","Backflip+1"],"relics":["Ring of the Snake","NeowsBlessing","Bloody Idol","Oddly Smooth Stone","Omamori","WristBlade","Shuriken","OrangePellets","Shovel","Vajra","CaptainsWheel","Astrolabe"],"acts_visited":["Exordium","TheCity","TheBeyond"],"potions_floor_usage":[33],"damage_taken":[{"damage":0.0,"enemies":"2 Louse","floor":1.0,"turns":1.0},{"damage":0.0,"enemies":"Small Slimes","floor":2.0,"turns":1.0},{"damage":0.0,"enemies":"Jaw Worm","floor":4.0,"turns":1.0},{"damage":33.0,"enemies":"Gremlin Nob","floor":10.0,"turns":4.0},{"damage":5.0,"enemies":"Gremlin Gang","floor":12.0,"turns":7.0},{"damage":4.0,"enemies":"Looter","floor":13.0,"turns":3.0},{"damage":7.0,"enemies":"The Guardian","floor":16.0,"turns":8.0},{"damage":21.0,"enemies":"3 Byrds","floor":18.0,"turns":5.0},{"damage":8.0,"enemies":"Spheric Guardian","floor":22.0,"turns":7.0},{"damage":8,"enemies":"Gremlin Leader","floor":24,"turns":7},{"damage":4,"enemies":"Snecko","floor":27,"turns":5},{"damage":0,"enemies":"Snake Plant","floor":30,"turns":6},{"damage":4,"enemies":"Champ","floor":33,"turns":8},{"damage":12,"enemies":"3 Darklings","floor":35,"turns":8},{"damage":30,"enemies":"2 Orb Walkers","floor":36,"turns":6}],"seed_played":"6224233059552767451","potions_obtained":[{"floor":1.0,"key":"EssenceOfSteel"},{"floor":12.0,"key":"EntropicBrew"},{"floor":16.0,"key":"Regen Potion"},{"floor":27,"key":"CultistPotion"}],"is_trial":false,"path_per_floor":["M","M","?","M","$","R","?","R","T","E","?","M","M","?","R","B",null,"M","?","T","$","M","R","E","$","T","M","R","?","M","?","R","B",null,"M","?"],"character_chosen":"THE_SILENT","items_purchased":["Accuracy","Cloak And Dagger","OrangePellets","Cloak And Dagger"],"campfire_rested":0,"item_purchase_floors":[5,5,21,25],"current_hp_per_floor":[63,63,63,63,63,63,63,63,63,30,30,25,21,14,14,7,51,44,32,32,32,24,24,16,16,16,12,12,12,12,12,12,13,27,20,0,0],"gold":218,"neow_bonus":"THREE_ENEMY_KILL","is_daily":false,"chose_seed":false,"campfire_upgraded":5,"win_rate":0.0,"timestamp":1613836750,"path_taken":["M","M","?","M","$","R","?","R","T","E","?","M","M","?","R","BOSS","M","?","?","$","M","R","E","$","T","?","R","?","M","?","R","BOSS","M","?"],"items_purchased_type":["Card","Card","Relic","Card"],"build_version":"2020-12-22","purchased_purges":0,"victory":false,"max_hp_per_floor":[70,70,65,65,65,65,65,65,65,65,65,65,65,65,65,65,65,65,32,32,32,32,32,32,32,32,32,32,32,32,32,32,32,32,32,32,32],"card_choices":[{"not_picked":["Quick Slash","PiercingWail"],"picked":"Deadly Poison","floor":1.0},{"not_picked":["Flying Knee","Finisher","Setup"],"picked":"SKIP","floor":2.0},{"not_picked":["Endless Agony","Deflect"],"picked":"Blade Dance","floor":4.0},{"not_picked":["Dagger Throw","Poisoned Stab"],"picked":"Footwork","floor":10.0},{"not_picked":["Bane","Blade Dance"],"picked":"Accuracy","floor":12.0},{"not_picked":["Masterful Stab","Setup","Underhanded Strike"],"picked":"SKIP","floor":13.0},{"not_picked":["Storm of Steel","Bullet Time"],"picked":"A Thousand Cuts","floor":16.0},{"not_picked":["Quick Slash","Tactician","Flying Knee"],"picked":"SKIP","floor":18.0},{"not_picked":["Deadly Poison+1","Setup"],"picked":"Escape Plan","floor":22.0},{"not_picked":["Dagger Spray","Choke","PiercingWail"],"picked":"SKIP","floor":24},{"not_picked":["Blade Dance","Underhanded Strike"],"picked":"Backflip+1","floor":27},{"not_picked":["Dagger Spray","Bane"],"picked":"Well Laid Plans+1","floor":30},{"not_picked":["PiercingWail","All Out Attack","Eviscerate+1"],"picked":"SKIP","floor":35}],"player_experience":76290,"relics_obtained":[{"floor":9.0,"key":"Oddly Smooth Stone"},{"floor":10.0,"key":"Omamori"},{"floor":20.0,"key":"Shuriken"},{"floor":24,"key":"Shovel"},{"floor":26,"key":"Vajra"},{"floor":32,"key":"CaptainsWheel"}],"event_choices":[{"damage_healed":0.0,"max_hp_gain":0.0,"max_hp_loss":5.0,"gold_gain":0.0,"event_name":"Golden Idol","player_choice":"Lose Max HP","floor":3.0,"gold_loss":0.0,"damage_taken":0.0,"relics_obtained":["Golden Idol"]},{"cards_removed":["Strike_G"],"damage_healed":0.0,"max_hp_gain":0.0,"max_hp_loss":0.0,"gold_gain":0.0,"event_name":"Living Wall","player_choice":"Forget","floor":7.0,"gold_loss":0.0,"damage_taken":0.0},{"cards_removed":["Strike_G"],"damage_healed":0.0,"max_hp_gain":0.0,"max_hp_loss":0.0,"gold_gain":0.0,"event_name":"The Cleric","player_choice":"Card Removal","floor":11.0,"gold_loss":50.0,"damage_taken":0.0},{"cards_removed":["Strike_G"],"damage_healed":0.0,"max_hp_gain":0.0,"max_hp_loss":0.0,"gold_gain":0.0,"event_name":"Golden Wing","player_choice":"Card Removal","floor":14.0,"gold_loss":0.0,"damage_taken":7.0},{"damage_healed":0.0,"max_hp_gain":0.0,"max_hp_loss":33.0,"gold_gain":0.0,"event_name":"Ghosts","player_choice":"Became a Ghost","floor":19.0,"gold_loss":0.0,"damage_taken":0.0,"cards_obtained":["Ghostly","Ghostly","Ghostly","Ghostly","Ghostly"]},{"damage_healed":0,"gold_gain":0,"player_choice":"Gave Idol","damage_taken":0,"relics_obtained":["Bloody Idol"],"max_hp_gain":0,"max_hp_loss":0,"event_name":"Forgotten Altar","floor":31,"relics_lost":["Golden Idol"],"gold_loss":0},{"damage_healed":0,"gold_gain":0,"player_choice":"Fight","damage_taken":0,"max_hp_gain":0,"max_hp_loss":0,"event_name":"Mysterious Sphere","floor":36,"gold_loss":0}],"is_beta":false,"boss_relics":[{"not_picked":["Calling Bell","Sozu"],"picked":"WristBlade"},{"not_picked":["Runic Pyramid","Pandora\u0027s Box"],"picked":"Astrolabe"}],"items_purged_floors":[],"is_endless":false,"potions_floor_spawned":[1,12,16,27],"killed_by":"2 Orb Walkers","ascension_level":11}}