{"host":"spd19cimorv47raq","time":1613782775,"event":{"mods":["AchievementEnabler","BaseMod","Colored Map","Keyboard Shortcuts","Minty Spire (QoL Compilation)","StSLib","SuperFastMode"],"gold_per_floor":[119,133,1,14,33,33,45,378,378,396,396,15,15,51,51,140,140,165,2,2,2,22,22,62,62,62,77,77,102,126,126,126],"floor_reached":31,"language":"KOR","playtime":1318,"items_purged":["Strike_R","Strike_R"],"score":534,"play_id":"da37af4d-400a-44ce-870e-3705be308156","local_time":"20210220095935","is_ascension_mode":true,"campfire_choices":[{"data":"Wild Strike","floor":6.0,"key":"SMITH"},{"data":"Bash","floor":13.0,"key":"SMITH"},{"floor":15.0,"key":"REST"},{"data":"Dark Embrace","floor":23.0,"key":"SMITH"},{"floor":28.0,"key":"REST"}],"circlet_count":0,"master_deck":["AscendersBane","Strike_R","Defend_R","Defend_R","Defend_R+1","Defend_R","Bash+1","Sever Soul","Rage","Wild Strike+1","Feel No Pain","Wild Strike","Clothesline","Fiend Fire","Second Wind","Cleave","Power Through+1","Offering","Writhe","Dark Embrace+1","Ghostly Armor","Shrug It Off"],"relics":["Burning Blood","Old Coin","Paper Frog","Golden Idol","Sling","Bronze Scales","Mark of Pain","MealTicket","FossilizedHelix","War Paint","Omamori"],"acts_visited":["Exordium","TheCity"],"potions_floor_usage":[],"damage_taken":[{"damage":1.0,"enemies":"Cultist","floor":1.0,"turns":4.0},{"damage":14.0,"enemies":"Small Slimes","floor":2.0,"turns":4.0},{"damage":18.0,"enemies":"Jaw Worm","floor":4.0,"turns":4.0},{"damage":25.0,"enemies":"Exordium Thugs","floor":5.0,"turns":5.0},{"damage":12.0,"enemies":"Lots of Slimes","floor":7.0,"turns":5.0},{"damage":2.0,"enemies":"Gremlin Nob","floor":8.0,"turns":3.0},{"damage":9.0,"enemies":"Looter","floor":10.0,"turns":3.0},{"damage":10.0,"enemies":"3 Sentries","floor":14.0,"turns":5.0},{"damage":26.0,"enemies":"The Guardian","floor":16.0,"turns":11.0},{"damage":3.0,"enemies":"3 Byrds","floor":18.0,"turns":4.0},{"damage":6.0,"enemies":"Shell Parasite","floor":22.0,"turns":3.0},{"damage":31.0,"enemies":"Slavers","floor":24.0,"turns":7.0},{"damage":27.0,"enemies":"Shelled Parasite and Fungi","floor":27.0,"turns":6.0},{"damage":12.0,"enemies":"Snake Plant","floor":29.0,"turns":3.0},{"damage":18,"enemies":"3 Cultists","floor":30,"turns":5},{"damage":17,"enemies":"Sentry and Sphere","floor":31,"turns":4}],"seed_played":"-777552241539336962","potions_obtained":[{"floor":5.0,"key":"FearPotion"},{"floor":7.0,"key":"SneckoOil"},{"floor":14.0,"key":"SpeedPotion"},{"floor":22.0,"key":"Dexterity Potion"},{"floor":24.0,"key":"GamblersBrew"}],"is_trial":false,"path_per_floor":["M","M","$","M","M","R","M","E","T","M","?","$","R","E","R","B",null,"M","$","?","$","M","R","E","?","T","M","R","M","M","M"],"character_chosen":"IRONCLAD","items_purchased":["Explosive Potion","Sling","Energy Potion","Cleave","MealTicket"],"campfire_rested":2,"item_purchase_floors":[3,12,12,12,19],"current_hp_per_floor":[68,60,60,48,29,29,23,27,27,24,24,24,24,20,38,18,51,54,54,54,62,62,62,37,25,25,16,34,28,16,0,0],"gold":126,"neow_bonus":"TRANSFORM_TWO_CARDS","is_daily":false,"chose_seed":false,"campfire_upgraded":3,"win_rate":0.0,"timestamp":1613782775,"path_taken":["M","M","$","M","M","R","M","E","T","M","?","$","R","E","R","BOSS","M","$","?","$","M","R","E","?","T","M","R","?","M","M"],"items_purchased_type":["Potion","Relic","Potion","Card","Relic"],"build_version":"2020-12-22","purchased_purges":2,"victory":false,"max_hp_per_floor":[68,68,68,68,68,68,68,68,68,68,62,62,62,62,62,62,62,62,62,62,62,62,62,62,62,62,62,62,62,62,62,62],"card_choices":[{"not_picked":["Heavy Blade","Entrench"],"picked":"Wild Strike","floor":1.0},{"not_picked":["Heavy Blade","Anger"],"picked":"Feel No Pain","floor":2.0},{"not_picked":["Twin Strike","Flex"],"picked":"Wild Strike","floor":4.0},{"not_picked":["Pummel","Rupture","Armaments"],"picked":"SKIP","floor":5.0},{"not_picked":["Hemokinesis","Sever Soul"],"picked":"Clothesline","floor":7.0},{"not_picked":["Rupture","Warcry"],"picked":"Fiend Fire","floor":8.0},{"not_picked":["Perfected Strike","Thunderclap"],"picked":"Second Wind","floor":10.0},{"not_picked":["Iron Wave","Dropkick"],"picked":"Power Through","floor":14.0},{"not_picked":["Bludgeon","Juggernaut"],"picked":"Offering","floor":16.0},{"not_picked":["Clash","Twin Strike","Warcry"],"picked":"SKIP","floor":18.0},{"not_picked":["Sword Boomerang","Havoc+1"],"picked":"Dark Embrace","floor":22.0},{"not_picked":["Headbutt","Sword Boomerang"],"picked":"Ghostly Armor","floor":24.0},{"not_picked":["Perfected Strike","Heavy Blade","Second Wind+1"],"picked":"SKIP","floor":27.0},{"not_picked":["Double Tap","Infernal Blade"],"picked":"Shrug It Off","floor":29.0},{"not_picked":["Thunderclap","Armaments","Dropkick"],"picked":"SKIP","floor":30}],"player_experience":873122,"relics_obtained":[{"floor":8.0,"key":"Old Coin"},{"floor":9.0,"key":"Paper Frog"},{"floor":14.0,"key":"Bronze Scales"},{"floor":24.0,"key":"War Paint"},{"floor":26.0,"key":"Omamori"}],"event_choices":[{"damage_healed":0.0,"max_hp_gain":0.0,"max_hp_loss":6.0,"gold_gain":0.0,"event_name":"Golden Idol","player_choice":"Lose Max HP","floor":11.0,"gold_loss":0.0,"damage_taken":0.0,"relics_obtained":["Golden Idol"]},{"damage_healed":0.0,"max_hp_gain":0.0,"max_hp_loss":0.0,"gold_gain":0.0,"event_name":"The Mausoleum","player_choice":"Opened","floor":20.0,"gold_loss":0.0,"damage_taken":0.0,"relics_obtained":["FossilizedHelix"],"cards_obtained":["Writhe"]},{"damage_healed":0.0,"max_hp_gain":0.0,"max_hp_loss":0.0,"gold_gain":0.0,"event_name":"Knowing Skull","player_choice":"POTION ","floor":25.0,"potions_obtained":["BloodPotion"],"gold_loss":0.0,"damage_taken":12.0,"cards_obtained":[]}],"is_beta":false,"boss_relics":[{"not_picked":["Fusion Hammer","SlaversCollar"],"picked":"Mark of Pain"}],"items_purged_floors":[3,12],"is_endless":false,"potions_floor_spawned":[5,7,14,22,24],"killed_by":"Sentry and Sphere","ascension_level":20}}