{"host":"xumidyqji6pg2yy3","time":1613839289,"event":{"mods":["BaseMod","Colored Map","Minty Spire (QoL Compilation)","Quick Restart","StSLib","The Blackbeard"],"gold_per_floor":[113,113,132,152,24,52,52,68,68,99,118,135,135,146,146,243,243,258,270,630,645,645,675,675,691,691,708,726,351,384,384,384,487,487,503,851,224,224,239,239,265,265,265,30,45,60,0,31,31,31,31,31,31,57,57],"floor_reached":56,"language":"ZHS","playtime":3034,"items_purged":["blackbeard:BlackbeardStrike","blackbeard:BlackbeardDefend","blackbeard:BlackbeardDefend+1"],"score":1334,"play_id":"e10e6527-af11-4778-8d36-bf4afb6394f3","local_time":"20210221004129","is_ascension_mode":false,"campfire_choices":[{"data":"blackbeard:Rum","floor":7.0,"key":"SMITH"},{"data":"blackbeard:CaptainsHat","floor":15.0,"key":"SMITH"},{"data":"blackbeard:Cutlass","floor":24.0,"key":"SMITH"},{"data":"blackbeard:WeaponProficiency","floor":32.0,"key":"SMITH"},{"floor":40.0,"key":"RECALL"}],"circlet_count":0,"master_deck":["blackbeard:BlackbeardStrike","blackbeard:BlackbeardStrike","blackbeard:IntimidatingStrike","blackbeard:Cutlass+1","blackbeard:DeadlyArsenal+1","blackbeard:Fencing","blackbeard:Rum+1","blackbeard:WoodenLeg","blackbeard:CaptainsHat+1","blackbeard:DelayedPain","blackbeard:RearmingStrike","blackbeard:ReapersScythe","blackbeard:PiratesWill+1","blackbeard:RemoveScurvy+1","blackbeard:Sword","blackbeard:BeatUp","blackbeard:WeaponProficiency+1","blackbeard:ArmorUp","blackbeard:CannonBarrage","blackbeard:GoldenGuillotine","blackbeard:BeatUp","blackbeard:PiratesWill+1","blackbeard:Rum","blackbeard:WiseDefense","blackbeard:WeaponMastery"],"relics":["blackbeard:LoadTheCannons","NeowsBlessing","War Paint","Meat on the Bone","blackbeard:Penknife","Coffee Dripper","Anchor","Dream Catcher","Bottled Tornado","Toolbox","Thread and Needle","Fusion Hammer","Old Coin","Omamori","Akabeko","ClockworkSouvenir","blackbeard:Spearhead","blackbeard:HipFlask","Red Mask","Bag of Preparation","Shuriken"],"acts_visited":["Exordium","TheCity","TheBeyond","TheEnding"],"potions_floor_usage":[55,55],"damage_taken":[{"damage":0.0,"enemies":"Jaw Worm","floor":1.0,"turns":1.0},{"damage":0.0,"enemies":"Cultist","floor":3.0,"turns":1.0},{"damage":0.0,"enemies":"Small Slimes","floor":4.0,"turns":1.0},{"damage":17.0,"enemies":"Lagavulin","floor":6.0,"turns":6.0},{"damage":6.0,"enemies":"Exordium Thugs","floor":8.0,"turns":6.0},{"damage":24.0,"enemies":"3 Sentries","floor":10.0,"turns":9.0},{"damage":6.0,"enemies":"Red Slaver","floor":11.0,"turns":5.0},{"damage":12.0,"enemies":"Looter","floor":12.0,"turns":3.0},{"damage":10.0,"enemies":"2 Fungi Beasts","floor":14.0,"turns":5.0},{"damage":44.0,"enemies":"Slime Boss","floor":16.0,"turns":9.0},{"damage":0.0,"enemies":"Shell Parasite","floor":18.0,"turns":5.0},{"damage":9.0,"enemies":"2 Thieves","floor":19.0,"turns":4.0},{"damage":15.0,"enemies":"Chosen and Byrds","floor":21.0,"turns":4.0},{"damage":19.0,"enemies":"Slavers","floor":23.0,"turns":6.0},{"damage":0.0,"enemies":"Centurion and Healer","floor":25.0,"turns":7.0},{"damage":2.0,"enemies":"Snake Plant","floor":27.0,"turns":3.0},{"damage":15.0,"enemies":"Snecko","floor":28.0,"turns":4.0},{"damage":26.0,"enemies":"Gremlin Leader","floor":30.0,"turns":5.0},{"damage":1.0,"enemies":"Champ","floor":33.0,"turns":7.0},{"damage":0.0,"enemies":"3 Darklings","floor":35.0,"turns":3.0},{"damage":13.0,"enemies":"2 Orb Walkers","floor":36.0,"turns":4.0},{"damage":0.0,"enemies":"Orb Walker","floor":39.0,"turns":1.0},{"damage":0.0,"enemies":"Nemesis","floor":41.0,"turns":3.0},{"damage":0.0,"enemies":"Sphere and 2 Shapes","floor":45.0,"turns":4.0},{"damage":0.0,"enemies":"3 Darklings","floor":46.0,"turns":5.0},{"damage":0,"enemies":"Reptomancer","floor":48,"turns":3},{"damage":34,"enemies":"Awakened One","floor":50,"turns":7},{"damage":0,"enemies":"Shield and Spear","floor":54,"turns":5},{"damage":54,"enemies":"The Heart","floor":55,"turns":6}],"seed_played":"-3389123042352821541","potions_obtained":[{"floor":1.0,"key":"SkillPotion"},{"floor":2.0,"key":"Explosive Potion"},{"floor":2.0,"key":"LiquidMemories"},{"floor":6.0,"key":"FairyPotion"},{"floor":16.0,"key":"AttackPotion"},{"floor":19.0,"key":"SkillPotion"}],"is_trial":false,"path_per_floor":["M","?","M","M","$","E","R","M","T","E","M","M","?","M","R","B",null,"M","M","?","M","?","E","R","M","T","M","M","$","E","?","R","B",null,"M","?","$","?","M","R","E","R","T","$","M","M","?","E","R","B",null,"R","$","E","B",null],"character_chosen":"BLACKBEARD_CLASS","items_purchased":["blackbeard:Fencing","blackbeard:WeaponProficiency","Toolbox","AttackPotion","Omamori","AttackPotion","Akabeko","ClockworkSouvenir","blackbeard:HipFlask","blackbeard:Rum"],"campfire_rested":0,"item_purchase_floors":[5,29,29,29,37,37,37,37,44,44],"current_hp_per_floor":[75,75,75,75,75,58,58,52,52,40,46,46,46,48,48,16,75,75,66,30,27,20,13,13,33,33,39,36,36,30,30,30,49,75,75,62,62,62,62,62,70,70,70,70,75,75,75,75,75,41,75,75,75,75,39],"gold":57,"neow_bonus":"THREE_ENEMY_KILL","is_daily":false,"chose_seed":false,"campfire_upgraded":4,"win_rate":0.0,"timestamp":1613839289,"path_taken":["M","?","M","M","$","E","R","M","T","E","?","M","?","M","R","BOSS","M","M","?","?","?","E","R","M","T","M","M","$","E","?","R","BOSS","M","?","$","?","M","R","E","R","T","$","M","M","?","E","R","BOSS","R","$","E","BOSS"],"items_purchased_type":["Card","Card","Relic","Potion","Relic","Potion","Relic","Relic","Relic","Card"],"build_version":"2020-12-22","purchased_purges":3,"victory":true,"max_hp_per_floor":[75,75,75,75,75,75,75,75,75,75,75,75,75,75,75,75,75,75,75,75,75,75,75,75,75,75,75,75,75,75,75,75,75,75,75,75,75,75,75,75,75,75,75,75,75,75,75,75,75,75,75,75,75,75,75],"card_choices":[{"not_picked":["blackbeard:Recklessness","blackbeard:CloakAndCannonball"],"picked":"blackbeard:DeadlyArsenal","floor":1.0},{"not_picked":["blackbeard:PirateEarring","blackbeard:Sharpening","blackbeard:PiratesWill"],"picked":"SKIP","floor":3.0},{"not_picked":["blackbeard:Sharpening","blackbeard:GoldenStrike","blackbeard:DangerousBlow"],"picked":"SKIP","floor":4.0},{"not_picked":["blackbeard:Shrapnel","blackbeard:Spear"],"picked":"blackbeard:Rum","floor":6.0},{"not_picked":["blackbeard:GoldenStrike","blackbeard:Shrapnel"],"picked":"blackbeard:WoodenLeg","floor":8.0},{"not_picked":["blackbeard:GhostInTheRum","blackbeard:BrownPants"],"picked":"blackbeard:CaptainsHat","floor":10.0},{"not_picked":["blackbeard:AgileStrike","blackbeard:Fencing"],"picked":"blackbeard:DelayedPain","floor":11.0},{"not_picked":["blackbeard:Shrapnel","blackbeard:DoubleCannonball"],"picked":"blackbeard:RearmingStrike","floor":12.0},{"not_picked":["blackbeard:FieryDefense","blackbeard:PirateEarring","blackbeard:Dagger"],"picked":"SKIP","floor":14.0},{"not_picked":["blackbeard:GoldenRain","blackbeard:PowerHungry"],"picked":"blackbeard:ReapersScythe","floor":16.0},{"not_picked":["blackbeard:GoldenStrike+1","blackbeard:Spear"],"picked":"blackbeard:Scrap+1","floor":18.0},{"not_picked":["blackbeard:TacticalRetreat","blackbeard:RearmingStrike","blackbeard:Sharpening"],"picked":"SKIP","floor":19.0},{"not_picked":["blackbeard:DeadlyArsenal+1","blackbeard:CloakAndCannonball"],"picked":"blackbeard:PiratesWill+1","floor":21.0},{"not_picked":["blackbeard:Murder","blackbeard:WiseDefense"],"picked":"blackbeard:RemoveScurvy+1","floor":23.0},{"not_picked":["blackbeard:GoldenStrike","blackbeard:Fencing+1"],"picked":"blackbeard:Sword","floor":25.0},{"not_picked":["blackbeard:PowderKeg","blackbeard:GoldenStrike"],"picked":"blackbeard:BeatUp","floor":27.0},{"not_picked":["blackbeard:GoldenStrike","blackbeard:BlindAttacks","blackbeard:CannonBarrage"],"picked":"SKIP","floor":28.0},{"not_picked":["blackbeard:CannonballSupply","blackbeard:DelayedPain","blackbeard:ReapersScythe"],"picked":"SKIP","floor":30.0},{"not_picked":["blackbeard:HumongousCannonball","blackbeard:Lifeboat"],"picked":"blackbeard:GoldenGuillotine","floor":33.0},{"not_picked":["blackbeard:Toast+1","blackbeard:GoldenStrike","blackbeard:SwordDance"],"picked":"SKIP","floor":35.0},{"not_picked":["blackbeard:Toast","blackbeard:Spear+1"],"picked":"blackbeard:BeatUp","floor":39.0},{"not_picked":["blackbeard:PowderKeg+1","blackbeard:Spear"],"picked":"blackbeard:PiratesWill+1","floor":41.0},{"not_picked":["blackbeard:PiratesWill","blackbeard:BuriedTreasure"],"picked":"blackbeard:WiseDefense","floor":45.0},{"not_picked":["blackbeard:GhostInTheRum+1","blackbeard:Sharpening+1"],"picked":"blackbeard:WeaponMastery","floor":46.0},{"not_picked":["blackbeard:BlindAttacks+1","blackbeard:Spear","blackbeard:GhostInTheRum+1"],"picked":"SKIP","floor":48},{"not_picked":["blackbeard:GoldenCannonball+1","blackbeard:FishingNets+1","blackbeard:Shrapnel"],"picked":"SKIP","floor":54}],"player_experience":81397,"relics_obtained":[{"floor":6.0,"key":"War Paint"},{"floor":9.0,"key":"Meat on the Bone"},{"floor":10.0,"key":"blackbeard:Penknife"},{"floor":23.0,"key":"Dream Catcher"},{"floor":26.0,"key":"Bottled Tornado"},{"floor":30.0,"key":"Thread and Needle"},{"floor":36.0,"key":"Old Coin"},{"floor":41.0,"key":"blackbeard:Spearhead"},{"floor":48,"key":"Bag of Preparation"},{"floor":54,"key":"Shuriken"}],"event_choices":[{"damage_healed":0.0,"max_hp_gain":0.0,"max_hp_loss":0.0,"gold_gain":0.0,"event_name":"Lab","player_choice":"Got Potions","floor":2.0,"gold_loss":0.0,"damage_taken":0.0},{"cards_removed":["blackbeard:BlackbeardDefend"],"damage_healed":0.0,"max_hp_gain":0.0,"max_hp_loss":0.0,"gold_gain":0.0,"event_name":"Bonfire Elementals","player_choice":"Offered Basic","floor":13.0,"gold_loss":0.0,"damage_taken":0.0},{"damage_healed":0.0,"max_hp_gain":0.0,"max_hp_loss":0.0,"gold_gain":360.0,"event_name":"Knowing Skull","player_choice":"GOLD GOLD GOLD GOLD ","floor":20.0,"potions_obtained":[],"gold_loss":0.0,"damage_taken":36.0,"cards_obtained":[]},{"damage_healed":0.0,"max_hp_gain":0.0,"max_hp_loss":0.0,"gold_gain":0.0,"event_name":"blackbeard:ShipwreckEvent","player_choice":"Anchor","floor":22.0,"gold_loss":0.0,"damage_taken":0.0,"relics_obtained":["Anchor"]},{"damage_healed":0.0,"max_hp_gain":0.0,"max_hp_loss":0.0,"gold_gain":0.0,"cards_transformed":["blackbeard:Scrap","blackbeard:BlackbeardDefend"],"event_name":"Drug Dealer","player_choice":"Became Test Subject","floor":31.0,"gold_loss":0.0,"damage_taken":0.0,"cards_obtained":["blackbeard:ArmorUp","blackbeard:CannonBarrage"]},{"damage_healed":0.0,"max_hp_gain":0.0,"max_hp_loss":0.0,"gold_gain":0.0,"event_name":"Mysterious Sphere","player_choice":"Fight","floor":36.0,"gold_loss":0.0,"damage_taken":0.0},{"cards_removed":["blackbeard:BlackbeardStrike"],"damage_healed":0.0,"max_hp_gain":0.0,"max_hp_loss":0.0,"gold_gain":0.0,"event_name":"Falling","player_choice":"Removed Attack","floor":38.0,"gold_loss":0.0,"damage_taken":0.0},{"damage_healed":0.0,"max_hp_gain":0.0,"max_hp_loss":0.0,"gold_gain":0.0,"event_name":"Tomb of Lord Red Mask","player_choice":"Paid","floor":47.0,"gold_loss":60.0,"damage_taken":0.0,"relics_obtained":["Red Mask"]}],"is_beta":false,"boss_relics":[{"not_picked":["blackbeard:SoberMinded","Cursed Key"],"picked":"Coffee Dripper"},{"not_picked":["Calling Bell","Black Star"],"picked":"Fusion Hammer"}],"items_purged_floors":[5,29,37],"is_endless":false,"potions_floor_spawned":[1,6,8,14,16,19,30,41,45],"ascension_level":0}}