{"host":"tod","time":1613821255,"event":{"mods":["ATMod(∞¢Ë™Mod)","AchievementEnabler","Act Like it!","BaseMod","CapriCore","Energized Spire","Highlight Path","Lobotomy","Marisa£®ÏF”Í°°ƒß¿Ì…≥£©","Minty Spire (QoL Compilation)","Quick Restart","Reimu£®≤©¿ˆ¡È√Œ£©","Relic Filter Mod","Relic Stats","Remilia£®¿Ÿ√◊¿Ú—«£©","Replay The Spire","Shop Mod","StSLib","The Cursed","The Immortal","Yakumo Yukari mod","Youmu£®ªÍ∆«—˝√Œ£©"],"gold_per_floor":[119,130,130,130,130,130,130],"floor_reached":6,"language":"ZHS","playtime":265,"items_purged":[],"score":68,"play_id":"5ae7b650-1a90-4930-a40c-11417d6bd960","local_time":"20210220194055","is_ascension_mode":true,"campfire_choices":[],"circlet_count":0,"master_deck":["AscendersBane","Bash","AT_SoftenMuscles","Double Tap","Shockwave","Rampage","ReplayTheSpireMod:Muscle Training","Impervious","Brutality","Exhume","Feel No Pain","Rage","ReplayTheSpireMod:Strike From Hell"],"relics":["AT_ATBox","Pandora\u0027s Box"],"acts_visited":["Exordium"],"potions_floor_usage":[],"damage_taken":[{"damage":2,"enemies":"2 Louse","floor":1,"turns":4},{"damage":18,"enemies":"Jaw Worm","floor":2,"turns":3},{"damage":28,"enemies":"3 Sentries","floor":6,"turns":10}],"seed_played":"-7327550399395558727","potions_obtained":[],"is_trial":false,"path_per_floor":["M","M","?","?","?","E"],"character_chosen":"IRONCLAD","items_purchased":[],"campfire_rested":0,"item_purchase_floors":[],"current_hp_per_floor":[66,48,48,48,53,25,25],"gold":130,"neow_bonus":"BOSS_RELIC","is_daily":false,"chose_seed":false,"campfire_upgraded":0,"win_rate":0.0,"timestamp":1613821255,"path_taken":["M","M","?","?","?","E"],"items_purchased_type":[],"build_version":"2020-12-18","purchased_purges":0,"victory":false,"max_hp_per_floor":[75,75,75,75,80,80,80],"relic_stats":{"counters":[3,17],"Pandora\u0027s Box":["Double Tap","Shockwave","Rampage","ReplayTheSpireMod:Muscle Training","Impervious","Brutality","Exhume","Feel No Pain","Rage"],"obtain_stats":[{"AT_ATBox":0,"Pandora\u0027s Box":0,"Burning Blood":0},{"AT_ATBox":0,"Pandora\u0027s Box":0,"Burning Blood":0},{"AT_ATBox":0,"Pandora\u0027s Box":0,"Burning Blood":0}]},"card_choices":[{"not_picked":["Perfected Strike","Clash"],"picked":"ReplayTheSpireMod:Strike From Hell","floor":1},{"not_picked":["ReplayTheSpireMod:Corrosion Curse","Replay:Undeath\u0027s Touch","Run Through"],"picked":"SKIP","floor":2}],"player_experience":412638,"relics_obtained":[],"event_choices":[{"damage_healed":0,"gold_gain":0,"player_choice":"Ignored","damage_taken":0,"max_hp_gain":0,"max_hp_loss":0,"event_name":"Golden Idol","floor":4,"gold_loss":0},{"damage_healed":0,"gold_gain":0,"player_choice":"Donut","damage_taken":0,"max_hp_gain":5,"max_hp_loss":0,"event_name":"Big Fish","floor":5,"gold_loss":0}],"is_beta":true,"boss_relics":[],"items_purged_floors":[],"is_endless":false,"potions_floor_spawned":[],"killed_by":"3 Sentries","ascension_level":20}}