{"host":"ttzdpsscxkem3xrs","time":1613809967,"event":{"mods":["BaseMod","Colored Map","Downfall","Hermit","Minty Spire (QoL Compilation)","Replay The Spire","StSLib","The Cursed","The Hierophant"],"gold_per_floor":[118,118,132,72,72,102,119,119,119,119,139,159,174,203,203,301,301,316,316,15,15,30,30,30,30,54,54,71,71,89,100,100,196,196,206,206,206,263,28,28,107,120,120,120,152,165,192,42,42,49,49,49,3,35,42,42],"floor_reached":55,"language":"ENG","playtime":3274,"items_purged":["hermit:Quickdraw"],"score":808,"play_id":"45a71e6d-0f2a-44dd-a19c-2404c6386765","local_time":"20210220003247","is_ascension_mode":false,"campfire_choices":[{"data":"hermit:CursedWeapon","floor":8,"key":"SMITH"},{"floor":15,"key":"REST"},{"floor":23,"key":"REST"},{"data":"hermit:Maintenance","floor":27,"key":"SMITH"},{"floor":40,"key":"REST"},{"floor":44,"key":"RECALL"},{"data":"hermit:Dive","floor":49,"key":"SMITH"},{"data":"hermit:TakeCover","floor":52,"key":"SMITH"}],"circlet_count":0,"master_deck":["hermit:Strike_Hermit","hermit:Strike_Hermit","hermit:Strike_Hermit","hermit:Defend_Hermit","hermit:Defend_Hermit","hermit:Defend_Hermit","hermit:Snapshot","hermit:Covet","hermit:Dive+1","hermit:Snipe","hermit:CursedWeapon","hermit:CursedWeapon+1","hermit:FatalDesire+1","hermit:RoundhouseKick+1","Pain","hermit:Cheat","hermit:Maintenance+1","hermit:FinalCanter","hermit:GhostlyPresence+1","hermit:Determination","hermit:TrackingShot+1","hermit:TakeCover+1","hermit:RoundhouseKick","CurseOfTheBell","hermit:Scavenge+1","hermit:TakeAim","Deep Breath+1","Hallucinations","ReplayTheSpireMod:Splinters","hermit:WideOpen+1","hermit:GhostlyPresence+1","ReplayTheSpireMod:Private Reserves+1"],"relics":["hermit:Momento","NeowsBlessing","Pantograph","Garlic","WarpedTongs","Sundial","ReplayTheSpireMod:DimensionalGlitch","Membership Card","Du-Vu Doll","Happy Flower","Calling Bell","Orichalcum","Toxic Egg 2","Durian","downfall:ExtraCursedKey","FossilizedHelix","TheAbacus","Centennial Puzzle","Bottled Lightning","MealTicket","Bronze Scales","Guide Book","BranchBurnRelic","Replay:Multitool"],"acts_visited":["Exordium","TheCity","TheBeyond","TheEnding"],"potions_floor_usage":[14,16,16,31,38,50,50,50],"damage_taken":[{"damage":0,"enemies":"Small Slimes","floor":1,"turns":1},{"damage":0,"enemies":"Cultist","floor":3,"turns":1},{"damage":2,"enemies":"3 Sentries","floor":6,"turns":1},{"damage":4,"enemies":"Jaw Worm","floor":7,"turns":3},{"damage":15,"enemies":"Large Slime","floor":11,"turns":5},{"damage":5,"enemies":"Blue Slaver","floor":12,"turns":2},{"damage":9,"enemies":"Looter","floor":13,"turns":2},{"damage":4,"enemies":"Gremlin Nob","floor":14,"turns":3},{"damage":77,"enemies":"Fading Forest","floor":16,"turns":11},{"damage":13,"enemies":"2 Thieves","floor":18,"turns":2},{"damage":10,"enemies":"3 Byrds","floor":22,"turns":6},{"damage":6,"enemies":"Snake Plant","floor":28,"turns":2},{"damage":7,"enemies":"Centurion and Healer","floor":30,"turns":4},{"damage":6,"enemies":"Snecko","floor":31,"turns":3},{"damage":66,"enemies":"Champ","floor":33,"turns":12},{"damage":12,"enemies":"3 Shapes","floor":35,"turns":4},{"damage":19,"enemies":"Mind Bloom Boss Battle","floor":38,"turns":7},{"damage":6,"enemies":"3 Darklings","floor":42,"turns":3},{"damage":4,"enemies":"Reptomancer","floor":45,"turns":4},{"damage":0,"enemies":"Maw","floor":46,"turns":6},{"damage":3,"enemies":"R_Hoarder","floor":47,"turns":3},{"damage":24,"enemies":"Donu and Deca","floor":50,"turns":11},{"damage":47,"enemies":"Shield and Spear","floor":54,"turns":8},{"damage":72,"enemies":"The Heart","floor":55,"turns":5}],"seed_played":"-4299978417152151341","potions_obtained":[{"floor":11,"key":"DistilledChaos"},{"floor":12,"key":"Energy Potion"},{"floor":13,"key":"Reflective Coating"},{"floor":14,"key":"Fire Potion"},{"floor":16,"key":"Languid Potion"},{"floor":22,"key":"champ:CounterPotion"},{"floor":28,"key":"Swift Potion"},{"floor":35,"key":"Weak Potion"},{"floor":42,"key":"Dexterity Potion"},{"floor":46,"key":"EssenceOfSteel"},{"floor":47,"key":"Cursed Concoction"}],"is_trial":false,"path_per_floor":["M","$","M","$","?","E","M","R","T","?","M","M","M","E","R","B",null,"M","?","$","?","M","R","?","$","T","R","M","T","M","M","R_BF","B",null,"M","?","?","?","$","R","T","M","T","R","E","M","E","$","R","B",null,"R","$","E","B"],"character_chosen":"HERMIT","items_purchased":["hermit:CursedWeapon","Membership Card","Du-Vu Doll","TheAbacus","Centennial Puzzle","Deep Breath+1","Bronze Scales","Guide Book","ReplayTheSpireMod:Private Reserves+1"],"campfire_rested":3,"item_purchase_floors":[4,20,20,39,39,39,48,48,53],"current_hp_per_floor":[75,75,75,75,75,73,69,69,69,69,54,49,40,36,58,19,75,62,62,62,62,52,74,74,74,74,74,68,68,61,55,55,2,80,68,68,68,61,61,80,80,74,74,74,70,70,67,80,80,57,80,80,80,39,0,0],"gold":42,"neow_bonus":"THREE_ENEMY_KILL","is_daily":false,"chose_seed":false,"campfire_upgraded":4,"win_rate":0.0,"timestamp":1613809967,"path_taken":["M","$","M","$","?","E","M","R","T","?","?","M","M","E","R","BOSS","M","?","$","?","M","R","?","?","T","R","M","?","M","M","R_BF","BOSS","M","?","?","?","$","R","?","M","T","R","E","?","E","?","R","BOSS","R","$","E","BOSS"],"items_purchased_type":["Card","Relic","Relic","Relic","Relic","Card","Relic","Relic","Card"],"build_version":"2020-12-22","purchased_purges":1,"victory":false,"max_hp_per_floor":[75,75,75,75,75,75,75,75,75,75,75,75,75,75,75,75,75,75,75,75,75,75,75,75,75,75,75,75,75,75,75,75,75,80,80,80,80,80,80,80,80,80,80,80,80,80,80,80,80,80,80,80,80,80,80,80],"card_choices":[{"not_picked":["hermit:ItchyTrigger","hermit:HighCaliber"],"picked":"hermit:Dive","floor":1},{"not_picked":["hermit:ItchyTrigger","hermit:HoleUp"],"picked":"hermit:Snipe","floor":3},{"not_picked":["hermit:CalledShot","hermit:BigShot"],"picked":"hermit:RoundhouseKick","floor":6},{"not_picked":["hermit:SprayPray","hermit:HighCaliber"],"picked":"hermit:Quickdraw","floor":7},{"not_picked":["hermit:Misfire","hermit:Dive"],"picked":"hermit:Cheat","floor":11},{"not_picked":["hermit:SprayPray","hermit:CalledShot","hermit:PistolWhip"],"picked":"SKIP","floor":12},{"not_picked":["hermit:HighCaliber","hermit:ItchyTrigger"],"picked":"hermit:Maintenance","floor":13},{"not_picked":["hermit:Coalescence","hermit:Enervate","hermit:Quickdraw"],"picked":"SKIP","floor":14},{"not_picked":["hermit:DeadOrAlive","hermit:Magnum"],"picked":"hermit:FinalCanter","floor":16},{"not_picked":["hermit:TrackingShot","hermit:Gestalt"],"picked":"hermit:GhostlyPresence+1","floor":18},{"not_picked":["hermit:Ricochet","hermit:TakeCover","hermit:CalledShot+1"],"picked":"SKIP","floor":22},{"not_picked":["hermit:BigShot","hermit:Ricochet","hermit:EyeOfTheStorm+1"],"picked":"SKIP","floor":28},{"not_picked":["hermit:SprayPray","hermit:Grudge+1","hermit:Purgatory"],"picked":"SKIP","floor":30},{"not_picked":["hermit:Headshot","hermit:Desperado"],"picked":"hermit:TrackingShot+1","floor":31},{"not_picked":["hermit:Purgatory","hermit:BlackWind"],"picked":"hermit:RoundhouseKick","floor":33},{"not_picked":["hermit:LuckOfTheDraw+1","hermit:PistolWhip+1"],"picked":"hermit:Scavenge+1","floor":35},{"not_picked":["hermit:Feint+1","hermit:Headshot"],"picked":"hermit:TakeAim","floor":38},{"not_picked":["hermit:Headshot","hermit:BodyArmor+1"],"picked":"hermit:WideOpen+1","floor":42},{"not_picked":["hermit:OverwhelmingPower","hermit:Quickdraw"],"picked":"hermit:GhostlyPresence+1","floor":45},{"not_picked":["hermit:CalledShot+1","hermit:Roulette+1","hermit:Coalescence+1"],"picked":"SKIP","floor":46},{"not_picked":["hermit:Spite","hermit:Vantage+1","hermit:Glare+1"],"picked":"SKIP","floor":47},{"not_picked":["hermit:Manifest+1","hermit:CalledShot","hermit:Misfire"],"picked":"SKIP","floor":54}],"player_experience":1440778,"relics_obtained":[{"floor":6,"key":"Pantograph"},{"floor":9,"key":"Garlic"},{"floor":14,"key":"Sundial"},{"floor":26,"key":"Happy Flower"},{"floor":34,"key":"Orichalcum"},{"floor":34,"key":"Toxic Egg 2"},{"floor":34,"key":"Durian"},{"floor":38,"key":"FossilizedHelix"},{"floor":41,"key":"Bottled Lightning"},{"floor":45,"key":"MealTicket"},{"floor":47,"key":"Dead Branch"},{"floor":54,"key":"Replay:Multitool"}],"event_choices":[{"damage_healed":0,"gold_gain":0,"cards_transformed":["hermit:Strike_Hermit"],"player_choice":"Change","damage_taken":0,"max_hp_gain":0,"max_hp_loss":0,"event_name":"Living Wall","floor":5,"gold_loss":0,"cards_obtained":["hermit:FatalDesire"]},{"damage_healed":0,"gold_gain":0,"player_choice":"Rummage","damage_taken":0,"relics_obtained":["WarpedTongs"],"max_hp_gain":0,"max_hp_loss":0,"event_name":"Accursed Blacksmith","floor":10,"gold_loss":0,"cards_obtained":["Pain"]},{"damage_healed":0,"gold_gain":0,"player_choice":"Ignored","damage_taken":0,"max_hp_gain":0,"max_hp_loss":0,"event_name":"Ghosts","floor":19,"gold_loss":0},{"damage_healed":0,"gold_gain":0,"player_choice":"Read","damage_taken":0,"max_hp_gain":0,"max_hp_loss":0,"event_name":"The Library","floor":21,"gold_loss":0,"cards_obtained":["hermit:Determination"]},{"damage_healed":0,"gold_gain":0,"player_choice":"Ignored","damage_taken":0,"max_hp_gain":0,"max_hp_loss":0,"event_name":"Vampires","floor":24,"gold_loss":0},{"damage_healed":0,"gold_gain":0,"player_choice":"Fight","damage_taken":0,"max_hp_gain":0,"max_hp_loss":0,"event_name":"MindBloom","floor":38,"gold_loss":0}],"is_beta":false,"boss_relics":[{"not_picked":["Runic Dome","bronze:MakeshiftBattery"],"picked":"ReplayTheSpireMod:DimensionalGlitch"},{"not_picked":["Painkiller Herb","Replay:Drink Me"],"picked":"Calling Bell"}],"items_purged_floors":[39],"is_endless":false,"potions_floor_spawned":[11,12,13,14,16,22,28,35,42,46,47],"killed_by":"The Heart","ascension_level":0}}