{"host":"mq3ujo75gqb6jwby","time":1613836094,"event":{"mods":["BaseMod","BetterRewards","Colored Map","Downfall","Minty Spire (QoL Compilation)","Permanent Neow","Quick Restart","Relic Stats","StSLib","everything is the same but u backflip on backflip"],"gold_per_floor":[111,186,196,196,346,381,381,409,409,438,69,69,94,94,94,190,190,205,230,269,269,269,269,309,309,309,342,235,248,248,268,268,268,268],"floor_reached":33,"language":"ENG","playtime":1967,"items_purged":["Doubt","Writhe"],"score":568,"play_id":"781dd883-36e4-4fa5-aa2b-f465dadd9c38","local_time":"20210220164814","is_ascension_mode":true,"campfire_choices":[{"data":"Bash","floor":7,"key":"SMITH"},{"data":"True Grit","floor":15,"key":"SMITH"},{"data":"Fire Breathing","floor":23,"key":"SMITH"},{"floor":25,"key":"REST"},{"data":"Flex","floor":30,"key":"SMITH"},{"data":"Power Through","floor":32,"key":"SMITH"}],"circlet_count":0,"master_deck":["AscendersBane","Defend_R","Defend_R","Defend_R","Defend_R","Bash+1","Fiend Fire","Flex+1","Battle Trance+1","Fire Breathing+1","Cleave","Power Through+1","True Grit+1","Headbutt+1","Dark Shackles","Clothesline+1","Double Tap","Power Through+1","Spot Weakness","Slimebound:Tackle+1","Slimebound:Tackle+1","Slimebound:Tackle+1","Iron Wave+1","Sword Boomerang+1","Anger+1"],"relics":["Burning Blood","Mercury Hourglass","Singing Bowl","Molten Egg 2","Smiling Mask","Vajra","Golden Idol","Black Star","Red Mask","Mummified Hand","Orichalcum","War Paint","Gambling Chip","StoneCalendar","Bottled Flame"],"acts_visited":["Exordium","TheCity"],"potions_floor_usage":[10,16,16,20,31],"damage_taken":[{"damage":6,"enemies":"2 Louse","floor":1,"turns":2},{"damage":9,"enemies":"Jaw Worm","floor":3,"turns":3},{"damage":20,"enemies":"3 Sentries","floor":6,"turns":4},{"damage":8,"enemies":"Gremlin Nob","floor":8,"turns":3},{"damage":15,"enemies":"3 Sentries","floor":10,"turns":4},{"damage":3,"enemies":"Small Slimes","floor":13,"turns":3},{"damage":7,"enemies":"Slime Boss","floor":16,"turns":7},{"damage":0,"enemies":"Chosen","floor":18,"turns":3},{"damage":18,"enemies":"Shell Parasite","floor":19,"turns":10},{"damage":29,"enemies":"Masked Bandits","floor":20,"turns":4},{"damage":45,"enemies":"Slavers","floor":24,"turns":5},{"damage":4,"enemies":"Gremlin Leader","floor":27,"turns":4},{"damage":3,"enemies":"Chosen and Byrds","floor":29,"turns":3},{"damage":5,"enemies":"Centurion and Healer","floor":31,"turns":5},{"damage":70,"enemies":"Automaton","floor":33,"turns":6}],"seed_played":"-4839662831344831402","potions_obtained":[{"floor":1,"key":"BloodPotion"},{"floor":10,"key":"AttackPotion"},{"floor":13,"key":"Guardian:BlockOnCardUsePotion"},{"floor":19,"key":"BloodPotion"},{"floor":29,"key":"LiquidMemories"}],"is_trial":false,"path_per_floor":["M","?","M","?","?","E","R","E","T","E","$","?","M","?","R","B",null,"M","M","?","?","?","R","E","R","T","E","$","M","R","M","R","B"],"character_chosen":"IRONCLAD","items_purchased":["Headbutt+1","Vajra","Dark Shackles","Sword Boomerang+1"],"campfire_rested":1,"item_purchase_floors":[11,11,11,28],"current_hp_per_floor":[68,57,54,54,54,40,40,38,38,42,42,19,22,44,44,43,62,68,58,49,49,49,49,10,31,31,35,35,38,38,41,41,0,0],"gold":268,"neow_bonus":"THREE_RARE_CARDS","is_daily":false,"chose_seed":false,"campfire_upgraded":5,"win_rate":0.0,"timestamp":1613836094,"path_taken":["M","?","M","?","?","E","R","E","T","E","$","?","M","?","R","BOSS","M","M","?","?","?","R","E","R","T","E","?","M","R","M","R","BOSS"],"items_purchased_type":["Card","Relic","Card","Card"],"build_version":"2020-12-22","purchased_purges":2,"victory":false,"max_hp_per_floor":[68,68,68,68,68,68,68,68,68,68,68,68,68,68,68,68,68,68,70,70,70,70,70,70,70,70,72,72,72,72,74,74,74,74],"relic_stats":{"Singing Bowl":6,"counters":[15,64],"Golden Idol":62,"StoneCalendar":[0],"Orichalcum":[36],"War Paint":["Battle Trance","Power Through"],"Smiling Mask":75,"Burning Blood":84,"Mercury Hourglass":[256],"Mummified Hand":[5],"Gambling Chip":[10],"Black Star":2,"obtain_stats":[{"Singing Bowl":8,"Golden Idol":12,"Vajra":11,"StoneCalendar":27,"Orichalcum":24,"War Paint":24,"Smiling Mask":10,"Burning Blood":0,"Mercury Hourglass":6,"Bottled Flame":27,"Mummified Hand":22,"Gambling Chip":26,"Molten Egg 2":9,"Black Star":17,"Red Mask":20},{"Singing Bowl":4,"Golden Idol":5,"Vajra":5,"StoneCalendar":12,"Orichalcum":11,"War Paint":11,"Smiling Mask":5,"Burning Blood":0,"Mercury Hourglass":3,"Bottled Flame":12,"Mummified Hand":10,"Gambling Chip":11,"Molten Egg 2":4,"Black Star":7,"Red Mask":10},{"Singing Bowl":12,"Golden Idol":16,"Vajra":16,"StoneCalendar":50,"Orichalcum":46,"War Paint":46,"Smiling Mask":16,"Burning Blood":0,"Mercury Hourglass":9,"Bottled Flame":50,"Mummified Hand":41,"Gambling Chip":46,"Molten Egg 2":12,"Black Star":24,"Red Mask":41}]},"card_choices":[{"not_picked":["Impervious","Berserk"],"picked":"Fiend Fire","floor":0},{"not_picked":["Twin Strike","Clothesline"],"picked":"Flex","floor":1},{"not_picked":["Heavy Blade","Dual Wield"],"picked":"Battle Trance","floor":3},{"not_picked":["Uppercut","Infernal Blade"],"picked":"Cleave","floor":6},{"not_picked":["Perfected Strike","Clothesline"],"picked":"Power Through","floor":8},{"not_picked":["Twin Strike+1","Perfected Strike+1"],"picked":"True Grit","floor":10},{"not_picked":["Second Wind","Infernal Blade"],"picked":"Clothesline+1","floor":13},{"not_picked":["Bludgeon+1","Berserk"],"picked":"Double Tap","floor":16},{"not_picked":["Body Slam+1","Flex+1"],"picked":"Power Through","floor":18},{"not_picked":["Cleave+1","Feel No Pain","Entrench"],"picked":"Singing Bowl","floor":19},{"not_picked":["Seeing Red","Metallicize+1"],"picked":"Spot Weakness","floor":20},{"not_picked":["Wild Strike+1","Havoc"],"picked":"Iron Wave+1","floor":24},{"not_picked":["Intimidate","Blood for Blood+1","Battle Trance"],"picked":"Singing Bowl","floor":27},{"not_picked":["Infernal Blade","Sword Boomerang+1"],"picked":"Anger+1","floor":29},{"not_picked":["Demon Form","Anger+1","True Grit+1"],"picked":"Singing Bowl","floor":31}],"player_experience":770219,"relics_obtained":[{"floor":6,"key":"Mercury Hourglass"},{"floor":8,"key":"Singing Bowl"},{"floor":9,"key":"Molten Egg 2"},{"floor":10,"key":"Smiling Mask"},{"floor":20,"key":"Red Mask"},{"floor":24,"key":"Orichalcum"},{"floor":24,"key":"War Paint"},{"floor":26,"key":"Gambling Chip"},{"floor":27,"key":"StoneCalendar"},{"floor":27,"key":"Bottled Flame"}],"event_choices":[{"damage_healed":0,"gold_gain":75,"player_choice":"Gather Gold","damage_taken":11,"max_hp_gain":0,"max_hp_loss":0,"event_name":"World of Goop","floor":2,"gold_loss":0},{"damage_healed":0,"gold_gain":0,"cards_transformed":["Strike_R"],"player_choice":"Change","damage_taken":0,"max_hp_gain":0,"max_hp_loss":0,"event_name":"Living Wall","floor":4,"gold_loss":0,"cards_obtained":["Fire Breathing"]},{"damage_healed":0,"gold_gain":150,"player_choice":"AGREE","damage_taken":0,"max_hp_gain":0,"max_hp_loss":0,"event_name":"Liars Game","floor":5,"gold_loss":0,"cards_obtained":["Doubt"]},{"damage_healed":0,"gold_gain":0,"player_choice":"Take Damage","damage_taken":23,"relics_obtained":["Golden Idol"],"max_hp_gain":0,"max_hp_loss":0,"event_name":"Golden Idol","floor":12,"gold_loss":0},{"damage_healed":22,"gold_gain":0,"player_choice":"Banana","damage_taken":0,"max_hp_gain":0,"max_hp_loss":0,"event_name":"Big Fish","floor":14,"gold_loss":0},{"damage_healed":0,"gold_gain":0,"player_choice":"Fought Bandits","damage_taken":0,"max_hp_gain":0,"max_hp_loss":0,"event_name":"Masked Bandits","floor":20,"gold_loss":0},{"damage_healed":0,"gold_gain":0,"player_choice":"Opened","damage_taken":0,"relics_obtained":["Mummified Hand"],"max_hp_gain":0,"max_hp_loss":0,"event_name":"The Mausoleum","floor":22,"gold_loss":0,"cards_obtained":["Writhe"]}],"is_beta":false,"boss_relics":[{"not_picked":["Black Blood","Sozu"],"picked":"Black Star"}],"items_purged_floors":[11,28],"is_endless":false,"potions_floor_spawned":[1,10,13,19,29],"killed_by":"Automaton","ascension_level":18}}