{"host":"7t8rqoeeopyy0nh0","time":1613860598,"event":{"mods":["AchievementEnabler","Aspiration","BaseMod","Better Third Choice","BetterRewards","Colored Map","Colored Powertips","Conspire","Downfall","Hubris","Minty Spire (QoL Compilation)","Permanent Neow","Quick Restart","Random Character Button","Rare Cards Sparkle","Reliquary","Replay The Spire","StSLib"],"gold_per_floor":[115,115,135,150,163,203,203,222,249,249,249,249,289,325,325,325,325],"floor_reached":16,"language":"ENG","playtime":575,"items_purged":[],"score":220,"play_id":"df1fad9e-3a7f-42ef-afae-b1907f0a3940","local_time":"20210220173638","is_ascension_mode":true,"campfire_choices":[{"data":"Armaments","floor":7,"key":"SMITH"},{"data":"Armaments","floor":11,"key":"SMITH"},{"data":"Uppercut","floor":15,"key":"SMITH"}],"circlet_count":0,"master_deck":["AscendersBane","Strike_R","Strike_R","Strike_R","Strike_R","Strike_R","Defend_R","Defend_R","Defend_R","Defend_R","Bash","Reaper","Sword Boomerang","Armaments+1","Armaments+1","Spot Weakness","Shrug It Off","Uppercut+1","Pommel Strike+1","Headbutt","Perfected Strike","Spot Weakness"],"relics":["Burning Blood","StrikeDummy","conspire:GiftBox","Golden Idol","hubris:ToyBattleship","Juzu Bracelet","Omamori","aspiration:HiddenCompartment"],"acts_visited":["Exordium"],"potions_floor_usage":[4,14,16],"damage_taken":[{"damage":1,"enemies":"2 Louse","floor":1,"turns":2},{"damage":2,"enemies":"Jaw Worm","floor":3,"turns":3},{"damage":7,"enemies":"Small Slimes","floor":4,"turns":3},{"damage":4,"enemies":"Looter","floor":5,"turns":3},{"damage":38,"enemies":"Gremlin Nob","floor":6,"turns":4},{"damage":10,"enemies":"2 Fungi Beasts","floor":8,"turns":3},{"damage":14,"enemies":"conspire:MimicChest","floor":13,"turns":5},{"damage":24,"enemies":"Lagavulin","floor":14,"turns":7},{"damage":60,"enemies":"Fading Forest","floor":16,"turns":12}],"seed_played":"-8500515498588974192","potions_obtained":[{"floor":3,"key":"Weak Potion"},{"floor":6,"key":"Languid Potion"},{"floor":13,"key":"SpeedPotion"}],"is_trial":false,"path_per_floor":["M","?","M","M","M","E","R","M","T","?","R","?","?","E","R","B"],"character_chosen":"IRONCLAD","items_purchased":["StrikeDummy","conspire:GiftBox","Sword Boomerang","Armaments"],"campfire_rested":0,"item_purchase_floors":[0,0,0,0],"current_hp_per_floor":[38,38,42,55,64,39,39,35,35,57,57,57,49,31,31,3,3],"gold":325,"neow_bonus":"","is_daily":false,"chose_seed":false,"campfire_upgraded":3,"win_rate":0.0,"timestamp":1613860598,"path_taken":["M","?","M","M","M","E","R","M","T","?","R","?","?","E","R","BOSS"],"items_purchased_type":["Relic","Relic","Card","Card"],"build_version":"2020-12-22","purchased_purges":0,"victory":false,"max_hp_per_floor":[75,68,68,68,68,68,68,68,68,68,68,68,68,68,68,68,68],"card_choices":[{"not_picked":["Barricade","Hemogenesis"],"picked":"Reaper","floor":0},{"not_picked":["Replay:Undeath\u0027s Touch","Run Through"],"picked":"Spot Weakness","floor":1},{"not_picked":["Cleave","ReplayTheSpireMod:Strike From Hell"],"picked":"Shrug It Off","floor":3},{"not_picked":["Clash","Juggernaut"],"picked":"Uppercut","floor":4},{"not_picked":["Feel No Pain","Headbutt"],"picked":"Pommel Strike","floor":5},{"not_picked":["Wild Strike","Demonic Infusion"],"picked":"Headbutt","floor":6},{"not_picked":["Combust","Warcry","ReplayTheSpireMod:LeadingStrike"],"picked":"SKIP","floor":8},{"not_picked":["Headbutt","Twin Strike"],"picked":"Perfected Strike","floor":13},{"not_picked":["Headbutt","Thunderclap"],"picked":"Spot Weakness","floor":14}],"player_experience":444800,"relics_obtained":[{"floor":6,"key":"hubris:ToyBattleship"},{"floor":9,"key":"Juzu Bracelet"},{"floor":13,"key":"Omamori"},{"floor":14,"key":"aspiration:HiddenCompartment"}],"event_choices":[{"damage_healed":0,"gold_gain":0,"player_choice":"Lose Max HP","damage_taken":0,"relics_obtained":["Golden Idol"],"max_hp_gain":0,"max_hp_loss":7,"event_name":"Golden Idol","floor":2,"gold_loss":0},{"damage_healed":22,"gold_gain":0,"player_choice":"Banana","damage_taken":0,"max_hp_gain":0,"max_hp_loss":0,"event_name":"Big Fish","floor":10,"gold_loss":0}],"is_beta":false,"boss_relics":[],"items_purged_floors":[],"is_endless":false,"potions_floor_spawned":[3,6,13],"killed_by":"Fading Forest","ascension_level":20}}