{"host":"tzz1a4lp7gkxiavd","time":1613819525,"event":{"mods":["BaseMod","Block Reminder","Colored Powertips","Minty Spire (QoL Compilation)","Slay-I","Spicy Shops","StSLib","¡¾¹¦ÄÜMod¡¿Neow½±Àø"],"gold_per_floor":[109,127,127,141,38,63,88,88,112,131,142,155,174,202,214,321,333,358,384,396,408,420,459,471,494,506,518,541,553,641,149,149,250,250,267,267,267,278,28,28,28,28,54,71,85,85,101,101,101,101],"floor_reached":51,"language":"ZHS","playtime":2582,"items_purged":["Lockon","Sweeping Beam"],"score":920,"play_id":"7e4311fb-5cd4-4b3a-8b4d-4a790df950f5","local_time":"20210220191205","is_ascension_mode":true,"campfire_choices":[{"data":"Dualcast","floor":8,"key":"SMITH"},{"data":"Coolheaded","floor":15,"key":"SMITH"},{"data":"Fusion","floor":24,"key":"SMITH"},{"floor":27,"key":"REST"},{"data":"Seek","floor":32,"key":"SMITH"},{"data":"Seek","floor":40,"key":"SMITH"},{"floor":46,"key":"REST"},{"data":"Ball Lightning","floor":49,"key":"SMITH"}],"circlet_count":0,"master_deck":["Zap","Dualcast+1","Leap","Ball Lightning+1","BootSequence","Gash","Coolheaded+1","Self Repair","Gash","Steam","Hologram","Ball Lightning","Core Surge","Biased Cognition","Fusion+1","Amplify","Seek+1","Stack","Gash","Gash","Thunder Strike","Coolheaded+1","Gash","Seek+1","Cold Snap","Ball Lightning+1","Cold Snap+1","Biased Cognition","Glacier"],"relics":["Cracked Core","NeowsBlessing","Bag of Marbles","Tiny Chest","Odd Mushroom","Bronze Scales","MawBank","Pandora\u0027s Box","Ice Cream","StoneCalendar","Symbiotic Virus","Mercury Hourglass","MealTicket","Dream Catcher","Frozen Eye","Black Star","Runic Capacitor","Toy Ornithopter","Molten Egg 2","Potion Belt"],"acts_visited":["Exordium","TheCity","TheBeyond"],"potions_floor_usage":[6,16,21,33,33,33,33,33,48,50,50],"damage_taken":[{"damage":0,"enemies":"Cultist","floor":1,"turns":1},{"damage":0,"enemies":"2 Louse","floor":2,"turns":1},{"damage":0,"enemies":"Small Slimes","floor":4,"turns":1},{"damage":16,"enemies":"3 Sentries","floor":6,"turns":7},{"damage":10,"enemies":"The Mushroom Lair","floor":7,"turns":4},{"damage":13,"enemies":"Exordium Wildlife","floor":10,"turns":4},{"damage":3,"enemies":"Gremlin Gang","floor":11,"turns":4},{"damage":0,"enemies":"Blue Slaver","floor":12,"turns":2},{"damage":1,"enemies":"Exordium Wildlife","floor":13,"turns":3},{"damage":11,"enemies":"Lagavulin","floor":14,"turns":6},{"damage":22,"enemies":"The Guardian","floor":16,"turns":9},{"damage":10,"enemies":"Shell Parasite","floor":18,"turns":4},{"damage":1,"enemies":"2 Thieves","floor":19,"turns":3},{"damage":0,"enemies":"Snake Plant","floor":21,"turns":2},{"damage":41,"enemies":"Gremlin Leader","floor":23,"turns":5},{"damage":14,"enemies":"Chosen and Byrds","floor":25,"turns":4},{"damage":24,"enemies":"Centurion and Healer","floor":28,"turns":4},{"damage":14,"enemies":"Champ","floor":33,"turns":7},{"damage":31,"enemies":"3 Darklings","floor":35,"turns":4},{"damage":7,"enemies":"3 Shapes","floor":38,"turns":2},{"damage":31,"enemies":"Transient","floor":44,"turns":5},{"damage":24,"enemies":"Spire Growth","floor":45,"turns":4},{"damage":10,"enemies":"Maw","floor":47,"turns":6},{"damage":0,"enemies":"Writhing Mass","floor":48,"turns":1},{"damage":27,"enemies":"Time Eater","floor":50,"turns":9}],"seed_played":"-4819966908384739964","potions_obtained":[{"floor":1,"key":"ColorlessPotion"},{"floor":2,"key":"Explosive Potion"},{"floor":4,"key":"SmokeBomb"},{"floor":6,"key":"Energy Potion"},{"floor":14,"key":"EntropicBrew"},{"floor":16,"key":"Ancient Potion"},{"floor":23,"key":"BlessingOfTheForge"},{"floor":35,"key":"SkillPotion"},{"floor":45,"key":"Explosive Potion"},{"floor":47,"key":"SmokeBomb"}],"is_trial":false,"path_per_floor":["M","M","?","M","$","E","?","R","T","M","M","M","M","E","R","B",null,"M","M","T","M","?","E","R","M","T","R","M","?","T","$","R","B",null,"M","?","?","M","$","R","?","T","T","M","M","R","M","M","R","B",null],"character_chosen":"DEFECT","items_purchased":["Bag of Marbles","Coolheaded","MealTicket","Gash","Dream Catcher","Frozen Eye","Runic Capacitor"],"campfire_rested":2,"item_purchase_floors":[5,5,31,31,31,31,39],"current_hp_per_floor":[68,68,68,68,68,52,42,42,42,36,40,47,53,49,49,34,65,62,61,61,61,61,34,34,20,20,42,25,50,50,50,50,50,69,45,45,45,38,53,53,53,53,53,36,26,48,45,50,50,40],"gold":101,"neow_bonus":"THREE_ENEMY_KILL","is_daily":false,"chose_seed":false,"campfire_upgraded":6,"win_rate":0.0,"timestamp":1613819525,"path_taken":["M","?","?","M","$","E","?","R","T","?","M","M","?","E","R","BOSS","M","M","?","M","?","E","R","M","T","R","?","?","?","$","R","BOSS","M","?","?","M","$","R","?","?","T","M","M","R","?","M","R","BOSS"],"items_purchased_type":["Relic","Card","Relic","Card","Relic","Relic","Relic"],"build_version":"2020-12-22","purchased_purges":2,"victory":true,"max_hp_per_floor":[75,75,75,75,75,75,75,75,75,75,75,75,75,75,75,75,75,75,75,75,75,75,75,75,75,75,75,75,75,75,75,75,75,75,75,75,75,75,75,75,75,75,75,75,75,75,75,75,75,75],"card_choices":[{"not_picked":["Reprogram","Blizzard"],"picked":"Leap","floor":1},{"not_picked":["Recycle","Go for the Eyes"],"picked":"Ball Lightning","floor":2},{"not_picked":["Compile Driver","Turbo"],"picked":"Gash","floor":4},{"not_picked":["Blizzard","Hologram","Streamline"],"picked":"SKIP","floor":6},{"not_picked":["Tempest","Cold Snap"],"picked":"Self Repair","floor":7},{"not_picked":["White Noise","Meteor Strike"],"picked":"Gash","floor":10},{"not_picked":["Sunder","Streamline"],"picked":"Steam","floor":11},{"not_picked":["Blizzard","FTL"],"picked":"Hologram","floor":12},{"not_picked":["Redo","Coolheaded"],"picked":"Ball Lightning","floor":13},{"not_picked":["Ball Lightning","Recycle"],"picked":"Core Surge","floor":14},{"not_picked":["Echo Form","Rainbow"],"picked":"Biased Cognition","floor":16},{"not_picked":["Steam Power","Turbo"],"picked":"Gash","floor":18},{"not_picked":["Redo+1","Sweeping Beam"],"picked":"Gash","floor":19},{"not_picked":["Barrage","Recycle","Undo"],"picked":"SKIP","floor":23},{"not_picked":["Force Field","Sweeping Beam","Darkness"],"picked":"SKIP","floor":25},{"not_picked":["Redo","Buffer"],"picked":"Coolheaded+1","floor":28},{"not_picked":["Machine Learning","Meteor Strike"],"picked":"Seek","floor":33},{"not_picked":["Beam Cell+1","Compile Driver"],"picked":"Self Repair+1","floor":35},{"not_picked":["Reinforced Body","Redo"],"picked":"Cold Snap","floor":38},{"not_picked":["Stack+1","Leap+1"],"picked":"Ball Lightning+1","floor":44},{"not_picked":["Hologram","Force Field+1"],"picked":"Cold Snap+1","floor":45},{"not_picked":["Stack","Redo"],"picked":"Biased Cognition","floor":46},{"not_picked":["Streamline+1","Undo"],"picked":"Glacier","floor":47}],"player_experience":103898,"relics_obtained":[{"floor":6,"key":"Tiny Chest"},{"floor":7,"key":"Odd Mushroom"},{"floor":9,"key":"Bronze Scales"},{"floor":14,"key":"MawBank"},{"floor":20,"key":"Ice Cream"},{"floor":23,"key":"StoneCalendar"},{"floor":26,"key":"Symbiotic Virus"},{"floor":30,"key":"Mercury Hourglass"},{"floor":41,"key":"Toy Ornithopter"},{"floor":42,"key":"Molten Egg 2"},{"floor":43,"key":"Potion Belt"}],"event_choices":[{"damage_healed":0,"gold_gain":0,"cards_transformed":["Strike_B"],"player_choice":"Change","damage_taken":0,"max_hp_gain":0,"max_hp_loss":0,"event_name":"Living Wall","floor":3,"gold_loss":0,"cards_obtained":["BootSequence"]},{"damage_healed":0,"gold_gain":0,"player_choice":"Fought Mushrooms","damage_taken":0,"max_hp_gain":0,"max_hp_loss":0,"event_name":"Mushrooms","floor":7,"gold_loss":0},{"damage_healed":0,"gold_gain":0,"cards_transformed":["Rip and Tear"],"player_choice":"Transformed","damage_taken":0,"max_hp_gain":0,"max_hp_loss":0,"event_name":"Transmorgrifier","floor":22,"gold_loss":0,"cards_obtained":["Thunder Strike"]},{"damage_healed":25,"gold_gain":0,"player_choice":"Heal","damage_taken":0,"max_hp_gain":0,"max_hp_loss":0,"event_name":"The Library","floor":29,"gold_loss":0},{"cards_removed":["Self Repair"],"damage_healed":0,"gold_gain":0,"player_choice":"Removed Power","damage_taken":0,"max_hp_gain":0,"max_hp_loss":0,"event_name":"Falling","floor":36,"gold_loss":0},{"damage_healed":0,"gold_gain":0,"player_choice":"Memory 1","damage_taken":0,"max_hp_gain":0,"max_hp_loss":0,"event_name":"SensoryStone","floor":37,"gold_loss":0},{"damage_healed":0,"gold_gain":0,"player_choice":"Relic","damage_taken":0,"max_hp_gain":0,"max_hp_loss":0,"event_name":"Wheel of Change","floor":41,"gold_loss":0}],"is_beta":false,"boss_relics":[{"not_picked":["Empty Cage","SlaversCollar"],"picked":"Pandora\u0027s Box"},{"not_picked":["Snecko Eye","Philosopher\u0027s Stone"],"picked":"Black Star"}],"items_purged_floors":[31,39],"is_endless":false,"potions_floor_spawned":[1,2,4,6,12,14,16,21,23,28,35,45,47],"ascension_level":6}}