{"host":"mydft8i2zzydgggw","time":1613808091,"event":{"mods":["AchievementEnabler","BaseMod","Colored Map","Colored Powertips","DeckTracker","Keyboard Shortcuts","Minty Spire (QoL Compilation)","Rare Cards Sparkle","Relic Stats","StSLib","SuperFastMode","Together in Spire","everything is the same but u backflip on backflip"],"gold_per_floor":[115,135,152,102,102,102,112,145,145,145,159,179,193,209,209,281,281,293,307,317,333,333,333,333,333],"floor_reached":24,"language":"KOR","playtime":808,"items_purged":[],"score":337,"play_id":"98aefe03-b007-4c7e-86c7-8064ec159198","local_time":"20210220170131","is_ascension_mode":true,"campfire_choices":[{"data":"Calculated Gamble","floor":6,"key":"SMITH"},{"data":"Neutralize","floor":10,"key":"SMITH"},{"data":"Acrobatics","floor":15,"key":"SMITH"},{"floor":23,"key":"REST"}],"circlet_count":0,"master_deck":["AscendersBane","Strike_G","Strike_G","Strike_G","Defend_G","Defend_G+1","Defend_G","Defend_G","Defend_G+1","Survivor","Neutralize+1","Die Die Die","Dagger Throw","Heel Hook","Calculated Gamble+1","Acrobatics","PiercingWail","Underhanded Strike","Acrobatics+1","Escape Plan","Wraith Form v2","Dagger Spray+1","Crippling Poison"],"relics":["Ring of the Snake","Incense Burner","Meat on the Bone","WristBlade"],"acts_visited":["Exordium","TheCity"],"potions_floor_usage":[8,16,16,19,20],"damage_taken":[{"damage":1,"enemies":"Small Slimes","floor":1,"turns":3},{"damage":0,"enemies":"Jaw Worm","floor":2,"turns":3},{"damage":3,"enemies":"Cultist","floor":3,"turns":4},{"damage":1,"enemies":"Blue Slaver","floor":7,"turns":4},{"damage":16,"enemies":"3 Sentries","floor":8,"turns":9},{"damage":0,"enemies":"Gremlin Gang","floor":11,"turns":3},{"damage":3,"enemies":"Looter","floor":12,"turns":3},{"damage":3,"enemies":"Exordium Thugs","floor":13,"turns":3},{"damage":4,"enemies":"Exordium Wildlife","floor":14,"turns":2},{"damage":34,"enemies":"The Guardian","floor":16,"turns":16},{"damage":13,"enemies":"Shell Parasite","floor":18,"turns":6},{"damage":10,"enemies":"2 Thieves","floor":19,"turns":3},{"damage":15,"enemies":"Snake Plant","floor":20,"turns":5},{"damage":36,"enemies":"Cultist and Chosen","floor":21,"turns":8},{"damage":45,"enemies":"Gremlin Leader","floor":24,"turns":6}],"seed_played":"5198404301487027915","potions_obtained":[{"floor":2,"key":"FearPotion"},{"floor":3,"key":"LiquidMemories"},{"floor":8,"key":"GhostInAJar"},{"floor":16,"key":"Block Potion"},{"floor":19,"key":"SteroidPotion"}],"is_trial":false,"path_per_floor":["M","M","M","?","?","R","M","E","T","R","M","M","M","M","R","B",null,"M","M","M","M","?","R","E"],"character_chosen":"THE_SILENT","items_purchased":[],"campfire_rested":1,"item_purchase_floors":[],"current_hp_per_floor":[62,62,59,59,45,45,44,28,28,28,40,37,46,42,42,20,58,45,47,44,20,20,41,0,0],"gold":333,"neow_bonus":"ONE_RANDOM_RARE_CARD","is_daily":false,"chose_seed":false,"campfire_upgraded":3,"win_rate":0.0,"timestamp":1613808091,"path_taken":["M","M","M","?","?","R","?","E","T","R","M","M","M","M","R","BOSS","M","?","M","M","?","R","E"],"items_purchased_type":[],"build_version":"2020-12-22","purchased_purges":0,"victory":false,"max_hp_per_floor":[70,70,70,70,70,70,70,70,70,70,70,70,70,70,70,70,70,70,70,70,70,70,70,70,70],"relic_stats":{"counters":[15,78],"obtain_stats":[{"WristBlade":17,"Incense Burner":8,"Ring of the Snake":0,"Meat on the Bone":9},{"WristBlade":10,"Incense Burner":5,"Ring of the Snake":0,"Meat on the Bone":5},{"WristBlade":50,"Incense Burner":23,"Ring of the Snake":0,"Meat on the Bone":23}],"Ring of the Snake":[30],"Meat on the Bone":72},"card_choices":[{"not_picked":["Skewer","Eviscerate"],"picked":"Dagger Throw","floor":1},{"not_picked":["Flechettes","PiercingWail"],"picked":"Heel Hook","floor":2},{"not_picked":["Slice","Accuracy"],"picked":"Calculated Gamble","floor":3},{"not_picked":["Flying Knee","Choke"],"picked":"Acrobatics","floor":7},{"not_picked":["Envenom","Deflect"],"picked":"PiercingWail","floor":8},{"not_picked":["Deadly Poison","Flying Knee"],"picked":"Underhanded Strike","floor":11},{"not_picked":["Poisoned Stab","Blade Dance","Outmaneuver"],"picked":"SKIP","floor":12},{"not_picked":["Flying Knee","Dodge and Roll"],"picked":"Acrobatics","floor":13},{"not_picked":["Dash","Slice"],"picked":"Escape Plan","floor":14},{"not_picked":["Storm of Steel","Envenom"],"picked":"Wraith Form v2","floor":16},{"not_picked":["Outmaneuver+1","Deadly Poison+1"],"picked":"Dagger Spray+1","floor":18},{"not_picked":["All Out Attack","Acrobatics"],"picked":"Crippling Poison","floor":19},{"not_picked":["All Out Attack","Slice","Accuracy"],"picked":"SKIP","floor":20},{"not_picked":["Infinite Blades","Acrobatics","Underhanded Strike"],"picked":"SKIP","floor":21}],"player_experience":293263,"relics_obtained":[{"floor":8,"key":"Incense Burner"},{"floor":9,"key":"Meat on the Bone"}],"event_choices":[{"cards_removed":["Strike_G"],"damage_healed":0,"gold_gain":0,"player_choice":"Card Removal","damage_taken":0,"max_hp_gain":0,"max_hp_loss":0,"event_name":"The Cleric","floor":4,"gold_loss":50},{"damage_healed":0,"gold_gain":0,"player_choice":"Entered Light","damage_taken":14,"max_hp_gain":0,"max_hp_loss":0,"event_name":"Shining Light","floor":5,"gold_loss":0,"cards_upgraded":["Defend_G","Defend_G"]},{"cards_removed":["Strike_G"],"damage_healed":0,"gold_gain":0,"player_choice":"Purged","damage_taken":0,"max_hp_gain":0,"max_hp_loss":0,"event_name":"Purifier","floor":22,"gold_loss":0}],"is_beta":false,"boss_relics":[{"not_picked":["Fusion Hammer","Ring of the Serpent"],"picked":"WristBlade"}],"items_purged_floors":[],"is_endless":false,"potions_floor_spawned":[2,3,8,14,16,19],"killed_by":"Gremlin Leader","ascension_level":13}}