{"host":"vx488ommchhibo3k","time":1613797785,"event":{"mods":["BaseMod","BetterRewards","Minty Spire (QoL Compilation)","Shop Mod","StSLib"],"gold_per_floor":[115,115,115,131,149,149,149,149,149,163,193,204,204,218,218,323,323,334,353,452,452,452,452,452,479,529,559,577,604,604,110,110,215,265,280,293,293,303,65,90,312,312,336,386,386,405,77,88,88,88,88,88,9,40,40],"floor_reached":56,"language":"JPN","playtime":5489,"items_purged":["Strike_R","Strike_R","Strike_R","Strike_R"],"score":1247,"play_id":"59e8c90f-150b-49c6-8036-7bd5e9fc2c36","local_time":"20210220140945","is_ascension_mode":false,"campfire_choices":[{"data":"Corruption","floor":6,"key":"SMITH"},{"data":"Havoc","floor":8,"key":"SMITH"},{"floor":13,"key":"RECALL"},{"data":"Bash","floor":15,"key":"SMITH"},{"data":"Feed","floor":23,"key":"SMITH"},{"data":"Uppercut","floor":32,"key":"SMITH"},{"data":"Seeing Red","floor":42,"key":"SMITH"},{"data":"Inflame","floor":49,"key":"SMITH"},{"data":"Burning Pact","floor":52,"key":"SMITH"}],"circlet_count":0,"master_deck":["Defend_R","Defend_R","Defend_R","Defend_R","Bash+1","Havoc+1","Corruption+1","Clothesline","Rupture","Power Through","Thunderclap","Hemokinesis","Uppercut+1","Blood for Blood","Evolve","Feed+1","Twin Strike+1","Heavy Blade+1","Dropkick","Rage+1","Battle Trance+1","Inflame+1","Shrug It Off","Immolate","Seeing Red+1","Feel No Pain+1","Burning Pact+1","Sever Soul","Dark Embrace+1","Twin Strike+1","Fire Breathing","Second Wind","Dropkick","Exhume","Pummel"],"relics":["Burning Blood","CaptainsWheel","Pantograph","Bottled Tornado","White Beast Statue","Magic Flower","Red Mask","Lantern","Anchor","Self Forming Clay","Membership Card","Oddly Smooth Stone","Singing Bowl","Dead Branch","MerchantsRug","Incense Burner","Bottled Lightning","Boot","Unceasing Top","FossilizedHelix","Happy Flower","Kunai"],"acts_visited":["Exordium","TheCity","TheBeyond","TheEnding"],"potions_floor_usage":[11,11,12,16,19,19,22,24,26,28,33,33,33,35,38,50,55],"damage_taken":[{"damage":1,"enemies":"Cultist","floor":1,"turns":4},{"damage":3,"enemies":"Jaw Worm","floor":4,"turns":4},{"damage":7,"enemies":"Small Slimes","floor":5,"turns":3},{"damage":9,"enemies":"Blue Slaver","floor":10,"turns":4},{"damage":11,"enemies":"Lagavulin","floor":11,"turns":5},{"damage":3,"enemies":"2 Fungi Beasts","floor":12,"turns":4},{"damage":5,"enemies":"Looter","floor":14,"turns":4},{"damage":17,"enemies":"Slime Boss","floor":16,"turns":9},{"damage":33,"enemies":"Spheric Guardian","floor":18,"turns":7},{"damage":17,"enemies":"2 Thieves","floor":19,"turns":4},{"damage":0,"enemies":"Chosen and Byrds","floor":22,"turns":1},{"damage":0,"enemies":"Cultist and Chosen","floor":24,"turns":1},{"damage":67,"enemies":"Masked Bandits","floor":25,"turns":7},{"damage":45,"enemies":"Book of Stabbing","floor":27,"turns":6},{"damage":7,"enemies":"Snecko","floor":28,"turns":4},{"damage":52,"enemies":"Collector","floor":33,"turns":11},{"damage":5,"enemies":"3 Darklings","floor":35,"turns":5},{"damage":5,"enemies":"Orb Walker","floor":36,"turns":4},{"damage":10,"enemies":"Transient","floor":38,"turns":5},{"damage":42,"enemies":"Nemesis","floor":40,"turns":9},{"damage":2,"enemies":"Mind Bloom Boss Battle","floor":44,"turns":6},{"damage":5,"enemies":"4 Shapes","floor":46,"turns":2},{"damage":8,"enemies":"Jaw Worm Horde","floor":48,"turns":3},{"damage":53,"enemies":"Time Eater","floor":50,"turns":13},{"damage":21,"enemies":"Shield and Spear","floor":54,"turns":6},{"damage":15,"enemies":"The Heart","floor":55,"turns":5}],"seed_played":"5458806323964190346","potions_obtained":[{"floor":1,"key":"SteroidPotion"},{"floor":5,"key":"SmokeBomb"},{"floor":10,"key":"SkillPotion"},{"floor":11,"key":"BloodPotion"},{"floor":12,"key":"BlessingOfTheForge"},{"floor":14,"key":"SpeedPotion"},{"floor":16,"key":"GamblersBrew"},{"floor":18,"key":"PowerPotion"},{"floor":19,"key":"SmokeBomb"},{"floor":25,"key":"BloodPotion"},{"floor":27,"key":"Regen Potion"},{"floor":28,"key":"Strength Potion"},{"floor":33,"key":"SneckoOil"},{"floor":34,"key":"BloodPotion"},{"floor":35,"key":"SneckoOil"},{"floor":36,"key":"ColorlessPotion"},{"floor":38,"key":"BloodPotion"},{"floor":46,"key":"PowerPotion"}],"is_trial":false,"path_per_floor":["M","?","T","M","M","R","?","R","T","M","E","M","R","M","R","B",null,"M","M","?","?","M","R","M","?","T","E","M","T","T","$","R","B",null,"M","M","T","M","$","E","?","R","T","?","?","M","$","M","R","B",null,"R","$","E","B",null],"character_chosen":"IRONCLAD","items_purchased":["MealTicket","Pantograph","Havoc","Corruption","Clothesline","Membership Card","Eternal Feather","Oddly Smooth Stone","Inflame","Shrug It Off","Energy Potion","SkillPotion","Dead Branch","MerchantsRug","Incense Burner","Fire Breathing","Second Wind","FossilizedHelix","Regen Potion","Dropkick","Exhume","Happy Flower","FearPotion"],"campfire_rested":0,"item_purchase_floors":[0,0,0,0,0,31,31,31,31,31,31,31,39,39,39,47,47,47,47,47,53,53,53],"current_hp_per_floor":[49,54,54,57,56,56,31,31,31,28,23,55,55,59,59,77,85,61,58,58,87,88,88,88,36,54,31,52,52,52,67,82,60,108,112,112,112,111,112,87,87,105,105,118,118,122,122,124,124,80,124,124,124,112,118],"gold":40,"neow_bonus":"","is_daily":false,"chose_seed":false,"campfire_upgraded":8,"win_rate":0.0,"timestamp":1613797785,"path_taken":["M","?","?","M","M","R","?","R","T","M","E","M","R","M","R","BOSS","M","M","?","?","M","R","M","?","T","E","M","?","?","$","R","BOSS","M","M","?","M","$","E","?","R","T","?","?","M","$","M","R","BOSS","R","$","E","BOSS"],"items_purchased_type":["Relic","Relic","Card","Card","Card","Relic","Relic","Relic","Card","Card","Potion","Potion","Relic","Relic","Relic","Card","Card","Relic","Potion","Card","Card","Relic","Potion"],"build_version":"2020-12-22","purchased_purges":4,"victory":true,"max_hp_per_floor":[80,85,85,85,85,85,85,85,85,85,85,85,85,85,85,85,85,85,88,88,88,88,88,88,92,92,103,103,103,103,103,103,103,108,112,112,112,112,112,118,118,118,118,118,118,122,122,124,124,124,124,124,124,124,124],"card_choices":[{"not_picked":["Intimidate","Reckless Charge"],"picked":"Rupture","floor":1},{"not_picked":["Flex","Anger"],"picked":"Power Through","floor":4},{"not_picked":["Dropkick","Bloodletting"],"picked":"Thunderclap","floor":5},{"not_picked":["Seeing Red","Perfected Strike"],"picked":"Hemokinesis","floor":10},{"not_picked":["Body Slam","Twin Strike"],"picked":"Uppercut","floor":11},{"not_picked":["Flex","Metallicize"],"picked":"Blood for Blood","floor":12},{"not_picked":["Rage","Feed"],"picked":"Evolve","floor":14},{"not_picked":["Demon Form","Brutality"],"picked":"Feed","floor":16},{"not_picked":["Clothesline","Body Slam"],"picked":"Twin Strike","floor":18},{"not_picked":["Rupture","Cleave+1"],"picked":"Heavy Blade+1","floor":19},{"not_picked":["Rage","Flex"],"picked":"Dropkick","floor":25},{"not_picked":["Shrug It Off","Feed"],"picked":"Rage+1","floor":27},{"not_picked":["Clothesline","Inflame"],"picked":"Battle Trance+1","floor":28},{"not_picked":["Impervious","Demon Form"],"picked":"Immolate","floor":33},{"not_picked":["Rampage","Warcry"],"picked":"Seeing Red","floor":34},{"not_picked":["Warcry+1","Shrug It Off"],"picked":"Feel No Pain+1","floor":35},{"not_picked":["Power Through+1","Wild Strike"],"picked":"Burning Pact","floor":36},{"not_picked":["Blood for Blood","Body Slam"],"picked":"Sever Soul","floor":38},{"not_picked":["Dropkick+1","Corruption","Metallicize"],"picked":"Singing Bowl","floor":40},{"not_picked":["Flex+1","Body Slam+1"],"picked":"Dark Embrace+1","floor":44},{"not_picked":["Dropkick","Body Slam"],"picked":"Twin Strike+1","floor":46},{"not_picked":["Warcry+1","Armaments","Heavy Blade"],"picked":"Singing Bowl","floor":48},{"not_picked":["True Grit+1","Pommel Strike+1"],"picked":"Pummel","floor":54}],"player_experience":122710,"relics_obtained":[{"floor":3,"key":"Bottled Tornado"},{"floor":11,"key":"Magic Flower"},{"floor":25,"key":"Red Mask"},{"floor":26,"key":"Lantern"},{"floor":27,"key":"Strawberry"},{"floor":27,"key":"Juzu Bracelet"},{"floor":29,"key":"Anchor"},{"floor":30,"key":"Self Forming Clay"},{"floor":37,"key":"Singing Bowl"},{"floor":40,"key":"Bottled Lightning"},{"floor":43,"key":"Boot"},{"floor":44,"key":"Unceasing Top"},{"floor":54,"key":"Kunai"}],"event_choices":[{"damage_healed":0,"gold_gain":0,"player_choice":"Donut","damage_taken":0,"max_hp_gain":5,"max_hp_loss":0,"event_name":"Big Fish","floor":2,"gold_loss":0},{"damage_healed":0,"gold_gain":0,"player_choice":"Success","damage_taken":25,"relics_obtained":["White Beast Statue"],"max_hp_gain":0,"max_hp_loss":0,"event_name":"Scrap Ooze","floor":7,"gold_loss":0},{"damage_healed":0,"gold_gain":99,"player_choice":"Stole From Cult","damage_taken":0,"max_hp_gain":0,"max_hp_loss":0,"event_name":"Nest","floor":20,"gold_loss":0},{"damage_healed":29,"gold_gain":0,"player_choice":"Heal","damage_taken":0,"max_hp_gain":0,"max_hp_loss":0,"event_name":"The Library","floor":21,"gold_loss":0},{"damage_healed":0,"gold_gain":0,"player_choice":"Fought Bandits","damage_taken":0,"max_hp_gain":0,"max_hp_loss":0,"event_name":"Masked Bandits","floor":25,"gold_loss":0},{"damage_healed":0,"gold_gain":222,"player_choice":"Wore Mask","damage_taken":0,"max_hp_gain":0,"max_hp_loss":0,"event_name":"Tomb of Lord Red Mask","floor":41,"gold_loss":0},{"damage_healed":0,"gold_gain":0,"player_choice":"Fight","damage_taken":0,"max_hp_gain":0,"max_hp_loss":0,"event_name":"MindBloom","floor":44,"gold_loss":0},{"cards_removed":["Strike_R"],"damage_healed":0,"gold_gain":0,"player_choice":"Offered Basic","damage_taken":0,"max_hp_gain":0,"max_hp_loss":0,"event_name":"Bonfire Elementals","floor":45,"gold_loss":0}],"is_beta":false,"boss_relics":[{"not_picked":["Empty Cage","Philosopher\u0027s Stone"],"picked":"Black Star"},{"not_picked":["Runic Pyramid","Calling Bell"],"picked":"Tiny House"}],"items_purged_floors":[31,39,47,53],"is_endless":false,"potions_floor_spawned":[1,5,10,11,12,14,16,18,19,22,24,25,27,28,33,35,36,38,40,44,46,48,54],"ascension_level":0}}