{"host":"dm5k5rdu7cxz3rox","time":1613811380,"event":{"mods":["AchievementEnabler","BaseMod","Colored Powertips","Highlight Path","Minty Spire (QoL Compilation)","Relic Stats"],"gold_per_floor":[20,34,44,44,44,44,79,79,79,102,102,121,121,121,121,251,251,191,205,56,92,111,154,154,154,154],"floor_reached":25,"language":"ENG","playtime":1600,"items_purged":[],"score":329,"play_id":"26def2e8-a782-44e8-a52a-344d668ae2fb","local_time":"20210220035620","is_ascension_mode":true,"campfire_choices":[{"floor":6,"key":"REST"},{"data":"Zap","floor":8,"key":"SMITH"},{"data":"Reinforced Body","floor":11,"key":"SMITH"},{"floor":13,"key":"REST"},{"data":"Buffer","floor":15,"key":"SMITH"},{"floor":24,"key":"REST"}],"circlet_count":0,"master_deck":["AscendersBane","Strike_B","Strike_B","Strike_B","Strike_B","Defend_B","Defend_B","Defend_B","Defend_B","Zap+1","Dualcast","Compile Driver","Rebound","Reinforced Body+1","Buffer+1","Conserve Battery","Hologram","Electrodynamics","Chill","Turbo+1","Hologram+1","Stack+1"],"relics":["Cracked Core","CaptainsWheel","Prayer Wheel","Golden Idol","MealTicket","Pantograph","Snecko Eye","Chemical X","Red Mask","Potion Belt"],"acts_visited":["Exordium","TheCity"],"potions_floor_usage":[7,16,23,23],"damage_taken":[{"damage":2,"enemies":"Jaw Worm","floor":1,"turns":4},{"damage":6,"enemies":"2 Louse","floor":2,"turns":2},{"damage":7,"enemies":"Small Slimes","floor":3,"turns":3},{"damage":33,"enemies":"Lagavulin","floor":7,"turns":9},{"damage":10,"enemies":"3 Louse","floor":10,"turns":3},{"damage":6,"enemies":"Large Slime","floor":12,"turns":5},{"damage":29,"enemies":"Slime Boss","floor":16,"turns":15},{"damage":4,"enemies":"2 Thieves","floor":18,"turns":4},{"damage":19,"enemies":"3 Byrds","floor":19,"turns":3},{"damage":16,"enemies":"Masked Bandits","floor":21,"turns":8},{"damage":18,"enemies":"Snake Plant","floor":22,"turns":7},{"damage":14,"enemies":"Book of Stabbing","floor":23,"turns":10},{"damage":44,"enemies":"Gremlin Leader","floor":25,"turns":6}],"seed_played":"6448218058018518302","potions_obtained":[{"floor":3,"key":"Block Potion"},{"floor":10,"key":"Energy Potion"},{"floor":19,"key":"Dexterity Potion"},{"floor":21,"key":"SpeedPotion"},{"floor":22,"key":"SteroidPotion"}],"is_trial":false,"path_per_floor":["M","M","M","?","?","R","E","R","T","M","R","M","R","?","R","B",null,"M","M","$","?","M","E","R","E"],"character_chosen":"DEFECT","items_purchased":["Chemical X"],"campfire_rested":3,"item_purchase_floors":[20],"current_hp_per_floor":[66,60,53,46,28,50,17,17,17,7,7,1,23,28,28,24,66,62,43,58,42,24,10,34,0,0],"gold":154,"neow_bonus":"ONE_RARE_RELIC","is_daily":false,"chose_seed":false,"campfire_upgraded":3,"win_rate":0.0,"timestamp":1613811380,"path_taken":["M","M","M","?","?","R","E","R","T","M","R","M","R","?","R","BOSS","M","M","$","?","M","E","R","E"],"items_purchased_type":["Relic"],"build_version":"2020-12-22","purchased_purges":0,"victory":false,"max_hp_per_floor":[75,75,75,75,75,75,75,75,75,75,75,75,75,80,80,80,80,80,80,80,80,80,80,80,80,80],"relic_stats":{"counters":[13,79],"Golden Idol":65,"Pantograph":25,"Snecko Eye":[52,53,82,56],"Prayer Wheel":5,"MealTicket":15,"Chemical X":[19],"obtain_stats":[{"Potion Belt":23,"CaptainsWheel":0,"Golden Idol":5,"Pantograph":9,"Snecko Eye":17,"Prayer Wheel":4,"MealTicket":7,"Red Mask":21,"Chemical X":20,"Cracked Core":0},{"Potion Belt":12,"CaptainsWheel":0,"Golden Idol":3,"Pantograph":4,"Snecko Eye":7,"Prayer Wheel":3,"MealTicket":4,"Red Mask":10,"Chemical X":9,"Cracked Core":0},{"Potion Belt":73,"CaptainsWheel":0,"Golden Idol":9,"Pantograph":18,"Snecko Eye":41,"Prayer Wheel":9,"MealTicket":18,"Red Mask":56,"Chemical X":48,"Cracked Core":0}]},"card_choices":[{"not_picked":["Streamline","Steam Power"],"picked":"Compile Driver","floor":1},{"not_picked":["Turbo","Redo"],"picked":"Rebound","floor":2},{"not_picked":["Ball Lightning","Beam Cell"],"picked":"Reinforced Body","floor":3},{"not_picked":["Redo","Rebound"],"picked":"Buffer","floor":7},{"not_picked":["Tempest","Blizzard"],"picked":"Conserve Battery","floor":10},{"not_picked":["Barrage","Scrape","Streamline"],"picked":"SKIP","floor":10},{"not_picked":["Stack","Steam"],"picked":"Hologram","floor":12},{"not_picked":["Gash","Melter","Loop"],"picked":"SKIP","floor":12},{"not_picked":["Machine Learning","Hyperbeam"],"picked":"Electrodynamics","floor":16},{"not_picked":["Tempest","Streamline+1","Chaos"],"picked":"SKIP","floor":18},{"not_picked":["Sweeping Beam","Turbo","White Noise"],"picked":"SKIP","floor":18},{"not_picked":["Steam","Gash"],"picked":"Chill","floor":19},{"not_picked":["Sweeping Beam+1","Reprogram"],"picked":"Turbo+1","floor":19},{"not_picked":["Reboot","Compile Driver"],"picked":"Hologram+1","floor":21},{"not_picked":["Double Energy","BootSequence+1","Turbo"],"picked":"SKIP","floor":22},{"not_picked":["Steam","Go for the Eyes","Rip and Tear"],"picked":"SKIP","floor":22},{"not_picked":["Go for the Eyes+1","Coolheaded"],"picked":"Stack+1","floor":23}],"player_experience":351897,"relics_obtained":[{"floor":7,"key":"MealTicket"},{"floor":9,"key":"Pantograph"},{"floor":21,"key":"Red Mask"},{"floor":23,"key":"Potion Belt"}],"event_choices":[{"damage_healed":0,"gold_gain":0,"player_choice":"Success","damage_taken":7,"relics_obtained":["Prayer Wheel"],"max_hp_gain":0,"max_hp_loss":0,"event_name":"Scrap Ooze","floor":4,"gold_loss":0},{"damage_healed":0,"gold_gain":0,"player_choice":"Take Damage","damage_taken":18,"relics_obtained":["Golden Idol"],"max_hp_gain":0,"max_hp_loss":0,"event_name":"Golden Idol","floor":5,"gold_loss":0},{"damage_healed":0,"gold_gain":0,"player_choice":"Donut","damage_taken":0,"max_hp_gain":5,"max_hp_loss":0,"event_name":"Big Fish","floor":14,"gold_loss":0},{"damage_healed":0,"gold_gain":0,"player_choice":"Fought Bandits","damage_taken":0,"max_hp_gain":0,"max_hp_loss":0,"event_name":"Masked Bandits","floor":21,"gold_loss":0}],"is_beta":false,"boss_relics":[{"not_picked":["SacredBark","Black Star"],"picked":"Snecko Eye"}],"items_purged_floors":[],"is_endless":false,"potions_floor_spawned":[3,10,19,21,22],"killed_by":"Gremlin Leader","ascension_level":10}}