{"host":"5f8yr5jxnqok2jdo","time":1613834701,"event":{"mods":["AchievementEnabler","BaseMod","Better Altar","Better Match","Better Note","Better Skull","Better Third Choice","Block Reminder","Colored Map","Colored Powertips","DeckTracker","Displayed Cursed Tome","Filter the Spire","Googly Eyes","Highlight Path","Key Reminder","Minty Spire (QoL Compilation)","Quick Restart","Rare Cards Sparkle","Relic Sorter","Relic Stats","ShortenTheSpire","Smile Girya","Spire Arcade","Spire Birthday Party","StSLib","Steal the Spire","SuperFastMode","Uncapped","Unceasing Turn Reminder","UnlockEverythingMod","Weighted Paths","everything is the same but u backflip on backflip","slay the spire mod where everything is the same but ironclad has a cowboy hat"],"gold_per_floor":[119,269,283,283,283,283,306,349,373,373,373],"floor_reached":10,"language":"ENG","playtime":128,"items_purged":[],"score":132,"play_id":"d2f153fd-410e-4918-9795-ee83dd3491b4","local_time":"20210220162501","is_ascension_mode":true,"campfire_choices":[{"floor":6,"key":"REST"}],"circlet_count":0,"master_deck":["AscendersBane","Strike_R","Strike_R+1","Strike_R","Strike_R","Strike_R","Defend_R","Defend_R","Defend_R","Defend_R","Bash+1","Doubt","Clothesline"],"relics":["Snecko Eye","Golden Idol","Regal Pillow","Tiny Chest"],"acts_visited":["Exordium"],"potions_floor_usage":[],"damage_taken":[{"damage":7,"enemies":"Jaw Worm","floor":1,"turns":2},{"damage":0,"enemies":"2 Louse","floor":3,"turns":2},{"damage":5,"enemies":"Small Slimes","floor":7,"turns":4},{"damage":24,"enemies":"Gremlin Nob","floor":8,"turns":4},{"damage":0,"enemies":"3 Sentries","floor":10,"turns":1}],"seed_played":"-5251140192808636480","potions_obtained":[{"floor":1,"key":"CultistPotion"}],"is_trial":false,"path_per_floor":["M","?","M","?","?","R","M","E","T","E"],"character_chosen":"IRONCLAD","items_purchased":[],"campfire_rested":1,"item_purchase_floors":[],"current_hp_per_floor":[61,61,61,35,12,34,29,5,5,5,5],"gold":373,"neow_bonus":"BOSS_RELIC","is_daily":false,"chose_seed":false,"campfire_upgraded":0,"win_rate":0.0,"timestamp":1613834701,"path_taken":["M","?","M","?","?","R","M","E","T","E"],"items_purchased_type":[],"build_version":"2020-12-22","purchased_purges":0,"victory":false,"max_hp_per_floor":[75,75,75,75,75,75,75,75,75,75,75],"relic_stats":{"Regal Pillow":0,"counters":[5,12],"Golden Idol":14,"Snecko Eye":[17,23,23,14],"Tiny Chest":0,"obtain_stats":[{"Regal Pillow":8,"Golden Idol":4,"Snecko Eye":0,"Tiny Chest":9,"Burning Blood":0},{"Regal Pillow":4,"Golden Idol":2,"Snecko Eye":0,"Tiny Chest":4,"Burning Blood":0},{"Regal Pillow":12,"Golden Idol":4,"Snecko Eye":0,"Tiny Chest":12,"Burning Blood":0}]},"card_choices":[{"not_picked":["Hemokinesis","True Grit","Pummel"],"picked":"SKIP","floor":1},{"not_picked":["Headbutt","Hemokinesis","Havoc"],"picked":"SKIP","floor":3},{"not_picked":["Iron Wave","Searing Blow"],"picked":"Clothesline","floor":7},{"not_picked":["Warcry","Power Through","Clothesline"],"picked":"SKIP","floor":8}],"player_experience":371717,"relics_obtained":[{"floor":8,"key":"Regal Pillow"},{"floor":9,"key":"Tiny Chest"}],"event_choices":[{"damage_healed":0,"gold_gain":150,"player_choice":"AGREE","damage_taken":119,"max_hp_gain":0,"max_hp_loss":0,"event_name":"betterThird:BetterSerpent","floor":2,"gold_loss":0},{"damage_healed":0,"gold_gain":0,"player_choice":"Take Damage","damage_taken":26,"relics_obtained":["Golden Idol"],"max_hp_gain":0,"max_hp_loss":0,"event_name":"Golden Idol","floor":4,"gold_loss":0},{"damage_healed":35,"gold_gain":0,"player_choice":"Upgrade","damage_taken":23,"max_hp_gain":0,"max_hp_loss":75,"event_name":"betterThird:BetterShining","floor":5,"gold_loss":0,"cards_upgraded":["Strike_R","Bash"]}],"is_beta":false,"boss_relics":[],"items_purged_floors":[],"is_endless":false,"potions_floor_spawned":[1],"killed_by":"3 Sentries","ascension_level":20}}