{"host":"syfsfjmzue8y1a6l","time":1613811418,"event":{"mods":["AchievementEnabler","BaseMod","Colored Map","DeckTracker","Minty Spire (QoL Compilation)","Permanent Neow","SuperFastMode"],"gold_per_floor":[113,132,132,54,72,72,92,126,149,99,124,149,149,176,176,283,355,373,382,382,382,155,191,215,242,242,242,280,291,321,176,176,176,176],"floor_reached":33,"language":"KOR","playtime":2092,"items_purged":["Demon Form","Whirlwind"],"score":307,"play_id":"6b37cf2b-ab3c-4b03-b0fa-0e0cfd6f7016","local_time":"20210220175658","is_ascension_mode":false,"campfire_choices":[{"data":"Bash","floor":6.0,"key":"SMITH"},{"data":"Warcry","floor":15.0,"key":"SMITH"},{"data":"Dark Embrace","floor":27,"key":"SMITH"},{"floor":32,"key":"REST"}],"circlet_count":0,"master_deck":["Bash+1","Anger","True Grit+1","Seeing Red+1","Ghostly Armor","Dual Wield","Second Wind+1","Flame Barrier","Shrug It Off","Warcry+1","Double Tap","Exhume","Anger","Wild Strike","Pommel Strike","Shockwave","Feel No Pain","Entrench","Burning Pact","Battle Trance","Dark Embrace+1","Corruption","Body Slam"],"relics":["Black Star","CeramicFish","Toy Ornithopter","War Paint","Oddly Smooth Stone","Pandora\u0027s Box","PreservedInsect","Bag of Preparation","Red Skull","Orichalcum","Matryoshka","TungstenRod","Blood Vial","Meat on the Bone"],"acts_visited":["Exordium","TheCity"],"potions_floor_usage":[16,16,28,29,30,33,33],"damage_taken":[{"damage":6.0,"enemies":"Jaw Worm","floor":1.0,"turns":5.0},{"damage":6.0,"enemies":"2 Louse","floor":2.0,"turns":3.0},{"damage":0.0,"enemies":"Small Slimes","floor":5.0,"turns":3.0},{"damage":4.0,"enemies":"Blue Slaver","floor":7.0,"turns":4.0},{"damage":27.0,"enemies":"Lagavulin","floor":8.0,"turns":8.0},{"damage":20.0,"enemies":"Gremlin Gang","floor":11.0,"turns":6.0},{"damage":12.0,"enemies":"Lots of Slimes","floor":12.0,"turns":6.0},{"damage":0.0,"enemies":"Exordium Thugs","floor":14.0,"turns":5.0},{"damage":16,"enemies":"Slime Boss","floor":16,"turns":10},{"damage":9,"enemies":"Spheric Guardian","floor":18,"turns":5},{"damage":24,"enemies":"Book of Stabbing","floor":23,"turns":6},{"damage":2,"enemies":"Shell Parasite","floor":24,"turns":6},{"damage":7,"enemies":"Cultist and Chosen","floor":25,"turns":7},{"damage":29,"enemies":"Gremlin Leader","floor":28,"turns":4},{"damage":0,"enemies":"Snake Plant","floor":29,"turns":3},{"damage":15,"enemies":"Book of Stabbing","floor":30,"turns":4},{"damage":56,"enemies":"Automaton","floor":33,"turns":10}],"seed_played":"-6984392635971979590","potions_obtained":[{"floor":7.0,"key":"EssenceOfSteel"},{"floor":11.0,"key":"Ancient Potion"},{"floor":12.0,"key":"BloodPotion"},{"floor":14.0,"key":"Swift Potion"},{"floor":16,"key":"Energy Potion"},{"floor":18,"key":"Explosive Potion"},{"floor":25,"key":"AttackPotion"},{"floor":28,"key":"DistilledChaos"},{"floor":29,"key":"ColorlessPotion"}],"is_trial":false,"path_per_floor":["M","M","?","$","M","R","M","E","T","?","M","M","?","M","R","B",null,"M","?","?","T","$","E","M","M","T","R","E","M","E","$","R","B"],"character_chosen":"IRONCLAD","items_purchased":["Seeing Red","Bag of Preparation","Body Slam"],"campfire_rested":1,"item_purchase_floors":[4,22,31],"current_hp_per_floor":[74,68,68,68,68,68,64,37,37,37,17,5,8,8,8,2,80,71,71,71,71,71,47,45,38,38,38,14,19,9,9,33,0,0],"gold":176,"neow_bonus":"BOSS_RELIC","is_daily":false,"chose_seed":false,"campfire_upgraded":3,"win_rate":0.0,"timestamp":1613811418,"path_taken":["M","M","?","$","M","R","M","E","T","?","M","M","?","M","R","BOSS","M","?","?","?","$","E","?","M","T","R","E","?","E","$","R","BOSS"],"items_purchased_type":["Card","Relic","Card"],"build_version":"2020-12-22","purchased_purges":2,"victory":false,"max_hp_per_floor":[80,80,80,80,80,80,80,80,80,80,80,80,80,80,80,80,80,80,80,80,80,80,80,80,80,80,80,80,80,80,80,80,80,80],"card_choices":[{"not_picked":["Bloodletting","Thunderclap"],"picked":"Anger","floor":1.0},{"not_picked":["Perfected Strike","Sword Boomerang"],"picked":"True Grit","floor":2.0},{"not_picked":["True Grit","Blood for Blood"],"picked":"Ghostly Armor","floor":5.0},{"not_picked":["Havoc","Berserk"],"picked":"Dual Wield","floor":7.0},{"not_picked":["Heavy Blade","Twin Strike"],"picked":"Second Wind","floor":8.0},{"not_picked":["Carnage","Sword Boomerang"],"picked":"Flame Barrier","floor":11.0},{"not_picked":["Ghostly Armor","Shockwave"],"picked":"Shrug It Off","floor":12.0},{"not_picked":["Combust","Twin Strike"],"picked":"Warcry","floor":14.0},{"not_picked":["Limit Break","Berserk"],"picked":"Double Tap","floor":16},{"not_picked":["Headbutt","Pommel Strike","Armaments"],"picked":"SKIP","floor":18},{"not_picked":["Headbutt+1","Hemokinesis"],"picked":"Burning Pact","floor":23},{"not_picked":["Bloodletting","Clothesline"],"picked":"Battle Trance","floor":24},{"not_picked":["Havoc","Warcry"],"picked":"Dark Embrace","floor":25},{"not_picked":["Demon Form","Warcry"],"picked":"Corruption","floor":28},{"not_picked":["Disarm","Ghostly Armor","Dual Wield"],"picked":"SKIP","floor":29},{"not_picked":["Flex+1","Shrug It Off+1","Evolve"],"picked":"SKIP","floor":30}],"player_experience":169620,"relics_obtained":[{"floor":8.0,"key":"CeramicFish"},{"floor":8.0,"key":"Toy Ornithopter"},{"floor":9.0,"key":"War Paint"},{"floor":21,"key":"PreservedInsect"},{"floor":23,"key":"Red Skull"},{"floor":23,"key":"Orichalcum"},{"floor":28,"key":"Matryoshka"},{"floor":28,"key":"TungstenRod"},{"floor":30,"key":"Blood Vial"},{"floor":30,"key":"Meat on the Bone"}],"event_choices":[{"damage_healed":0.0,"max_hp_gain":0.0,"max_hp_loss":0.0,"gold_gain":0.0,"event_name":"Living Wall","player_choice":"Grow","floor":3.0,"gold_loss":0.0,"damage_taken":0.0,"cards_upgraded":["True Grit"]},{"cards_removed":["Defend_R"],"damage_healed":0.0,"max_hp_gain":0.0,"max_hp_loss":0.0,"gold_gain":0.0,"event_name":"The Cleric","player_choice":"Card Removal","floor":10.0,"gold_loss":50.0,"damage_taken":0.0},{"damage_healed":0.0,"max_hp_gain":0.0,"max_hp_loss":0.0,"gold_gain":0.0,"event_name":"Scrap Ooze","player_choice":"Success","floor":13.0,"gold_loss":0.0,"damage_taken":18.0,"relics_obtained":["Oddly Smooth Stone"]},{"damage_healed":0,"gold_gain":0,"player_choice":"Read","damage_taken":0,"max_hp_gain":0,"max_hp_loss":0,"event_name":"The Library","floor":19,"gold_loss":0,"cards_obtained":["Entrench"]},{"damage_healed":0,"gold_gain":0,"player_choice":"Ignored","damage_taken":0,"max_hp_gain":0,"max_hp_loss":0,"event_name":"Cursed Tome","floor":20,"gold_loss":0}],"is_beta":false,"boss_relics":[{"not_picked":["Runic Cube","Velvet Choker"],"picked":"Pandora\u0027s Box"}],"items_purged_floors":[22,31],"is_endless":false,"potions_floor_spawned":[7,11,12,14,16,18,25,28,29],"killed_by":"Automaton","ascension_level":0}}