{"host":"i0m6ffz3lpe3z1ky","time":1613843473,"event":{"mods":["Aspiration","BaseMod","Bestiary","BetterRewards","Colored Map","Conspire","Energized Spire","Highlight Path","Hubris","Ironclad Rager","Minty Spire (QoL Compilation)","Quick Restart","Reliquary","Shop Mod","Spicy Shops","StSLib","Thieving Mod"],"gold_per_floor":[112,130,143,156,175,203,203,203,249,249,249,249,275,22,22,119,119,130,130,140,170,180,180,199,199,199,224,224,255,255,286,286,389,389,407,427,115,115,115,115,146,146,146,196,0,15,40,40,40,40],"floor_reached":51,"language":"KOR","playtime":2747,"items_purged":[],"score":1712,"play_id":"1c6dd242-95e9-4e14-82c1-221aea1880e7","local_time":"20210221025113","is_ascension_mode":true,"campfire_choices":[{"data":"Spot Weakness","floor":7,"key":"SMITH"},{"data":"Heavy Blade","floor":15,"key":"SMITH"},{"data":"Heavy Blade","floor":23,"key":"SMITH"},{"floor":25,"key":"DIG"},{"floor":30,"key":"DIG"},{"floor":32,"key":"DIG"},{"data":"1","floor":40,"key":"LIFT"},{"data":"2","floor":42,"key":"LIFT"},{"data":"3","floor":49,"key":"LIFT"}],"circlet_count":0,"master_deck":["conspire:GhostlyStrike","conspire:GhostlyStrike","conspire:GhostlyStrike","conspire:GhostlyDefend","conspire:GhostlyDefend","conspire:GhostlyDefend","conspire:GhostlyDefend","Bash","Shrug It Off","conspire:Charge+1","Cleave","Shrug It Off","Spot Weakness+1","Impervious","Heavy Blade+1","hubris:StunningStrike","Feel No Pain+1","Heavy Blade+1","Exhume","conspire:GhostlyStrike","conspire:GhostlyStrike","conspire:GhostlyStrike","conspire:GhostlyStrike","conspire:GhostlyDefend","conspire:GhostlyDefend","conspire:GhostlyDefend","conspire:GhostlyDefend","Bash","Shrug It Off","conspire:Charge+1","Cleave","Shrug It Off","Spot Weakness+1","Impervious","Heavy Blade+1","hubris:StunningStrike","Feel No Pain+1","Heavy Blade+1","Entrench+1","Feed","conspire:Charge+1","Limit Break","Heavy Blade"],"relics":["Burning Blood","reliquary:JackalopeAntler","Ancient Tea Set","hubris:ToyBattleship","hubris:Potato","Oddly Smooth Stone","Bag of Preparation","reliquary:WeakTea","ClockworkSouvenir","hubris:FunFungus","Bag of Marbles","aspiration:Lifesprig","Shovel","hubris:AstralHammer","reliquary:PorcupineQuills","hubris:CrackedHourglass","InkBottle","hubris:BundleOfHerbs","Kunai","hubris:TenFootPole","Lizard Tail","Juzu Bracelet","reliquary:Vitrine","hubris:PeanutButter","Coffee Dripper","Girya","Bottled Tornado","aspiration:StickyExplosives_weak","Turnip","Red Mask"],"acts_visited":["Exordium","TheCity","TheBeyond"],"potions_floor_usage":[5,6,6,29,41],"damage_taken":[{"damage":6,"enemies":"Small Slimes","floor":1,"turns":5},{"damage":1,"enemies":"2 Louse","floor":2,"turns":4},{"damage":0,"enemies":"Cultist","floor":3,"turns":3},{"damage":4,"enemies":"3 Louse","floor":4,"turns":2},{"damage":0,"enemies":"Lots of Slimes","floor":5,"turns":1},{"damage":5,"enemies":"Lagavulin","floor":6,"turns":8},{"damage":0,"enemies":"3 Sentries","floor":13,"turns":3},{"damage":12,"enemies":"The Guardian","floor":16,"turns":7},{"damage":0,"enemies":"3 Byrds","floor":18,"turns":5},{"damage":0,"enemies":"2 Thieves","floor":20,"turns":2},{"damage":16,"enemies":"conspire:MimicChest","floor":21,"turns":5},{"damage":1,"enemies":"Snake Plant","floor":22,"turns":6},{"damage":0,"enemies":"Chosen and Byrds","floor":24,"turns":3},{"damage":0,"enemies":"Gremlin Leader","floor":27,"turns":5},{"damage":8,"enemies":"Slavers","floor":29,"turns":5},{"damage":3,"enemies":"Book of Stabbing","floor":31,"turns":8},{"damage":0,"enemies":"Collector","floor":33,"turns":10},{"damage":0,"enemies":"3 Shapes","floor":35,"turns":4},{"damage":0,"enemies":"3 Darklings","floor":36,"turns":5},{"damage":0,"enemies":"Reptomancer","floor":41,"turns":3},{"damage":0,"enemies":"Mind Bloom Boss Battle","floor":44,"turns":6},{"damage":3,"enemies":"Writhing Mass","floor":46,"turns":4},{"damage":0,"enemies":"Nemesis","floor":47,"turns":7},{"damage":0,"enemies":"Time Eater","floor":50,"turns":9}],"seed_played":"-4764494138835315880","potions_obtained":[{"floor":1,"key":"ElixirPotion"},{"floor":4,"key":"Block Potion"},{"floor":5,"key":"GamblersBrew"},{"floor":20,"key":"Regen Potion"},{"floor":21,"key":"DuplicationPotion"},{"floor":27,"key":"BloodPotion"},{"floor":31,"key":"Weak Potion"},{"floor":36,"key":"SteroidPotion"},{"floor":44,"key":"Swift Potion"}],"is_trial":false,"path_per_floor":["M","M","M","M","M","E","R","$","T","?","?","?","E","$","R","B",null,"M","?","M","?","M","R","M","R","T","E","?","E","R","E","R","B",null,"M","M","$","T","?","R","E","R","T","?","?","M","E","?","R","B",null],"character_chosen":"IRONCLAD","items_purchased":["reliquary:JackalopeAntler","Ancient Tea Set","hubris:ToyBattleship","hubris:Potato","Oddly Smooth Stone","Bag of Preparation","reliquary:WeakTea","ClockworkSouvenir","Explosive Potion","hubris:AstralHammer","Heavy Blade","reliquary:PorcupineQuills","Girya"],"campfire_rested":0,"item_purchase_floors":[0,0,0,0,0,0,0,0,0,14,14,14,37],"current_hp_per_floor":[24,29,35,37,43,44,44,44,44,37,37,37,43,43,43,43,71,80,80,80,70,80,80,80,80,80,80,80,80,80,80,80,80,80,80,80,80,80,90,90,93,93,93,93,93,93,96,96,96,96],"gold":40,"neow_bonus":"","is_daily":false,"chose_seed":false,"campfire_upgraded":3,"win_rate":0.0,"timestamp":1613843473,"path_taken":["M","M","M","M","M","E","R","$","T","?","?","?","E","$","R","BOSS","M","?","M","?","M","R","?","R","T","E","?","E","R","E","R","BOSS","M","M","$","?","?","R","E","R","T","?","?","M","E","?","R","BOSS"],"items_purchased_type":["Relic","Relic","Relic","Relic","Relic","Relic","Relic","Relic","Potion","Relic","Card","Relic","Relic"],"build_version":"2020-12-22","purchased_purges":0,"victory":true,"max_hp_per_floor":[80,80,80,80,80,80,80,80,80,80,80,80,80,80,80,80,80,80,80,80,80,80,80,80,80,80,80,80,80,80,80,80,80,80,80,80,80,80,90,90,93,93,93,93,93,93,96,96,96,96],"card_choices":[{"not_picked":["Feel No Pain","Wild Strike"],"picked":"Shrug It Off","floor":1},{"not_picked":["Heavy Blade","Pummel"],"picked":"conspire:Charge","floor":2},{"not_picked":["Anger","Heavy Blade"],"picked":"Cleave","floor":3},{"not_picked":["hubris:ReadiedAction","Perfected Strike","Cleave"],"picked":"SKIP","floor":4},{"not_picked":["Bloodletting","Heavy Blade"],"picked":"Shrug It Off","floor":5},{"not_picked":["Impervious","Warcry"],"picked":"Spot Weakness","floor":6},{"not_picked":["Rampage","Perfected Strike"],"picked":"Impervious","floor":13},{"not_picked":["Brutality","Corruption"],"picked":"hubris:StunningStrike","floor":16},{"not_picked":["Thunderclap+1","Battle Trance","Warcry"],"picked":"SKIP","floor":18},{"not_picked":["Rage+1","Dual Wield+1","Havoc"],"picked":"SKIP","floor":20},{"not_picked":["Thunderclap","Twin Strike"],"picked":"Feel No Pain+1","floor":21},{"not_picked":["Clothesline","Iron Wave"],"picked":"Heavy Blade","floor":22},{"not_picked":["Havoc","Infernal Blade","Rupture"],"picked":"SKIP","floor":24},{"not_picked":["Rupture","Iron Wave+1"],"picked":"Exhume","floor":27},{"not_picked":["Thunderclap+1","Clothesline"],"picked":"Entrench+1","floor":29},{"not_picked":["Dual Wield","Havoc","Whirlwind"],"picked":"SKIP","floor":31},{"not_picked":["Juggernaut","Berserk"],"picked":"Feed","floor":33},{"not_picked":["Clothesline","True Grit"],"picked":"conspire:Charge+1","floor":35},{"not_picked":["Armaments","Rupture","Evolve+1"],"picked":"SKIP","floor":36},{"not_picked":["Pommel Strike","hubris:SharpeningStone"],"picked":"Limit Break","floor":41},{"not_picked":["Searing Blow","Clash"],"picked":"Heavy Blade","floor":46},{"not_picked":["Clash+1","True Grit","conspire:Charge"],"picked":"SKIP","floor":47}],"player_experience":408506,"relics_obtained":[{"floor":6,"key":"hubris:FunFungus"},{"floor":9,"key":"Bag of Marbles"},{"floor":13,"key":"Shovel"},{"floor":21,"key":"InkBottle"},{"floor":25,"key":"hubris:BundleOfHerbs"},{"floor":26,"key":"Kunai"},{"floor":27,"key":"hubris:TenFootPole"},{"floor":29,"key":"Lizard Tail"},{"floor":30,"key":"Juzu Bracelet"},{"floor":31,"key":"reliquary:Vitrine"},{"floor":32,"key":"hubris:PeanutButter"},{"floor":41,"key":"Bottled Tornado"},{"floor":43,"key":"aspiration:StickyExplosives_weak"},{"floor":44,"key":"Turnip"}],"event_choices":[{"damage_healed":0,"gold_gain":0,"player_choice":"Success","damage_taken":7,"relics_obtained":["aspiration:Lifesprig"],"max_hp_gain":0,"max_hp_loss":0,"event_name":"Scrap Ooze","floor":10,"gold_loss":0},{"damage_healed":0,"gold_gain":0,"player_choice":"Agree","damage_taken":0,"max_hp_gain":0,"max_hp_loss":0,"event_name":"conspire:LoneGhost","floor":11,"gold_loss":0},{"cards_removed":["conspire:GhostlyStrike"],"damage_healed":0,"gold_gain":0,"player_choice":"Elegance","damage_taken":0,"max_hp_gain":0,"max_hp_loss":0,"event_name":"Back to Basics","floor":19,"gold_loss":0},{"cards_removed":["Exhume"],"damage_healed":0,"gold_gain":0,"player_choice":"Offered Rare","damage_taken":0,"max_hp_gain":10,"max_hp_loss":0,"event_name":"Bonfire Elementals","floor":39,"gold_loss":0},{"damage_healed":0,"gold_gain":0,"player_choice":"Fight","damage_taken":0,"max_hp_gain":0,"max_hp_loss":0,"event_name":"MindBloom","floor":44,"gold_loss":0},{"damage_healed":0,"gold_gain":0,"player_choice":"Paid","damage_taken":0,"relics_obtained":["Red Mask"],"max_hp_gain":0,"max_hp_loss":0,"event_name":"Tomb of Lord Red Mask","floor":45,"gold_loss":196}],"is_beta":false,"boss_relics":[{"not_picked":["SacredBark","SlaversCollar"],"picked":"hubris:CrackedHourglass"},{"not_picked":["energizedSpire:EnergizedDie","reliquary:RedPaperclip"],"picked":"Coffee Dripper"}],"items_purged_floors":[],"is_endless":false,"potions_floor_spawned":[1,4,5,20,21,27,31,36,41,44],"ascension_level":6}}