{"host":"x7btokbb0w2jhl7e","time":1613817826,"event":{"mods":["Act Like it!","BaseMod","Gensokyo","Marisa£®ÏF”Í°°ƒß¿Ì…≥£©","Minty Spire (QoL Compilation)","Quick Restart","StSLib","°æ“≈ŒÔø®≈∆°øREMEMod"],"gold_per_floor":[117,117,117,117,133,133,166,166,166,166,196,196],"floor_reached":11,"language":"ZHS","playtime":380,"items_purged":[],"score":188,"play_id":"2560b9a7-11d3-4f7f-86de-d7d1d6c3f6bf","local_time":"20210220184346","is_ascension_mode":true,"campfire_choices":[{"data":"Apotheosis","floor":6.0,"key":"SMITH"},{"floor":8.0,"key":"RECALL"},{"data":"Carnage","floor":10.0,"key":"SMITH"}],"circlet_count":0,"master_deck":["AscendersBane","Strike_R","Strike_R","Strike_R","Strike_R","Strike_R","Defend_R","Defend_R","Defend_R","Defend_R","Bash","Apotheosis+1","REME_ProfessionalPlagiarism","Rampage","Carnage+1","Impervious"],"relics":["REME_ComplimentaryCards","REME_LowDesire","Red Skull","REME_PuzzleBoxRelic","Blood Vial","REME_LimitBreaker"],"acts_visited":["Gensokyo:Gensokyo"],"potions_floor_usage":[11],"damage_taken":[{"damage":6.0,"enemies":"Gensokyo:3_Fairies","floor":1.0,"turns":3.0},{"damage":3.0,"enemies":"Gensokyo:Gryphon","floor":5.0,"turns":3.0},{"damage":0.0,"enemies":"Gensokyo:Mamizou","floor":7.0,"turns":5.0},{"damage":15,"enemies":"Gensokyo:Cirno","floor":11,"turns":7}],"seed_played":"8224027850842721067","potions_obtained":[{"floor":5.0,"key":"SteroidPotion"},{"floor":7.0,"key":"Fire Potion"}],"is_trial":false,"path_per_floor":["M","?","?","?","M","R","E","R","T","R","E"],"character_chosen":"IRONCLAD","items_purchased":[],"campfire_rested":0,"item_purchase_floors":[],"current_hp_per_floor":[62,62,62,62,59,59,59,59,59,59,46,46],"gold":196,"neow_bonus":"BOSS_RELIC","is_daily":false,"chose_seed":false,"campfire_upgraded":2,"win_rate":0.0,"timestamp":1613817826,"path_taken":["M","?","?","?","M","R","E","R","T","R","E"],"items_purchased_type":[],"build_version":"2020-12-22","purchased_purges":0,"victory":false,"max_hp_per_floor":[75,75,75,75,75,75,75,75,75,75,75,75],"card_choices":[{"not_picked":["Body Slam","Flex","Iron Wave"],"picked":"REME_ProfessionalPlagiarism","floor":1.0},{"not_picked":["Fire Breathing","Cleave","REME_AllRoundStrike"],"picked":"Rampage","floor":4.0},{"not_picked":["Sword Boomerang","Iron Wave","Transmutation"],"picked":"Carnage","floor":5.0},{"not_picked":["Twin Strike","Metallicize","REME_BuildACard"],"picked":"Impervious","floor":7.0}],"player_experience":303522,"relics_obtained":[{"floor":0.0,"key":"Red Skull"},{"floor":0.0,"key":"REME_PuzzleBoxRelic"},{"floor":7.0,"key":"Blood Vial"},{"floor":11,"key":"REME_LimitBreaker"}],"event_choices":[],"is_beta":false,"boss_relics":[],"items_purged_floors":[],"is_endless":false,"potions_floor_spawned":[5,7],"killed_by":"Gensokyo:Cirno","ascension_level":20}}