{"host":"3rc9o2vvt7u1aztt","time":1613844136,"event":{"mods":["AchievementEnabler","Ascension Reborn","BaseMod","Best Route Mod","Bestiary","Better Silent Start","Better Third Choice","Better Vampires","BetterRewards","Block Reminder","Card Forge","Colored Map","Defuse TimeMaze Blight","Disable Question Mark Monsters","Displayed Cursed Tome","Minty Spire (QoL Compilation)","Permanent Neow","Relic Stats","Reorder Act Four","Shop Mod","Spicy Shops","StSLib","Transform Curses","Uncapped"],"gold_per_floor":[111,57,57,57,57,83,83,83],"floor_reached":7,"language":"ENG","playtime":148,"items_purged":[],"score":47,"play_id":"1c8aed7b-25fc-444e-bfb5-3c4f44aaa437","local_time":"20210220190216","daily_mods":["Vintage","Heirloom","Time Dilation","Flight","DeadlyEvents","Elite Swarm"],"is_ascension_mode":false,"campfire_choices":[],"circlet_count":0,"master_deck":["Strike_B","Strike_B","Strike_B","Defend_B","Defend_B","Defend_B","Defend_B","Zap","Dualcast","Electrodynamics"],"relics":["Cracked Core","Hammer of Thor","Seething Fire","Anvil of the Gods","Du-Vu Doll","Question Card","Smiling Mask","DataDisk"],"acts_visited":["Exordium"],"potions_floor_usage":[],"damage_taken":[{"damage":5,"enemies":"2 Louse","floor":1,"turns":2},{"damage":48,"enemies":"Gremlin Nob","floor":6,"turns":5},{"damage":22,"enemies":"Lagavulin","floor":7,"turns":5}],"seed_played":"2959621202893355478","potions_obtained":[],"is_trial":true,"path_per_floor":["M","?","$","?","?","E","E"],"character_chosen":"DEFECT","items_purchased":[],"campfire_rested":0,"item_purchase_floors":[],"current_hp_per_floor":[70,70,70,70,70,22,0,0],"gold":83,"neow_bonus":"","is_daily":false,"chose_seed":false,"campfire_upgraded":0,"win_rate":0.0,"timestamp":1613844136,"path_taken":["M","?","?","?","?","E","E"],"items_purchased_type":[],"build_version":"2020-12-22","purchased_purges":0,"victory":false,"max_hp_per_floor":[75,75,75,75,75,75,75,75],"relic_stats":{"counters":[3,12],"Question Card":1,"Smiling Mask":0,"obtain_stats":[{"Du-Vu Doll":0,"DataDisk":6,"Anvil of the Gods":0,"Hammer of Thor":0,"Seething Fire":0,"Cracked Core":0,"Question Card":1,"Smiling Mask":2},{"Du-Vu Doll":0,"DataDisk":2,"Anvil of the Gods":0,"Hammer of Thor":0,"Seething Fire":0,"Cracked Core":0,"Question Card":1,"Smiling Mask":1},{"Du-Vu Doll":0,"DataDisk":7,"Anvil of the Gods":0,"Hammer of Thor":0,"Seething Fire":0,"Cracked Core":0,"Question Card":2,"Smiling Mask":2}]},"card_choices":[{"not_picked":["Meteor Strike","Buffer","Reboot"],"picked":"Electrodynamics","floor":6}],"player_experience":372538,"relics_obtained":[{"floor":1,"key":"Question Card"},{"floor":6,"key":"DataDisk"}],"event_choices":[{"damage_healed":0,"gold_gain":0,"player_choice":"Paid Gold","damage_taken":0,"relics_obtained":["Smiling Mask"],"max_hp_gain":0,"max_hp_loss":0,"event_name":"WeMeetAgain","floor":2,"gold_loss":54},{"damage_healed":0,"gold_gain":0,"player_choice":"Leave","damage_taken":0,"max_hp_gain":0,"max_hp_loss":0,"event_name":"The Cleric","floor":4,"gold_loss":0},{"cards_removed":["Strike_B"],"damage_healed":0,"gold_gain":0,"player_choice":"Purged","damage_taken":0,"max_hp_gain":0,"max_hp_loss":0,"event_name":"Purifier","floor":5,"gold_loss":0}],"is_beta":false,"boss_relics":[],"items_purged_floors":[],"is_endless":true,"potions_floor_spawned":[],"killed_by":"Lagavulin","ascension_level":0}}