{"host":"xm0tf1maiknh0fp9","time":1613834963,"event":{"mods":["BaseMod","Colored Map","Colored Powertips","Googly Eyes","Minty Spire (QoL Compilation)","Replay The Spire","StSLib"],"gold_per_floor":[117,131,56,6,21,21,34,69,69,69,94,169,96,123,123,228,228,228,228,228,228,228,228,228,228,228,228,27,27,27,27,27,27,27,27,27,27,27,27,27,27,27,27,27,27,27,27,27,27,27],"floor_reached":51,"language":"ENG","playtime":2709,"items_purged":["Strike_P","Strike_P"],"score":983,"play_id":"37e96e1e-2d20-431e-9c5e-74c6df554ff3","local_time":"20210220102923","is_ascension_mode":true,"campfire_choices":[{"data":"Eruption","floor":6,"key":"SMITH"},{"data":"CutThroughFate","floor":10,"key":"SMITH"},{"data":"FlurryOfBlows","floor":15,"key":"SMITH"},{"floor":23,"key":"REST"},{"data":"ConjureBlade","floor":25,"key":"SMITH"},{"floor":32,"key":"REST"},{"floor":40,"key":"REST"},{"data":"MasterReality","floor":42,"key":"SMITH"},{"floor":44,"key":"REST"},{"floor":49,"key":"REST"}],"circlet_count":0,"master_deck":["Strike_P","Defend_P","Defend_P","Defend_P","Defend_P","Eruption+1","Vigilance","FlurryOfBlows+1","CutThroughFate+1","Vengeance","ConjureBlade+1","FlurryOfBlows+1","WheelKick","JustLucky+1","Weave","MasterReality+1"],"relics":["PureWater","PreservedInsect","Bird Faced Urn","Shuriken","MealTicket","ReplayTheSpireMod:Shallot","Ectoplasm","Bottled Lightning","ReplayTheSpireMod:TigerMarble","Velvet Choker","Bag of Preparation","Frozen Egg 2","InkBottle"],"acts_visited":["Exordium","TheCity","TheBeyond"],"potions_floor_usage":[14,16,16,16,16,22,22,28,35,46,50,50],"damage_taken":[{"damage":0.0,"enemies":"Small Slimes","floor":1.0,"turns":2.0},{"damage":0.0,"enemies":"Jaw Worm","floor":2.0,"turns":1.0},{"damage":0.0,"enemies":"2 Louse","floor":5.0,"turns":3.0},{"damage":15,"enemies":"2 Fungi Beasts","floor":7,"turns":3},{"damage":10,"enemies":"Gremlin Nob","floor":8,"turns":3},{"damage":0,"enemies":"Lagavulin","floor":14,"turns":2},{"damage":19,"enemies":"Hexaghost","floor":16,"turns":6},{"damage":1,"enemies":"3 Byrds","floor":18,"turns":5},{"damage":2,"enemies":"Shell Parasite","floor":19,"turns":4},{"damage":11,"enemies":"Centurion and Healer","floor":21,"turns":2},{"damage":15,"enemies":"Shelled Parasite and Fungi","floor":22,"turns":3},{"damage":1,"enemies":"Snecko","floor":24,"turns":3},{"damage":26,"enemies":"Slavers","floor":27,"turns":7},{"damage":0,"enemies":"Cultist and Chosen","floor":29,"turns":3},{"damage":9,"enemies":"Centurion and Healer","floor":30,"turns":3},{"damage":25,"enemies":"Champ","floor":33,"turns":5},{"damage":24,"enemies":"3 Shapes","floor":35,"turns":6},{"damage":2,"enemies":"Orb Walker","floor":36,"turns":3},{"damage":14,"enemies":"Transient","floor":37,"turns":5},{"damage":7,"enemies":"Giant Head","floor":41,"turns":4},{"damage":20,"enemies":"3 Darklings","floor":45,"turns":3},{"damage":12,"enemies":"Jaw Worm Horde","floor":46,"turns":3},{"damage":0,"enemies":"4 Shapes","floor":48,"turns":4},{"damage":60,"enemies":"Time Eater","floor":50,"turns":5}],"seed_played":"7383658567268385350","potions_obtained":[{"floor":1.0,"key":"SkillPotion"},{"floor":7,"key":"FearPotion"},{"floor":14,"key":"EntropicBrew"},{"floor":18,"key":"BlessingOfTheForge"},{"floor":21,"key":"FearPotion"},{"floor":24,"key":"Reflective Coating"},{"floor":33,"key":"Milkshake"},{"floor":37,"key":"SpeedPotion"},{"floor":45,"key":"ColorlessPotion"},{"floor":46,"key":"PowerPotion"}],"is_trial":false,"path_per_floor":["M","M","$","?","M","R","M","E","T","R","T","?","$","E","R","B",null,"M","M","?","M","M","R","M","R","T","E","$","M","M","?","R","B",null,"M","M","M","?","?","R","E","R","T","R","M","M","?","M","R","B",null],"character_chosen":"WATCHER","items_purchased":["Vengeance","Fruit Juice"],"campfire_rested":5,"item_purchase_floors":[13,28],"current_hp_per_floor":[65,65,65,65,65,65,50,40,40,40,40,29,44,44,44,25,60,59,57,57,46,31,52,51,51,51,25,45,45,36,36,59,34,66,42,42,30,30,30,53,48,48,48,71,51,41,41,45,68,12],"gold":27,"neow_bonus":"RANDOM_COMMON_RELIC","is_daily":false,"chose_seed":false,"campfire_upgraded":5,"win_rate":0.0,"timestamp":1613834963,"path_taken":["M","M","$","?","M","R","M","E","T","R","?","?","$","E","R","BOSS","M","M","?","M","M","R","M","R","T","E","$","M","M","?","R","BOSS","M","M","?","?","?","R","E","R","T","R","?","M","?","M","R","BOSS"],"items_purchased_type":["Card","Potion"],"build_version":"2020-12-22","purchased_purges":2,"victory":true,"max_hp_per_floor":[72,72,72,72,72,72,72,72,72,72,72,72,72,72,72,72,72,72,72,72,72,72,72,72,72,72,72,77,77,77,77,77,77,77,77,77,77,77,77,77,77,77,77,77,77,77,77,77,77,77],"card_choices":[{"not_picked":["ClearTheMind","EmptyBody"],"picked":"FlurryOfBlows","floor":1.0},{"not_picked":["Halt","Study"],"picked":"CutThroughFate","floor":2.0},{"not_picked":["CrushJoints","BowlingBash","Evaluate"],"picked":"SKIP","floor":5.0},{"not_picked":["Consecrate","Establishment","Adaptation"],"picked":"SKIP","floor":7},{"not_picked":["Replay:ManipulateFuture","JustLucky","WindmillStrike"],"picked":"SKIP","floor":8},{"not_picked":["Prostrate","Consecrate","Replay:DivineShield"],"picked":"SKIP","floor":14},{"not_picked":["Blasphemy","Devotion"],"picked":"ConjureBlade","floor":16},{"not_picked":["DeceiveReality","Replay:AtTheReady"],"picked":"FlurryOfBlows+1","floor":18},{"not_picked":["ThirdEye+1","Replay:Cycle+1","Adaptation"],"picked":"SKIP","floor":19},{"not_picked":["WindmillStrike","Vengeance","PathToVictory"],"picked":"SKIP","floor":21},{"not_picked":["FlyingSleeves","Study","Conclude"],"picked":"SKIP","floor":22},{"not_picked":["FlurryOfBlows+1","Meditate"],"picked":"JustLucky+1","floor":24},{"not_picked":["EmptyFist","ForeignInfluence","Consecrate+1"],"picked":"SKIP","floor":27},{"not_picked":["Evaluate","EmptyFist"],"picked":"Weave","floor":29},{"not_picked":["FlyingSleeves","InnerPeace","Replay:BluntJabs"],"picked":"SKIP","floor":30},{"not_picked":["Replay:LoomingThreat","DeusExMachina"],"picked":"MasterReality","floor":33},{"not_picked":["Evaluate","EmptyBody+1","Crescendo+1"],"picked":"SKIP","floor":35},{"not_picked":["Replay:AtTheReady","WaveOfTheHand+1","Consecrate+1"],"picked":"SKIP","floor":36},{"not_picked":["SashWhip","EmptyFist+1","LikeWater"],"picked":"SKIP","floor":37},{"not_picked":["JustLucky+1","EmptyFist+1","Replay:BluntJabs"],"picked":"SKIP","floor":41},{"not_picked":["Worship+1","ClearTheMind+1","SignatureMove+1"],"picked":"SKIP","floor":45},{"not_picked":["PathToVictory","SignatureMove+1","WaveOfTheHand+1"],"picked":"SKIP","floor":46},{"not_picked":["Perseverance+1","Sanctity","WaveOfTheHand"],"picked":"SKIP","floor":48}],"player_experience":184332,"relics_obtained":[{"floor":8,"key":"Bird Faced Urn"},{"floor":9,"key":"Shuriken"},{"floor":11,"key":"MealTicket"},{"floor":14,"key":"ReplayTheSpireMod:Shallot"},{"floor":26,"key":"Bottled Lightning"},{"floor":27,"key":"ReplayTheSpireMod:TigerMarble"},{"floor":41,"key":"Frozen Egg 2"},{"floor":43,"key":"InkBottle"}],"event_choices":[{"cards_removed":["Strike_P"],"damage_healed":0.0,"max_hp_gain":0.0,"max_hp_loss":0.0,"gold_gain":0.0,"event_name":"The Cleric","player_choice":"Card Removal","floor":4.0,"gold_loss":50.0,"damage_taken":0.0},{"damage_healed":0,"gold_gain":75,"player_choice":"Gather Gold","damage_taken":11,"max_hp_gain":0,"max_hp_loss":0,"event_name":"World of Goop","floor":12,"gold_loss":0},{"damage_healed":0,"gold_gain":0,"player_choice":"Read","damage_taken":0,"max_hp_gain":0,"max_hp_loss":0,"event_name":"The Library","floor":20,"gold_loss":0,"cards_obtained":["WheelKick"]},{"damage_healed":0,"gold_gain":0,"player_choice":"0 cards matched","damage_taken":0,"max_hp_gain":0,"max_hp_loss":0,"event_name":"Match and Keep!","floor":31,"gold_loss":0,"cards_obtained":[]},{"damage_healed":0,"gold_gain":0,"player_choice":"Gave Potion","damage_taken":0,"relics_obtained":["Bag of Preparation"],"max_hp_gain":0,"max_hp_loss":0,"event_name":"WeMeetAgain","floor":39,"gold_loss":0},{"damage_healed":0,"gold_gain":0,"player_choice":"Ignored","damage_taken":0,"max_hp_gain":0,"max_hp_loss":0,"event_name":"Mysterious Sphere","floor":47,"gold_loss":0}],"is_beta":false,"boss_relics":[{"not_picked":["Honey Jar","Replay:Bronze Core"],"picked":"Ectoplasm"},{"not_picked":["Cursed Key","Kintsugi"],"picked":"Velvet Choker"}],"items_purged_floors":[3,28],"is_endless":false,"potions_floor_spawned":[1,7,14,18,21,24,33,37,45,46],"ascension_level":8}}