{"host":"ja1hwiq7y0qwrz6v","time":1613804588,"event":{"mods":["BaseMod","Bestiary","Minty Spire (QoL Compilation)","Relic Stats"],"gold_per_floor":[109,109,121,132,151,179,207,61,107,107,107],"floor_reached":10,"language":"ENG","playtime":544,"items_purged":[],"score":116,"play_id":"f883cc5d-67f4-426b-a786-e997917a356f","local_time":"20210219230308","is_ascension_mode":true,"campfire_choices":[],"circlet_count":0,"master_deck":["AscendersBane","Strike_B","Strike_B","Defend_B","Defend_B","Defend_B","Zap","Dualcast","Fission+1","Rebound+1","Sunder+1","Undo","BootSequence","Conserve Battery","Loop","Rip and Tear","Hello World","Reboot"],"relics":["Astrolabe","Mummified Hand","Potion Belt","Odd Mushroom","Oddly Smooth Stone"],"acts_visited":["Exordium"],"potions_floor_usage":[],"damage_taken":[{"damage":0,"enemies":"2 Louse","floor":1,"turns":2},{"damage":12,"enemies":"Jaw Worm","floor":3,"turns":3},{"damage":0,"enemies":"Cultist","floor":4,"turns":4},{"damage":7,"enemies":"Exordium Wildlife","floor":5,"turns":4},{"damage":9,"enemies":"Lagavulin","floor":6,"turns":8},{"damage":0,"enemies":"The Mushroom Lair","floor":7,"turns":3},{"damage":22,"enemies":"3 Sentries","floor":10,"turns":4}],"seed_played":"-1917619311755026375","potions_obtained":[{"floor":1,"key":"PotionOfCapacity"},{"floor":6,"key":"FearPotion"},{"floor":7,"key":"Strength Potion"}],"is_trial":false,"path_per_floor":["M","?","M","M","M","E","?","$","T","E"],"character_chosen":"DEFECT","items_purchased":["Reboot"],"campfire_rested":0,"item_purchase_floors":[8],"current_hp_per_floor":[64,46,34,34,27,18,18,18,18,0,0],"gold":107,"neow_bonus":"BOSS_RELIC","is_daily":false,"chose_seed":false,"campfire_upgraded":0,"win_rate":0.0,"timestamp":1613804588,"path_taken":["M","?","M","M","M","E","?","?","T","E"],"items_purchased_type":["Card"],"build_version":"2020-12-22","purchased_purges":0,"victory":false,"max_hp_per_floor":[71,71,71,71,71,71,71,71,71,71,71],"relic_stats":{"counters":[7,28],"Mummified Hand":[2],"Astrolabe":["Fission","Rebound","Sunder"],"obtain_stats":[{"Potion Belt":6,"Mummified Hand":2,"Astrolabe":0,"Oddly Smooth Stone":9,"Odd Mushroom":7,"Cracked Core":0},{"Potion Belt":5,"Mummified Hand":1,"Astrolabe":0,"Oddly Smooth Stone":6,"Odd Mushroom":6,"Cracked Core":0},{"Potion Belt":21,"Mummified Hand":2,"Astrolabe":0,"Oddly Smooth Stone":24,"Odd Mushroom":24,"Cracked Core":0}]},"card_choices":[{"not_picked":["Conserve Battery","Coolheaded"],"picked":"Undo","floor":1},{"not_picked":["Barrage","Conserve Battery"],"picked":"BootSequence","floor":3},{"not_picked":["Leap","Streamline"],"picked":"Conserve Battery","floor":4},{"not_picked":["Steam","Hologram"],"picked":"Loop","floor":5},{"not_picked":["Hologram","Tempest"],"picked":"Rip and Tear","floor":6},{"not_picked":["Scrape","Reprogram"],"picked":"Hello World","floor":7}],"player_experience":443145,"relics_obtained":[{"floor":6,"key":"Potion Belt"},{"floor":7,"key":"Odd Mushroom"},{"floor":9,"key":"Oddly Smooth Stone"}],"event_choices":[{"damage_healed":0,"gold_gain":0,"player_choice":"Success","damage_taken":18,"relics_obtained":["Mummified Hand"],"max_hp_gain":0,"max_hp_loss":0,"event_name":"Scrap Ooze","floor":2,"gold_loss":0},{"damage_healed":0,"gold_gain":0,"player_choice":"Fought Mushrooms","damage_taken":0,"max_hp_gain":0,"max_hp_loss":0,"event_name":"Mushrooms","floor":7,"gold_loss":0}],"is_beta":false,"boss_relics":[],"items_purged_floors":[],"is_endless":false,"potions_floor_spawned":[1,6,7],"killed_by":"3 Sentries","ascension_level":14}}