{"host":"neeznpvpgo0qgfkd","time":1613789395,"event":{"mods":["AchievementEnabler","BaseMod","BetterRewards","Colored Map","Colored Powertips","Exacting","Minty Spire (QoL Compilation)","Permanent Neow","Quick Restart","Shop Mod"],"gold_per_floor":[118,118,118,2,22,56,100,142,196,271,126,126,126,310,310,436,436,465,390,411,253,253,253,253],"floor_reached":23,"language":"ENG","playtime":622,"items_purged":[],"score":500,"play_id":"5e24ea1c-5858-4481-af41-18027e4d7306","local_time":"20210219214955","is_ascension_mode":true,"campfire_choices":[{"floor":12,"key":"REST"},{"floor":15,"key":"DIG"}],"circlet_count":0,"master_deck":["Strike_R","Strike_R","Strike_R","Strike_R","Strike_R","Defend_R","Defend_R","Defend_R+1","Defend_R","Bash+1","Combust","Flex","Swift Strike","Cleave","Dark Embrace","Dropkick","Blood for Blood","Pummel","Blood for Blood","Blood for Blood","Feed","Fire Breathing","Heavy Blade+1","Panache"],"relics":["Burning Blood","Kunai","Brimstone","Du-Vu Doll","Pantograph","Shovel","Paper Frog","CeramicFish","Gremlin Horn","Red Skull","ClockworkSouvenir","Blue Candle","Mark of Pain","Nilry\u0027s Codex"],"acts_visited":["Exordium","TheCity"],"potions_floor_usage":[8,23,23],"damage_taken":[{"damage":8.0,"enemies":"Jaw Worm","floor":1.0,"turns":3.0},{"damage":2.0,"enemies":"Small Slimes","floor":5.0,"turns":2.0},{"damage":24.0,"enemies":"Lagavulin","floor":6.0,"turns":3.0},{"damage":0,"enemies":"Cultist","floor":7,"turns":1},{"damage":19,"enemies":"Gremlin Nob","floor":8,"turns":3},{"damage":3,"enemies":"Slime Boss","floor":16,"turns":6},{"damage":32,"enemies":"2 Thieves","floor":18,"turns":3},{"damage":30,"enemies":"Shell Parasite","floor":20,"turns":3},{"damage":21,"enemies":"Book of Stabbing","floor":23,"turns":2}],"seed_played":"-1547015555138907322","potions_obtained":[{"floor":6.0,"key":"Swift Potion"},{"floor":7,"key":"Block Potion"},{"floor":16,"key":"Ancient Potion"},{"floor":18,"key":"SteroidPotion"}],"is_trial":false,"path_per_floor":["M","?","?","?","M","E","M","E","T","?","$","R","$","?","R","B",null,"M","?","M","$","?","E"],"character_chosen":"IRONCLAD","items_purchased":["Kunai","Brimstone","Combust","Pantograph","Flex","Swift Strike","Cleave","Dark Embrace","ClockworkSouvenir","Panache"],"campfire_rested":1,"item_purchase_floors":[0,0,0,0,0,0,0,0,11,21],"current_hp_per_floor":[70,70,54,54,58,40,46,33,33,22,22,46,46,46,46,74,79,53,53,29,29,13,0,0],"gold":253,"neow_bonus":"","is_daily":false,"chose_seed":false,"campfire_upgraded":0,"win_rate":0.0,"timestamp":1613789395,"path_taken":["M","?","?","?","?","E","M","E","T","?","$","R","$","?","R","BOSS","M","?","M","$","?","E"],"items_purchased_type":["Relic","Relic","Card","Relic","Card","Card","Card","Card","Relic","Card"],"build_version":"2020-12-22","purchased_purges":0,"victory":false,"max_hp_per_floor":[80,80,80,80,80,80,80,80,80,80,80,80,80,80,80,80,80,80,80,80,80,80,80,80],"card_choices":[{"not_picked":["Pommel Strike","Blood for Blood"],"picked":"Dropkick","floor":1.0},{"not_picked":["Spot Weakness","True Grit"],"picked":"Blood for Blood","floor":5.0},{"not_picked":["Blood for Blood","Armaments"],"picked":"Pummel","floor":6.0},{"not_picked":["Hemokinesis","Burning Pact"],"picked":"Blood for Blood","floor":7},{"not_picked":["Impervious","Clothesline"],"picked":"Blood for Blood","floor":8},{"not_picked":["Barricade","Juggernaut"],"picked":"Feed","floor":16},{"not_picked":["Seeing Red","Hemokinesis"],"picked":"Fire Breathing","floor":18},{"not_picked":["Warcry","Searing Blow"],"picked":"Heavy Blade+1","floor":20}],"player_experience":1469414,"relics_obtained":[{"floor":6.0,"key":"CeramicFish"},{"floor":8,"key":"Gremlin Horn"},{"floor":9,"key":"Red Skull"},{"floor":15,"key":"Blue Candle"},{"floor":22,"key":"Nilry\u0027s Codex"}],"event_choices":[{"damage_healed":0.0,"max_hp_gain":0.0,"max_hp_loss":0.0,"gold_gain":0.0,"event_name":"The Cleric","player_choice":"Leave","floor":2.0,"gold_loss":0.0,"damage_taken":0.0},{"damage_healed":0.0,"max_hp_gain":0.0,"max_hp_loss":0.0,"gold_gain":0.0,"event_name":"Shining Light","player_choice":"Entered Light","floor":3.0,"gold_loss":0.0,"damage_taken":16.0,"cards_upgraded":["Bash","Defend_R"]},{"damage_healed":0.0,"max_hp_gain":0.0,"max_hp_loss":0.0,"gold_gain":0.0,"event_name":"WeMeetAgain","player_choice":"Paid Gold","floor":4.0,"gold_loss":116.0,"damage_taken":0.0,"relics_obtained":["Paper Frog"]},{"damage_healed":0,"gold_gain":75,"player_choice":"Gather Gold","damage_taken":11,"max_hp_gain":0,"max_hp_loss":0,"event_name":"World of Goop","floor":10,"gold_loss":0},{"damage_healed":0,"gold_gain":175,"player_choice":"AGREE","damage_taken":0,"max_hp_gain":0,"max_hp_loss":0,"event_name":"Liars Game","floor":14,"gold_loss":0,"cards_obtained":["Doubt"]},{"cards_removed":["Doubt"],"damage_healed":0,"gold_gain":0,"player_choice":"Gave Gold","damage_taken":0,"max_hp_gain":0,"max_hp_loss":0,"event_name":"Beggar","floor":19,"gold_loss":75},{"damage_healed":0,"gold_gain":0,"player_choice":"Obtained Book","damage_taken":16,"max_hp_gain":0,"max_hp_loss":0,"event_name":"Cursed Tome","floor":22,"gold_loss":0}],"is_beta":false,"boss_relics":[{"not_picked":["Tiny House","Velvet Choker"],"picked":"Mark of Pain"}],"items_purged_floors":[],"is_endless":false,"potions_floor_spawned":[6,7,16,18],"killed_by":"Book of Stabbing","ascension_level":9}}