{"host":"u6f15rvcj4nca0wu","time":1613863136,"event":{"mods":["BaseMod","Bestiary","Colored Map","Highlight Path","Minty Spire (Améliorations d\u0027érgonomie)","Relic Stats"],"gold_per_floor":[115,133,308,210,210,210,244,258,258,278,290,290,29,59,59,161,161,171,171,17,17,17,17,30,4,4,38,55,19,46,46,46,149,149,163,87,97,116,0,29,29,56,56,110,110,143,143,143,143,143],"floor_reached":51,"language":"FRA","playtime":7380,"items_purged":["Doubt","Strike_P"],"score":892,"play_id":"29ee3217-253a-48a6-8f5a-a5b5b1a74e7d","local_time":"20210221001856","is_ascension_mode":false,"campfire_choices":[{"floor":6.0,"key":"REST"},{"data":"Eruption","floor":12.0,"key":"SMITH"},{"data":"ForeignInfluence","floor":15.0,"key":"SMITH"},{"data":"Crescendo","floor":23.0,"key":"SMITH"},{"floor":32.0,"key":"REST"},{"data":"Devotion","floor":41.0,"key":"SMITH"},{"floor":45,"key":"REST"},{"data":"Prostrate","floor":47,"key":"SMITH"},{"data":"Protect","floor":49,"key":"SMITH"}],"circlet_count":0,"master_deck":["Strike_P+1","Defend_P+1","Defend_P+1","Eruption+1","Vigilance","EmptyMind","ReachHeaven","Protect+1","Prostrate","CutThroughFate","Crescendo+1","ForeignInfluence+1","WheelKick","BattleHymn","FlurryOfBlows","Judgement","ThirdEye+1","JustLucky+1","ReachHeaven+1","Protect+1","Pray+1","Swivel+1","SashWhip","BattleHymn","Necronomicurse","Devotion+1","Prostrate","Wireheading+1","Prostrate+1","BowlingBash+1","FlyingSleeves+1","ForeignInfluence+1"],"relics":["PureWater","NeowsBlessing","TungstenRod","FossilizedHelix","Mercury Hourglass","Membership Card","Odd Mushroom","Astrolabe","Mango","MutagenicStrength","HornCleat","InkBottle","Ancient Tea Set","Necronomicon","SacredBark","Red Mask","Bronze Scales","Ice Cream","Nunchaku","Lizard Tail","Pantograph"],"acts_visited":["Exordium","TheCity","TheBeyond"],"potions_floor_usage":[],"damage_taken":[{"damage":0.0,"enemies":"Jaw Worm","floor":1.0,"turns":1.0},{"damage":0.0,"enemies":"Small Slimes","floor":2.0,"turns":1.0},{"damage":0.0,"enemies":"Lagavulin","floor":7.0,"turns":2.0},{"damage":0.0,"enemies":"2 Louse","floor":8.0,"turns":4.0},{"damage":0.0,"enemies":"Looter","floor":10.0,"turns":3.0},{"damage":0.0,"enemies":"3 Louse","floor":11.0,"turns":3.0},{"damage":0.0,"enemies":"The Mushroom Lair","floor":14.0,"turns":4.0},{"damage":0.0,"enemies":"Slime Boss","floor":16.0,"turns":4.0},{"damage":0.0,"enemies":"2 Thieves","floor":18.0,"turns":3.0},{"damage":0.0,"enemies":"3 Byrds","floor":24.0,"turns":4.0},{"damage":0.0,"enemies":"Book of Stabbing","floor":27.0,"turns":2.0},{"damage":0.0,"enemies":"Shelled Parasite and Fungi","floor":28.0,"turns":3.0},{"damage":22.0,"enemies":"Gremlin Leader","floor":30.0,"turns":5.0},{"damage":0.0,"enemies":"Collector","floor":33.0,"turns":5.0},{"damage":2.0,"enemies":"3 Darklings","floor":35.0,"turns":5.0},{"damage":6.0,"enemies":"3 Shapes","floor":37.0,"turns":3.0},{"damage":5.0,"enemies":"3 Darklings","floor":38.0,"turns":4.0},{"damage":10.0,"enemies":"Giant Head","floor":40.0,"turns":7.0},{"damage":0,"enemies":"Reptomancer","floor":42,"turns":2},{"damage":6,"enemies":"2 Orb Walkers","floor":44,"turns":3},{"damage":2,"enemies":"Nemesis","floor":46,"turns":5},{"damage":28,"enemies":"Donu and Deca","floor":50,"turns":5}],"seed_played":"7595596141975755439","potions_obtained":[{"floor":1.0,"key":"Dexterity Potion"},{"floor":2.0,"key":"DuplicationPotion"},{"floor":11.0,"key":"StancePotion"},{"floor":24.0,"key":"Explosive Potion"},{"floor":27.0,"key":"Strength Potion"},{"floor":33.0,"key":"ColorlessPotion"},{"floor":38.0,"key":"Weak Potion"},{"floor":42,"key":"StancePotion"},{"floor":44,"key":"FairyPotion"}],"is_trial":false,"path_per_floor":["M","M","?","$","?","R","E","M","T","M","M","R","$","?","R","B",null,"M","?","$","?","?","R","M","$","T","E","M","$","E","?","R","B",null,"M","$","M","M","?","E","R","E","T","?","R","E","R","?","R","B",null],"character_chosen":"WATCHER","items_purchased":["Protect","Membership Card","WheelKick","BattleHymn","Mango","FearPotion","BattleHymn","FairyPotion","BottledMiracle"],"campfire_rested":3,"item_purchase_floors":[4,13,13,13,20,25,29,36,36],"current_hp_per_floor":[72,72,72,72,54,72,72,72,72,72,72,72,72,72,72,72,72,72,72,86,86,86,86,86,86,86,86,86,86,64,52,77,77,86,84,84,78,73,73,63,63,63,63,57,82,80,80,80,80,58],"gold":143,"neow_bonus":"THREE_ENEMY_KILL","is_daily":false,"chose_seed":false,"campfire_upgraded":6,"win_rate":0.0,"timestamp":1613863136,"path_taken":["M","M","?","$","?","R","E","?","T","M","M","R","$","?","R","BOSS","M","?","$","?","?","R","?","$","T","E","M","?","E","?","R","BOSS","M","$","M","M","?","E","R","E","T","?","R","E","R","?","R","BOSS"],"items_purchased_type":["Card","Relic","Card","Card","Relic","Potion","Card","Potion","Potion"],"build_version":"2020-12-13","purchased_purges":2,"victory":true,"max_hp_per_floor":[72,72,72,72,72,72,72,72,72,72,72,72,72,72,72,72,72,72,72,86,86,86,86,86,86,86,86,86,86,86,86,86,86,86,86,86,86,86,86,86,86,86,86,86,86,86,86,86,86,86],"relic_stats":{"Nunchaku":[3],"Lizard Tail":0,"counters":[22,77],"Astrolabe":["ThirdEye","JustLucky","ReachHeaven"],"Bronze Scales":[38],"Pantograph":6,"Necronomicon":[7],"obtain_stats":[{"Ice Cream":42,"NeowsBlessing":0,"Astrolabe":17,"SacredBark":34,"Mango":20,"Odd Mushroom":14,"Ancient Tea Set":30,"Mercury Hourglass":9,"Nunchaku":43,"Lizard Tail":44,"HornCleat":26,"MutagenicStrength":21,"Bronze Scales":40,"Pantograph":46,"Necronomicon":31,"Red Mask":39,"Membership Card":13,"PureWater":0,"TungstenRod":5,"FossilizedHelix":7,"InkBottle":27},{"Ice Cream":19,"NeowsBlessing":0,"Astrolabe":8,"SacredBark":14,"Mango":9,"Odd Mushroom":7,"Ancient Tea Set":13,"Mercury Hourglass":4,"Nunchaku":19,"Lizard Tail":20,"HornCleat":10,"MutagenicStrength":9,"Bronze Scales":18,"Pantograph":21,"Necronomicon":13,"Red Mask":17,"Membership Card":6,"PureWater":0,"TungstenRod":2,"FossilizedHelix":3,"InkBottle":11},{"Ice Cream":64,"NeowsBlessing":0,"Astrolabe":21,"SacredBark":43,"Mango":24,"Odd Mushroom":17,"Ancient Tea Set":38,"Mercury Hourglass":8,"Nunchaku":64,"Lizard Tail":67,"HornCleat":28,"MutagenicStrength":24,"Bronze Scales":62,"Pantograph":72,"Necronomicon":38,"Red Mask":55,"Membership Card":13,"PureWater":0,"TungstenRod":2,"FossilizedHelix":4,"InkBottle":30}],"TungstenRod":18,"InkBottle":[21],"Mercury Hourglass":[333]},"card_choices":[{"not_picked":["WreathOfFlame","FlyingSleeves"],"picked":"EmptyMind","floor":1.0},{"not_picked":["Halt","BowlingBash"],"picked":"ReachHeaven","floor":2.0},{"not_picked":["CarveReality","JustLucky"],"picked":"Prostrate","floor":7.0},{"not_picked":["SashWhip","ThirdEye"],"picked":"CutThroughFate","floor":8.0},{"not_picked":["EmptyBody","Adaptation"],"picked":"Crescendo","floor":10.0},{"not_picked":["EmptyBody","JustLucky"],"picked":"ForeignInfluence","floor":11.0},{"not_picked":["Meditate","Crescendo"],"picked":"FlurryOfBlows","floor":14.0},{"not_picked":["Vault","Blasphemy"],"picked":"Judgement","floor":16.0},{"not_picked":["Fasting2+1","FollowUp"],"picked":"Protect+1","floor":18.0},{"not_picked":["DeceiveReality+1","FlurryOfBlows"],"picked":"Pray+1","floor":24.0},{"not_picked":["Vengeance","PathToVictory"],"picked":"Swivel+1","floor":27.0},{"not_picked":["Crescendo","CutThroughFate"],"picked":"SashWhip","floor":28.0},{"not_picked":["Evaluate","Protect","LessonLearned"],"picked":"SKIP","floor":30.0},{"not_picked":["Omniscience","Judgement"],"picked":"Devotion","floor":33.0},{"not_picked":["TalkToTheHand","Evaluate"],"picked":"Prostrate","floor":35.0},{"not_picked":["JustLucky","Conclude"],"picked":"Wireheading+1","floor":37.0},{"not_picked":["Crescendo","Halt+1"],"picked":"Prostrate","floor":38.0},{"not_picked":["FearNoEvil+1","EmptyFist"],"picked":"BowlingBash+1","floor":40.0},{"not_picked":["Wish","TalkToTheHand+1","WreathOfFlame+1"],"picked":"SKIP","floor":42},{"not_picked":["Crescendo","Halt"],"picked":"FlyingSleeves+1","floor":44},{"not_picked":["Conclude+1","ThirdEye"],"picked":"ForeignInfluence+1","floor":46}],"player_experience":292276,"relics_obtained":[{"floor":7.0,"key":"FossilizedHelix"},{"floor":9.0,"key":"Mercury Hourglass"},{"floor":14.0,"key":"Odd Mushroom"},{"floor":26.0,"key":"HornCleat"},{"floor":27.0,"key":"InkBottle"},{"floor":30.0,"key":"Ancient Tea Set"},{"floor":31.0,"key":"Necronomicon"},{"floor":40.0,"key":"Bronze Scales"},{"floor":42,"key":"Ice Cream"},{"floor":43,"key":"Nunchaku"},{"floor":44,"key":"Lizard Tail"},{"floor":46,"key":"Pantograph"}],"event_choices":[{"damage_healed":0.0,"max_hp_gain":0.0,"max_hp_loss":0.0,"gold_gain":175.0,"event_name":"Liars Game","player_choice":"AGREE","floor":3.0,"gold_loss":0.0,"damage_taken":0.0,"cards_obtained":["Doubt"]},{"damage_healed":0.0,"max_hp_gain":0.0,"max_hp_loss":0.0,"gold_gain":0.0,"event_name":"Scrap Ooze","player_choice":"Success","floor":5.0,"gold_loss":0.0,"damage_taken":18.0,"relics_obtained":["TungstenRod"]},{"damage_healed":0.0,"max_hp_gain":0.0,"max_hp_loss":0.0,"gold_gain":0.0,"event_name":"Mushrooms","player_choice":"Fought Mushrooms","floor":14.0,"gold_loss":0.0,"damage_taken":0.0},{"damage_healed":0.0,"max_hp_gain":0.0,"max_hp_loss":0.0,"gold_gain":0.0,"event_name":"Back to Basics","player_choice":"Simplicity","floor":19.0,"gold_loss":0.0,"damage_taken":0.0,"cards_upgraded":["Strike_P","Strike_P","Defend_P","Defend_P"]},{"damage_healed":0.0,"max_hp_gain":0.0,"max_hp_loss":0.0,"gold_gain":0.0,"event_name":"Drug Dealer","player_choice":"Inject Mutagens","floor":21.0,"gold_loss":0.0,"damage_taken":0.0,"relics_obtained":["MutagenicStrength"]},{"damage_healed":0.0,"max_hp_gain":0.0,"max_hp_loss":0.0,"gold_gain":0.0,"event_name":"NoteForYourself","player_choice":"Ignored","floor":22.0,"gold_loss":0.0,"damage_taken":0.0},{"damage_healed":0.0,"max_hp_gain":0.0,"max_hp_loss":0.0,"gold_gain":0.0,"event_name":"Cursed Tome","player_choice":"Obtained Book","floor":31.0,"gold_loss":0.0,"damage_taken":16.0},{"damage_healed":0.0,"max_hp_gain":0.0,"max_hp_loss":0.0,"gold_gain":0.0,"event_name":"Tomb of Lord Red Mask","player_choice":"Paid","floor":39.0,"gold_loss":116.0,"damage_taken":0.0,"relics_obtained":["Red Mask"]},{"damage_healed":0,"gold_gain":0,"player_choice":"Fight","damage_taken":0,"max_hp_gain":0,"max_hp_loss":0,"event_name":"Mysterious Sphere","floor":44,"gold_loss":0},{"cards_removed":["Strike_P"],"damage_healed":0,"gold_gain":0,"player_choice":"Purged","damage_taken":0,"max_hp_gain":0,"max_hp_loss":0,"event_name":"Purifier","floor":48,"gold_loss":0}],"is_beta":false,"boss_relics":[{"not_picked":["Ectoplasm","Fusion Hammer"],"picked":"Astrolabe"},{"not_picked":["Velvet Choker","Snecko Eye"],"picked":"SacredBark"}],"items_purged_floors":[4,13],"is_endless":false,"potions_floor_spawned":[1,2,11,24,27,28,33,38,42,44,46],"ascension_level":0}}