{"host":"bakf0s4odzu8z5xt","time":1613853251,"event":{"mods":["2.2 Compatiblity","BaseMod","Downfall","Friendly Minions","Minty Spire (QoL Compilation)","StSLib"],"gold_per_floor":[99,114,126,145,145,145,168,194,194,94,107,7,19,35,53,148,148,48,67,67,83,83,83,106,126,126,71,100,111,111,126,145,241,241,241,256,268,268,268,0,0,0,0,18,8,38,58,72,84,84,84,84,84,84],"floor_reached":52,"language":"ENG","playtime":3388,"items_purged":["bronze:Defend","bronze:Defend"],"score":782,"play_id":"3ef06ad7-7398-4d41-accd-6b9a47394bdc","local_time":"20210220143411","is_ascension_mode":true,"campfire_choices":[{"data":"bronze:Goto","floor":1.0,"key":"SMITH"},{"data":"bronze:ChosenStrike","floor":6.0,"key":"SMITH"},{"floor":10.0,"key":"RECALL"},{"floor":12.0,"key":"REST"},{"data":"bronze:BugBarrage","floor":18.0,"key":"SMITH"},{"data":"bronze:ClassDefault","floor":23.0,"key":"SMITH"},{"floor":30.0,"key":"REST"},{"data":"bronze:BuggyMess","floor":35.0,"key":"SMITH"},{"data":"bronze:BugBarrage","floor":43.0,"key":"SMITH"}],"circlet_count":0,"master_deck":["bronze:Defend","bronze:Defend","bronze:Replicate","bronze:Goto+1","bronze:BuggyMess+1","bronze:ChosenStrike+1","bronze:Shield","bronze:BugBarrage+1","bronze:ForLoop","bronze:ClassDefault+1","bronze:Verify","bronze:Shield","Slimebound:Tackle+1","bronze:FollowUp+1","bronze:NullPointer","bronze:ShipIt","bronze:FineTuning+1","bronze:Fortify","bronze:Invalidate+1","bronze:Boost+1","bronze:CleanCode","bronze:BugBarrage+1","Enlightenment","bronze:ForceShield+1","bronze:MaxOutput+1","bronze:MaxOutput+1"],"relics":["bronze:PlatinumCore","Anchor","downfall:BrokenWingStatue","downfall:HeartBlessingGreen","downfall:HeartBlessingRed","Sozu","downfall:HeartBlessingBlue","Boot","Guardian:BottledAnomaly","FossilizedHelix","bronze:BottledCode","OrangePellets","Mango"],"acts_visited":["Exordium","TheCity","TheBeyond","TheEnding"],"potions_floor_usage":[],"damage_taken":[{"damage":3.0,"enemies":"2 Louse","floor":2.0,"turns":4.0},{"damage":4.0,"enemies":"Small Slimes","floor":3.0,"turns":3.0},{"damage":0.0,"enemies":"Cultist","floor":4.0,"turns":3.0},{"damage":7.0,"enemies":"Lagavulin","floor":8.0,"turns":4.0},{"damage":8.0,"enemies":"Large Slime","floor":11.0,"turns":8.0},{"damage":2.0,"enemies":"2 Fungi Beasts","floor":13.0,"turns":3.0},{"damage":0.0,"enemies":"Blue Slaver","floor":14.0,"turns":2.0},{"damage":0.0,"enemies":"3 Louse","floor":15.0,"turns":2.0},{"damage":43.0,"enemies":"DF_ARCHETYPE_STREAMLINE","floor":16.0,"turns":7.0},{"damage":3.0,"enemies":"3 Byrds","floor":19.0,"turns":6.0},{"damage":4.0,"enemies":"downfall:LooterAlt2","floor":21.0,"turns":4.0},{"damage":14.0,"enemies":"Centurion and Healer","floor":25.0,"turns":4.0},{"damage":0.0,"enemies":"downfall:FleeingMerchant","floor":27.0,"turns":4.0},{"damage":22.0,"enemies":"Slavers","floor":28.0,"turns":5.0},{"damage":2.0,"enemies":"Snecko","floor":29.0,"turns":4.0},{"damage":0.0,"enemies":"Snake Plant","floor":31.0,"turns":3.0},{"damage":0.0,"enemies":"Centurion and Healer","floor":32.0,"turns":2.0},{"damage":48.0,"enemies":"IC_MUSHROOM_ARCHETYPE","floor":33.0,"turns":6.0},{"damage":7.0,"enemies":"3 Shapes","floor":36.0,"turns":5.0},{"damage":18.0,"enemies":"Orb Walker","floor":37.0,"turns":4.0},{"damage":0.0,"enemies":"downfall:FleeingMerchant","floor":40.0,"turns":4.0},{"damage":0.0,"enemies":"3 Darklings","floor":44.0,"turns":2.0},{"damage":0.0,"enemies":"downfall:FleeingMerchant","floor":45.0,"turns":3.0},{"damage":11.0,"enemies":"Reptomancer","floor":46.0,"turns":4.0},{"damage":0.0,"enemies":"Writhing Mass","floor":47.0,"turns":2.0},{"damage":0,"enemies":"Spire Growth","floor":48,"turns":2},{"damage":0,"enemies":"Jaw Worm Horde","floor":49,"turns":4},{"damage":30,"enemies":"WA_ARCHETYPE_DIVINITY","floor":50,"turns":6},{"damage":98,"enemies":"downfall:CharBossMerchant","floor":52,"turns":6}],"seed_played":"-3090654117889491521","potions_obtained":[{"floor":2.0,"key":"BlessingOfTheForge"},{"floor":3.0,"key":"SkillPotion"},{"floor":8.0,"key":"bronze:BurnAndBuffPotion"},{"floor":11.0,"key":"GamblersBrew"}],"is_trial":false,"path_per_floor":["R","M","M","M","?","R","T","E","?","R","M","R","M","M","M","B",null,"R","M","?","M","?","R","T","M","?","$","E","M","R","M","M","B",null,"R","M","M","?","?","$","T","?","R","M","$","E","M","M","M","B",null,"E"],"character_chosen":"THE_AUTOMATON","items_purchased":["bronze:Fortify","Guardian:BottledAnomaly","bronze:BugBarrage","OrangePellets","Enlightenment"],"campfire_rested":2,"item_purchase_floors":[27,40,40,45,45],"current_hp_per_floor":[70,67,63,63,68,68,68,61,61,61,53,75,73,73,73,30,75,85,82,82,78,78,78,78,64,64,64,42,40,65,65,65,17,85,85,78,60,60,60,60,60,60,60,60,60,63,63,63,63,33,89,0,0,0],"gold":84,"neow_bonus":"REMOVE_CARD","is_daily":false,"chose_seed":false,"campfire_upgraded":6,"win_rate":0.0,"timestamp":1613853251,"path_taken":["R","M","M","M","?","R","T","E","?","R","M","R","M","M","M","BOSS","R","M","?","M","?","R","T","M","?","$","E","M","R","M","M","BOSS","R","?","M","?","?","?","T","?","R","M","$","E","M","M","M","BOSS","E"],"items_purchased_type":["Card","Relic","Card","Relic","Card"],"build_version":"2020-12-22","purchased_purges":2,"victory":false,"max_hp_per_floor":[70,70,70,70,75,75,75,75,75,75,75,75,75,75,75,75,75,85,85,85,85,85,85,85,85,85,85,85,85,85,85,85,85,85,85,85,85,85,85,85,85,75,75,75,75,89,89,89,89,89,89,89,89,89],"card_choices":[{"not_picked":["bronze:DarkDash","bronze:ChildClass"],"picked":"bronze:BuggyMess","floor":2.0},{"not_picked":["bronze:Branch","bronze:BuggyMess"],"picked":"bronze:ChosenStrike","floor":3.0},{"not_picked":["bronze:DelayedSlice","bronze:Invalidate","bronze:Shield"],"picked":"SKIP","floor":4.0},{"not_picked":["bronze:Separator","bronze:CutThrough"],"picked":"bronze:Shield","floor":8.0},{"not_picked":["bronze:DarkDash","bronze:Repair","bronze:Format"],"picked":"SKIP","floor":11.0},{"not_picked":["bronze:Invalidate","bronze:Shell"],"picked":"bronze:BugBarrage","floor":13.0},{"not_picked":["bronze:Overheat","bronze:Frontload"],"picked":"bronze:ForLoop","floor":14.0},{"not_picked":["bronze:Philosophize","bronze:Safeguard"],"picked":"bronze:ClassDefault","floor":15.0},{"not_picked":["bronze:AlphaBuild","bronze:Format"],"picked":"bronze:Verify","floor":16.0},{"not_picked":["bronze:WildBeam","bronze:Deprecate"],"picked":"bronze:Shield","floor":19.0},{"not_picked":["bronze:DelayedSlice","bronze:ChildClass"],"picked":"bronze:FollowUp+1","floor":21.0},{"not_picked":["bronze:DelayedSlice+1","bronze:WhirlingStrike+1"],"picked":"bronze:FineTuning+1","floor":25.0},{"not_picked":["bronze:Turbo+1","bronze:WildBeam+1","bronze:OilSpill"],"picked":"SKIP","floor":27.0},{"not_picked":["bronze:CutThrough","bronze:ShipIt","bronze:Flail"],"picked":"SKIP","floor":28.0},{"not_picked":["bronze:BitShift","bronze:Shield"],"picked":"bronze:Invalidate+1","floor":29.0},{"not_picked":["bronze:Frontload","bronze:OilSpill","bronze:DelayedGuard"],"picked":"SKIP","floor":31.0},{"not_picked":["bronze:CutThrough+1","bronze:BugBarrage+1"],"picked":"bronze:Boost+1","floor":32.0},{"not_picked":["bronze:HyperBeam","bronze:ShipIt"],"picked":"bronze:CleanCode","floor":33.0},{"not_picked":["bronze:Separator","bronze:Safeguard","bronze:Invalidate+1"],"picked":"SKIP","floor":36.0},{"not_picked":["bronze:Frontload+1","bronze:BronzeArmor","bronze:Separator"],"picked":"SKIP","floor":37.0},{"not_picked":["bronze:Overload+1","bronze:Frontload+1","bronze:Overheat+1"],"picked":"SKIP","floor":40.0},{"not_picked":["bronze:Frontload+1","bronze:WhirlingStrike+1","bronze:Safeguard"],"picked":"SKIP","floor":44.0},{"not_picked":["bronze:ClassDefault","bronze:Verify","bronze:Flail"],"picked":"SKIP","floor":45.0},{"not_picked":["bronze:CloningBeam","bronze:Shield+1"],"picked":"bronze:ForceShield+1","floor":46.0},{"not_picked":["bronze:CutThrough","bronze:Overheat+1"],"picked":"bronze:MaxOutput+1","floor":47.0},{"not_picked":["bronze:ForLoop","bronze:DelayedSlice+1","bronze:Branch"],"picked":"SKIP","floor":48},{"not_picked":["bronze:FineTuning+1","bronze:Invalidate"],"picked":"bronze:MaxOutput+1","floor":49}],"player_experience":2235966,"relics_obtained":[{"floor":8.0,"key":"Anchor"},{"floor":24.0,"key":"Boot"},{"floor":41.0,"key":"FossilizedHelix"},{"floor":46.0,"key":"Mango"}],"event_choices":[{"damage_healed":0.0,"max_hp_gain":5.0,"max_hp_loss":0.0,"gold_gain":0.0,"event_name":"Big Fish","player_choice":"Donut","floor":5.0,"gold_loss":0.0,"damage_taken":0.0},{"damage_healed":0.0,"max_hp_gain":0.0,"max_hp_loss":0.0,"gold_gain":0.0,"cards_transformed":["Slimebound:Tackle","Slimebound:Tackle"],"event_name":"Drug Dealer","player_choice":"Became Test Subject","floor":22.0,"gold_loss":0.0,"damage_taken":0.0,"cards_obtained":["bronze:NullPointer","bronze:ShipIt"]},{"damage_healed":0.0,"max_hp_gain":0.0,"max_hp_loss":0.0,"gold_gain":0.0,"event_name":"Lab","player_choice":"Got Potions","floor":26.0,"gold_loss":0.0,"damage_taken":0.0}],"is_beta":false,"boss_relics":[{"not_picked":["Empty Cage","Fusion Hammer"],"picked":"Sozu"},{"not_picked":["SlaversCollar","expansioncontent:StudyCardRelic"],"picked":"bronze:PlatinumCore"}],"items_purged_floors":[40,45],"is_endless":false,"potions_floor_spawned":[2,3,8,11,29,31,32,33,46,47,48],"killed_by":"downfall:CharBossMerchant","ascension_level":3}}