{"host":"n2sr453jcjz6vvl4","time":1613854229,"event":{"mods":["BaseMod","Colored Map","Minty Spire (QoL Compilation)","Permanent Neow","Relic Stats","StSLib"],"gold_per_floor":[119,44,59,70,70,104,54,54,54,54,54,82,82,112,112,208,208,220,52,67,83,100,100,125,140,195,225,6,21,21,36,36,131,131,143,193,0,13,13,40,40,72,72,72,72],"floor_reached":44,"language":"ENG","playtime":1899,"items_purged":["Strike_B","Strike_B"],"score":660,"play_id":"af4027e9-6a24-43cd-81f5-288c6cf4a480","local_time":"20210220165029","is_ascension_mode":true,"campfire_choices":[{"data":"Zap","floor":11,"key":"SMITH"},{"data":"Thunder Strike","floor":13,"key":"SMITH"},{"data":"Conserve Battery","floor":15,"key":"SMITH"},{"data":"Loop","floor":23,"key":"SMITH"},{"floor":30,"key":"REST"},{"floor":32,"key":"REST"},{"floor":41,"key":"REST"}],"circlet_count":0,"master_deck":["Defend_B","Defend_B","Defend_B+1","Defend_B","Zap+1","Dualcast+1","Ball Lightning+1","Ball Lightning+1","Conserve Battery+1","White Noise","Thunder Strike+1","Coolheaded+1","Coolheaded+1","Loop+1","Double Energy+1","Streamline","Auto Shields+1","Creative AI","Defragment","Self Repair+1","Undo+1","Conserve Battery+1","Buffer"],"relics":["Cracked Core","NeowsBlessing","Mummified Hand","Eternal Feather","Toxic Egg 2","Whetstone","Philosopher\u0027s Stone","Pocketwatch","Pen Nib","Gremlin Horn","ClockworkSouvenir","SacredBark","Calipers","Red Mask","Bag of Preparation","Orichalcum","HornCleat"],"acts_visited":["Exordium","TheCity","TheBeyond"],"potions_floor_usage":[14,16,22,27,35],"damage_taken":[{"damage":0,"enemies":"Cultist","floor":1,"turns":1},{"damage":0,"enemies":"Jaw Worm","floor":3,"turns":1},{"damage":0,"enemies":"2 Louse","floor":4,"turns":1},{"damage":14,"enemies":"Gremlin Nob","floor":6,"turns":4},{"damage":0,"enemies":"Lagavulin","floor":12,"turns":5},{"damage":0,"enemies":"3 Sentries","floor":14,"turns":2},{"damage":30,"enemies":"Hexaghost","floor":16,"turns":6},{"damage":8,"enemies":"Shell Parasite","floor":18,"turns":3},{"damage":8,"enemies":"2 Thieves","floor":20,"turns":3},{"damage":15,"enemies":"Shelled Parasite and Fungi","floor":21,"turns":4},{"damage":0,"enemies":"Chosen and Byrds","floor":22,"turns":4},{"damage":30,"enemies":"Slavers","floor":24,"turns":5},{"damage":10,"enemies":"Centurion and Healer","floor":25,"turns":6},{"damage":3,"enemies":"Book of Stabbing","floor":27,"turns":4},{"damage":4,"enemies":"Shelled Parasite and Fungi","floor":29,"turns":5},{"damage":26,"enemies":"Chosen and Byrds","floor":31,"turns":4},{"damage":26,"enemies":"Champ","floor":33,"turns":7},{"damage":6,"enemies":"3 Darklings","floor":35,"turns":4},{"damage":0,"enemies":"Mind Bloom Boss Battle","floor":36,"turns":6},{"damage":7,"enemies":"Orb Walker","floor":38,"turns":3},{"damage":78,"enemies":"Nemesis","floor":40,"turns":9},{"damage":37,"enemies":"Giant Head","floor":42,"turns":10},{"damage":23,"enemies":"Reptomancer","floor":44,"turns":2}],"seed_played":"2046049443331529837","potions_obtained":[{"floor":4,"key":"FearPotion"},{"floor":6,"key":"PowerPotion"},{"floor":14,"key":"Fruit Juice"},{"floor":21,"key":"LiquidBronze"},{"floor":22,"key":"PowerPotion"},{"floor":25,"key":"Energy Potion"},{"floor":33,"key":"ColorlessPotion"}],"is_trial":false,"path_per_floor":["M","$","M","M","?","E","?","?","T","$","R","E","R","E","R","B",null,"M","$","M","M","M","R","E","M","T","E","$","M","R","M","R","B",null,"M","?","?","M","?","E","R","E","T","E"],"character_chosen":"DEFECT","items_purchased":["Loop","ClockworkSouvenir","Defragment"],"campfire_rested":3,"item_purchase_floors":[19,28,28],"current_hp_per_floor":[75,75,75,75,60,46,46,39,39,39,45,45,51,56,62,32,80,72,72,64,49,49,58,28,18,18,15,15,11,47,31,67,51,80,80,80,80,80,80,12,48,21,21,0,0],"gold":72,"neow_bonus":"THREE_ENEMY_KILL","is_daily":false,"chose_seed":false,"campfire_upgraded":4,"win_rate":0.0,"timestamp":1613854229,"path_taken":["M","?","M","?","?","E","?","?","T","$","R","E","R","E","R","BOSS","M","$","M","M","M","R","E","M","T","E","$","M","R","M","R","BOSS","M","?","?","M","?","E","R","E","T","E"],"items_purchased_type":["Card","Relic","Card"],"build_version":"2020-12-22","purchased_purges":2,"victory":false,"max_hp_per_floor":[75,75,75,75,75,75,75,75,75,75,75,75,75,80,80,80,80,80,80,80,80,80,80,80,80,80,80,80,80,80,80,80,80,80,80,80,80,80,80,80,80,80,80,80,80],"relic_stats":{"Gremlin Horn":[5,6],"counters":[23,97],"Mummified Hand":[124],"Eternal Feather":63,"Pen Nib":[6],"Bag of Preparation":[4],"Whetstone":["Ball Lightning","Ball Lightning"],"Orichalcum":[0],"obtain_stats":[{"Calipers":36,"NeowsBlessing":0,"Gremlin Horn":27,"SacredBark":34,"Eternal Feather":9,"Pen Nib":26,"Bag of Preparation":40,"Whetstone":14,"Orichalcum":42,"ClockworkSouvenir":28,"HornCleat":43,"Mummified Hand":6,"Philosopher\u0027s Stone":17,"Red Mask":37,"Toxic Egg 2":12,"Cracked Core":0,"Pocketwatch":24},{"Calipers":19,"NeowsBlessing":0,"Gremlin Horn":14,"SacredBark":17,"Eternal Feather":4,"Pen Nib":13,"Bag of Preparation":21,"Whetstone":6,"Orichalcum":22,"ClockworkSouvenir":14,"HornCleat":22,"Mummified Hand":4,"Philosopher\u0027s Stone":7,"Red Mask":19,"Toxic Egg 2":5,"Cracked Core":0,"Pocketwatch":12},{"Calipers":73,"NeowsBlessing":0,"Gremlin Horn":49,"SacredBark":63,"Eternal Feather":7,"Pen Nib":45,"Bag of Preparation":85,"Whetstone":14,"Orichalcum":95,"ClockworkSouvenir":49,"HornCleat":95,"Mummified Hand":7,"Philosopher\u0027s Stone":20,"Red Mask":73,"Toxic Egg 2":12,"Cracked Core":0,"Pocketwatch":39}],"Pocketwatch":[9]},"card_choices":[{"not_picked":["Fusion","Hologram"],"picked":"Ball Lightning","floor":1},{"not_picked":["Steam","Auto Shields"],"picked":"Ball Lightning","floor":3},{"not_picked":["Fusion","Rebound"],"picked":"Conserve Battery","floor":4},{"not_picked":["Leap","Barrage"],"picked":"White Noise","floor":6},{"not_picked":["Rebound","Stack+1"],"picked":"Thunder Strike","floor":12},{"not_picked":["Storm","Beam Cell"],"picked":"Coolheaded+1","floor":14},{"not_picked":["Hyperbeam","Multi-Cast+1"],"picked":"Biased Cognition","floor":16},{"not_picked":["Steam+1","Ball Lightning"],"picked":"Coolheaded+1","floor":18},{"not_picked":["Doom and Gloom+1","Compile Driver"],"picked":"Double Energy+1","floor":20},{"not_picked":["Go for the Eyes","Gash"],"picked":"Streamline","floor":21},{"not_picked":["Steam+1","Force Field+1"],"picked":"Auto Shields+1","floor":22},{"not_picked":["Rebound","Compile Driver","Recycle+1"],"picked":"SKIP","floor":24},{"not_picked":["Barrage","Beam Cell"],"picked":"Creative AI","floor":25},{"not_picked":["Coolheaded+1","Storm","Fusion+1"],"picked":"SKIP","floor":27},{"not_picked":["Compile Driver","Heatsinks"],"picked":"Self Repair+1","floor":29},{"not_picked":["Beam Cell","Sweeping Beam"],"picked":"Undo+1","floor":31},{"not_picked":["Hologram+1","Beam Cell+1","Genetic Algorithm+1"],"picked":"SKIP","floor":35},{"not_picked":["Rebound+1","Leap+1","Force Field+1"],"picked":"SKIP","floor":38},{"not_picked":["Hello World","Reprogram+1"],"picked":"Conserve Battery+1","floor":40},{"not_picked":["Gash+1","Hologram+1"],"picked":"Buffer","floor":42}],"player_experience":213737,"relics_obtained":[{"floor":6,"key":"Mummified Hand"},{"floor":9,"key":"Eternal Feather"},{"floor":12,"key":"Toxic Egg 2"},{"floor":14,"key":"Whetstone"},{"floor":24,"key":"Pocketwatch"},{"floor":26,"key":"Pen Nib"},{"floor":27,"key":"Gremlin Horn"},{"floor":36,"key":"Calipers"},{"floor":40,"key":"Bag of Preparation"},{"floor":42,"key":"Orichalcum"},{"floor":43,"key":"HornCleat"}],"event_choices":[{"damage_healed":0,"gold_gain":0,"player_choice":"Entered Light","damage_taken":15,"max_hp_gain":0,"max_hp_loss":0,"event_name":"Shining Light","floor":5,"gold_loss":0,"cards_upgraded":["Dualcast","Defend_B"]},{"cards_removed":["Strike_B"],"damage_healed":0,"gold_gain":0,"player_choice":"Card Removal","damage_taken":0,"max_hp_gain":0,"max_hp_loss":0,"event_name":"The Cleric","floor":7,"gold_loss":50},{"cards_removed":["Strike_B"],"damage_healed":0,"gold_gain":0,"player_choice":"Card Removal","damage_taken":7,"max_hp_gain":0,"max_hp_loss":0,"event_name":"Golden Wing","floor":8,"gold_loss":0},{"damage_healed":0,"gold_gain":0,"player_choice":"Fight","damage_taken":0,"max_hp_gain":0,"max_hp_loss":0,"event_name":"MindBloom","floor":36,"gold_loss":0},{"damage_healed":0,"gold_gain":0,"player_choice":"Paid","damage_taken":0,"relics_obtained":["Red Mask"],"max_hp_gain":0,"max_hp_loss":0,"event_name":"Tomb of Lord Red Mask","floor":37,"gold_loss":193},{"cards_removed":["Biased Cognition"],"damage_healed":0,"gold_gain":0,"player_choice":"Removed Power","damage_taken":0,"max_hp_gain":0,"max_hp_loss":0,"event_name":"Falling","floor":39,"gold_loss":0}],"is_beta":false,"boss_relics":[{"not_picked":["Pandora\u0027s Box","Calling Bell"],"picked":"Philosopher\u0027s Stone"},{"not_picked":["Cursed Key","Sozu"],"picked":"SacredBark"}],"items_purged_floors":[2,19],"is_endless":false,"potions_floor_spawned":[4,6,14,21,22,25,33],"killed_by":"Reptomancer","ascension_level":3}}