{"host":"7bb7osqc91rjfyph","time":1613784176,"event":{"mods":["AchievementEnabler","BaseMod","BetterRewards","Colored Map","Colored Powertips","Downfall","Googly Eyes","Hermit","Hubris","Marisa????????","Minty Spire (QoL Compilation)","Shop Mod","StSLib","The Cursed"],"gold_per_floor":[115,115,115,115,135,167,186,221,221,146,157,174,174,191,191,293,293,308,46,46,62,78,78,105,105,129,146,146,146,246,57,57,154,154,169,222,222,233,256,288,304,304,304,179,179,179,204,204,204,204,204,204,56,85,85],"floor_reached":56,"language":"ENG","playtime":2408,"items_purged":["Strike_P","Strike_P","Defend_P"],"score":1507,"play_id":"bb6c04f2-15c3-43a5-9425-760361d26a6e","local_time":"20210219192256","is_ascension_mode":true,"campfire_choices":[{"floor":15,"key":"RECALL"},{"data":"Vengeance","floor":23,"key":"SMITH"},{"data":"RitualDagger","floor":25,"key":"SMITH"},{"data":"Weave","floor":28,"key":"SMITH"},{"data":"hubris:DuctTapeCard","floor":32,"key":"SMITH"},{"floor":42,"key":"REST"},{"floor":45,"key":"REST"},{"floor":49,"key":"REST"},{"floor":52,"key":"REST"}],"circlet_count":0,"master_deck":["Strike_P+1","Strike_P+1","Defend_P+1","Defend_P","Defend_P+1","Eruption+1","Vigilance+1","CurseOfTheBell","CutThroughFate","CutThroughFate","Vengeance+1","FlyingSleeves","Weave+1","Weave","FlurryOfBlows","Judgement","ThirdEye+1","Crescendo+1","FlurryOfBlows+1","JustLucky","hubris:DuctTapeCard+2","Protect","Finesse","Establishment+1","CutThroughFate","JustLucky","ThirdEye+1","Wireheading+1","CutThroughFate+1","CutThroughFate+1","Nirvana+1","TalkToTheHand+1","JustLucky+1","DeusExMachina"],"relics":["Calling Bell","Dream Catcher","Eternal Feather","hubris:Spice","hubris:CuriousFeather","SacredBark","Question Card","Frozen Egg 2","Juzu Bracelet","hubris:DuctTape","Fusion Hammer","hubris:MedicalManual","Strawberry","Bottled Tornado","hubris:Towel","CaptainsWheel","Sling","hubris:Potato","Anchor","Ice Cream","War Paint","Bottled Flame"],"acts_visited":["Exordium","TheCity","TheBeyond","TheEnding"],"potions_floor_usage":[22,24,33],"damage_taken":[{"damage":0.0,"enemies":"2 Louse","floor":1.0,"turns":2.0},{"damage":2,"enemies":"Jaw Worm","floor":5,"turns":3},{"damage":2,"enemies":"Gremlin Nob","floor":6,"turns":3},{"damage":6,"enemies":"Small Slimes","floor":7,"turns":2},{"damage":25,"enemies":"3 Sentries","floor":8,"turns":4},{"damage":8,"enemies":"3 Louse","floor":11,"turns":3},{"damage":6,"enemies":"Large Slime","floor":12,"turns":2},{"damage":1,"enemies":"Exordium Thugs","floor":14,"turns":2},{"damage":0,"enemies":"Slime Boss","floor":16,"turns":5},{"damage":0,"enemies":"3 Byrds","floor":18,"turns":2},{"damage":0,"enemies":"Chosen","floor":21,"turns":2},{"damage":13,"enemies":"Centurion and Healer","floor":22,"turns":3},{"damage":12,"enemies":"Gremlin Leader","floor":24,"turns":6},{"damage":14,"enemies":"Shelled Parasite and Fungi","floor":27,"turns":3},{"damage":16,"enemies":"Colosseum Slavers","floor":30,"turns":4},{"damage":4,"enemies":"Colosseum Nobs","floor":30,"turns":2},{"damage":26,"enemies":"Automaton","floor":33,"turns":6},{"damage":0,"enemies":"Orb Walker","floor":35,"turns":2},{"damage":44,"enemies":"2 Orb Walkers","floor":36,"turns":4},{"damage":21,"enemies":"3 Shapes","floor":38,"turns":3},{"damage":18,"enemies":"Nemesis","floor":40,"turns":3},{"damage":0,"enemies":"3 Darklings","floor":41,"turns":3},{"damage":0,"enemies":"Giant Head","floor":47,"turns":5},{"damage":27,"enemies":"Donu and Deca","floor":50,"turns":5},{"damage":17,"enemies":"Shield and Spear","floor":54,"turns":3},{"damage":63,"enemies":"The Heart","floor":55,"turns":8}],"seed_played":"-3376995703957146967","potions_obtained":[{"floor":5,"key":"Block Potion"},{"floor":11,"key":"Strength Potion"},{"floor":14,"key":"SneckoOil"},{"floor":21,"key":"Guardian:BlockOnCardUsePotion"},{"floor":22,"key":"GamblersBrew"},{"floor":30,"key":"FairyPotion"},{"floor":33,"key":"StancePotion"},{"floor":38,"key":"ColorlessPotion"}],"is_trial":false,"path_per_floor":["M","?","?","?","M","E","M","E","T","$","M","M","?","M","R","B",null,"M","$","?","M","M","R","E","R","T","M","R","?","?","$","R","B",null,"M","?","?","M","T","E","M","R","T","$","R","?","E","$","R","B",null,"R","$","E","B",null],"character_chosen":"WATCHER","items_purchased":["Question Card","Finesse","Sling","hubris:Potato","Anchor","Ice Cream","War Paint"],"campfire_rested":4,"item_purchase_floors":[19,31,48,48,48,48,53],"current_hp_per_floor":[80,85,85,68,66,72,66,41,41,41,33,27,27,26,35,35,93,93,93,87,87,74,86,74,86,86,72,84,93,73,73,85,59,93,93,49,49,28,35,17,17,65,65,65,100,100,100,39,87,60,100,100,100,83,20],"gold":85,"neow_bonus":"BOSS_RELIC","is_daily":false,"chose_seed":false,"campfire_upgraded":4,"win_rate":0.0,"timestamp":1613784176,"path_taken":["M","?","?","?","M","E","M","E","T","?","M","M","?","M","R","BOSS","M","$","?","M","M","R","E","R","T","M","R","?","?","$","R","BOSS","M","?","?","M","?","E","M","R","T","$","R","?","E","?","R","BOSS","R","$","E","BOSS"],"items_purchased_type":["Relic","Card","Relic","Relic","Relic","Relic","Relic"],"build_version":"2020-12-22","purchased_purges":3,"victory":true,"max_hp_per_floor":[80,85,85,85,85,93,93,93,93,93,93,93,93,93,93,93,93,93,93,93,93,93,93,93,93,93,93,93,93,93,93,93,93,93,93,93,93,93,100,100,100,100,100,100,100,100,100,100,100,100,100,100,100,100,100],"card_choices":[{"not_picked":["Evaluate","Crescendo"],"picked":"CutThroughFate","floor":1.0},{"not_picked":["Crescendo","Wireheading"],"picked":"CutThroughFate","floor":5},{"not_picked":["Wish","ClearTheMind"],"picked":"Consecrate","floor":6},{"not_picked":["CrushJoints","hubris:SpiceAddiction"],"picked":"Vengeance","floor":7},{"not_picked":["EmptyFist","ForeignInfluence"],"picked":"FlyingSleeves","floor":8},{"not_picked":["BowlingBash","Wallop"],"picked":"Weave","floor":11},{"not_picked":["Sanctity","CutThroughFate"],"picked":"Weave","floor":12},{"not_picked":["Adaptation","FollowUp"],"picked":"FlurryOfBlows","floor":14},{"not_picked":["ConjureBlade","MasterReality"],"picked":"Judgement","floor":16},{"not_picked":["EmptyMind","BowlingBash","Meditate"],"picked":"SKIP","floor":18},{"not_picked":["Conclude+1","Tantrum+1","EmptyFist"],"picked":"ThirdEye+1","floor":21},{"not_picked":["CrushJoints","ReachHeaven","Adaptation"],"picked":"Crescendo+1","floor":22},{"not_picked":["Scrawl","CarveReality","Evaluate"],"picked":"FlurryOfBlows+1","floor":24},{"not_picked":["Evaluate","SashWhip","EmptyMind"],"picked":"JustLucky","floor":27},{"not_picked":["Consecrate","EmptyBody+1","EmptyFist+1"],"picked":"Protect","floor":30},{"not_picked":["Judgement","DevaForm+1","Brilliance"],"picked":"Establishment+1","floor":33},{"not_picked":["Sanctity+1","Consecrate","ReachHeaven"],"picked":"CutThroughFate","floor":35},{"not_picked":["BowlingBash","Wish","Evaluate"],"picked":"JustLucky","floor":36},{"not_picked":["FlyingSleeves","WindmillStrike","Prostrate"],"picked":"ThirdEye+1","floor":38},{"not_picked":["ConjureBlade","ThirdEye+1","JustLucky+1"],"picked":"Wireheading+1","floor":40},{"not_picked":["EmptyFist+1","Crescendo","Consecrate"],"picked":"CutThroughFate+1","floor":41},{"not_picked":["Conclude+1","EmptyFist","hubris:SpiceAddiction"],"picked":"CutThroughFate+1","floor":42},{"not_picked":["EmptyFist+1","Establishment+1","ThirdEye+1"],"picked":"Nirvana+1","floor":47},{"not_picked":["Vengeance","FollowUp+1","ThirdEye"],"picked":"TalkToTheHand+1","floor":49},{"not_picked":["ForeignInfluence+1","Adaptation+1","PathToVictory"],"picked":"JustLucky+1","floor":52},{"not_picked":["FearNoEvil","ClearTheMind","CrushJoints+1"],"picked":"DeusExMachina","floor":54}],"player_experience":109850,"relics_obtained":[{"floor":0.0,"key":"Dream Catcher"},{"floor":0.0,"key":"Eternal Feather"},{"floor":0.0,"key":"hubris:Spice"},{"floor":6,"key":"hubris:Spice"},{"floor":8,"key":"hubris:CuriousFeather"},{"floor":24,"key":"Frozen Egg 2"},{"floor":26,"key":"Juzu Bracelet"},{"floor":30,"key":"hubris:DuctTape"},{"floor":36,"key":"hubris:MedicalManual"},{"floor":39,"key":"Strawberry"},{"floor":43,"key":"Bottled Tornado"},{"floor":47,"key":"CaptainsWheel"},{"floor":54,"key":"Bottled Flame"}],"event_choices":[{"damage_healed":0.0,"max_hp_gain":5.0,"max_hp_loss":0.0,"gold_gain":0.0,"event_name":"Big Fish","player_choice":"Donut","floor":2.0,"gold_loss":0.0,"damage_taken":0.0},{"damage_healed":0.0,"max_hp_gain":0.0,"max_hp_loss":0.0,"gold_gain":0.0,"event_name":"Shining Light","player_choice":"Entered Light","floor":4.0,"gold_loss":0.0,"damage_taken":17.0,"cards_upgraded":["Strike_P","Strike_P"]},{"damage_healed":0,"gold_gain":0,"player_choice":"Grow","damage_taken":0,"max_hp_gain":0,"max_hp_loss":0,"event_name":"Living Wall","floor":13,"gold_loss":0,"cards_upgraded":["Vigilance"]},{"damage_healed":0,"gold_gain":0,"player_choice":"Joined the Cult","damage_taken":6,"max_hp_gain":0,"max_hp_loss":0,"event_name":"Nest","floor":20,"gold_loss":0,"cards_obtained":["RitualDagger"]},{"damage_healed":9,"gold_gain":0,"player_choice":"Full Heal","damage_taken":0,"max_hp_gain":0,"max_hp_loss":0,"event_name":"Wheel of Change","floor":29,"gold_loss":0},{"damage_healed":0,"gold_gain":0,"player_choice":"Fight","damage_taken":0,"max_hp_gain":0,"max_hp_loss":0,"event_name":"Colosseum","floor":30,"gold_loss":0},{"damage_healed":0,"gold_gain":0,"player_choice":"Fought Nobs","damage_taken":0,"max_hp_gain":0,"max_hp_loss":0,"event_name":"Colosseum","floor":30,"gold_loss":0},{"damage_healed":0,"gold_gain":0,"player_choice":"Fight","damage_taken":0,"max_hp_gain":0,"max_hp_loss":0,"event_name":"Mysterious Sphere","floor":36,"gold_loss":0},{"damage_healed":0,"gold_gain":0,"player_choice":"Memory 1","damage_taken":0,"max_hp_gain":0,"max_hp_loss":0,"event_name":"SensoryStone","floor":37,"gold_loss":0}],"is_beta":false,"boss_relics":[{"not_picked":["hubris:Spice","bronze:MakeshiftBattery"],"picked":"SacredBark"},{"not_picked":["Empty Cage","hubris:Stopwatch"],"picked":"Fusion Hammer"}],"items_purged_floors":[10,31,44],"is_endless":false,"potions_floor_spawned":[5,11,14,16,21,22,30,33,38,40,47,54],"ascension_level":3}}