{"host":"bvp2uifzy1c463d9","time":1613853138,"event":{"mods":["AchievementEnabler","BaseMod","Better Note","Block Reminder","Bossed Relics","Colored Map","Colored Powertips","Highlight Path","Minty Spire (QoL Compilation)","Relic Sorter","Relic Stats","Replay The Spire","StSLib"],"gold_per_floor":[115,134,147,147,162,162,182,182,182,209,225,225,181,196,196,196,196],"floor_reached":16,"language":"ENG","playtime":827,"items_purged":[],"score":125,"play_id":"dfee5c6a-80dc-4282-9834-582a3cad03cb","local_time":"20210220143218","is_ascension_mode":true,"campfire_choices":[{"data":"Footwork","floor":6,"key":"SMITH"},{"floor":8,"key":"REST"},{"data":"Setup","floor":12,"key":"SMITH"},{"floor":15,"key":"DIG"}],"circlet_count":0,"master_deck":["Strike_G","Strike_G","Strike_G","Strike_G","Defend_G","Defend_G","Defend_G","Defend_G","Defend_G","Survivor","Neutralize","Deep Breath","Footwork+1","Acrobatics","Replay:Poison Smokescreen","Setup+1","Bane","Flechettes","Deadly Poison"],"relics":["Ring of the Snake","Du-Vu Doll","Durian","Replay:Multitool"],"acts_visited":["Exordium"],"potions_floor_usage":[16],"damage_taken":[{"damage":13,"enemies":"Jaw Worm","floor":1,"turns":6},{"damage":0,"enemies":"2 Louse","floor":2,"turns":3},{"damage":4,"enemies":"Small Slimes","floor":3,"turns":3},{"damage":12,"enemies":"2 Fungi Beasts","floor":5,"turns":4},{"damage":31,"enemies":"Exordium Thugs","floor":7,"turns":9},{"damage":8,"enemies":"Lagavulin","floor":10,"turns":10},{"damage":0,"enemies":"Looter","floor":11,"turns":3},{"damage":0,"enemies":"2 Fungi Beasts","floor":14,"turns":3},{"damage":21,"enemies":"Slime Boss","floor":16,"turns":11}],"seed_played":"5420777447879928608","potions_obtained":[{"floor":3,"key":"SteroidPotion"},{"floor":7,"key":"Venom Potion"},{"floor":11,"key":"Weak Potion"}],"is_trial":false,"path_per_floor":["M","M","M","?","M","R","M","R","T","E","M","R","?","M","R_BF","B"],"character_chosen":"THE_SILENT","items_purchased":[],"campfire_rested":1,"item_purchase_floors":[],"current_hp_per_floor":[57,57,53,46,34,34,3,24,24,21,21,21,21,21,21,0,0],"gold":196,"neow_bonus":"RANDOM_COLORLESS","is_daily":false,"chose_seed":false,"campfire_upgraded":2,"win_rate":0.0,"timestamp":1613853138,"path_taken":["M","M","M","?","M","R","M","R","T","E","M","R","?","M","R_BF","BOSS"],"items_purchased_type":[],"build_version":"2020-12-22","purchased_purges":0,"victory":false,"max_hp_per_floor":[70,70,70,70,70,70,70,70,70,75,75,75,75,75,75,75,75],"relic_stats":{"counters":[9,52],"obtain_stats":[{"Du-Vu Doll":9,"Durian":10,"Replay:Multitool":15,"Ring of the Snake":0},{"Du-Vu Doll":5,"Durian":6,"Replay:Multitool":8,"Ring of the Snake":0},{"Du-Vu Doll":25,"Durian":35,"Replay:Multitool":41,"Ring of the Snake":0}],"Ring of the Snake":[18]},"card_choices":[{"not_picked":["Trip","Specialist"],"picked":"Deep Breath","floor":0},{"not_picked":["Underhanded Strike","Heel Hook"],"picked":"Footwork","floor":1},{"not_picked":["Noxious Fumes","Dagger Spray"],"picked":"Acrobatics","floor":2},{"not_picked":["Distraction","Outmaneuver"],"picked":"Replay:Poison Smokescreen","floor":3},{"not_picked":["Tactician","Riddle With Holes"],"picked":"Setup","floor":5},{"not_picked":["Underhanded Strike","Crippling Poison"],"picked":"Bane","floor":7},{"not_picked":["Masterful Stab","Cloak And Dagger"],"picked":"Flechettes","floor":10},{"not_picked":["Flying Knee","Poisoned Stab"],"picked":"Deadly Poison","floor":11},{"not_picked":["Replay:Poison Smokescreen","Slice","Sucker Punch"],"picked":"SKIP","floor":14}],"player_experience":249143,"relics_obtained":[{"floor":9,"key":"Du-Vu Doll"},{"floor":10,"key":"Durian"},{"floor":15,"key":"Replay:Multitool"}],"event_choices":[{"cards_removed":["Strike_G"],"damage_healed":0,"gold_gain":0,"player_choice":"Card Removal","damage_taken":7,"max_hp_gain":0,"max_hp_loss":0,"event_name":"Golden Wing","floor":4,"gold_loss":0},{"damage_healed":0,"gold_gain":0,"player_choice":"Left Gold","damage_taken":0,"max_hp_gain":0,"max_hp_loss":0,"event_name":"World of Goop","floor":13,"gold_loss":44}],"is_beta":false,"boss_relics":[],"items_purged_floors":[],"is_endless":false,"potions_floor_spawned":[3,7,11],"killed_by":"Slime Boss","ascension_level":4}}