{"host":"dkr0dog13pegamnp","time":1613830722,"event":{"mods":["AchievementEnabler","BaseMod","Minty Spire (QoL Compilation)","Rare Cards Sparkle","StSLib","SuperFastMode","everything is the same but u backflip on backflip"],"gold_per_floor":[109,125,145,157,170,170,170,170],"floor_reached":7,"language":"KOR","playtime":236,"items_purged":[],"score":70,"play_id":"39ef822e-bd8e-4be9-851f-be12e617b70a","local_time":"20210220231842","is_ascension_mode":true,"campfire_choices":[{"data":"Night Terror","floor":6,"key":"SMITH"}],"circlet_count":0,"master_deck":["AscendersBane","Strike_G","Strike_G","Strike_G","Strike_G","Strike_G","Defend_G","Defend_G","Defend_G","Defend_G","Defend_G","Survivor","Neutralize","Escape Plan","Deadly Poison","PiercingWail","Backflip","Night Terror+1"],"relics":["Ring of the Snake","NeowsBlessing"],"acts_visited":["Exordium"],"potions_floor_usage":[4,7,7],"damage_taken":[{"damage":0,"enemies":"Cultist","floor":1,"turns":1},{"damage":0,"enemies":"Jaw Worm","floor":2,"turns":1},{"damage":0,"enemies":"2 Louse","floor":3,"turns":1},{"damage":10,"enemies":"Large Slime","floor":4,"turns":9},{"damage":25,"enemies":"Gremlin Gang","floor":5,"turns":8},{"damage":54,"enemies":"Gremlin Nob","floor":7,"turns":4}],"seed_played":"-681037543670988482","potions_obtained":[{"floor":1,"key":"DistilledChaos"},{"floor":3,"key":"Weak Potion"},{"floor":4,"key":"Energy Potion"}],"is_trial":false,"path_per_floor":["M","M","M","M","M","R","E"],"character_chosen":"THE_SILENT","items_purchased":[],"campfire_rested":0,"item_purchase_floors":[],"current_hp_per_floor":[63,63,63,53,28,28,0,0],"gold":170,"neow_bonus":"THREE_ENEMY_KILL","is_daily":false,"chose_seed":false,"campfire_upgraded":1,"win_rate":0.0,"timestamp":1613830722,"path_taken":["M","M","M","M","M","R","E"],"items_purchased_type":[],"build_version":"2020-12-22","purchased_purges":0,"victory":false,"max_hp_per_floor":[70,70,70,70,70,70,70,70],"card_choices":[{"not_picked":["Accuracy","Backflip"],"picked":"Escape Plan","floor":1},{"not_picked":["Infinite Blades","Flying Knee"],"picked":"Deadly Poison","floor":2},{"not_picked":["Dagger Throw","Deflect"],"picked":"PiercingWail","floor":3},{"not_picked":["Acrobatics","Accuracy"],"picked":"Backflip","floor":4},{"not_picked":["Prepared","Underhanded Strike"],"picked":"Night Terror","floor":5}],"player_experience":71266,"relics_obtained":[],"event_choices":[],"is_beta":false,"boss_relics":[],"items_purged_floors":[],"is_endless":false,"potions_floor_spawned":[1,3,4],"killed_by":"Gremlin Nob","ascension_level":11}}