{"host":"684z1xpuwaoqmmh1","time":1613810436,"event":{"mods":["A Magickal Journey","BaseMod","Downfall","Hermit","Jorbs\u0027s Wanderer Trilogy","Marisa????????","Minty Spire (QoL Compilation)","Robot Space Explorer","Shade Mod","StSLib","The Bug Knight","The Dragon Tamer","The Elementalist","The Hayseed","The Hierophant","The Marked","The Mystic","The Runesmith","The Saiyan","The Senshi","The Spell Scribe","The Vixen","TheBandit","TheFirefly"],"gold_per_floor":[119,136,155,172,68,68,68],"floor_reached":6,"language":"ENG","playtime":340,"items_purged":["theSenshi:SailorKick"],"score":76,"play_id":"57121ea8-39d1-4b45-b97b-50840ed9f7e7","local_time":"20210220104036","is_ascension_mode":true,"campfire_choices":[],"circlet_count":0,"master_deck":["AscendersBane","theSenshi:SailorKick","theSenshi:SailorKick","theSenshi:SailorKick","theSenshi:SailorBlock","theSenshi:SailorBlock","theSenshi:SailorBlock","theSenshi:SailorBlock","theSenshi:RoseThrow","theSenshi:MoonPrismPowerMakeUp","theSenshi:SailorMarsAssists","theSenshi:YouCanTalk","theSenshi:KlutzyLuck","theSenshi:UranusStrength","theSenshi:SailorJupiterAssists"],"relics":["theSenshi:TransformationBroochRelic"],"acts_visited":["Exordium"],"potions_floor_usage":[6],"damage_taken":[{"damage":6,"enemies":"Small Slimes","floor":1,"turns":4},{"damage":5,"enemies":"2 Louse","floor":2,"turns":3},{"damage":6,"enemies":"Jaw Worm","floor":3,"turns":5},{"damage":3,"enemies":"Large Slime","floor":4,"turns":7},{"damage":27,"enemies":"3 Sentries","floor":6,"turns":6}],"seed_played":"-1220032667820378217","potions_obtained":[{"floor":1,"key":"SneckoOil"},{"floor":2,"key":"FearPotion"}],"is_trial":false,"path_per_floor":["M","M","M","M","$","E"],"character_chosen":"THE_SENSHI","items_purchased":["theSenshi:SailorJupiterAssists"],"campfire_rested":0,"item_purchase_floors":[5],"current_hp_per_floor":[69,64,58,55,55,28,28],"gold":68,"neow_bonus":"TEN_PERCENT_HP_BONUS","is_daily":false,"chose_seed":false,"campfire_upgraded":0,"win_rate":0.0,"timestamp":1613810436,"path_taken":["M","M","M","M","$","E"],"items_purchased_type":["Card"],"build_version":"2020-12-22","purchased_purges":1,"victory":false,"max_hp_per_floor":[82,82,82,82,82,82,82],"card_choices":[{"not_picked":["theSenshi:SailorStarFighterAssists","theSenshi:SailorChibiMoonAssists"],"picked":"theSenshi:SailorMarsAssists","floor":1},{"not_picked":["theSenshi:LunasBite","theSenshi:LateForSchool"],"picked":"theSenshi:YouCanTalk","floor":2},{"not_picked":["theSenshi:SteeledNerves","theSenshi:EncouragingSpeech"],"picked":"theSenshi:KlutzyLuck","floor":3},{"not_picked":["theSenshi:SchoolBag","theSenshi:EncouragingSpeech"],"picked":"theSenshi:UranusStrength","floor":4}],"player_experience":3339057,"relics_obtained":[],"event_choices":[],"is_beta":false,"boss_relics":[],"items_purged_floors":[5],"is_endless":false,"potions_floor_spawned":[1,2],"killed_by":"3 Sentries","ascension_level":20}}