{"host":"elacvoo1ojii4e8w","time":1613794483,"event":{"mods":["Aspiration","Bard","BaseMod","BetterRewards","Challenge The Spire","Colored Map","Colored Powertips","Conspire","Downfall","Energized Spire","Friendly Minions","GifTheSpireLib","Halation","Highlight Path","Hubris","Infinite Spire","Mad Scientist","Marisa????????","Minty Spire (QoL Compilation)","Quick Restart","Relic Sorter","Reliquary","Replay The Spire","Spikes Relics","StS++","StSLib","Stuff the Spire","The Blackbeard","The Disciple","The Gatherer","The Jungle","The Marked","The Runesmith","The Servant 0.9.4","The Valiant","Unceasing Turn Reminder"],"gold_per_floor":[99,109,120,120,133,147,193,203,214,231,262,262,262,262,274,379,379,379,396,414,12,12,0,71,89,118,218,234,245,245,245,245],"floor_reached":30,"language":"ENG","playtime":2260,"items_purged":[],"score":256,"play_id":"dcab4e17-bc2d-4d73-9ce3-73d1c888034d","local_time":"20210219221443","is_ascension_mode":false,"campfire_choices":[{"floor":1,"key":"DIG"},{"floor":12,"key":"REST"},{"floor":18,"key":"DIG"}],"circlet_count":0,"master_deck":["champ:Strike","champ:Strike","champ:Strike","champ:Strike","champ:Defend","champ:Defend+1","champ:Defend","champ:Defend","champ:Execute+1","champ:Taunt+1","champ:PerfectedStrike+1","champ:TornadoPunch","champ:Endure","champ:Backstep","champ:BerserkersShout","champ:Duel","champ:FlashCut","champ:EnragedBash","champ:IronFortress","champ:HoldFirm","champ:IronFortress+1","champ:SetATrap","champ:Backstep+1","champ:UltimateStance","champ:PerfectedStrike+1","champ:FanOfKnives","champ:FanOfKnives","expansioncontent:DashGenerateEvil","Pride","champ:Circumvent+1","champ:DancingMaster","champ:AdrenalArmor","champ:Shatter+1","champ:GutPunch+1"],"relics":["champ:ChampionCrown","War Paint","ReplayFunnel","Blue Doll","ReplayTheSpireMod:Ring of Sloth","energizedSpire:SpiderWeb","Tiny Chest","Replay:Bottled Steam","Letter Opener","halation:PromiseList","downfall:GremlinWheel"],"acts_visited":["Exordium","TheCity"],"potions_floor_usage":[11,11,16,16,20,21,25,26,28,29,30],"damage_taken":[{"damage":24,"enemies":"Jaw Worm","floor":2,"turns":5},{"damage":10,"enemies":"Cultist","floor":3,"turns":3},{"damage":0,"enemies":"2 Louse","floor":5,"turns":3},{"damage":10,"enemies":"Blue Slaver","floor":6,"turns":4},{"damage":24,"enemies":"Exordium Thugs","floor":8,"turns":4},{"damage":29,"enemies":"Gremlin Gang","floor":9,"turns":7},{"damage":1,"enemies":"3 Louse","floor":10,"turns":3},{"damage":26,"enemies":"3 Sentries","floor":11,"turns":6},{"damage":15,"enemies":"Exordium Wildlife","floor":15,"turns":4},{"damage":76,"enemies":"WA_ARCHETYPE_RETAIN","floor":16,"turns":14},{"damage":24,"enemies":"downfall:LooterAlt2","floor":19,"turns":6},{"damage":26,"enemies":"Shell Parasite","floor":20,"turns":6},{"damage":10,"enemies":"downfall:FleeingMerchant","floor":21,"turns":4},{"damage":5,"enemies":"downfall:FleeingMerchant","floor":23,"turns":4},{"damage":15,"enemies":"3 Cultists","floor":25,"turns":5},{"damage":24,"enemies":"conspire:SneckoGhost","floor":26,"turns":9},{"damage":67,"enemies":"conspire:SneckoGhost","floor":27,"turns":6},{"damage":24,"enemies":"Centurion and Healer","floor":28,"turns":8},{"damage":19,"enemies":"Shelled Parasite and Fungi","floor":29,"turns":6},{"damage":8,"enemies":"Snake Plant","floor":30,"turns":1}],"seed_played":"-9081413951217900165","potions_obtained":[{"floor":2,"key":"BlessingOfTheForge"},{"floor":6,"key":"Energy Potion"},{"floor":10,"key":"Milkshake"},{"floor":11,"key":"Block Potion"},{"floor":15,"key":"Elixir"},{"floor":16,"key":"LifebloodPotion"},{"floor":19,"key":"champ:CounterPotion"},{"floor":25,"key":"GamblersBrew"},{"floor":27,"key":"BlessingOfTheForge"},{"floor":28,"key":"Block Potion"},{"floor":29,"key":"Explosive Potion"}],"is_trial":false,"path_per_floor":["R_BF","M","M","?","M","M","T","M","M","M","E","R","?","?","M","B",null,"R_BF","M","M","$","?","$","T","M","E","?","M","M","M"],"character_chosen":"THE_CHAMP","items_purchased":["champ:UltimateStance","champ:PerfectedStrike+1","champ:FanOfKnives","expansioncontent:DashGenerateEvil"],"campfire_rested":1,"item_purchase_floors":[21,21,21,21],"current_hp_per_floor":[99,85,85,85,85,85,85,71,67,66,55,84,84,84,79,23,99,99,95,91,91,91,91,91,86,72,25,17,3,0,0,0],"gold":245,"neow_bonus":"TEN_PERCENT_HP_BONUS","is_daily":false,"chose_seed":false,"campfire_upgraded":0,"win_rate":0.0,"timestamp":1613794483,"path_taken":["R_BF","M","M","?","M","M","T","M","?","M","E","R","?","?","M","BOSS","R_BF","M","M","$","?","$","T","M","E","?","M","?","M"],"items_purchased_type":["Card","Card","Card","Card"],"build_version":"2020-12-22","purchased_purges":0,"victory":false,"max_hp_per_floor":[99,99,99,99,99,99,99,99,99,99,99,99,99,99,99,99,99,99,99,99,99,99,99,99,99,99,99,99,99,99,99,99],"card_choices":[{"not_picked":["champ:FaceSlap","champ:Duel"],"picked":"champ:PerfectedStrike","floor":2},{"not_picked":["champ:FalseCounter","champ:DefensiveShout"],"picked":"champ:TornadoPunch","floor":3},{"not_picked":["champ:PreciseThrust","champ:HeartStrike"],"picked":"champ:Endure","floor":5},{"not_picked":["champ:ShieldSlam","champ:PreemptiveStrike"],"picked":"champ:Backstep","floor":6},{"not_picked":["champ:Haymaker","champ:Shatter"],"picked":"champ:BerserkersShout","floor":8},{"not_picked":["champ:GutPunch","champ:BladeFlurry"],"picked":"champ:Duel","floor":9},{"not_picked":["champ:CrownThrow","champ:SetATrap"],"picked":"champ:FlashCut","floor":10},{"not_picked":["champ:Haymaker","champ:GladiatorStyle"],"picked":"champ:EnragedBash","floor":11},{"not_picked":["champ:PerfectedStrike","champ:FocusedBerserking"],"picked":"champ:IronFortress","floor":15},{"not_picked":["champ:SwordThrow","champ:Improvising"],"picked":"champ:HoldFirm","floor":16},{"not_picked":["champ:Circumvent","champ:PreciseThrust"],"picked":"champ:IronFortress+1","floor":19},{"not_picked":["champ:GladiatorStyle","champ:FaceSlap"],"picked":"champ:SetATrap","floor":20},{"not_picked":["champ:Encircle","champ:FancyFootwork"],"picked":"champ:Backstep+1","floor":21},{"not_picked":["champ:DefensiveShout","champ:CalledShot"],"picked":"champ:Circumvent+1","floor":23},{"not_picked":["champ:BringItOn","champ:Shatter+1"],"picked":"champ:DancingMaster","floor":25},{"not_picked":["champ:EnragedBash+1","champ:FaceSlap"],"picked":"champ:AdrenalArmor","floor":26},{"not_picked":["champ:StanceDance","champ:FlashCut"],"picked":"champ:Shatter+1","floor":28},{"not_picked":["champ:Haymaker","champ:BladeFlurry"],"picked":"champ:GutPunch+1","floor":29}],"player_experience":68984,"relics_obtained":[{"floor":1,"key":"War Paint"},{"floor":7,"key":"ReplayFunnel"},{"floor":11,"key":"Blue Doll"},{"floor":13,"key":"ReplayTheSpireMod:Ring of Sloth"},{"floor":18,"key":"Tiny Chest"},{"floor":24,"key":"Letter Opener"},{"floor":26,"key":"halation:PromiseList"},{"floor":27,"key":"downfall:GremlinWheel"}],"event_choices":[{"damage_healed":0,"gold_gain":0,"player_choice":"Stole Relic","damage_taken":0,"relics_obtained":["Replay:Bottled Steam"],"max_hp_gain":0,"max_hp_loss":0,"event_name":"Addict","floor":22,"gold_loss":0,"cards_obtained":["Pride"]}],"is_beta":false,"boss_relics":[{"not_picked":["ChewingGum","hubris:GrandSneckoEye"],"picked":"energizedSpire:SpiderWeb"}],"items_purged_floors":[],"is_endless":false,"potions_floor_spawned":[2,6,10,11,15,16,19,25,27,28,29],"killed_by":"Snake Plant","ascension_level":0}}