{"host":"718qlz3dt7mutpmt","time":1613855906,"event":{"mods":["AchievementEnabler","BaseMod","BetterRewards","Colored Powertips","Downfall","Hermit","Highlight Path","Hubris","Infinite Spire","Minty Spire (QoL Compilation)","Quick Restart","Replay The Spire","Shop Mod","StSLib","SuperFastMode","The Cursed","The Disciple","The Jungle","The Runesmith"],"gold_per_floor":[113,132,148,165,29,29,29,43,117,117,117,129,147,166,166,262,262,281,299,316,316,316],"floor_reached":21,"language":"FRA","playtime":1291,"items_purged":[],"score":177,"play_id":"e29eb4f9-5507-446b-bcc8-302a4304040b","local_time":"20210220221826","is_ascension_mode":false,"campfire_choices":[{"floor":6,"key":"REST"},{"floor":15,"key":"REST"}],"circlet_count":0,"master_deck":["Strike_R","Strike_R","Strike_R","Strike_R","Strike_R","Defend_R","Defend_R","Defend_R","Defend_R","Bash","Sever Soul","Spot Weakness","infinitespire:OneForAll","Uppercut","Wild Strike","Dramatic Entrance","Heavy Blade","Iron Wave","Clothesline","Power Through+1","Offering+1","Clothesline","Inflame+1","Power Through+1"],"relics":["Burning Blood","Iron Hammer","Toxic Egg 2","infinitespire:Burning Sword"],"acts_visited":["Exordium","TheCity"],"potions_floor_usage":[12,20],"damage_taken":[{"damage":15,"enemies":"Jaw Worm","floor":1,"turns":5},{"damage":6,"enemies":"Cultist","floor":2,"turns":3},{"damage":24,"enemies":"infinitespire:Voidling","floor":3,"turns":5},{"damage":16,"enemies":"Blue Slaver","floor":4,"turns":4},{"damage":14,"enemies":"3 Louse","floor":8,"turns":3},{"damage":10,"enemies":"Large Slime","floor":12,"turns":4},{"damage":4,"enemies":"Blue Slaver","floor":13,"turns":2},{"damage":0,"enemies":"Lots of Slimes","floor":14,"turns":1},{"damage":38,"enemies":"Fading Forest","floor":16,"turns":11},{"damage":14,"enemies":"2 Thieves","floor":18,"turns":3},{"damage":14,"enemies":"Spheric Guardian","floor":19,"turns":3},{"damage":40,"enemies":"Centurion and Healer","floor":20,"turns":4},{"damage":0,"enemies":"Snake Plant","floor":21,"turns":1}],"seed_played":"-2890802460845841657","potions_obtained":[{"floor":0,"key":"Milkshake"},{"floor":0,"key":"infinitespire:BlackPotion"},{"floor":0,"key":"Flashbang"},{"floor":4,"key":"Ancient Potion"},{"floor":13,"key":"Energy Potion"},{"floor":20,"key":"Strength Potion"}],"is_trial":false,"path_per_floor":["M","M","M","M","$","R","?","M","T","$","?","M","M","M","R","B",null,"M","M","M","M"],"character_chosen":"IRONCLAD","items_purchased":["Wild Strike","Dramatic Entrance","Toxic Egg 2"],"campfire_rested":2,"item_purchase_floors":[5,5,10],"current_hp_per_floor":[71,71,60,50,50,74,80,72,72,55,55,61,63,69,80,58,80,72,64,30,30,30],"gold":316,"neow_bonus":"THREE_SMALL_POTIONS","is_daily":false,"chose_seed":false,"campfire_upgraded":0,"win_rate":0.0,"timestamp":1613855906,"path_taken":["M","M","M","M","$","R","?","M","T","?","?","M","M","M","R","BOSS","M","M","M","M"],"items_purchased_type":["Card","Card","Relic"],"build_version":"2020-12-22","purchased_purges":0,"victory":false,"max_hp_per_floor":[80,80,80,80,80,80,80,80,80,80,80,80,80,80,80,80,80,80,80,80,80,80],"card_choices":[{"not_picked":["Fire Breathing","Havoc"],"picked":"Sever Soul","floor":1},{"not_picked":["True Grit","Warcry"],"picked":"Spot Weakness","floor":2},{"not_picked":["Armaments","hubris:CleavingFinish"],"picked":"infinitespire:OneForAll","floor":3},{"not_picked":["Fire Breathing","Cleave"],"picked":"Uppercut","floor":4},{"not_picked":["Anger","Shrug It Off"],"picked":"Heavy Blade","floor":8},{"not_picked":["Thunderclap","Rampage"],"picked":"Iron Wave","floor":12},{"not_picked":["hubris:StunningStrike","Body Slam"],"picked":"Clothesline","floor":13},{"not_picked":["Warcry+1","True Grit+1"],"picked":"Power Through+1","floor":14},{"not_picked":["Eclipse+1","Replay:Many Hands+1"],"picked":"Offering+1","floor":16},{"not_picked":["Bloodletting+1","Armaments+1"],"picked":"Clothesline","floor":18},{"not_picked":["Armaments+1","Run Through"],"picked":"Inflame+1","floor":19},{"not_picked":["Havoc+1","Replay:Many Hands+1"],"picked":"Power Through+1","floor":20}],"player_experience":31526,"relics_obtained":[{"floor":9,"key":"Iron Hammer"}],"event_choices":[{"damage_healed":6,"gold_gain":0,"player_choice":"Full Heal","damage_taken":0,"max_hp_gain":0,"max_hp_loss":0,"event_name":"Wheel of Change","floor":7,"gold_loss":0},{"damage_healed":0,"gold_gain":0,"player_choice":"Searched \u00270\u0027 times","damage_taken":0,"max_hp_gain":0,"max_hp_loss":0,"event_name":"Dead Adventurer","floor":11,"gold_loss":0}],"is_beta":false,"boss_relics":[{"not_picked":["Ring of Chaos","Runesmith:UraniumAnvil"],"picked":"infinitespire:Burning Sword"}],"items_purged_floors":[],"is_endless":false,"potions_floor_spawned":[4,8,13,20],"killed_by":"Snake Plant","ascension_level":0}}