{"host":"v0dnu0zs4qo0v13s","time":1613857065,"event":{"mods":["BaseMod","Colored Map","Colored Powertips","Minty Spire (QoL Compilation)","Relic Stats","StSLib","SuperFastMode","everything is the same but u backflip on backflip"],"gold_per_floor":[111,124,49,62,25,54,54,87,134,134,134,134,114,153,153,284,284,297,52,72,72,72,110,110,110,110,110,110,110,25,40,40,40,40],"floor_reached":33,"language":"ENG","playtime":1155,"items_purged":["Strike_B","Defend_B"],"score":475,"play_id":"f509dec3-34ef-43df-9195-1a9038085774","local_time":"20210220163745","is_ascension_mode":true,"campfire_choices":[{"data":"Sunder","floor":7.0,"key":"SMITH"},{"floor":11.0,"key":"REST"},{"floor":15.0,"key":"REST"},{"floor":24.0,"key":"REST"},{"floor":29.0,"key":"REST"},{"floor":32.0,"key":"REST"}],"circlet_count":0,"master_deck":["AscendersBane","Strike_B","Strike_B","Defend_B","Defend_B","Zap","Dualcast","Sunder+1","Cold Snap","Hologram","Capacitor","Beam Cell","Core Surge","Chill","Thunder Strike","Coolheaded+1","Machine Learning","Turbo","Decay","Redo"],"relics":["Cracked Core","NeowsBlessing","Kunai","Bag of Marbles","Juzu Bracelet","Golden Idol","Anchor","Nuclear Battery","Girya","Prayer Wheel","Matryoshka"],"acts_visited":["Exordium","TheCity"],"potions_floor_usage":[],"damage_taken":[{"damage":0.0,"enemies":"Cultist","floor":1.0,"turns":1.0},{"damage":0.0,"enemies":"Small Slimes","floor":2.0,"turns":1.0},{"damage":0.0,"enemies":"Jaw Worm","floor":4.0,"turns":1.0},{"damage":24.0,"enemies":"Gremlin Nob","floor":6.0,"turns":4.0},{"damage":13.0,"enemies":"3 Sentries","floor":8.0,"turns":5.0},{"damage":26.0,"enemies":"Lagavulin","floor":14.0,"turns":5.0},{"damage":10.0,"enemies":"Hexaghost","floor":16.0,"turns":9.0},{"damage":16.0,"enemies":"Shell Parasite","floor":18.0,"turns":5.0},{"damage":3.0,"enemies":"2 Thieves","floor":20.0,"turns":2.0},{"damage":33.0,"enemies":"Book of Stabbing","floor":23.0,"turns":4.0},{"damage":0.0,"enemies":"Gremlin Leader","floor":25.0,"turns":1.0},{"damage":15.0,"enemies":"Sentry and Sphere","floor":31.0,"turns":7.0},{"damage":89,"enemies":"Automaton","floor":33,"turns":10}],"seed_played":"7247072891287085697","potions_obtained":[{"floor":13.0,"key":"FocusPotion"},{"floor":14.0,"key":"BlessingOfTheForge"},{"floor":16.0,"key":"FairyPotion"},{"floor":18.0,"key":"SmokeBomb"}],"is_trial":false,"path_per_floor":["M","M","$","M","$","E","R","E","T","?","R","?","?","E","R","B",null,"M","$","M","?","?","E","R","E","T","$","?","R","?","M","R","B"],"character_chosen":"DEFECT","items_purchased":["Capacitor","Machine Learning"],"campfire_rested":5,"item_purchase_floors":[5,19],"current_hp_per_floor":[68,68,68,68,68,44,44,31,31,31,51,51,51,25,45,35,61,45,45,42,42,42,9,29,29,29,29,29,49,49,34,54,4,4],"gold":40,"neow_bonus":"THREE_ENEMY_KILL","is_daily":false,"chose_seed":false,"campfire_upgraded":1,"win_rate":0.0,"timestamp":1613857065,"path_taken":["M","M","$","M","$","E","R","E","T","?","R","?","?","E","R","BOSS","M","$","M","?","?","E","R","E","T","?","?","R","?","M","R","BOSS"],"items_purchased_type":["Card","Card"],"build_version":"2020-12-22","purchased_purges":2,"victory":false,"max_hp_per_floor":[75,75,75,75,75,75,75,75,75,69,69,69,69,69,69,69,69,69,69,69,69,69,69,69,69,69,69,69,69,69,69,69,69,69],"relic_stats":{"counters":[13,55],"Golden Idol":60,"Prayer Wheel":1,"Juzu Bracelet":3,"Kunai":[7],"obtain_stats":[{"Girya":23,"Anchor":14,"Matryoshka":30,"NeowsBlessing":0,"Golden Idol":10,"Prayer Wheel":26,"Bag of Marbles":8,"Juzu Bracelet":9,"Kunai":6,"Cracked Core":0,"Nuclear Battery":17},{"Girya":10,"Anchor":6,"Matryoshka":11,"NeowsBlessing":0,"Golden Idol":5,"Prayer Wheel":11,"Bag of Marbles":5,"Juzu Bracelet":5,"Kunai":4,"Cracked Core":0,"Nuclear Battery":7},{"Girya":37,"Anchor":17,"Matryoshka":38,"NeowsBlessing":0,"Golden Idol":12,"Prayer Wheel":38,"Bag of Marbles":12,"Juzu Bracelet":12,"Kunai":7,"Cracked Core":0,"Nuclear Battery":26}]},"card_choices":[{"not_picked":["Steam","Beam Cell"],"picked":"Sunder","floor":1.0},{"not_picked":["Leap","Sunder"],"picked":"Cold Snap","floor":2.0},{"not_picked":["Stack","Double Energy"],"picked":"Hologram","floor":4.0},{"not_picked":["Sunder","Cold Snap"],"picked":"Beam Cell","floor":6.0},{"not_picked":["Redo","Ball Lightning","Stack"],"picked":"SKIP","floor":8.0},{"not_picked":["White Noise","Hello World"],"picked":"Chill","floor":14.0},{"not_picked":["Amplify","Hyperbeam"],"picked":"Thunder Strike","floor":16.0},{"not_picked":["Sweeping Beam","Beam Cell"],"picked":"Coolheaded+1","floor":18.0},{"not_picked":["Go for the Eyes+1","Loop"],"picked":"Turbo","floor":20.0},{"not_picked":["FTL","Go for the Eyes+1","Leap"],"picked":"SKIP","floor":23.0},{"not_picked":["Barrage","Cold Snap+1"],"picked":"Redo","floor":31.0},{"not_picked":["Cold Snap","Rebound","Sunder"],"picked":"SKIP","floor":31.0}],"player_experience":748805,"relics_obtained":[{"floor":6.0,"key":"Kunai"},{"floor":8.0,"key":"Bag of Marbles"},{"floor":9.0,"key":"Juzu Bracelet"},{"floor":14.0,"key":"Anchor"},{"floor":23.0,"key":"Girya"},{"floor":26.0,"key":"Prayer Wheel"}],"event_choices":[{"damage_healed":0.0,"max_hp_gain":0.0,"max_hp_loss":6.0,"gold_gain":0.0,"event_name":"Golden Idol","player_choice":"Lose Max HP","floor":10.0,"gold_loss":0.0,"damage_taken":0.0,"relics_obtained":["Golden Idol"]},{"damage_healed":0.0,"max_hp_gain":0.0,"max_hp_loss":0.0,"gold_gain":0.0,"cards_transformed":["Strike_B"],"event_name":"Living Wall","player_choice":"Change","floor":12.0,"gold_loss":0.0,"damage_taken":0.0,"cards_obtained":["Core Surge"]},{"damage_healed":0.0,"max_hp_gain":0.0,"max_hp_loss":0.0,"gold_gain":0.0,"event_name":"The Woman in Blue","player_choice":"Bought 1 Potion","floor":13.0,"gold_loss":0.0,"damage_taken":0.0},{"cards_removed":["Defend_B"],"damage_healed":0.0,"max_hp_gain":0.0,"max_hp_loss":0.0,"gold_gain":0.0,"event_name":"Back to Basics","player_choice":"Elegance","floor":21.0,"gold_loss":0.0,"damage_taken":0.0},{"damage_healed":0.0,"max_hp_gain":0.0,"max_hp_loss":0.0,"gold_gain":0.0,"event_name":"Vampires","player_choice":"Ignored","floor":22.0,"gold_loss":0.0,"damage_taken":0.0},{"damage_healed":0.0,"max_hp_gain":0.0,"max_hp_loss":0.0,"gold_gain":0.0,"event_name":"Wheel of Change","player_choice":"Cursed","floor":28.0,"gold_loss":0.0,"damage_taken":0.0,"cards_obtained":["Decay"]},{"damage_healed":0.0,"max_hp_gain":0.0,"max_hp_loss":0.0,"gold_gain":0.0,"event_name":"Addict","player_choice":"Obtained Relic","floor":30.0,"gold_loss":85.0,"damage_taken":0.0,"relics_obtained":["Matryoshka"]}],"is_beta":false,"boss_relics":[{"not_picked":["Runic Dome","Snecko Eye"],"picked":"Nuclear Battery"}],"items_purged_floors":[3,19],"is_endless":false,"potions_floor_spawned":[14,16,18],"killed_by":"Automaton","ascension_level":12}}