{"host":"f5gffvlv6a66yqkd","time":1613797065,"event":{"mods":["2.2 Compatiblity","BaseMod","Colored Map","Custom Start","DeckTracker","Keyboard Shortcuts","Minty Spire (QoL Compilation)","Permanent Neow","Quick Restart","Relic Stats","StSLib","SuperFastMode"],"gold_per_floor":[117,136,22,22,22,22,54,69,69,69,80,80,92,109,109,182,232,247,266,278,33,33,33,58,74,74,74,74,124,124,46,46,46,46],"floor_reached":33,"language":"KOR","playtime":685,"items_purged":[],"score":530,"play_id":"c1f79753-62fd-4faa-a4e1-15189603b70f","local_time":"20210220135745","is_ascension_mode":true,"campfire_choices":[{"data":"Eruption","floor":6.0,"key":"SMITH"},{"data":"Ragnarok","floor":10.0,"key":"SMITH"},{"data":"Tantrum","floor":12.0,"key":"SMITH"},{"data":"Scrawl","floor":15.0,"key":"SMITH"},{"data":"Adaptation","floor":23.0,"key":"SMITH"},{"data":"TalkToTheHand","floor":27.0,"key":"SMITH"},{"floor":30.0,"key":"REST"},{"data":"MentalFortress","floor":32.0,"key":"SMITH"}],"circlet_count":0,"master_deck":["AscendersBane","Strike_P+1","Strike_P+1","Strike_P+1","Strike_P+1","Defend_P+1","Defend_P+1","Defend_P+1","Defend_P+1","Eruption+1","Vigilance","CutThroughFate","InnerPeace","Tantrum+1","Ragnarok+1","Scrawl+1","Judgement","Adaptation+1","TalkToTheHand+1","MentalFortress+1"],"relics":["PureWater","FossilizedHelix","Tiny House","Medical Kit","Blue Candle","Prayer Wheel","CloakClasp"],"acts_visited":["Exordium","TheCity"],"potions_floor_usage":[33],"damage_taken":[{"damage":0.0,"enemies":"Cultist","floor":1.0,"turns":2.0},{"damage":0.0,"enemies":"Jaw Worm","floor":2.0,"turns":2.0},{"damage":17.0,"enemies":"Lagavulin","floor":7.0,"turns":5.0},{"damage":0.0,"enemies":"Small Slimes","floor":8.0,"turns":3.0},{"damage":0.0,"enemies":"Blue Slaver","floor":11.0,"turns":1.0},{"damage":0.0,"enemies":"Exordium Thugs","floor":13.0,"turns":2.0},{"damage":0.0,"enemies":"Large Slime","floor":14.0,"turns":1.0},{"damage":32.0,"enemies":"Hexaghost","floor":16.0,"turns":3.0},{"damage":11.0,"enemies":"2 Thieves","floor":18.0,"turns":2.0},{"damage":0.0,"enemies":"Chosen","floor":19.0,"turns":4.0},{"damage":0.0,"enemies":"Centurion and Healer","floor":20.0,"turns":4.0},{"damage":28.0,"enemies":"Gremlin Leader","floor":24.0,"turns":4.0},{"damage":0.0,"enemies":"Snake Plant","floor":25.0,"turns":2.0},{"damage":0,"enemies":"Collector","floor":33,"turns":8}],"seed_played":"2260965929580389727","potions_obtained":[{"floor":0.0,"key":"Regen Potion"},{"floor":0.0,"key":"BlessingOfTheForge"},{"floor":7.0,"key":"GamblersBrew"},{"floor":14.0,"key":"SteroidPotion"},{"floor":17.0,"key":"BottledMiracle"},{"floor":19.0,"key":"StancePotion"},{"floor":24.0,"key":"PowerPotion"}],"is_trial":false,"path_per_floor":["M","M","$","?","?","R","E","M","T","R","M","R","M","M","R","B",null,"M","M","M","$","?","R","E","M","T","R","T","?","R","$","R","B"],"character_chosen":"WATCHER","items_purchased":["InnerPeace","Tantrum","Adaptation","Medical Kit","MentalFortress"],"campfire_rested":1,"item_purchase_floors":[3,3,21,21,31],"current_hp_per_floor":[61,61,61,66,56,56,39,39,39,39,39,39,39,39,39,7,62,51,51,51,51,51,51,23,23,23,23,23,23,46,46,46,46,46],"gold":46,"neow_bonus":"THREE_SMALL_POTIONS","is_daily":false,"chose_seed":false,"campfire_upgraded":7,"win_rate":0.0,"timestamp":1613797065,"path_taken":["M","M","$","?","?","R","E","M","T","R","M","R","M","M","R","BOSS","M","M","?","?","?","R","E","M","T","R","?","?","R","$","R","BOSS"],"items_purchased_type":["Card","Card","Card","Relic","Card"],"build_version":"2020-12-22","purchased_purges":0,"victory":false,"max_hp_per_floor":[68,68,68,73,73,73,73,73,73,73,73,73,73,73,73,73,78,78,78,78,78,78,78,78,78,78,78,78,78,78,78,78,78,78],"relic_stats":{"counters":[14,43],"Blue Candle":[0],"Prayer Wheel":0,"CloakClasp":[35],"Medical Kit":[0],"obtain_stats":[{"Tiny House":17,"Blue Candle":24,"Prayer Wheel":26,"WingedGreaves":1,"CloakClasp":28,"PureWater":0,"Medical Kit":21,"FossilizedHelix":7},{"Tiny House":8,"Blue Candle":12,"Prayer Wheel":13,"WingedGreaves":1,"CloakClasp":13,"PureWater":0,"Medical Kit":11,"FossilizedHelix":3},{"Tiny House":19,"Blue Candle":33,"Prayer Wheel":35,"WingedGreaves":2,"CloakClasp":35,"PureWater":0,"Medical Kit":29,"FossilizedHelix":9}]},"card_choices":[{"not_picked":["Weave","Evaluate","ClearTheMind"],"picked":"SKIP","floor":1.0},{"not_picked":["Consecrate","EmptyBody"],"picked":"CutThroughFate","floor":2.0},{"not_picked":["EmptyBody","Pray","FlyingSleeves"],"picked":"SKIP","floor":7.0},{"not_picked":["Weave","InnerPeace"],"picked":"Ragnarok","floor":8.0},{"not_picked":["FlyingSleeves","PathToVictory","DeceiveReality"],"picked":"SKIP","floor":11.0},{"not_picked":["PathToVictory","FlurryOfBlows","Prostrate"],"picked":"SKIP","floor":13.0},{"not_picked":["ThirdEye","FollowUp"],"picked":"Scrawl","floor":14.0},{"not_picked":["Ragnarok","Establishment"],"picked":"Judgement","floor":16.0},{"not_picked":["FlurryOfBlows","ForeignInfluence","Prostrate"],"picked":"SKIP","floor":18.0},{"not_picked":["Consecrate","PathToVictory","EmptyFist"],"picked":"SKIP","floor":19.0},{"not_picked":["Consecrate","PathToVictory","EmptyFist"],"picked":"SKIP","floor":19.0},{"not_picked":["WreathOfFlame","Halt","EmptyFist"],"picked":"SKIP","floor":20.0},{"not_picked":["Ragnarok","ThirdEye"],"picked":"TalkToTheHand","floor":24.0},{"not_picked":["FlyingSleeves+1","ReachHeaven","FlurryOfBlows"],"picked":"SKIP","floor":25.0}],"player_experience":1526621,"relics_obtained":[{"floor":7.0,"key":"FossilizedHelix"},{"floor":24.0,"key":"Blue Candle"},{"floor":26.0,"key":"Prayer Wheel"},{"floor":28.0,"key":"CloakClasp"}],"event_choices":[{"damage_healed":0.0,"max_hp_gain":5.0,"max_hp_loss":0.0,"gold_gain":0.0,"event_name":"Big Fish","player_choice":"Donut","floor":4.0,"gold_loss":0.0,"damage_taken":0.0},{"damage_healed":0.0,"max_hp_gain":0.0,"max_hp_loss":0.0,"gold_gain":0.0,"event_name":"Wheel of Change","player_choice":"Damaged","floor":5.0,"gold_loss":0.0,"damage_taken":10.0},{"damage_healed":0.0,"max_hp_gain":0.0,"max_hp_loss":0.0,"gold_gain":0.0,"event_name":"Back to Basics","player_choice":"Simplicity","floor":22.0,"gold_loss":0.0,"damage_taken":0.0,"cards_upgraded":["Strike_P","Strike_P","Strike_P","Strike_P","Defend_P","Defend_P","Defend_P"]},{"damage_healed":0.0,"max_hp_gain":0.0,"max_hp_loss":0.0,"gold_gain":50.0,"event_name":"Nest","player_choice":"Stole From Cult","floor":29.0,"gold_loss":0.0,"damage_taken":0.0}],"is_beta":false,"boss_relics":[{"not_picked":["Sozu","Black Star"],"picked":"Tiny House"}],"items_purged_floors":[],"is_endless":false,"potions_floor_spawned":[7,13,14,18,19,24],"killed_by":"Collector","ascension_level":20}}