{"host":"yp2ga117svxnbcen","time":1613805127,"event":{"mods":["Act Like it!","Aspiration","BaseMod","BetterRewards","ChefMod","Colored Map","Conspire","Custom Start","Downfall","Elementarium","Gensokyo","GifTheSpireLib","Gold Saver","GungeonMod","Halation","Hallownest","Hermit","HornydragonMod","Hubris","Menagerie","Minty Spire (QoL Compilation)","Quick Restart","Remove Card Discount Mod","Replay The Spire","Shop Mod","Spicy Shops","StSLib","Stuff the Spire","The Blue Laboratory","The IronCluck","egg","slay the spire mod where everything is the same but ironclad has a cowboy hat","??????REMEMod"],"gold_per_floor":[109,109,109,109,127,127,127,127,200,200,250,284,284,284,284,357,357,395,408,408,408,438,438,463,463,518,531,584,613,613,691,691,702,702,702,158,158,190,223,223,269,269,180,180,191,47,47,47,47,47,47,47,82,112],"floor_reached":57,"language":"ENG","playtime":1084,"items_purged":["Strike_R","Bash","Strike_R","Defend_R","Strike_R","Defend_R+1","Defend_R+1","Defend_R","Strike_R","Strike_R","Reaper","HandOfGreed","Pride"],"score":4172,"play_id":"e610b26e-3a12-4628-847c-2a30c0007242","local_time":"20210219231207","is_ascension_mode":true,"campfire_choices":[{"data":"Flex","floor":6,"key":"SMITH"},{"data":"Limit Break","floor":13,"key":"SMITH"},{"data":"Limit Break","floor":15,"key":"SMITH"},{"data":"Replay:Many Hands","floor":24,"key":"SMITH"},{"data":"Limit Break","floor":32,"key":"SMITH"},{"floor":44,"key":"RECALL"},{"data":"Gensokyo:PrivateSquare","floor":53,"key":"SMITH"}],"circlet_count":0,"master_deck":["AscendersBane","Master of Strategy","Master of Strategy+1","Limit Break+1","Limit Break","Limit Break+1","Whirlwind+1","Flex+1","Anger+1","Replay:Many Hands+1","Limit Break+1","REME_Fury+1","Gensokyo:RPG","Gensokyo:PrivateSquare+1","ReplayTheSpireMod:Limb From Limb+1","Exhume"],"relics":["Burning Blood","REME_ComplimentaryCards","Sling","Simple Rune","halation:TrafficLight","DollysMirror","Bag of Preparation","halation:NonexistentMirror","Brimstone","hubris:IronBody","DemoMod:MeatBun","Pen Nib","DemoMod:OrangeGuonStone","Garlic","Red Skull","DemoMod:GlassGuonStoneRelic","Gensokyo:PortableGap","Mark of Pain","Gensokyo:ConquerorOfFear","Replay:Wax Seal","MealTicket","Blood Vial","Lantern","hubris:GlazedTorus","StuffTheSpire:GrapeVine","conspire:Flyswatter","bronze:MakeshiftBattery","halation:EternalFortune","Membership Card","Quantum Egg","Whetstone","Ancient Tea Set","Strange Spoon","DemoMod:MemoryAlloy","REME_IWantAll","StuffTheSpire:Mouthbags","hubris:Icosahedron","Chemical X","StoneCalendar"],"acts_visited":["Exordium","Gensokyo:Gensokyo","Gensokyo:Gensokyoer","TheEnding"],"potions_floor_usage":[33,56,56],"damage_taken":[{"damage":0,"enemies":"Gensokyo:2_Kodama","floor":1,"turns":1},{"damage":0,"enemies":"Gensokyo:3_Fairies","floor":5,"turns":2},{"damage":0,"enemies":"Gensokyo:Mamizou","floor":11,"turns":2},{"damage":0,"enemies":"Gensokyo:Gryphon","floor":12,"turns":1},{"damage":0,"enemies":"Gensokyo:Yukari","floor":16,"turns":2},{"damage":0,"enemies":"Gensokyo:2_Gloops","floor":18,"turns":1},{"damage":0,"enemies":"Gensokyo:AngelMirror","floor":20,"turns":1},{"damage":0,"enemies":"Gensokyo:Koishi","floor":23,"turns":2},{"damage":0,"enemies":"Gensokyo:Reisen","floor":25,"turns":1},{"damage":0,"enemies":"Gensokyo:Koishi","floor":27,"turns":1},{"damage":0,"enemies":"Gensokyo:Slime_Group","floor":28,"turns":1},{"damage":0,"enemies":"Gensokyo:Reisen","floor":29,"turns":1},{"damage":0,"enemies":"Gensokyo:Koishi","floor":31,"turns":1},{"damage":0,"enemies":"Gensokyo:Kaguya","floor":33,"turns":1},{"damage":0,"enemies":"Gensokyo:3_Boulders","floor":35,"turns":1},{"damage":0,"enemies":"Gensokyo:Marisa","floor":40,"turns":1},{"damage":0,"enemies":"Gensokyo:Kasen","floor":41,"turns":1},{"damage":0,"enemies":"Gensokyo:AncientGuardian","floor":47,"turns":2},{"damage":0,"enemies":"Gensokyo:Scarlet_Devils","floor":50,"turns":1},{"damage":0,"enemies":"Gensokyo:Shinki","floor":51,"turns":6},{"damage":0,"enemies":"Shield and Spear","floor":55,"turns":1},{"damage":40,"enemies":"The Heart","floor":56,"turns":6}],"seed_played":"1608422348017637111","potions_obtained":[{"floor":12,"key":"BlessingOfTheForge"},{"floor":28,"key":"Energy Potion"},{"floor":55,"key":"REME_GoldPotion"}],"is_trial":false,"path_per_floor":["M","?","$","T","M","R","?","T","T","COS","E","M","R","?","R","B",null,"M","M","?","T","E","R","E","T","E","M","E","E","R","B",null,"M","?","?","$","?","E","E","?","T","R","$","?","M","COS","R_BF","B","B",null,"R","$","E","B",null],"character_chosen":"IRONCLAD","items_purchased":["Sling","Simple Rune","Master of Strategy","halation:TrafficLight","HandOfGreed","Reaper","DollysMirror","Bag of Preparation","Clash+1","halation:NonexistentMirror","Brimstone","hubris:IronBody","Limit Break","DemoMod:MeatBun","Pen Nib","Whirlwind","Flex","LiquidBronze","Membership Card","Quantum Egg","Whetstone","Ancient Tea Set","Strange Spoon","Exhume"],"campfire_rested":0,"item_purchase_floors":[0,0,0,0,0,0,0,0,0,0,0,0,0,0,0,0,0,0,38,38,38,38,38,45],"current_hp_per_floor":[75,75,75,75,75,75,75,75,75,75,75,75,75,64,64,64,64,61,61,61,61,61,61,61,61,61,58,55,55,55,55,55,55,55,55,52,52,49,49,49,49,49,49,46,46,46,46,46,46,46,46,46,46,12],"gold":112,"neow_bonus":"","is_daily":false,"chose_seed":false,"campfire_upgraded":6,"win_rate":0.0,"timestamp":1613805127,"path_taken":["M","?","$","?","?","R","?","?","T","COS","E","M","R","?","R","BOSS","M","?","?","?","E","R","E","T","E","?","E","E","R","BOSS","M","?","?","$","?","E","E","?","T","R","$","?","?","COS","R_BF","BOSS","BOSS","R","$","E","BOSS"],"items_purchased_type":["Relic","Relic","Card","Relic","Card","Card","Relic","Relic","Card","Relic","Card","Relic","Card","Relic","Relic","Card","Card","Potion","Relic","Relic","Relic","Relic","Relic","Card"],"build_version":"2020-12-22","purchased_purges":13,"victory":true,"max_hp_per_floor":[75,75,75,75,75,75,75,75,75,75,75,75,75,64,64,64,64,61,61,61,61,61,61,61,61,61,58,55,55,55,55,55,55,55,55,52,52,49,49,49,49,49,49,46,46,46,46,46,46,46,46,46,46,46],"card_choices":[{"not_picked":["hubris:ReadiedAction","Body Slam"],"picked":"Anger","floor":1},{"not_picked":["Perfected Strike","Body Slam","Cleave"],"picked":"SKIP","floor":5},{"not_picked":["Impervious","Whirlwind","Shockwave"],"picked":"SKIP","floor":11},{"not_picked":["ReplayTheSpireMod:Strike From Hell","ReplayTheSpireMod:LeadingStrike","REME_Scribble"],"picked":"SKIP","floor":12},{"not_picked":["Brutality","Demon Form"],"picked":"Replay:Many Hands","floor":16},{"not_picked":["StuffTheSpire:Incineration","hubris:CleavingFinish","Sword Boomerang"],"picked":"SKIP","floor":18},{"not_picked":["Rupture","Shrug It Off","Body Slam"],"picked":"SKIP","floor":20},{"not_picked":["Ghostly Armor","Dual Wield"],"picked":"ReplayTheSpireMod:Limb From Limb+1","floor":23},{"not_picked":["Clothesline","Carnage","hubris:ReadiedAction+1"],"picked":"SKIP","floor":25},{"not_picked":["Replay:Undeath\u0027s Touch","Cleave"],"picked":"Limit Break","floor":27},{"not_picked":["Replay:Undeath\u0027s Touch","Wild Strike","Sword Boomerang"],"picked":"SKIP","floor":28},{"not_picked":["conspire:Charge","StuffTheSpire:RockThrow","Infernal Blade"],"picked":"SKIP","floor":29},{"not_picked":["Heavy Blade","Wild Strike","Run Through"],"picked":"SKIP","floor":31},{"not_picked":["Offering","Demon Form"],"picked":"REME_Fury","floor":33},{"not_picked":["Pommel Strike","Warcry","Armaments"],"picked":"SKIP","floor":35},{"not_picked":["Disarm+1","StuffTheSpire:Incineration","Iron Wave"],"picked":"SKIP","floor":40},{"not_picked":["Havoc+1","Sword Boomerang","ReplayTheSpireMod:Corrosion Curse"],"picked":"SKIP","floor":41},{"not_picked":["StuffTheSpire:Incineration","conspire:Charge+1","Infernal Blade"],"picked":"SKIP","floor":47},{"not_picked":["Anger","StuffTheSpire:Pyroclast+1","REME_FearOfPain"],"picked":"SKIP","floor":55}],"player_experience":1179779,"relics_obtained":[{"floor":8,"key":"DemoMod:OrangeGuonStone"},{"floor":9,"key":"Garlic"},{"floor":11,"key":"Red Skull"},{"floor":22,"key":"Replay:Wax Seal"},{"floor":23,"key":"Gensokyo:ConquerorOfFear"},{"floor":23,"key":"MealTicket"},{"floor":25,"key":"Blood Vial"},{"floor":26,"key":"Lantern"},{"floor":27,"key":"hubris:GlazedTorus"},{"floor":29,"key":"StuffTheSpire:GrapeVine"},{"floor":31,"key":"conspire:Flyswatter"},{"floor":40,"key":"DemoMod:MemoryAlloy"},{"floor":41,"key":"REME_IWantAll"},{"floor":43,"key":"StuffTheSpire:Mouthbags"},{"floor":55,"key":"StoneCalendar"}],"event_choices":[],"is_beta":false,"boss_relics":[{"not_picked":["Replay:Wanted Poster","conspire:SeveredTorchhead"],"picked":"Mark of Pain"},{"not_picked":["halation:HeavySnake","Snecko Eye"],"picked":"bronze:MakeshiftBattery"}],"items_purged_floors":[0,0,0,0,0,0,0,0,0,0,38,38,45],"is_endless":false,"potions_floor_spawned":[11,12,20,28,29,31,35,41,47,55],"ascension_level":20}}