{"host":"xwl7b08i4vco8s3a","time":1613847577,"event":{"mods":["Aspiration","BaseMod","Downfall","Minty Spire (QoL Compilation)","Replay The Spire","StSLib"],"gold_per_floor":[99,116,127,140,140,84,84,111,21,40,40,215,215,270,284,284,284,284],"floor_reached":16,"language":"ENG","playtime":1588,"items_purged":["Guardian:Preprogram"],"score":100,"play_id":"33c58908-c3ca-4582-ab3c-9bfa22911f48","local_time":"20210220195937","is_ascension_mode":false,"campfire_choices":[{"data":"Guardian:TwinSlam","floor":1,"key":"SMITH"},{"data":"Guardian:PiercingHide","floor":13,"key":"SMITH"}],"circlet_count":0,"master_deck":["Guardian:Strike_Guardian","Guardian:Strike_Guardian","Guardian:Strike_Guardian","Guardian:Strike_Guardian","Guardian:Defend_Guardian","Guardian:Defend_Guardian","Guardian:Defend_Guardian","Guardian:CurlUp","Guardian:TwinSlam+1","Guardian:PiercingHide+1","Guardian:PolyBeam","Guardian:DecasProtection","Guardian:SentryBeam","Guardian:ShieldCharger","Guardian:PiercingHide","Guardian:GuardianWhirl+1","Doubt","Guardian:Gem_Purple","Guardian:Gem_Red"],"relics":["Guardian:ModeShifter","aspiration:HummingbirdHeart","CaptainsWheel","Toy Ornithopter"],"acts_visited":["Exordium"],"potions_floor_usage":[],"damage_taken":[{"damage":2,"enemies":"Small Slimes","floor":2,"turns":4},{"damage":6,"enemies":"Cultist","floor":3,"turns":4},{"damage":3,"enemies":"2 Louse","floor":4,"turns":2},{"damage":3,"enemies":"downfall:FleeingMerchant","floor":6,"turns":4},{"damage":20,"enemies":"Lagavulin","floor":8,"turns":8},{"damage":0,"enemies":"downfall:FleeingMerchant","floor":9,"turns":4},{"damage":2,"enemies":"Lots of Slimes","floor":10,"turns":5},{"damage":18,"enemies":"Gremlin Nob","floor":14,"turns":5},{"damage":0,"enemies":"Exordium Thugs","floor":15,"turns":6},{"damage":49,"enemies":"WA_ARCHETYPE_RETAIN","floor":16,"turns":13}],"seed_played":"7846952182694301401","potions_obtained":[{"floor":3,"key":"BlessingOfTheForge"},{"floor":4,"key":"Flashbang"},{"floor":10,"key":"Fire Potion"}],"is_trial":false,"path_per_floor":["R","M","M","M","?","$","T","E","$","M","?","?","R","?","M","B"],"character_chosen":"GUARDIAN","items_purchased":["Guardian:SentryBeam"],"campfire_rested":0,"item_purchase_floors":[6],"current_hp_per_floor":[88,86,80,77,77,74,74,54,54,52,52,52,52,34,34,0,0,0],"gold":284,"neow_bonus":"TEN_PERCENT_HP_BONUS","is_daily":false,"chose_seed":false,"campfire_upgraded":2,"win_rate":0.0,"timestamp":1613847577,"path_taken":["R","M","M","M","?","?","T","E","$","M","?","?","R","?","M","BOSS"],"items_purchased_type":["Card"],"build_version":"2020-12-22","purchased_purges":1,"victory":false,"max_hp_per_floor":[88,88,88,88,88,88,88,88,88,88,88,88,88,88,88,88,88,88],"card_choices":[{"not_picked":["Guardian:Incinerate","Guardian:Gem_Crimson"],"picked":"Guardian:PiercingHide","floor":2},{"not_picked":["Guardian:TemporalStrike","Guardian:PrismaticBeam"],"picked":"Guardian:PolyBeam","floor":3},{"not_picked":["Guardian:MultiBeam","Guardian:WalkerClaw"],"picked":"Guardian:Preprogram","floor":4},{"not_picked":["Guardian:FloatingOrbs","Guardian:VentSteam"],"picked":"Guardian:DecasProtection","floor":6},{"not_picked":["Guardian:Clone","Guardian:Recover"],"picked":"Guardian:Gem_Blue","floor":8},{"not_picked":["Guardian:Reroute","Guardian:PrimingBeam"],"picked":"Guardian:ShieldCharger","floor":9},{"not_picked":["Guardian:TimeSifter","Guardian:BronzeOrb"],"picked":"Guardian:PiercingHide","floor":10},{"not_picked":["Guardian:Planning","Guardian:DecasProtection"],"picked":"Guardian:Gem_Purple","floor":14},{"not_picked":["Guardian:Gem_Crimson","Guardian:GuardianWhirl"],"picked":"Guardian:Gem_Red","floor":15}],"player_experience":422825,"relics_obtained":[{"floor":7,"key":"aspiration:HummingbirdHeart"},{"floor":8,"key":"CaptainsWheel"}],"event_choices":[{"damage_healed":0,"gold_gain":0,"player_choice":"Ignored","damage_taken":0,"max_hp_gain":0,"max_hp_loss":0,"event_name":"NoteForYourself","floor":5,"gold_loss":0}],"is_beta":false,"boss_relics":[],"items_purged_floors":[9],"is_endless":false,"potions_floor_spawned":[3,4,10,15],"killed_by":"WA_ARCHETYPE_RETAIN","ascension_level":0}}