{"host":"4ml9yfuv9l3eue62","time":1613800290,"event":{"mods":["AchievementEnabler","BaseMod","Colored Map","Colored Powertips","Hermit","Marisa£¨Ùöéë¡¡Øª×âÞÞ£©","Minty Spire (QoL Compilation)","StSLib","The Cursed","The Hierophant","The Poker Player","The Runesmith"],"gold_per_floor":[109,109,184,184,200,200,7,21,21,31,45,18,18,30,30,10,10],"floor_reached":16,"language":"KOR","playtime":547,"items_purged":[],"score":94,"play_id":"3be62b38-74df-4e62-b4f3-78491035e791","local_time":"20210220145130","is_ascension_mode":false,"campfire_choices":[{"data":"hierophant:ChurchCoffers","floor":6,"key":"SMITH"},{"floor":15,"key":"REST"}],"circlet_count":0,"master_deck":["hierophant:Strike_Hierophant","hierophant:Strike_Hierophant","hierophant:Strike_Hierophant","hierophant:Strike_Hierophant","hierophant:Punish","hierophant:Defend_Hierophant","hierophant:Defend_Hierophant","hierophant:Defend_Hierophant","hierophant:Defend_Hierophant","hierophant:ChurchCoffers+1","hierophant:Encroach","hierophant:Encroach","hierophant:DisplayOfPower","hierophant:HolyVerse","hierophant:SealAway","hierophant:HolyVerse","hierophant:Encroach","hierophant:Glossolalia"],"relics":["hierophant:PropheticMaskRelic","NeowsBlessing","Unceasing Top","Strawberry","CaptainsWheel","FaceOfCleric"],"acts_visited":["Exordium"],"potions_floor_usage":[16,16,16],"damage_taken":[{"damage":0,"enemies":"2 Louse","floor":1,"turns":1},{"damage":0,"enemies":"Small Slimes","floor":5,"turns":1},{"damage":0,"enemies":"Jaw Worm","floor":8,"turns":1},{"damage":10,"enemies":"Blue Slaver","floor":10,"turns":3},{"damage":7,"enemies":"Gremlin Gang","floor":11,"turns":2},{"damage":0,"enemies":"Looter","floor":12,"turns":4},{"damage":1,"enemies":"Red Slaver","floor":14,"turns":4},{"damage":97,"enemies":"The Guardian","floor":16,"turns":14}],"seed_played":"-6168955722162993389","potions_obtained":[{"floor":10,"key":"Regen Potion"},{"floor":11,"key":"AttackPotion"},{"floor":12,"key":"DistilledChaos"}],"is_trial":false,"path_per_floor":["M","?","?","?","M","R","$","M","T","M","M","M","?","M","R","B"],"character_chosen":"HIEROPHANT","items_purchased":["Strawberry","hierophant:DisplayOfPower"],"campfire_rested":1,"item_purchase_floors":[7,7],"current_hp_per_floor":[75,75,64,61,61,61,68,68,68,58,51,51,51,51,75,0,0],"gold":10,"neow_bonus":"THREE_ENEMY_KILL","is_daily":false,"chose_seed":false,"campfire_upgraded":1,"win_rate":0.0,"timestamp":1613800290,"path_taken":["M","?","?","?","M","R","$","M","T","?","M","M","?","M","R","BOSS"],"items_purchased_type":["Relic","Card"],"build_version":"2020-12-22","purchased_purges":0,"victory":false,"max_hp_per_floor":[75,75,75,75,75,75,82,82,82,82,82,82,82,83,83,83,83],"card_choices":[{"not_picked":["hierophant:HammerAndAnvil","hierophant:FlamingChariot"],"picked":"hierophant:Encroach","floor":1},{"not_picked":["hierophant:Charity","hierophant:Dazzle"],"picked":"hierophant:Encroach","floor":5},{"not_picked":["hierophant:AuricBeam","hierophant:Bribe"],"picked":"hierophant:HolyVerse","floor":8},{"not_picked":["hierophant:DisplayOfPower","hierophant:Dazzle"],"picked":"hierophant:SealAway","floor":10},{"not_picked":["hierophant:Generosity","hierophant:AuricBeam"],"picked":"hierophant:HolyVerse","floor":11},{"not_picked":["hierophant:SealAway","hierophant:Patience"],"picked":"hierophant:Encroach","floor":12},{"not_picked":["hierophant:Exaltation","hierophant:EyeForCoin"],"picked":"hierophant:Glossolalia","floor":14}],"player_experience":76473,"relics_obtained":[{"floor":9,"key":"CaptainsWheel"}],"event_choices":[{"damage_healed":0,"gold_gain":0,"player_choice":"Ignored","damage_taken":0,"max_hp_gain":0,"max_hp_loss":0,"event_name":"Golden Wing","floor":2,"gold_loss":0},{"damage_healed":0,"gold_gain":75,"player_choice":"Gather Gold","damage_taken":11,"max_hp_gain":0,"max_hp_loss":0,"event_name":"World of Goop","floor":3,"gold_loss":0},{"damage_healed":0,"gold_gain":0,"player_choice":"Success","damage_taken":3,"relics_obtained":["Unceasing Top"],"max_hp_gain":0,"max_hp_loss":0,"event_name":"Scrap Ooze","floor":4,"gold_loss":0},{"damage_healed":0,"gold_gain":0,"player_choice":"Trade","damage_taken":0,"relics_obtained":["FaceOfCleric"],"max_hp_gain":0,"max_hp_loss":0,"event_name":"FaceTrader","floor":13,"gold_loss":0}],"is_beta":false,"boss_relics":[],"items_purged_floors":[],"is_endless":false,"potions_floor_spawned":[10,11,12],"killed_by":"The Guardian","ascension_level":0}}