{"host":"mnpd8gh7cwxsn5kh","time":1613847326,"event":{"mods":["BaseMod","Bestiary","Block Reminder","Colored Map","Colored Powertips","Highlight Path","Minty Spire (QoL Compilation)","Relic Sorter","Relic Stats"],"gold_per_floor":[115,115,1,17,31,31,65,65,89,89,119,119,130,157,157,232,232,250,300,316,330,245,280,292,304,316,328,357,369,481,528,540,624,636,665,567,598,11,11,39,39,51,51,80,80,100,133,152,152,152,152],"floor_reached":52,"language":"ENG","playtime":3957,"items_purged":["Strike_G"],"score":2267,"play_id":"503864bc-7612-44f0-b359-000c397d3b8a","local_time":"20210220195526","is_ascension_mode":true,"campfire_choices":[{"data":"Skewer","floor":6,"key":"SMITH"},{"data":"Neutralize","floor":8,"key":"SMITH"},{"data":"Dash","floor":10,"key":"SMITH"},{"data":"Glass Knife","floor":12,"key":"SMITH"},{"data":"Blade Dance","floor":15,"key":"SMITH"},{"data":"Phantasmal Killer","floor":24,"key":"SMITH"},{"data":"Blade Dance","floor":27,"key":"SMITH"},{"data":"Backflip","floor":29,"key":"SMITH"},{"data":"Survivor","floor":32,"key":"SMITH"},{"data":"After Image","floor":41,"key":"SMITH"},{"data":"Panache","floor":49,"key":"SMITH"}],"circlet_count":0,"master_deck":["AscendersBane","Strike_G","Defend_G+1","Defend_G","Defend_G+1","Defend_G","Survivor+1","Neutralize+1","Skewer+1","Dash+1","Flying Knee","Blade Dance+1","Glass Knife+1","Phantasmal Killer+1","Blade Dance+1","Backstab+1","Backflip+1","PiercingWail+1","After Image+1","Cloak And Dagger+1","Deflect+1","Infinite Blades","Panache+1"],"relics":["Empty Cage","Bronze Scales","Strawberry","War Paint","Dead Branch","WristBlade","Toy Ornithopter","MawBank","Kunai","Tingsha","Ornamental Fan","Snake Skull","Cursed Key","Bag of Marbles","Meat on the Bone","Eternal Feather","Nunchaku","Bottled Lightning"],"acts_visited":["Exordium","TheCity","TheBeyond"],"potions_floor_usage":[11,20,30,30,50,51],"damage_taken":[{"damage":1,"enemies":"Small Slimes","floor":1,"turns":8},{"damage":0,"enemies":"Cultist","floor":4,"turns":4},{"damage":0,"enemies":"2 Louse","floor":5,"turns":2},{"damage":9,"enemies":"3 Sentries","floor":7,"turns":10},{"damage":0,"enemies":"Gremlin Nob","floor":11,"turns":3},{"damage":1,"enemies":"Large Slime","floor":13,"turns":4},{"damage":20,"enemies":"3 Sentries","floor":14,"turns":6},{"damage":13,"enemies":"Hexaghost","floor":16,"turns":9},{"damage":0,"enemies":"Spheric Guardian","floor":18,"turns":2},{"damage":4,"enemies":"2 Thieves","floor":20,"turns":3},{"damage":0,"enemies":"Snake Plant","floor":21,"turns":2},{"damage":8,"enemies":"Slavers","floor":23,"turns":2},{"damage":0,"enemies":"Snecko","floor":28,"turns":2},{"damage":0,"enemies":"Colosseum Slavers","floor":30,"turns":2},{"damage":0,"enemies":"Colosseum Nobs","floor":30,"turns":3},{"damage":0,"enemies":"Gremlin Leader","floor":31,"turns":4},{"damage":21,"enemies":"Automaton","floor":33,"turns":7},{"damage":6,"enemies":"3 Darklings","floor":35,"turns":3},{"damage":0,"enemies":"Orb Walker","floor":37,"turns":3},{"damage":0,"enemies":"Nemesis","floor":40,"turns":4},{"damage":0,"enemies":"4 Shapes","floor":42,"turns":4},{"damage":3,"enemies":"Reptomancer","floor":44,"turns":4},{"damage":0,"enemies":"Spire Growth","floor":46,"turns":2},{"damage":0,"enemies":"Giant Head","floor":47,"turns":5},{"damage":0,"enemies":"Sphere and 2 Shapes","floor":48,"turns":2},{"damage":20,"enemies":"Time Eater","floor":50,"turns":7},{"damage":0,"enemies":"Donu and Deca","floor":51,"turns":5}],"seed_played":"-9090009445775263099","potions_obtained":[{"floor":5,"key":"LiquidMemories"},{"floor":13,"key":"Ancient Potion"},{"floor":14,"key":"SkillPotion"},{"floor":18,"key":"SpeedPotion"},{"floor":20,"key":"DistilledChaos"},{"floor":23,"key":"Swift Potion"},{"floor":31,"key":"BlessingOfTheForge"},{"floor":35,"key":"PowerPotion"},{"floor":40,"key":"CultistPotion"}],"is_trial":false,"path_per_floor":["M","?","$","M","M","R","E","R","T","R","E","R","M","E","R","B",null,"M","?","M","M","?","E","R","$","T","R","M","R","?","E","R","B",null,"M","?","M","$","T","E","R","M","T","E","?","M","E","M","R","B","B",null],"character_chosen":"THE_SILENT","items_purchased":["Dash","Flying Knee","Block Potion","Infinite Blades","Bag of Marbles","Meat on the Bone"],"campfire_rested":0,"item_purchase_floors":[3,3,38,38,38,38],"current_hp_per_floor":[58,58,58,58,58,58,49,49,56,56,56,56,55,35,35,22,60,60,60,56,56,56,48,48,48,48,48,48,48,58,58,58,37,64,58,58,58,58,58,58,70,70,70,67,62,62,62,62,73,58,63],"gold":152,"neow_bonus":"BOSS_RELIC","is_daily":false,"chose_seed":false,"campfire_upgraded":11,"win_rate":0.0,"timestamp":1613847326,"path_taken":["M","?","$","M","M","R","E","R","T","R","E","R","?","E","R","BOSS","M","?","M","M","?","E","R","$","T","R","M","R","?","E","R","BOSS","M","?","M","$","?","E","R","M","T","E","?","M","E","M","R","BOSS","BOSS"],"items_purchased_type":["Card","Card","Potion","Card","Relic","Relic"],"build_version":"2020-12-22","purchased_purges":1,"victory":true,"max_hp_per_floor":[66,66,66,66,66,66,66,66,73,73,73,73,73,73,73,73,73,73,73,73,73,73,73,73,73,73,73,73,73,73,73,73,73,73,73,73,73,73,73,73,73,73,73,73,73,73,73,73,73,73,73],"relic_stats":{"counters":[27,112],"Dead Branch":[228],"Tingsha":[135],"Eternal Feather":23,"Snake Skull":[10],"War Paint":["Defend_G","Defend_G"],"MawBank":180,"Cursed Key":0,"Nunchaku":[10],"Ornamental Fan":[216],"Bronze Scales":[231],"Kunai":[62],"obtain_stats":[{"Dead Branch":14,"Tingsha":30,"Eternal Feather":40,"Snake Skull":31,"War Paint":11,"Empty Cage":0,"MawBank":23,"Cursed Key":34,"Nunchaku":44,"WristBlade":17,"Ornamental Fan":30,"Bronze Scales":7,"Strawberry":9,"Bag of Marbles":38,"Kunai":26,"Bottled Lightning":47,"Toy Ornithopter":22,"Ring of the Snake":0,"Meat on the Bone":38},{"Dead Branch":7,"Tingsha":15,"Eternal Feather":20,"Snake Skull":16,"War Paint":5,"Empty Cage":0,"MawBank":12,"Cursed Key":17,"Nunchaku":22,"WristBlade":8,"Ornamental Fan":15,"Bronze Scales":4,"Strawberry":4,"Bag of Marbles":19,"Kunai":12,"Bottled Lightning":24,"Toy Ornithopter":11,"Ring of the Snake":0,"Meat on the Bone":19},{"Dead Branch":37,"Tingsha":62,"Eternal Feather":83,"Snake Skull":66,"War Paint":27,"Empty Cage":0,"MawBank":55,"Cursed Key":73,"Nunchaku":91,"WristBlade":46,"Ornamental Fan":62,"Bronze Scales":24,"Strawberry":24,"Bag of Marbles":79,"Kunai":55,"Bottled Lightning":98,"Toy Ornithopter":53,"Ring of the Snake":0,"Meat on the Bone":79}],"Toy Ornithopter":20,"Meat on the Bone":0},"card_choices":[{"not_picked":["Blade Dance","Sucker Punch"],"picked":"Skewer","floor":1},{"not_picked":["Underhanded Strike","Deflect","Flechettes"],"picked":"SKIP","floor":4},{"not_picked":["Bane","Backflip"],"picked":"Blade Dance","floor":5},{"not_picked":["Expertise","Escape Plan","Cloak And Dagger"],"picked":"SKIP","floor":7},{"not_picked":["Deflect","Deadly Poison"],"picked":"Glass Knife","floor":11},{"not_picked":["Endless Agony","Slice","Poisoned Stab"],"picked":"SKIP","floor":13},{"not_picked":["Deflect","Bouncing Flask","Catalyst"],"picked":"SKIP","floor":14},{"not_picked":["Storm of Steel","Doppelganger"],"picked":"Phantasmal Killer","floor":16},{"not_picked":["Finisher","Concentrate"],"picked":"Blade Dance","floor":18},{"not_picked":["PiercingWail","Blur"],"picked":"Backstab+1","floor":20},{"not_picked":["Slice","Bane"],"picked":"Backflip","floor":21},{"not_picked":["Reflex","Well Laid Plans","Bane"],"picked":"SKIP","floor":23},{"not_picked":["Poisoned Stab","Deadly Poison","Riddle With Holes"],"picked":"SKIP","floor":28},{"not_picked":["Poisoned Stab","Bane+1"],"picked":"PiercingWail","floor":30},{"not_picked":["Predator","Prepared","Unload"],"picked":"SKIP","floor":31},{"not_picked":["Venomology","Bullet Time"],"picked":"After Image","floor":33},{"not_picked":["Outmaneuver","Deflect"],"picked":"Cloak And Dagger+1","floor":35},{"not_picked":["Dodge and Roll+1","Deadly Poison"],"picked":"Deflect+1","floor":37},{"not_picked":["Backstab","Endless Agony","Tactician"],"picked":"SKIP","floor":40},{"not_picked":["Eviscerate","Deflect","Heel Hook"],"picked":"SKIP","floor":42},{"not_picked":["Dagger Throw","Reflex","PiercingWail"],"picked":"SKIP","floor":44},{"not_picked":["Magnetism","PanicButton"],"picked":"Panache","floor":45},{"not_picked":["Well Laid Plans","Poisoned Stab","Dash"],"picked":"SKIP","floor":46},{"not_picked":["Bane","Eviscerate","Prepared"],"picked":"SKIP","floor":47},{"not_picked":["Caltrops","Quick Slash","Sucker Punch+1"],"picked":"SKIP","floor":48}],"player_experience":644735,"relics_obtained":[{"floor":7,"key":"Bronze Scales"},{"floor":9,"key":"Strawberry"},{"floor":11,"key":"War Paint"},{"floor":14,"key":"Dead Branch"},{"floor":23,"key":"MawBank"},{"floor":26,"key":"Kunai"},{"floor":30,"key":"Tingsha"},{"floor":30,"key":"Ornamental Fan"},{"floor":31,"key":"Snake Skull"},{"floor":40,"key":"Eternal Feather"},{"floor":44,"key":"Nunchaku"},{"floor":47,"key":"Bottled Lightning"}],"event_choices":[{"cards_removed":["Defend_G"],"damage_healed":0,"gold_gain":0,"player_choice":"Purged","damage_taken":0,"max_hp_gain":0,"max_hp_loss":0,"event_name":"Purifier","floor":2,"gold_loss":0},{"damage_healed":0,"gold_gain":50,"player_choice":"Stole From Cult","damage_taken":0,"max_hp_gain":0,"max_hp_loss":0,"event_name":"Nest","floor":19,"gold_loss":0},{"damage_healed":0,"gold_gain":0,"player_choice":"Obtained Relic","damage_taken":0,"relics_obtained":["Toy Ornithopter"],"max_hp_gain":0,"max_hp_loss":0,"event_name":"Addict","floor":22,"gold_loss":85},{"damage_healed":0,"gold_gain":0,"player_choice":"Fight","damage_taken":0,"max_hp_gain":0,"max_hp_loss":0,"event_name":"Colosseum","floor":30,"gold_loss":0},{"damage_healed":0,"gold_gain":0,"player_choice":"Fought Nobs","damage_taken":0,"max_hp_gain":0,"max_hp_loss":0,"event_name":"Colosseum","floor":30,"gold_loss":0},{"cards_removed":["Strike_G"],"damage_healed":0,"gold_gain":0,"player_choice":"Upgrade and Remove","damage_taken":0,"max_hp_gain":0,"max_hp_loss":0,"event_name":"Designer","floor":36,"gold_loss":110,"cards_upgraded":["PiercingWail"]},{"damage_healed":0,"gold_gain":0,"player_choice":"Memory 2","damage_taken":5,"max_hp_gain":0,"max_hp_loss":0,"event_name":"SensoryStone","floor":45,"gold_loss":0}],"is_beta":false,"boss_relics":[{"not_picked":["Fusion Hammer","Ectoplasm"],"picked":"WristBlade"},{"not_picked":["Astrolabe","Calling Bell"],"picked":"Cursed Key"}],"items_purged_floors":[38],"is_endless":false,"potions_floor_spawned":[5,13,14,18,20,23,30,31,35,40,48],"ascension_level":20}}