{"host":"s924z949m5wc23z2","time":1613815608,"event":{"mods":["100% Spire Juice","ATMod(∞¢Ë™Mod)","Act Like it!","Arknights","Ascension Reborn","BaseMod","Colored Map","Colored Powertips","Conspire","Downfall","Good Game Mod","Lobotomy","LobotomyExtend","Luminous","Marisa£®ÏF”Í°°ƒß¿Ì…≥£©","Minty Spire (QoL Compilation)","MostiFishMod","Reimu£®≤©¿ˆ¡È√Œ£©","Relic Stats","Reliquary","Replay The Spire","Spicy Shops","StSLib","The Marked","WarShipGirlsR/’ΩΩ¢…Ÿ≈ÆR mod","Yakumo Yukari mod","Youmu£®ªÍ∆«—˝√Œ£©","Yuyuko","noobMod"],"gold_per_floor":[114,114,21,21,21,54,54,67,67,67,67,84,84,84,84,189,189,199,215,215,215,61,115,154,154,154,164,164,164,211,254,254,381,381,400,416,463,463,463,521,567,577,577,577,577,591,591,601,601,601],"floor_reached":51,"language":"ZHS","playtime":4252,"items_purged":["Regret","Doubt","Defend_P","Defend_P+1"],"score":970,"play_id":"f062b701-dbb2-480c-91b2-fd4c2d53f660","local_time":"20210220190648","is_ascension_mode":true,"campfire_choices":[{"data":"AT_KingSlayer","floor":7,"key":"SMITH"},{"floor":10,"key":"RECALL"},{"data":"ForeignInfluence","floor":15,"key":"SMITH"},{"data":"Wish","floor":28,"key":"SMITH"},{"data":"MostiFishMod:StarOceanP","floor":32,"key":"SMITH"},{"data":"MostiFishMod:KamiSmash","floor":44,"key":"SMITH"},{"data":"Omniscience","floor":47,"key":"SMITH"},{"data":"ReplayUltimateDefense","floor":49,"key":"SMITH"}],"circlet_count":0,"master_deck":["Eruption","Vigilance+1","AT_KingSlayer+1","sneckomod:UnknownBoss+1","MostiFishMod:ScryFuture+1","MostiFishMod:Nomercy+1","SpiderBud","Crescendo+1","NothingThere","MostiFishMod:FlowState+1","ForeignInfluence+1","Steam+1","Vault+1","Wish+1","AT_MachinaRedman+1","Bite+1","Bite+1","Bite+1","Bite+1","Bite+1","MostiFishMod:StarOceanP+1","MostiFishMod:BrokenBlackCloak+1","Impatience+1","MostiFishMod:Speedup+1","ClearTheMind+1","Consecrate","Replay:Battleflow+1","Indignation+1","Consecrate","CutThroughFate+1","JustLucky+1","MostiFishMod:PathToVictory+1","Scarecrow","MostiFishMod:Speedup+1","AT_ChampionKick+1","CutThroughFate+1","Indignation+1","Prostrate+1","Pride","MostiFishMod:KamiSmash+1","Replay:ManipulateFuture+1","ReplayUltimateDefense+1","BodiesMountain","MostiFishMod:LegendTransform+1","MostiFishMod:LegendTransform+1","MostiFishMod:StarHerder","Tantrum+1","Indignation+1","ClearTheMind+1","Normality","Chrysalis+1","MostiFishMod:LegendTransform","ClearTheMind+1","Tantrum","CutThroughFate+1","BlueStar","Omniscience+1","Prostrate"],"relics":["PureWater","AT_ATBox","ice","REME:ComplimentaryCards","DaveBox","DSteel32","CogitoBucket","RabbitCall","SynthV:TestCard","LetterFromLob","AT_SeraphEmbrace","Lizard Tail","CrazyTorch:ReiMu","Moonlight_r","RhineSuit","BehaviorAdjustment","DiscerningMonocle","Frozen Eye","conspire:BottledYoYo","reliquary:NewFriend","Blood Vial","Thread and Needle","AT_ForceNature","Replay:Ringing Soul","reliquary:HotPoker","Sling","Replay:Baseball","Calipers","Cauldron","LuminousBracelet","RedLine:ReiMu","ChangeAnything","SynthV:C4","War Paint","Chemical X","Blue Doll","Toolbox","Onion Ring","AT_BellDemon","AT_SunfireAegis","DianPoetry","reliquary:IvoryTrinket","AT_RabadonDeathcap","Regal Pillow","Orrery","BirthdayGift-Tetrahedron","reliquary:ExpiredCoupon","Eternal Feather","conspire:Flyswatter","Replay:Bottled Steam"],"acts_visited":["Exordium","TheCity","TheBeyond"],"potions_floor_usage":[],"damage_taken":[{"damage":20,"enemies":"Small Slimes","floor":1,"turns":2},{"damage":134,"enemies":"Lagavulin","floor":6,"turns":10},{"damage":0,"enemies":"Jaw Worm","floor":8,"turns":2},{"damage":0,"enemies":"Cultist","floor":12,"turns":2},{"damage":7,"enemies":"Slime Boss","floor":16,"turns":3},{"damage":0,"enemies":"2 Thieves","floor":18,"turns":2},{"damage":0,"enemies":"Chosen","floor":19,"turns":1},{"damage":8,"enemies":"Slavers","floor":23,"turns":3},{"damage":13,"enemies":"3 Cultists","floor":24,"turns":3},{"damage":30,"enemies":"Shelled Parasite and Fungi","floor":27,"turns":1},{"damage":1,"enemies":"Snecko","floor":30,"turns":3},{"damage":16,"enemies":"Chosen and Byrds","floor":31,"turns":2},{"damage":0,"enemies":"Collector","floor":33,"turns":3},{"damage":30,"enemies":"Orb Walker","floor":35,"turns":1},{"damage":2,"enemies":"3 Shapes","floor":36,"turns":1},{"damage":0,"enemies":"Writhing Mass","floor":37,"turns":1},{"damage":0,"enemies":"R_Hoarder","floor":40,"turns":1},{"damage":0,"enemies":"3 Darklings","floor":42,"turns":1},{"damage":0,"enemies":"Spire Growth","floor":46,"turns":1},{"damage":0,"enemies":"Transient","floor":48,"turns":1},{"damage":0,"enemies":"Time Eater","floor":50,"turns":1},{"damage":0,"enemies":"Malkuth","floor":51,"turns":1},{"damage":0,"enemies":"Hod","floor":51,"turns":1},{"damage":1,"enemies":"Tiphereth","floor":51,"turns":1},{"damage":0,"enemies":"Hokma","floor":51,"turns":1},{"damage":0,"enemies":"Angela","floor":51,"turns":1}],"seed_played":"-6530345167106581568","potions_obtained":[{"floor":1,"key":"Regen Potion"},{"floor":6,"key":"Elixir"},{"floor":12,"key":"GrandPatriotsElixir:ReiMu"},{"floor":29,"key":"SneckoOil"}],"is_trial":false,"path_per_floor":["M","?","$","?","$","E","R","M","T","R","E","M","?","?","R","B",null,"M","M","?","?","$","E","M","?","T","M","R","$","M","M","R","B",null,"M","M","M","$","?","E","T","M","T","R","$","M","R","M","R","B",null],"character_chosen":"WATCHER","items_purchased":["AT_FalsePromise","DiscerningMonocle","Frozen Eye","conspire:BottledYoYo","reliquary:NewFriend","Blood Vial","Thread and Needle","MostiFishMod:BrokenBlackCloak","Impatience","MostiFishMod:Speedup","ClearTheMind+1","Consecrate","DistilledChaos","BlessingOfTheForge","Replay:Ringing Soul","reliquary:HotPoker","Sling","Replay:Baseball","Calipers","Cauldron","CutThroughFate","JustLucky","SynthV:C4","War Paint","Chemical X","Blue Doll","Toolbox","Onion Ring","MostiFishMod:KamiSmash","Replay:ManipulateFuture","ReplayUltimateDefense","AT_RabadonDeathcap","Regal Pillow","Orrery","BirthdayGift-Tetrahedron","reliquary:ExpiredCoupon","Eternal Feather","Chrysalis+1","MostiFishMod:LegendTransform","ClearTheMind","Tantrum"],"campfire_rested":0,"item_purchase_floors":[3,22,22,22,22,22,22,22,22,22,22,22,22,22,29,29,29,29,29,29,29,29,38,38,38,38,38,38,38,38,38,45,45,45,45,45,45,45,45,45,45],"current_hp_per_floor":[52,52,52,82,82,84,84,84,84,84,85,85,85,85,85,85,85,85,85,59,59,59,59,59,59,59,59,59,62,84,87,87,90,90,93,96,99,102,102,105,105,108,108,108,111,114,114,117,117,117],"gold":631,"neow_bonus":"","is_daily":false,"chose_seed":false,"campfire_upgraded":7,"win_rate":0.0,"timestamp":1613815608,"path_taken":["M","?","$","?","$","E","R","M","T","R","E","?","?","?","R","BOSS","M","M","?","?","$","E","?","?","T","M","R","$","M","M","R","BOSS","M","?","M","$","?","E","?","M","T","R","$","M","R","M","R","BOSS"],"items_purchased_type":["Card","Relic","Relic","Relic","Relic","Relic","Relic","Card","Card","Card","Card","Card","Potion","Potion","Relic","Relic","Relic","Relic","Relic","Relic","Card","Card","Relic","Relic","Relic","Relic","Relic","Relic","Card","Card","Card","Relic","Relic","Relic","Relic","Relic","Relic","Card","Card","Card","Card"],"build_version":"2020-12-22","purchased_purges":4,"victory":true,"max_hp_per_floor":[72,72,72,82,82,84,84,85,85,85,85,85,85,85,85,85,85,85,85,59,59,59,59,59,59,59,59,59,62,84,87,87,90,90,93,96,99,102,102,105,105,108,108,108,111,114,114,117,117,117],"relic_stats":{"Blood Vial":0,"Lizard Tail":0,"Regal Pillow":0,"counters":[29,53],"Eternal Feather":0,"Chemical X":[2],"War Paint":["AT_MachinaRedman","Indignation"],"obtain_stats":[{"reliquary:IvoryTrinket":43,"AT_ATBox":0,"Calipers":29,"LuminousBracelet":30,"ice":0,"AT_ArchangelStaff":2,"Sling":29,"RedLine:ReiMu":34,"Blood Vial":22,"Replay:Ringing Soul":29,"Lizard Tail":6,"Replay:Bottled Steam":48,"DSteel32":0,"AT_RabadonDeathcap":45,"Eternal Feather":45,"War Paint":38,"Replay:Baseball":29,"Onion Ring":38,"conspire:BottledYoYo":22,"conspire:Flyswatter":46,"AT_BellDemon":40,"AT_SeraphEmbrace":42,"RabbitCall":0,"Regal Pillow":45,"DaveBox":0,"DiscerningMonocle":22,"DianPoetry":42,"RhineSuit":17,"Blue Doll":38,"SynthV:C4":38,"Frozen Eye":22,"CogitoBucket":0,"reliquary:HotPoker":29,"Toolbox":38,"reliquary:NewFriend":22,"Chemical X":38,"BirthdayGift-Tetrahedron":45,"AT_ForceNature":23,"Thread and Needle":22,"Moonlight_r":11,"Cauldron":29,"reliquary:ExpiredCoupon":45,"REME:ComplimentaryCards":0,"SynthV:TestCard":1,"CrazyTorch:ReiMu":9,"Orrery":45,"BehaviorAdjustment":18,"LetterFromLob":1,"PureWater":0,"ChangeAnything":37,"AT_SunfireAegis":41},{"reliquary:IvoryTrinket":21,"AT_ATBox":0,"Calipers":11,"LuminousBracelet":13,"ice":0,"AT_ArchangelStaff":1,"Sling":11,"RedLine:ReiMu":15,"Blood Vial":8,"Replay:Ringing Soul":11,"Lizard Tail":2,"Replay:Bottled Steam":23,"DSteel32":0,"AT_RabadonDeathcap":21,"Eternal Feather":21,"War Paint":19,"Replay:Baseball":11,"Onion Ring":19,"conspire:BottledYoYo":8,"conspire:Flyswatter":22,"AT_BellDemon":20,"AT_SeraphEmbrace":21,"RabbitCall":0,"Regal Pillow":21,"DaveBox":0,"DiscerningMonocle":8,"DianPoetry":21,"RhineSuit":5,"Blue Doll":19,"SynthV:C4":19,"Frozen Eye":8,"CogitoBucket":0,"reliquary:HotPoker":11,"Toolbox":19,"reliquary:NewFriend":8,"Chemical X":19,"BirthdayGift-Tetrahedron":21,"AT_ForceNature":9,"Thread and Needle":8,"Moonlight_r":3,"Cauldron":11,"reliquary:ExpiredCoupon":21,"REME:ComplimentaryCards":0,"SynthV:TestCard":1,"CrazyTorch:ReiMu":3,"Orrery":21,"BehaviorAdjustment":7,"LetterFromLob":1,"PureWater":0,"ChangeAnything":19,"AT_SunfireAegis":20},{"reliquary:IvoryTrinket":45,"AT_ATBox":0,"Calipers":30,"LuminousBracelet":34,"ice":0,"AT_ArchangelStaff":2,"Sling":30,"RedLine:ReiMu":39,"Blood Vial":23,"Replay:Ringing Soul":30,"Lizard Tail":12,"Replay:Bottled Steam":47,"DSteel32":0,"AT_RabadonDeathcap":45,"Eternal Feather":45,"War Paint":43,"Replay:Baseball":30,"Onion Ring":43,"conspire:BottledYoYo":23,"conspire:Flyswatter":46,"AT_BellDemon":44,"AT_SeraphEmbrace":45,"RabbitCall":0,"Regal Pillow":45,"DaveBox":0,"DiscerningMonocle":23,"DianPoetry":45,"RhineSuit":19,"Blue Doll":43,"SynthV:C4":43,"Frozen Eye":23,"CogitoBucket":0,"reliquary:HotPoker":30,"Toolbox":43,"reliquary:NewFriend":23,"Chemical X":43,"BirthdayGift-Tetrahedron":45,"AT_ForceNature":26,"Thread and Needle":23,"Moonlight_r":14,"Cauldron":30,"reliquary:ExpiredCoupon":45,"REME:ComplimentaryCards":0,"SynthV:TestCard":2,"CrazyTorch:ReiMu":14,"Orrery":45,"BehaviorAdjustment":22,"LetterFromLob":2,"PureWater":0,"ChangeAnything":43,"AT_SunfireAegis":44}]},"card_choices":[{"not_picked":["FairyFestival","Bloodbath","ShyLook"],"picked":"Singing Bowl","floor":1},{"not_picked":["LikeWater","EmptyFist"],"picked":"MostiFishMod:ScryFuture","floor":1},{"not_picked":["Funeral","CrumblingArmor","Rudolta"],"picked":"Singing Bowl","floor":6},{"not_picked":["FlurryOfBlows","FlyingSleeves","PathToVictory","Consecrate"],"picked":"MostiFishMod:Nomercy","floor":6},{"not_picked":["OldLady","UniverseFragment","BeautyBeast"],"picked":"Singing Bowl","floor":8},{"not_picked":["VoidDream","CherryBlossoms"],"picked":"SpiderBud","floor":8},{"not_picked":["CutThroughFate","Evaluate","Consecrate","BowlingBash"],"picked":"Crescendo","floor":8},{"not_picked":["Funeral","PunishingBird"],"picked":"NothingThere","floor":12},{"not_picked":["AT_ChampionKick","ThirdEye","SashWhip","MostiFishMod:PathToVictory"],"picked":"MostiFishMod:FlowState","floor":12},{"not_picked":["PunishingBird","Laetitia","RedShoes"],"picked":"Singing Bowl","floor":16},{"not_picked":["MostiFishMod:DisColor","Establishment","ConjureBlade","AT_MachinaRedman"],"picked":"Vault","floor":16},{"not_picked":["PunishingBird","Murderer","ShyLook"],"picked":"Singing Bowl","floor":18},{"not_picked":["Evaluate","CutThroughFate+1","FlurryOfBlows","Replay:BluntJabs"],"picked":"Wish","floor":18},{"not_picked":["Wellcheers","Freischutz","QueenOfHatred"],"picked":"Singing Bowl","floor":19},{"not_picked":["ThirdEye","AT_OneInchPunch+1","JustLucky","AT_RealFormLess+1"],"picked":"AT_MachinaRedman","floor":19},{"not_picked":["Scorched","Rudolta","RedShoes"],"picked":"Singing Bowl","floor":23},{"not_picked":["FlyingSleeves","FlurryOfBlows","CrushJoints+1","SashWhip"],"picked":"Replay:Battleflow+1","floor":23},{"not_picked":["LongBird","CrumblingArmor","VoidDream"],"picked":"Singing Bowl","floor":24},{"not_picked":["Nirvana","Meditate","SashWhip+1","AT_DivineConfetti+1"],"picked":"Indignation","floor":24},{"not_picked":["FieryBird","Murderer","LittleHelper"],"picked":"Singing Bowl","floor":27},{"not_picked":["Halt","EmptyFist","SashWhip","ClearTheMind"],"picked":"Consecrate","floor":27},{"not_picked":["WallGazer","Yin","WhitesApple"],"picked":"Singing Bowl","floor":30},{"not_picked":["FlyingSleeves","FlurryOfBlows","Wallop","CrushJoints"],"picked":"MostiFishMod:PathToVictory+1","floor":30},{"not_picked":["Wellcheers","UniverseFragment"],"picked":"Scarecrow","floor":31},{"not_picked":["FlurryOfBlows","EmptyFist","FlyingSleeves","Halt+1"],"picked":"MostiFishMod:Speedup","floor":31},{"not_picked":["WhiteNight","Porccubus","Rudolta"],"picked":"Singing Bowl","floor":33},{"not_picked":["LessonLearned","Vault","Replay:LoomingThreat","ConjureBlade"],"picked":"AT_ChampionKick","floor":33},{"not_picked":["BlackArmy","MeltingLove","CrumblingArmor"],"picked":"Singing Bowl","floor":35},{"not_picked":["EmptyFist+1","LikeWater+1","ClearTheMind+1","CrushJoints"],"picked":"CutThroughFate+1","floor":35},{"not_picked":["ShyLook","BigBadWolf","MeatLantern"],"picked":"Singing Bowl","floor":36},{"not_picked":["MostiFishMod:Adaptation","Prostrate","FlyingSleeves","Adaptation"],"picked":"Indignation+1","floor":36},{"not_picked":["NakedNest","Funeral","FairyFestival"],"picked":"Singing Bowl","floor":37},{"not_picked":["MostiFishMod:Dust","Crescendo","FlyingSleeves+1","BowlingBash"],"picked":"Prostrate+1","floor":37},{"not_picked":["Variant","SilentOrchestra"],"picked":"BodiesMountain","floor":40},{"not_picked":["Wireheading","ClearTheMind","MostiFishMod:Minus","ThirdEye"],"picked":"MostiFishMod:LegendTransform+1","floor":40},{"not_picked":["NakedNest","Bloodbath","LongBird"],"picked":"Singing Bowl","floor":42},{"not_picked":["FlyingSleeves","TalkToTheHand+1","Replay:Battleflow+1","Consecrate+1"],"picked":"MostiFishMod:LegendTransform+1","floor":42},{"not_picked":["Protect+1","Swivel","MostiFishMod:PathToVictory","AT_DivineConfetti"],"picked":"MostiFishMod:StarHerder","floor":45},{"not_picked":["SandsOfTime","Crescendo","AT_ChampionKick","ReachHeaven+1"],"picked":"Tantrum+1","floor":45},{"not_picked":["CrushJoints","Prostrate+1","AT_DivineConfetti+1","Replay:Battleflow"],"picked":"Indignation+1","floor":45},{"not_picked":["Halt","Replay:AtTheReady","FlyingSleeves","PathToVictory"],"picked":"ClearTheMind","floor":45},{"not_picked":["EmptyBody","FlurryOfBlows","AT_DivineConfetti+1","Consecrate+1"],"picked":"CutThroughFate","floor":45},{"not_picked":["Rudolta","Laetitia","UniverseFragment"],"picked":"Singing Bowl","floor":46},{"not_picked":["SilentOrchestra","DespairKnight"],"picked":"BlueStar","floor":46},{"not_picked":["Vengeance","BowlingBash","Swivel+1","EmptyBody+1"],"picked":"Omniscience","floor":46},{"not_picked":["RedShoes","QueenBee","LongBird"],"picked":"Singing Bowl","floor":48},{"not_picked":["WindmillStrike+1","Collect+1","CarveReality","Vengeance"],"picked":"Prostrate","floor":48}],"player_experience":356924,"relics_obtained":[{"floor":1,"key":"SynthV:TestCard"},{"floor":1,"key":"LetterFromLob"},{"floor":6,"key":"Lizard Tail"},{"floor":9,"key":"CrazyTorch:ReiMu"},{"floor":23,"key":"AT_ForceNature"},{"floor":40,"key":"AT_BellDemon"},{"floor":41,"key":"AT_SunfireAegis"},{"floor":42,"key":"DianPoetry"},{"floor":43,"key":"reliquary:IvoryTrinket"},{"floor":46,"key":"conspire:Flyswatter"},{"floor":48,"key":"Replay:Bottled Steam"}],"event_choices":[{"damage_healed":0,"gold_gain":0,"player_choice":"Box","damage_taken":0,"relics_obtained":["AT_ArchangelStaff"],"max_hp_gain":0,"max_hp_loss":0,"event_name":"Big Fish","floor":2,"gold_loss":0,"cards_obtained":["Regret"]},{"cards_removed":["AT_FalsePromise"],"damage_healed":20,"gold_gain":0,"player_choice":"Offered Rare","damage_taken":0,"max_hp_gain":10,"max_hp_loss":0,"event_name":"Bonfire Elementals","floor":4,"gold_loss":0},{"damage_healed":0,"gold_gain":0,"player_choice":"Became a vampire","damage_taken":0,"max_hp_gain":0,"max_hp_loss":26,"event_name":"Vampires","floor":20,"gold_loss":0,"cards_obtained":["Bite","Bite","Bite","Bite","Bite"]},{"damage_healed":0,"gold_gain":0,"cards_transformed":["Defend_P"],"player_choice":"Transformed","damage_taken":0,"max_hp_gain":0,"max_hp_loss":0,"event_name":"Transmorgrifier","floor":21,"gold_loss":0,"cards_obtained":["MostiFishMod:StarOceanP"]},{"damage_healed":0,"gold_gain":0,"player_choice":"Leave","damage_taken":0,"max_hp_gain":0,"max_hp_loss":0,"event_name":"conspire:Investor","floor":39,"gold_loss":0}],"is_beta":false,"boss_relics":[{"not_picked":["Replay:Ancient Bell","Calling Bell"],"picked":"RhineSuit"},{"not_picked":["RhineFirstAidKit","Velvet Choker"],"picked":"RedLine:ReiMu"}],"items_purged_floors":[3,22,29,38],"is_endless":false,"potions_floor_spawned":[1,6,12,16,18,19,30,42,46],"ascension_level":0}}