{"host":"agl6880ykeaxaurv","time":1613847700,"event":{"mods":["AchievementEnabler","BaseMod","Colored Map","Colored Powertips","Downfall","Hermit","Highlight Path","Infinite Spire","Minty Spire (QoL Compilation)","Quick Restart","Robot Space Explorer","StSLib","The Cursed","The Disciple","The Runesmith","The Servant 0.9.4"],"gold_per_floor":[115,15,15,31,49,74,74,29,29,39,24,40,60,70,70,167,167,179,179,30,30,30,30,47,47,47],"floor_reached":25,"language":"ENG","playtime":2017,"items_purged":[],"score":205,"play_id":"7603a934-8618-4a7d-932f-31623aa3fbd0","local_time":"20210220190140","is_ascension_mode":false,"campfire_choices":[{"floor":7,"key":"RECALL"},{"floor":15,"key":"REST"},{"data":"Runesmith:HammerTime","floor":23,"key":"SMITH"}],"circlet_count":0,"master_deck":["Runesmith:CraftFirestone","Runesmith:Fortify+1","Runesmith:ShiftingStrike","Runesmith:Grindstone","Runesmith:Firestorm","Runesmith:BackupBattery","Runesmith:ChiselStab","Runesmith:Repurpose","Runesmith:Grindstone","Runesmith:PoweredAnvil","Runesmith:HeatExchange","Runesmith:HammerThrow","Runesmith:ChaoticBlast","Runesmith:DoubleUp","Runesmith:GrandSlam","Runesmith:CraftPrismatica","Runesmith:FissionHammer","Runesmith:Repurpose","Runesmith:DuctTape","Runesmith:Terraform","Runesmith:LithiumIon","Runesmith:EarthShield","Runesmith:LightningRod","Runesmith:MakeshiftArmor","Runesmith:HammerTime+1","Runesmith:LithiumIon","downfall:Bewildered","Runesmith:EnergizedChisel"],"relics":["Runesmith:BrokenRuby","infinitespire:Joker Card","StoneCalendar","Pandora\u0027s Box","sneckomod:BabySnecko","CultistMask"],"acts_visited":["Exordium","TheCity"],"potions_floor_usage":[14,16,18],"damage_taken":[{"damage":2,"enemies":"Small Slimes","floor":1,"turns":3},{"damage":0,"enemies":"Cultist","floor":4,"turns":3},{"damage":4,"enemies":"Jaw Worm","floor":5,"turns":4},{"damage":22,"enemies":"Lagavulin","floor":6,"turns":7},{"damage":0,"enemies":"2 Fungi Beasts","floor":10,"turns":6},{"damage":2,"enemies":"Exordium Thugs","floor":11,"turns":4},{"damage":8,"enemies":"Red Slaver","floor":12,"turns":5},{"damage":6,"enemies":"2 Fungi Beasts","floor":13,"turns":4},{"damage":14,"enemies":"Lots of Slimes","floor":14,"turns":3},{"damage":18,"enemies":"The Guardian","floor":16,"turns":9},{"damage":48,"enemies":"2 Thieves","floor":18,"turns":4},{"damage":35,"enemies":"3 Byrds","floor":24,"turns":6},{"damage":6,"enemies":"Nightmare","floor":25,"turns":2}],"seed_played":"-1670953222466309946","potions_obtained":[{"floor":1,"key":"champ:CounterPotion"},{"floor":10,"key":"Dexterity Potion"},{"floor":11,"key":"ColorlessPotion"}],"is_trial":false,"path_per_floor":["M","$","?","M","M","E","R","$","T","M","M","M","M","M","R","B",null,"M","?","$","?","?","R","M","NM"],"character_chosen":"RUNESMITH_CLASS","items_purchased":["Runesmith:Grindstone","Runesmith:Firestorm","Runesmith:Grindstone","Runesmith:HammerTime","Runesmith:LithiumIon"],"campfire_rested":1,"item_purchase_floors":[2,2,8,20,20],"current_hp_per_floor":[61,61,61,61,57,35,35,35,35,35,33,25,19,5,23,5,63,15,36,36,36,36,36,1,0,0],"gold":47,"neow_bonus":"ONE_RARE_RELIC","is_daily":false,"chose_seed":false,"campfire_upgraded":1,"win_rate":0.0,"timestamp":1613847700,"path_taken":["M","$","?","M","M","E","R","?","T","M","M","M","?","M","R","BOSS","M","?","$","?","?","R","M","NM"],"items_purchased_type":["Card","Card","Card","Card","Card"],"build_version":"2020-12-22","purchased_purges":0,"victory":false,"max_hp_per_floor":[63,63,63,63,63,63,63,63,63,63,63,63,63,63,63,63,63,63,63,63,63,63,63,63,63,63],"card_choices":[{"not_picked":["Runesmith:Grindstone","Runesmith:ChiselStab"],"picked":"Runesmith:ShiftingStrike","floor":1},{"not_picked":["Runesmith:Superposition","Runesmith:NanitesCloud"],"picked":"Runesmith:BackupBattery","floor":4},{"not_picked":["Runesmith:CraftMagma","Runesmith:Firestorm"],"picked":"Runesmith:ChiselStab","floor":5},{"not_picked":["Runesmith:ShiftingStrike","Runesmith:ChiselStab"],"picked":"Runesmith:Repurpose","floor":6},{"not_picked":["Runesmith:OneForEveryone","Runesmith:NanitesCloud"],"picked":"Runesmith:PoweredAnvil","floor":10},{"not_picked":["Runesmith:Overpower","Runesmith:Augment"],"picked":"Runesmith:HeatExchange","floor":11},{"not_picked":["Runesmith:RuneHurl","Runesmith:Grindstone"],"picked":"Runesmith:HammerThrow","floor":12},{"not_picked":["Runesmith:CraftObretio","Runesmith:Grindstone"],"picked":"Runesmith:ChaoticBlast","floor":13},{"not_picked":["Runesmith:FissionHammer","Runesmith:Firestorm"],"picked":"Runesmith:DoubleUp","floor":14},{"not_picked":["Runesmith:MetallurgicalResearch","Runesmith:CraftPrismatica"],"picked":"Runesmith:GrandSlam","floor":16},{"not_picked":["Runesmith:UnstableHammer","Runesmith:ElementalConversion+1"],"picked":"Runesmith:MakeshiftArmor","floor":18},{"not_picked":["Runesmith:Discharge","Runesmith:UnstableHammer"],"picked":"Runesmith:EnergizedChisel","floor":24}],"player_experience":305690,"relics_obtained":[{"floor":6,"key":"StoneCalendar"}],"event_choices":[{"damage_healed":0,"gold_gain":0,"player_choice":"Upgraded","damage_taken":0,"max_hp_gain":0,"max_hp_loss":0,"event_name":"Upgrade Shrine","floor":3,"gold_loss":0,"cards_upgraded":["Runesmith:Fortify"]},{"damage_healed":21,"gold_gain":0,"player_choice":"Heal","damage_taken":0,"max_hp_gain":0,"max_hp_loss":0,"event_name":"The Library","floor":19,"gold_loss":0},{"damage_healed":0,"gold_gain":0,"player_choice":"Trade","damage_taken":0,"relics_obtained":["CultistMask"],"max_hp_gain":0,"max_hp_loss":0,"event_name":"FaceTrader","floor":22,"gold_loss":0}],"is_beta":false,"boss_relics":[{"not_picked":["Astrolabe","infinitespire:Cupcake"],"picked":"Pandora\u0027s Box"}],"items_purged_floors":[],"is_endless":false,"potions_floor_spawned":[1,10,11],"killed_by":"Nightmare","ascension_level":0}}