{"host":"tzwikg9s6mkzv6w0","time":1613818579,"event":{"mods":["BaseMod","Good Game Mod","Minty Spire (QoL Compilation)","Spicy Shops","StSLib"],"gold_per_floor":[112,162,173,2,2,2,28,28,51,78,78,92,92,122,134,224,236,263,290,302,133,149,149,179,179,179,211,73,106,106,131,131,208,208,225,245,257,273,288,322,335,335,335,5,36,36,61,79,79,79,79,79,79,11,44,44],"floor_reached":57,"language":"ZHS","playtime":2150,"items_purged":["Defend_P","Defend_P","Defend_P","Strike_P","Strike_P","Strike_P"],"score":3306,"play_id":"124ceb9b-52f5-44cf-bbd0-58f730a1f97f","local_time":"20210220185619","is_ascension_mode":true,"campfire_choices":[{"data":"Apotheosis","floor":6.0,"key":"SMITH"},{"data":"Eruption","floor":8.0,"key":"SMITH"},{"floor":11.0,"key":"REST"},{"floor":15.0,"key":"RECALL"},{"data":"Vault","floor":23.0,"key":"SMITH"},{"floor":25.0,"key":"REST"},{"data":"Omniscience","floor":30.0,"key":"SMITH"},{"data":"TalkToTheHand","floor":32.0,"key":"SMITH"},{"data":"TalkToTheHand","floor":42.0,"key":"SMITH"},{"data":"Fasting2","floor":49.0,"key":"SMITH"},{"data":"MentalFortress","floor":53.0,"key":"SMITH"}],"circlet_count":0,"master_deck":["AscendersBane","Strike_P","Eruption+1","Vigilance","Apotheosis+1","TalkToTheHand+1","EmptyMind","TalkToTheHand+1","Vault+1","Omniscience+1","InnerPeace","Tantrum","Indignation+1","Omniscience","Wallop","MentalFortress+1","Madness+1","FearNoEvil+1","Fasting2+1"],"relics":["PureWater","REME:ComplimentaryCards","NeowsBlessing","Membership Card","White Beast Statue","Pen Nib","Vajra","MawBank","SacredBark","TungstenRod","Anchor","TeardropLocket","Strawberry","Bronze Scales","SlaversCollar","Blood Vial","Toxic Egg 2","Medical Kit","Omamori","MealTicket","Molten Egg 2","Bird Faced Urn"],"acts_visited":["Exordium","TheCity","TheBeyond","TheEnding"],"potions_floor_usage":[55,56],"damage_taken":[{"damage":0.0,"enemies":"Jaw Worm","floor":1.0,"turns":1.0},{"damage":0.0,"enemies":"Cultist","floor":3.0,"turns":1.0},{"damage":0.0,"enemies":"Gremlin Nob","floor":7.0,"turns":1.0},{"damage":44.0,"enemies":"3 Sentries","floor":10.0,"turns":8.0},{"damage":0.0,"enemies":"2 Louse","floor":12.0,"turns":2.0},{"damage":0.0,"enemies":"Large Slime","floor":14.0,"turns":2.0},{"damage":0.0,"enemies":"Slime Boss","floor":16.0,"turns":6.0},{"damage":0.0,"enemies":"Spheric Guardian","floor":18.0,"turns":4.0},{"damage":4.0,"enemies":"3 Byrds","floor":19.0,"turns":5.0},{"damage":8.0,"enemies":"Centurion and Healer","floor":22.0,"turns":4.0},{"damage":4.0,"enemies":"Slavers","floor":24.0,"turns":4.0},{"damage":0.0,"enemies":"Gremlin Leader","floor":27.0,"turns":4.0},{"damage":0.0,"enemies":"Book of Stabbing","floor":29.0,"turns":2.0},{"damage":0.0,"enemies":"Slavers","floor":31.0,"turns":2.0},{"damage":0.0,"enemies":"Champ","floor":33.0,"turns":6.0},{"damage":0.0,"enemies":"Orb Walker","floor":35.0,"turns":1.0},{"damage":0.0,"enemies":"3 Shapes","floor":36.0,"turns":3.0},{"damage":0.0,"enemies":"Transient","floor":37.0,"turns":7.0},{"damage":0.0,"enemies":"3 Darklings","floor":38.0,"turns":3.0},{"damage":1.0,"enemies":"Jaw Worm Horde","floor":39.0,"turns":4.0},{"damage":8.0,"enemies":"Nemesis","floor":40.0,"turns":6.0},{"damage":10.0,"enemies":"Writhing Mass","floor":41.0,"turns":5.0},{"damage":8.0,"enemies":"Reptomancer","floor":45.0,"turns":3.0},{"damage":0.0,"enemies":"Nemesis","floor":47.0,"turns":4.0},{"damage":0.0,"enemies":"Transient","floor":48.0,"turns":6.0},{"damage":7.0,"enemies":"Awakened One","floor":50.0,"turns":4.0},{"damage":31.0,"enemies":"Donu and Deca","floor":51.0,"turns":7.0},{"damage":0,"enemies":"Shield and Spear","floor":55,"turns":3},{"damage":59,"enemies":"The Heart","floor":56,"turns":8}],"seed_played":"7371577806953921924","potions_obtained":[{"floor":10.0,"key":"Explosive Potion"},{"floor":12.0,"key":"LiquidBronze"},{"floor":14.0,"key":"Strength Potion"},{"floor":16.0,"key":"Dexterity Potion"},{"floor":18.0,"key":"StancePotion"},{"floor":19.0,"key":"Strength Potion"},{"floor":22.0,"key":"Explosive Potion"},{"floor":24.0,"key":"AttackPotion"},{"floor":27.0,"key":"Ancient Potion"},{"floor":29.0,"key":"ColorlessPotion"},{"floor":31.0,"key":"AttackPotion"},{"floor":33.0,"key":"BottledMiracle"},{"floor":35.0,"key":"Strength Potion"},{"floor":38.0,"key":"Strength Potion"},{"floor":40.0,"key":"Fruit Juice"},{"floor":41.0,"key":"BottledMiracle"},{"floor":45.0,"key":"AttackPotion"},{"floor":47.0,"key":"Energy Potion"},{"floor":55,"key":"Swift Potion"}],"is_trial":false,"path_per_floor":["M","?","M","$","?","R","E","R","T","E","R","M","?","M","R","B",null,"M","M","?","$","M","R","E","R","T","E","$","E","R","E","R","B",null,"M","M","M","M","M","E","M","R","T","$","E","?","E","M","R","B","B",null,"R","$","E","B",null],"character_chosen":"WATCHER","items_purchased":["Membership Card","InnerPeace","TeardropLocket","Medical Kit","MentalFortress","Omamori","Swift Potion","SpeedPotion"],"campfire_rested":2,"item_purchase_floors":[4,21,28,44,44,44,54,54],"current_hp_per_floor":[61,55,55,55,48,48,48,48,48,4,24,24,19,19,19,19,56,56,52,48,48,40,40,36,56,56,56,56,63,63,63,63,63,72,72,72,72,72,71,73,65,65,65,65,59,55,57,59,59,54,25,70,70,85,85,28],"gold":44,"neow_bonus":"THREE_ENEMY_KILL","is_daily":false,"chose_seed":false,"campfire_upgraded":8,"win_rate":0.0,"timestamp":1613818579,"path_taken":["M","?","?","$","?","R","E","R","T","E","R","M","?","M","R","BOSS","M","M","?","$","M","R","E","R","T","E","$","E","R","E","R","BOSS","M","?","M","M","M","E","M","R","T","$","E","?","E","M","R","BOSS","BOSS","R","$","E","BOSS"],"items_purchased_type":["Relic","Card","Relic","Relic","Card","Relic","Potion","Potion"],"build_version":"2020-12-22","purchased_purges":6,"victory":true,"max_hp_per_floor":[68,68,68,68,68,68,68,68,68,68,68,68,68,68,68,68,68,68,68,68,68,68,68,68,68,68,68,68,75,75,75,75,75,75,75,75,75,75,75,85,85,85,85,85,85,85,85,85,85,85,85,85,85,85,85,85],"card_choices":[{"not_picked":["CarveReality","Swivel","FlyingSleeves"],"picked":"SKIP","floor":1.0},{"not_picked":["WreathOfFlame","CrushJoints"],"picked":"TalkToTheHand","floor":3.0},{"not_picked":["Protect","Crescendo"],"picked":"EmptyMind","floor":7.0},{"not_picked":["Study","EmptyBody"],"picked":"TalkToTheHand","floor":10.0},{"not_picked":["Vengeance","CarveReality","JustLucky"],"picked":"SKIP","floor":12.0},{"not_picked":["DeceiveReality","Evaluate"],"picked":"Vault","floor":14.0},{"not_picked":["Blasphemy","DeusExMachina"],"picked":"Omniscience","floor":16.0},{"not_picked":["WaveOfTheHand","Halt+1","EmptyFist"],"picked":"SKIP","floor":18.0},{"not_picked":["Wireheading","PathToVictory","SandsOfTime"],"picked":"SKIP","floor":19.0},{"not_picked":["Halt","LikeWater"],"picked":"Tantrum","floor":22.0},{"not_picked":["FlurryOfBlows+1","Wallop"],"picked":"Indignation+1","floor":24.0},{"not_picked":["SpiritShield","CarveReality","Perseverance+1"],"picked":"SKIP","floor":27.0},{"not_picked":["Crescendo","Consecrate","ThirdEye"],"picked":"SKIP","floor":29.0},{"not_picked":["EmptyBody","Protect","Alpha"],"picked":"SKIP","floor":31.0},{"not_picked":["MasterReality","Brilliance"],"picked":"Omniscience","floor":33.0},{"not_picked":["FollowUp","FlyingSleeves+1","Meditate+1"],"picked":"SKIP","floor":35.0},{"not_picked":["ClearTheMind","EmptyFist","LikeWater+1"],"picked":"SKIP","floor":36.0},{"not_picked":["Conclude","FlyingSleeves+1","WheelKick"],"picked":"SKIP","floor":37.0},{"not_picked":["Conclude","FlyingSleeves+1","WheelKick"],"picked":"SKIP","floor":37.0},{"not_picked":["WheelKick","Evaluate","FlurryOfBlows+1"],"picked":"SKIP","floor":38.0},{"not_picked":["Pray","CutThroughFate","DeceiveReality+1"],"picked":"SKIP","floor":39.0},{"not_picked":["Sanctity","Brilliance"],"picked":"Wallop","floor":40.0},{"not_picked":["Halt+1","PathToVictory","Protect"],"picked":"SKIP","floor":41.0},{"not_picked":["CutThroughFate","WindmillStrike","Crescendo+1"],"picked":"SKIP","floor":45.0},{"not_picked":["Panacea+1","Secret Technique+1"],"picked":"Madness+1","floor":46.0},{"not_picked":["SandsOfTime+1","Consecrate+1"],"picked":"FearNoEvil+1","floor":47.0},{"not_picked":["FlyingSleeves+1","ThirdEye+1"],"picked":"Fasting2","floor":48.0},{"not_picked":["Prostrate+1","EmptyMind+1","Wireheading"],"picked":"SKIP","floor":55}],"player_experience":170021,"relics_obtained":[{"floor":7.0,"key":"White Beast Statue"},{"floor":9.0,"key":"Pen Nib"},{"floor":10.0,"key":"Vajra"},{"floor":24.0,"key":"TungstenRod"},{"floor":27.0,"key":"Anchor"},{"floor":29.0,"key":"Strawberry"},{"floor":31.0,"key":"Bronze Scales"},{"floor":40.0,"key":"Blood Vial"},{"floor":43.0,"key":"Toxic Egg 2"},{"floor":45.0,"key":"MealTicket"},{"floor":47.0,"key":"Molten Egg 2"},{"floor":55,"key":"Bird Faced Urn"}],"event_choices":[{"damage_healed":0.0,"max_hp_gain":0.0,"max_hp_loss":0.0,"gold_gain":50.0,"event_name":"FaceTrader","player_choice":"Touch","floor":2.0,"gold_loss":0.0,"damage_taken":6.0},{"cards_removed":["Defend_P"],"damage_healed":0.0,"max_hp_gain":0.0,"max_hp_loss":0.0,"gold_gain":0.0,"event_name":"Golden Wing","player_choice":"Card Removal","floor":5.0,"gold_loss":0.0,"damage_taken":7.0},{"damage_healed":0.0,"max_hp_gain":0.0,"max_hp_loss":0.0,"gold_gain":0.0,"event_name":"Scrap Ooze","player_choice":"Success","floor":13.0,"gold_loss":0.0,"damage_taken":5.0,"relics_obtained":["MawBank"]},{"damage_healed":0.0,"max_hp_gain":0.0,"max_hp_loss":0.0,"gold_gain":0.0,"event_name":"The Woman in Blue","player_choice":"Bought 0 Potions","floor":20.0,"gold_loss":0.0,"damage_taken":0.0},{"damage_healed":0.0,"max_hp_gain":0.0,"max_hp_loss":0.0,"gold_gain":0.0,"event_name":"SensoryStone","player_choice":"Memory 2","floor":46.0,"gold_loss":0.0,"damage_taken":5.0}],"is_beta":false,"boss_relics":[{"not_picked":["Calling Bell","Tiny House"],"picked":"SacredBark"},{"not_picked":["Sozu","Snecko Eye"],"picked":"SlaversCollar"}],"items_purged_floors":[4,4,21,21,44,44],"is_endless":false,"potions_floor_spawned":[10,12,14,16,18,19,22,24,27,29,31,33,35,36,37,38,39,40,41,45,47,48,55],"ascension_level":20}}