{"host":"as7albp2mcgkylj3","time":1613862433,"event":{"mods":["2.2 Compatiblity","AchievementEnabler","BaseMod","Colored Map","DeckTracker","Downfall","Googly Eyes","Highlight Path","Minty Spire (QoL Compilation)","Replay The Spire","StSLib","SuperFastMode"],"gold_per_floor":[99,99,99,99,99,99,99,99,99,109,128,144,144,54,74,176,176,176,186,56,88,88,88,111,111,111,140,164,184,320,320,341,453,453,453,479,496,516,516,530,530,545,563,563,581,608,608,628,643,643],"floor_reached":51,"language":"ITA","playtime":2849,"items_purged":["Guardian:Strike_Guardian","Injury"],"score":881,"play_id":"99764985-bfba-4333-9e91-efaaa857ef39","local_time":"20210221000713","is_ascension_mode":false,"campfire_choices":[{"data":"Guardian:CurlUp","floor":1,"key":"SMITH"},{"floor":6,"key":"REST"},{"data":"expansioncontent:QuickStudy","floor":25,"key":"SMITH"},{"data":"Guardian:BaubleBeam","floor":35,"key":"SMITH"},{"data":"Guardian:ExploitGems","floor":47,"key":"SMITH"}],"circlet_count":0,"master_deck":["Guardian:Strike_Guardian","Guardian:Defend_Guardian","Guardian:Defend_Guardian","Guardian:TwinSlam","Guardian:Preprogram","Replay:GuardianBash+1","Guardian:Incinerate","Guardian:Suspension","Guardian:WalkerClaw+1","Guardian:WeakpointTargeting+1","Guardian:HyperBeam_Guardian+1","expansioncontent:QuickStudy+1","Guardian:CrystalBeam","Guardian:VentSteam+1","Guardian:TimeSifter","J.A.X.","Guardian:ExploitGems+1","Guardian:BaubleBeam+1","Guardian:Gem_Red","Guardian:Gem_Synthetic","Guardian:Gem_Orange","Bandage Up","Guardian:Gem_White"],"relics":["downfall:HeartsMalice","Meat on the Bone","Guardian:PickAxe","Replay:Ringing Soul","Bag of Preparation","m_GuardianBlood","Astrolabe","ReplayTheSpireMod:CursedCoin","ReplayTheSpireMod:Ring of Exchange","Blood Vial","Spirit Poop","CeramicFish","MutagenicStrength","Toolbox","Snack Pack"],"acts_visited":["Exordium","TheCity","TheBeyond"],"potions_floor_usage":[30],"damage_taken":[{"damage":0,"enemies":"Cultist","floor":2,"turns":1},{"damage":0,"enemies":"2 Louse","floor":3,"turns":1},{"damage":0,"enemies":"2 Louse","floor":5,"turns":1},{"damage":8,"enemies":"Small Slimes","floor":10,"turns":3},{"damage":10,"enemies":"Blue Slaver","floor":11,"turns":4},{"damage":12,"enemies":"3 Louse","floor":12,"turns":4},{"damage":5,"enemies":"downfall:FleeingMerchant","floor":14,"turns":4},{"damage":16,"enemies":"2 Fungi Beasts","floor":15,"turns":3},{"damage":59,"enemies":"DF_ARCHETYPE_STREAMLINE","floor":16,"turns":12},{"damage":23,"enemies":"Shell Parasite","floor":19,"turns":3},{"damage":5,"enemies":"downfall:FleeingMerchant","floor":20,"turns":4},{"damage":22,"enemies":"Slavers","floor":27,"turns":5},{"damage":5,"enemies":"3 Byrds","floor":28,"turns":2},{"damage":9,"enemies":"Snecko","floor":29,"turns":3},{"damage":26,"enemies":"downfall:Augmenter","floor":30,"turns":5},{"damage":9,"enemies":"Snake Plant","floor":32,"turns":2},{"damage":54,"enemies":"IC_MUSHROOM_ARCHETYPE","floor":33,"turns":7},{"damage":10,"enemies":"3 Shapes","floor":36,"turns":2},{"damage":0,"enemies":"Orb Walker","floor":37,"turns":1},{"damage":15,"enemies":"Writhing Mass","floor":38,"turns":3},{"damage":28,"enemies":"Maw","floor":40,"turns":4},{"damage":22,"enemies":"4 Shapes","floor":42,"turns":5},{"damage":19,"enemies":"Spire Growth","floor":46,"turns":2},{"damage":0,"enemies":"3 Darklings","floor":48,"turns":2},{"damage":6,"enemies":"4 Shapes","floor":49,"turns":1},{"damage":13,"enemies":"SI_POISON_ARCHETYPE","floor":50,"turns":5}],"seed_played":"1196027503799203740","potions_obtained":[{"floor":10,"key":"SmokeBomb"},{"floor":15,"key":"LiquidMemories"},{"floor":16,"key":"LiquidBronze"},{"floor":36,"key":"Venom Potion"}],"is_trial":false,"path_per_floor":["R","M","M","?","?","R","T","T","?","M","M","M","R","$","M","B",null,"R","M","$","?","?","?","T","R","?","E","M","M","?","?","M","B",null,"R","M","M","M","?","M","T","M","R","?","?","M","R","M","M","B",null],"character_chosen":"GUARDIAN","items_purchased":["ReplayTheSpireMod:CursedCoin","expansioncontent:QuickStudy"],"campfire_rested":1,"item_purchase_floors":[20,20],"current_hp_per_floor":[80,80,80,55,37,61,61,61,64,65,64,58,61,62,64,26,98,101,87,91,68,71,108,108,108,108,94,100,102,87,87,89,58,128,128,127,131,122,122,102,102,94,97,97,100,98,98,108,110,117],"gold":643,"neow_bonus":"THREE_ENEMY_KILL","is_daily":false,"chose_seed":false,"campfire_upgraded":4,"win_rate":0.0,"timestamp":1613862433,"path_taken":["R","M","?","?","?","R","T","?","?","M","M","?","R","$","M","BOSS","R","M","$","?","?","?","T","R","?","E","M","?","?","?","M","BOSS","R","M","M","M","?","M","T","M","R","?","?","M","R","M","M","BOSS"],"items_purchased_type":["Relic","Card"],"build_version":"2020-12-22","purchased_purges":2,"victory":true,"max_hp_per_floor":[80,80,80,80,80,80,80,80,83,86,89,89,92,92,92,95,98,101,104,107,110,113,113,113,113,113,113,116,119,122,122,125,128,128,128,131,131,131,131,131,131,131,134,134,137,140,140,140,140,140],"card_choices":[{"not_picked":["Guardian:BronzeArmor","Guardian:Repulse"],"picked":"Guardian:Preprogram","floor":2},{"not_picked":["Guardian:PrimingBeam","Guardian:Planning"],"picked":"Guardian:Gem_Purple","floor":3},{"not_picked":["Guardian:Repulse","Guardian:TimeBomb"],"picked":"Guardian:Incinerate","floor":10},{"not_picked":["Guardian:RefractedBeam","Body Slam"],"picked":"Guardian:Suspension","floor":11},{"not_picked":["Guardian:EvasiveProtocol","Twin Strike","Whirlwind"],"picked":"SKIP","floor":12},{"not_picked":["Pummel","Guardian:PrimingBeam","Guardian:PiercingHide"],"picked":"SKIP","floor":14},{"not_picked":["Guardian:RollAttack","Guardian:SpikerProtocol","Entrench"],"picked":"SKIP","floor":15},{"not_picked":["Reaper","Guardian:ConstructionForm"],"picked":"Guardian:Gem_Synthetic","floor":16},{"not_picked":["Guardian:Repulse","Guardian:VentSteam"],"picked":"Guardian:Gem_Red","floor":19},{"not_picked":["Guardian:Recover+1","Guardian:Suspension"],"picked":"Guardian:Gem_Synthetic","floor":20},{"not_picked":["Guardian:SpikerProtocol+1","Guardian:WalkerClaw"],"picked":"Guardian:CrystalBeam","floor":21},{"not_picked":["Guardian:Emergency","Guardian:Recover+1","Guardian:Clone"],"picked":"SKIP","floor":27},{"not_picked":["Guardian:ShieldCharger","Guardian:PrimingBeam"],"picked":"Guardian:VentSteam+1","floor":28},{"not_picked":["Guardian:Incinerate","Guardian:VentSteam+1"],"picked":"Guardian:Gem_Fragmented","floor":29},{"not_picked":[],"picked":"J.A.X.","floor":30},{"not_picked":["Guardian:Incinerate","Guardian:Gem_Purple"],"picked":"Guardian:ExploitGems","floor":30},{"not_picked":["Guardian:VentSteam","Guardian:PrimingBeam+1"],"picked":"Guardian:Gem_White","floor":32},{"not_picked":["Guardian:RevengeProtocol","Guardian:Gem_Synthetic"],"picked":"Guardian:BaubleBeam","floor":33},{"not_picked":["Guardian:CrystalBeam","Guardian:Suspension+1"],"picked":"Guardian:Gem_Red","floor":36},{"not_picked":["Guardian:Gem_Green","Guardian:Gem_Cyan","Guardian:Incinerate+1"],"picked":"SKIP","floor":37},{"not_picked":["Guardian:WalkerClaw","Guardian:ShieldCharger","Guardian:ArmoredProtocol+1"],"picked":"SKIP","floor":38},{"not_picked":["Guardian:WalkerClaw","Guardian:Gem_Blue","Guardian:Reroute+1"],"picked":"SKIP","floor":40},{"not_picked":["Guardian:BodySlam","Guardian:TimeCapacitor+1","Guardian:Reroute"],"picked":"SKIP","floor":42},{"not_picked":["Guardian:WalkerClaw","Guardian:ShieldCharger"],"picked":"Guardian:Gem_White","floor":46},{"not_picked":["Guardian:ShieldCharger+1","Guardian:BronzeArmor+1","Guardian:PolyBeam"],"picked":"SKIP","floor":48},{"not_picked":["Guardian:WalkerClaw","Guardian:PrimingBeam","Guardian:TemporalStrike+1"],"picked":"SKIP","floor":49}],"player_experience":521174,"relics_obtained":[{"floor":7,"key":"Replay:Ringing Soul"},{"floor":8,"key":"Bag of Preparation"},{"floor":22,"key":"ReplayTheSpireMod:Ring of Exchange"},{"floor":24,"key":"Blood Vial"},{"floor":27,"key":"CeramicFish"},{"floor":30,"key":"MutagenicStrength"},{"floor":41,"key":"Snack Pack"}],"event_choices":[{"damage_healed":0,"gold_gain":0,"player_choice":"Success","damage_taken":25,"relics_obtained":["Meat on the Bone"],"max_hp_gain":0,"max_hp_loss":0,"event_name":"Scrap Ooze","floor":4,"gold_loss":0},{"damage_healed":37,"gold_gain":0,"player_choice":"Heal","damage_taken":0,"max_hp_gain":0,"max_hp_loss":0,"event_name":"The Library","floor":23,"gold_loss":0},{"cards_removed":["Voices"],"damage_healed":0,"gold_gain":0,"player_choice":"Offered Curse","damage_taken":0,"relics_obtained":["Spirit Poop"],"max_hp_gain":0,"max_hp_loss":0,"event_name":"Bonfire Elementals","floor":26,"gold_loss":0},{"damage_healed":0,"gold_gain":0,"player_choice":"Ignored","damage_taken":0,"max_hp_gain":0,"max_hp_loss":0,"event_name":"Mysterious Sphere","floor":44,"gold_loss":0}],"is_beta":false,"boss_relics":[{"not_picked":["Empty Cage","Pandora\u0027s Box"],"picked":"Astrolabe"},{"not_picked":["Velvet Choker","Runic Dome"],"picked":"Toolbox"}],"items_purged_floors":[14,20],"is_endless":false,"potions_floor_spawned":[5,10,15,16,19,28,29,36,38,40,48,49],"ascension_level":0}}