{"host":"ks0rgj8xgppw8yky","time":1613861519,"event":{"mods":["BaseMod","Better Match","Better Note","Better Sensory Stone","BetterRewards","Conspire","GungeonMod","Hubris","Infinite Spire","Jorbs\u0027s Wanderer Trilogy","Marisa????????","Minty Spire (QoL Compilation)","Replay The Spire","StSLib","The Bug Knight","The Cursed","The Druid","The Jungle","The Servant 0.9.4"],"gold_per_floor":[110,121,136,86,86,86,118,118,170,184,199,215,215,230,230,230,230],"floor_reached":16,"language":"ENG","playtime":2029,"items_purged":[],"score":104,"play_id":"642c63d4-3b7a-4b34-8126-703c3757e034","local_time":"20210220175159","is_ascension_mode":false,"campfire_choices":[{"data":"Infernal Blade","floor":6,"key":"SMITH"},{"floor":8,"key":"REST"}],"circlet_count":0,"master_deck":["Strike_R","Strike_R","Strike_R","Strike_R","Defend_R","Defend_R","Defend_R","Defend_R","Bash","Hemogenesis","Iron Wave","Infernal Blade+1","Dual Wield","Dual Wield","Metallicize","Regret","Shrug It Off"],"relics":["Burning Blood","HornCleat","MealTicket","Chameleon Ring"],"acts_visited":["Exordium"],"potions_floor_usage":[16],"damage_taken":[{"damage":9,"enemies":"Small Slimes","floor":1,"turns":6},{"damage":5,"enemies":"conspire:RoseBush","floor":2,"turns":4},{"damage":13,"enemies":"infinitespire:Voidling","floor":3,"turns":5},{"damage":25,"enemies":"Replay:BlueRogue","floor":7,"turns":10},{"damage":0,"enemies":"3 Louse","floor":10,"turns":3},{"damage":0,"enemies":"Exordium Wildlife","floor":11,"turns":3},{"damage":0,"enemies":"3 Louse","floor":12,"turns":3},{"damage":8,"enemies":"Blue Slaver","floor":14,"turns":4},{"damage":91,"enemies":"The Guardian","floor":16,"turns":12}],"seed_played":"-120585610247858982","potions_obtained":[{"floor":2,"key":"AttackPotion"},{"floor":3,"key":"LifebloodPotion"},{"floor":5,"key":"DuplicationPotion"},{"floor":7,"key":"LiquidBronze"},{"floor":15,"key":"Reflective Coating"}],"is_trial":false,"path_per_floor":["M","M","M","?","?","R","E","R","T","M","M","M","?","M","R","B"],"character_chosen":"IRONCLAD","items_purchased":[],"campfire_rested":1,"item_purchase_floors":[],"current_hp_per_floor":[80,80,73,73,73,73,61,80,80,80,80,80,80,78,78,0,0],"gold":230,"neow_bonus":"ONE_RANDOM_RARE_CARD","is_daily":false,"chose_seed":false,"campfire_upgraded":1,"win_rate":0.0,"timestamp":1613861519,"path_taken":["M","M","M","?","?","R","E","R","T","M","?","M","?","M","R","BOSS"],"items_purchased_type":[],"build_version":"2020-12-22","purchased_purges":0,"victory":false,"max_hp_per_floor":[80,80,80,80,80,80,80,80,80,80,80,80,80,80,80,80,80],"card_choices":[{"not_picked":["Body Slam","Thunderclap","Warcry"],"picked":"SKIP","floor":1},{"not_picked":["Entrench","Anger"],"picked":"Iron Wave","floor":2},{"not_picked":["ReplayReversal","Warcry"],"picked":"Infernal Blade","floor":3},{"not_picked":["Shockwave","Heavy Blade"],"picked":"Dual Wield","floor":7},{"not_picked":["hubris:CleavingFinish","conspire:Charge"],"picked":"Dual Wield","floor":10},{"not_picked":["Thunderclap","Anger","Blood for Blood"],"picked":"SKIP","floor":11},{"not_picked":["Offering","Blood for Blood"],"picked":"Metallicize","floor":12},{"not_picked":["Dark Embrace","Headbutt"],"picked":"Shrug It Off","floor":14}],"player_experience":899905,"relics_obtained":[{"floor":7,"key":"HornCleat"},{"floor":9,"key":"MealTicket"}],"event_choices":[{"cards_removed":["Strike_R"],"damage_healed":0,"gold_gain":0,"player_choice":"Card Removal","damage_taken":0,"max_hp_gain":0,"max_hp_loss":0,"event_name":"The Cleric","floor":4,"gold_loss":50},{"damage_healed":0,"gold_gain":0,"player_choice":"Got Potions","damage_taken":0,"max_hp_gain":0,"max_hp_loss":0,"event_name":"Lab","floor":5,"gold_loss":0},{"damage_healed":0,"gold_gain":0,"player_choice":"Box","damage_taken":0,"relics_obtained":["Chameleon Ring"],"max_hp_gain":0,"max_hp_loss":0,"event_name":"Big Fish","floor":13,"gold_loss":0,"cards_obtained":["Regret"]}],"is_beta":false,"boss_relics":[],"items_purged_floors":[],"is_endless":false,"potions_floor_spawned":[2,3,7,14],"killed_by":"The Guardian","ascension_level":0}}