{"host":"whe4vf9w0yuhsr02","time":1613817751,"event":{"mods":["AchievementEnabler","Act Like it!","BaseMod","Better Altar","Better Match","Better Note","Better Sensory Stone","Better Skull","Better Third Choice","Colored Map","Dark Map","Friendly Minions","Highlight Path","Hubris","Lobotomy","LobotomyExtend","Minty Spire (QoL Compilation)","Poor People Problems","Quick Restart","Replay The Spire","Ruina","StSLib","everything is the same but u backflip on backflip"],"gold_per_floor":[113,131,142,142,154,184,211,211,211,245,269,269,269,297,297,404,454,490,55,76,47,85,130,164,164,187,187,229,270,296,246,246,369,369,396,431,332,356,393,393,441,471,496,496,496,496,524,564,564,594,632,632,632,646,646],"floor_reached":56,"language":"ENG","playtime":2795,"items_purged":["Wingbeat","Reverberation"],"score":760,"play_id":"7bc18484-febf-4b64-a376-25a3a0a4bfa6","local_time":"20210220124231","is_ascension_mode":false,"campfire_choices":[{"floor":25.0,"key":"DIG"},{"floor":40.0,"key":"DIG"},{"floor":44.0,"key":"DIG"},{"floor":46.0,"key":"DIG"}],"circlet_count":4,"master_deck":["SpecialBullet","SpecialBullet","SpecialBullet","SpecialBullet","SpecialBullet","SpecialBullet","SpecialBullet","SpecialBullet","ControlCode","InformationCode","SecurityCode","Lamp+24","ScreamingWedge","UniverseFragment","ScreamingWedge","GoldRush","ruina:CrimsonScar","ruina:BlindRage","CentralCode","TrainingCode","Adoration","Spore+1","Discord+1","TT2Protocol"],"relics":["CogitoBucket","LetterFromLob","Replay:Bandana","Replay:Multitool","Frozen Egg 2","Tiny House","SkinProphecy","Membership Card","Pondfish Scales","Replay:Wax Seal","White Beast Statue","hubris:SlimyHat","MealTicket","AdjustmentMirror","AtMidnight","Bag of Preparation","ruina:FalsePresent","Replay:Bronze Core","BargainBundle","ReplayTheSpireMod:Shallot","Oddly Smooth Stone","hubris:ToyBattleship","Ancient Tea Set","Bronze Scales","Bronze Scales","Bronze Scales","Bronze Scales","Bronze Scales","Bronze Scales","Bronze Scales","Bronze Scales","Bronze Scales","Bronze Scales","Bronze Scales","Bronze Scales","Bronze Scales","Bronze Scales","Bronze Scales","Bronze Scales","Bronze Scales","Bronze Scales","Bronze Scales","Bronze Scales","Bronze Scales","Bronze Scales","Bronze Scales","Bronze Scales","Bronze Scales","Bronze Scales","Bronze Scales","Bronze Scales","Bronze Scales","Bronze Scales","Bronze Scales","Bronze Scales","Bronze Scales","Bronze Scales","Bronze Scales","Bronze Scales","Bronze Scales","Bronze Scales","Bronze Scales","Bronze Scales","Bronze Scales","Bronze Scales","Mercury Hourglass","Mercury Hourglass","Mercury Hourglass","Mercury Hourglass","Mercury Hourglass","Mercury Hourglass","Mercury Hourglass","Mercury Hourglass","Mercury Hourglass","Mercury Hourglass","Mercury Hourglass","Mercury Hourglass","Mercury Hourglass","Mercury Hourglass","Mercury Hourglass","Mercury Hourglass","Mercury Hourglass","Mercury Hourglass","Mercury Hourglass","Mercury Hourglass","Mercury Hourglass","Mercury Hourglass","Mercury Hourglass","Mercury Hourglass","Lizard Tail","Lizard Tail","Lizard Tail","Lizard Tail","Lizard Tail","Lizard Tail","Lizard Tail","Lizard Tail","Lee\u0027s Waffle","Pear","Pear","Pear","Pear","Pear","Pear","Pear","Pear","Pear","Pear","Pear","Pear","Pear","Pear","Pear","Pear","Pear","Pear","Pear","Pear","Pear","Pear","Pear","Pear","Pear","Pear","Pear","Pear","Pear","Pear","Pear","Pear","Pear","Pear","Pear","Pear","Pear","Mercury Hourglass","Mercury Hourglass","Mercury Hourglass","Mercury Hourglass","Mercury Hourglass","Mercury Hourglass","Mercury Hourglass","Circlet","Mercury Hourglass","Mercury Hourglass","Mercury Hourglass","Mercury Hourglass","Mercury Hourglass","Mercury Hourglass","Mercury Hourglass","Mercury Hourglass","Mercury Hourglass","Mercury Hourglass","Mercury Hourglass","Mercury Hourglass","Mercury Hourglass","Mercury Hourglass","Mercury Hourglass","Mercury Hourglass","Mercury Hourglass","Mercury Hourglass","Mercury Hourglass","Mercury Hourglass","Mercury Hourglass","Mercury Hourglass","Mercury Hourglass","Mercury Hourglass","Mercury Hourglass","Mercury Hourglass","Mercury Hourglass","Mercury Hourglass","Mercury Hourglass","Mercury Hourglass","Mercury Hourglass","Mercury Hourglass","Mercury Hourglass","Mercury Hourglass","Mercury Hourglass","Mercury Hourglass","Mercury Hourglass","Mercury Hourglass","Mercury Hourglass","Mercury Hourglass","Mercury Hourglass","Mercury Hourglass","Mercury Hourglass","Mercury Hourglass","Mercury Hourglass","Mercury Hourglass","Mercury Hourglass","Mercury Hourglass","Mercury Hourglass","Mercury Hourglass","Mercury Hourglass","Mercury Hourglass","Mercury Hourglass","Mercury Hourglass","Mercury Hourglass","Mercury Hourglass","Mercury Hourglass","Mercury Hourglass","Mercury Hourglass","Mercury Hourglass","Mercury Hourglass","Mercury Hourglass","Mercury Hourglass","Mercury Hourglass","Mercury Hourglass","Mercury Hourglass","Mercury Hourglass","Mercury Hourglass","Mercury Hourglass","Mercury Hourglass","Mercury Hourglass","Mercury Hourglass","Mercury Hourglass","Mercury Hourglass"],"acts_visited":["Exordium","ruina:Briah","TheBeyond"],"potions_floor_usage":[],"damage_taken":[{"damage":0.0,"enemies":"2 Louse","floor":1.0,"turns":1.0},{"damage":0.0,"enemies":"Small Slimes","floor":2.0,"turns":1.0},{"damage":7.0,"enemies":"Cultist","floor":3.0,"turns":4.0},{"damage":12.0,"enemies":"Looter","floor":5.0,"turns":3.0},{"damage":30.0,"enemies":"Gremlin Nob","floor":6.0,"turns":4.0},{"damage":20.0,"enemies":"2 Fungi Beasts","floor":7.0,"turns":4.0},{"damage":16.0,"enemies":"Lagavulin","floor":10.0,"turns":5.0},{"damage":10.0,"enemies":"Exordium Thugs","floor":11.0,"turns":2.0},{"damage":0.0,"enemies":"Blue Slaver","floor":14.0,"turns":3.0},{"damage":15.0,"enemies":"The Guardian","floor":16.0,"turns":11.0},{"damage":14.0,"enemies":"ruina:Nosferatu","floor":18.0,"turns":9.0},{"damage":12.0,"enemies":"ruina:BadWolf","floor":20.0,"turns":3.0},{"damage":61.0,"enemies":"ruina:3_Scarecrows","floor":22.0,"turns":15.0},{"damage":24.0,"enemies":"ruina:Mountain","floor":23.0,"turns":8.0},{"damage":14.0,"enemies":"ruina:QueenOfHate","floor":24.0,"turns":3.0},{"damage":25.0,"enemies":"ruina:KnightOfDespair","floor":28.0,"turns":6.0},{"damage":0.0,"enemies":"ruina:ServantOfWrath","floor":29.0,"turns":6.0},{"damage":28.0,"enemies":"ruina:KingOfGreed","floor":30.0,"turns":4.0},{"damage":33.0,"enemies":"ruina:Ozma","floor":33.0,"turns":9.0},{"damage":0.0,"enemies":"3 Shapes","floor":35.0,"turns":1.0},{"damage":21.0,"enemies":"Orb Walker","floor":36.0,"turns":5.0},{"damage":0.0,"enemies":"3 Darklings","floor":38.0,"turns":1.0},{"damage":0.0,"enemies":"4 Shapes","floor":39.0,"turns":1.0},{"damage":24.0,"enemies":"Reptomancer","floor":41.0,"turns":6.0},{"damage":14.0,"enemies":"Spire Growth","floor":42.0,"turns":1.0},{"damage":0.0,"enemies":"Sphere and 2 Shapes","floor":47.0,"turns":2.0},{"damage":16.0,"enemies":"Transient","floor":48.0,"turns":5.0},{"damage":194.0,"enemies":"Awakened One","floor":50.0,"turns":49.0},{"damage":12.0,"enemies":"Malkuth","floor":51.0,"turns":14.0},{"damage":30.0,"enemies":"Yesod","floor":51.0,"turns":13.0},{"damage":146.0,"enemies":"Chesed","floor":51.0,"turns":22.0},{"damage":281.0,"enemies":"Binah","floor":54.0,"turns":109.0},{"damage":58,"enemies":"Angela","floor":56,"turns":4}],"seed_played":"3082414569778582689","potions_obtained":[{"floor":0.0,"key":"Explosive Potion"},{"floor":0.0,"key":"DistilledChaos"},{"floor":0.0,"key":"SteroidPotion"},{"floor":2.0,"key":"Death Potion"},{"floor":10.0,"key":"Milkshake"},{"floor":11.0,"key":"ColorlessPotion"},{"floor":23.0,"key":"SteroidPotion"},{"floor":28.0,"key":"Fire Potion"},{"floor":29.0,"key":"Fruit Juice"},{"floor":30.0,"key":"Elixir"},{"floor":31.0,"key":"Fruit Juice"},{"floor":33.0,"key":"Swift Potion"},{"floor":36.0,"key":"Adrenaline Potion"},{"floor":47.0,"key":"BlessingOfTheForge"},{"floor":48.0,"key":"Adrenaline Potion"}],"is_trial":false,"path_per_floor":["M","M","M","?","M","E","M","R","T","E","M","R","E","M","R","B",null,"M","$","M","$","M","E","M","R","T","R","M","E","M","?","R_BF","B",null,"M","M","$","M","M","R","E","M","T","R","?","R","M","M","R_BF","B",null,null,null,null,null,null,null,null],"character_chosen":"Angela","items_purchased":["Membership Card","Pondfish Scales","ruina:CrimsonScar","Replay:Wax Seal","ruina:BlindRage","BargainBundle"],"campfire_rested":0,"item_purchase_floors":[19,19,19,21,21,37],"current_hp_per_floor":[70,70,70,70,66,44,32,32,32,24,26,26,26,44,44,47,75,75,75,77,77,79,81,83,83,83,83,87,94,96,96,96,98,98,100,102,102,104,106,106,108,108,108,108,108,108,112,114,114,118,68,68,68,15,15],"gold":646,"neow_bonus":"THREE_SMALL_POTIONS","is_daily":false,"chose_seed":false,"campfire_upgraded":0,"win_rate":0.0,"timestamp":1613817751,"path_taken":["M","M","M","?","M","E","M","R","T","E","M","R","E","?","R","BOSS","M","$","M","$","M","E","M","R","T","R","M","E","M","?","R_BF","BOSS","M","M","$","M","M","R","E","M","T","R","?","R","M","M","R_BF","BOSS"],"items_purchased_type":["Relic","Relic","Card","Relic","Card","Relic"],"build_version":"2020-12-22","purchased_purges":2,"victory":true,"max_hp_per_floor":[70,70,70,70,70,70,70,70,70,70,70,70,70,70,70,70,75,75,75,77,77,79,81,83,83,83,83,87,94,96,96,96,98,98,100,102,102,104,106,106,108,110,110,110,110,110,112,114,114,118,124,124,124,126,126],"card_choices":[{"not_picked":["Murderer","MHz"],"picked":"Scorched","floor":1.0},{"not_picked":["Lantern"],"picked":"Lamp","floor":1.0},{"not_picked":["FourthMatchFlame"],"picked":"ScreamingWedge","floor":2.0},{"not_picked":["MHz","CrumblingArmor"],"picked":"UniverseFragment","floor":3.0},{"not_picked":["Tough"],"picked":"Reverberation","floor":3.0},{"not_picked":["RedEyes","BearPaw"],"picked":"SKIP","floor":5.0},{"not_picked":["Noise","Regret_ego"],"picked":"SKIP","floor":6.0},{"not_picked":["CherryBlossom","CrimsonScar"],"picked":"SKIP","floor":7.0},{"not_picked":["CherryBlossom+1","GrinderMk4"],"picked":"SKIP","floor":10.0},{"not_picked":["Loneliness"],"picked":"ScreamingWedge","floor":11.0},{"not_picked":["Noise","Lantern"],"picked":"SKIP","floor":14.0},{"not_picked":["Adoration"],"picked":"GoldRush","floor":16.0},{"not_picked":["Lantern"],"picked":"Wingbeat","floor":17.0},{"not_picked":["Horn","ScreamingWedge"],"picked":"SKIP","floor":18.0},{"not_picked":["CherryBlossom+1","Pleasure"],"picked":"SKIP","floor":20.0},{"not_picked":["Penitence","Lantern+1"],"picked":"SKIP","floor":22.0},{"not_picked":["BearPaw","Loneliness"],"picked":"SKIP","floor":23.0},{"not_picked":["Lantern"],"picked":"SolemnVow+1","floor":24.0},{"not_picked":["Regret_ego+1","BloodyDesire"],"picked":"SKIP","floor":28.0},{"not_picked":["GrinderMk4","RedEyes"],"picked":"SKIP","floor":29.0},{"not_picked":["Beak","FourthMatchFlame+1"],"picked":"SKIP","floor":30.0},{"not_picked":["Twilight"],"picked":"Adoration","floor":33.0},{"not_picked":["Tough"],"picked":"Spore+1","floor":35.0},{"not_picked":["RapturousDream","Penitence+1"],"picked":"SKIP","floor":36.0},{"not_picked":["FourthMatchFlame+1","Regret_ego+1"],"picked":"SKIP","floor":38.0},{"not_picked":["RapturousDream+1","BlueScar+1"],"picked":"SKIP","floor":39.0},{"not_picked":["Tough","Lantern+1"],"picked":"SKIP","floor":41.0},{"not_picked":["Penitence","CherryBlossom+1"],"picked":"SKIP","floor":42.0},{"not_picked":["Christmas+1","Lantern"],"picked":"SKIP","floor":47.0},{"not_picked":["Christmas+1","Lantern"],"picked":"SKIP","floor":47.0},{"not_picked":["Tough","SomewhereSpear+1"],"picked":"SKIP","floor":48.0}],"player_experience":501622,"relics_obtained":[{"floor":1.0,"key":"LetterFromLob"},{"floor":6.0,"key":"Replay:Bandana"},{"floor":9.0,"key":"Replay:Multitool"},{"floor":10.0,"key":"Frozen Egg 2"},{"floor":23.0,"key":"White Beast Statue"},{"floor":25.0,"key":"hubris:SlimyHat"},{"floor":26.0,"key":"MealTicket"},{"floor":28.0,"key":"AtMidnight"},{"floor":29.0,"key":"Bag of Preparation"},{"floor":40.0,"key":"ReplayTheSpireMod:Shallot"},{"floor":43.0,"key":"Oddly Smooth Stone"},{"floor":44.0,"key":"hubris:ToyBattleship"},{"floor":46.0,"key":"Ancient Tea Set"}],"event_choices":[{"damage_healed":0.0,"max_hp_gain":0.0,"max_hp_loss":0.0,"gold_gain":0.0,"cards_transformed":["Scorched"],"event_name":"Transmorgrifier","player_choice":"Transformed","floor":45.0,"gold_loss":0.0,"damage_taken":0.0,"cards_obtained":["Discord"]}],"is_beta":false,"boss_relics":[{"not_picked":["hubris:Stopwatch","hubris:ScarierMask"],"picked":"Tiny House"},{"not_picked":["Fusion Hammer","Philosopher\u0027s Stone"],"picked":"Replay:Bronze Core"}],"items_purged_floors":[19,37],"is_endless":false,"potions_floor_spawned":[2,3,5,10,11,14,23,24,28,29,30,33,35,36,38,39,41,42,47,48,51,51,51,54,56],"ascension_level":0}}