{"host":"2m6tiise24ys9klz","time":1613848058,"event":{"mods":["BaseMod","Better Third Choice","Colored Map","Downfall","Highlight Path","Minty Spire (QoL Compilation)","StSLib"],"gold_per_floor":[99,116,4,4,4,39,39,24,38,38,68,68,78,90,100,100,100,100],"floor_reached":16,"language":"ENG","playtime":977,"items_purged":[],"score":121,"play_id":"d75f9a2e-65f4-4517-a814-9d3ab821fa6d","local_time":"20210220110738","is_ascension_mode":true,"campfire_choices":[{"data":"bronze:Format","floor":1,"key":"SMITH"},{"floor":10,"key":"REST"},{"floor":12,"key":"REST"}],"circlet_count":0,"master_deck":["bronze:Strike","bronze:Strike","bronze:Strike","bronze:Defend","bronze:Defend","bronze:Defend","bronze:Defend","bronze:Replicate","bronze:Goto","bronze:Format+1","bronze:OilSpill","bronze:Separator","bronze:Optimize","bronze:Turbo","bronze:Spike","bronze:DazingPulse","bronze:Explode","bronze:Overheat","bronze:ForceShield","bronze:OilSpill","bronze:Allocate","bronze:Return","bronze:Repair","bronze:Mutator","bronze:Branch"],"relics":["bronze:BronzeCore","downfall:BrokenWingStatue","Mango","Tiny Chest","White Beast Statue"],"acts_visited":["Exordium"],"potions_floor_usage":[15,15,15,16],"damage_taken":[{"damage":0,"enemies":"Cultist","floor":2,"turns":3},{"damage":0,"enemies":"downfall:FleeingMerchant","floor":3,"turns":4},{"damage":41,"enemies":"downfall:FleeingMerchant","floor":4,"turns":8},{"damage":25,"enemies":"3 Sentries","floor":6,"turns":5},{"damage":10,"enemies":"downfall:FleeingMerchant","floor":8,"turns":4},{"damage":2,"enemies":"Jaw Worm","floor":9,"turns":2},{"damage":17,"enemies":"Gremlin Nob","floor":11,"turns":4},{"damage":6,"enemies":"2 Louse","floor":13,"turns":2},{"damage":0,"enemies":"2 Fungi Beasts","floor":14,"turns":2},{"damage":5,"enemies":"Large Slime","floor":15,"turns":3},{"damage":50,"enemies":"DF_ARCHETYPE_STREAMLINE","floor":16,"turns":6}],"seed_played":"4940455578338229182","potions_obtained":[{"floor":11,"key":"Guardian:BlockOnCardUsePotion"},{"floor":13,"key":"DistilledChaos"},{"floor":14,"key":"LiquidBronze"},{"floor":15,"key":"Regen Potion"}],"is_trial":false,"path_per_floor":["R","M","$","?","?","E","T","$","M","R","E","R","M","M","M","B"],"character_chosen":"THE_AUTOMATON","items_purchased":["bronze:Optimize","bronze:Turbo"],"campfire_rested":2,"item_purchase_floors":[3,3],"current_hp_per_floor":[70,70,70,29,29,18,18,8,6,31,14,39,33,33,35,0,0,0],"gold":100,"neow_bonus":"TRANSFORM_CARD","is_daily":false,"chose_seed":false,"campfire_upgraded":1,"win_rate":0.0,"timestamp":1613848058,"path_taken":["R","M","?","?","?","E","T","$","M","R","E","R","M","M","M","BOSS"],"items_purchased_type":["Card","Card"],"build_version":"2020-12-22","purchased_purges":0,"victory":false,"max_hp_per_floor":[70,70,70,70,70,84,84,84,84,84,84,84,84,84,84,84,84,84],"card_choices":[{"not_picked":["bronze:Safeguard","bronze:Shield"],"picked":"bronze:OilSpill","floor":2},{"not_picked":["bronze:BuggyMess","bronze:Constructor"],"picked":"bronze:Separator","floor":3},{"not_picked":[],"picked":"bronze:Spike","floor":4},{"not_picked":[],"picked":"bronze:DazingPulse","floor":4},{"not_picked":[],"picked":"bronze:Explode","floor":4},{"not_picked":["bronze:FineTuning","bronze:WildBeam"],"picked":"bronze:Overheat","floor":4},{"not_picked":["bronze:Iterate","bronze:Shell"],"picked":"bronze:ForceShield","floor":6},{"not_picked":["bronze:DigitalCarnage","bronze:DarkDash"],"picked":"bronze:OilSpill","floor":8},{"not_picked":["bronze:Boost","bronze:ForceShield"],"picked":"bronze:Allocate","floor":9},{"not_picked":["bronze:DigitalCarnage","bronze:Shield"],"picked":"bronze:Return","floor":11},{"not_picked":["bronze:BuggyMess","bronze:Turbo"],"picked":"bronze:Repair","floor":13},{"not_picked":["bronze:Iterate","bronze:ClassDefault"],"picked":"bronze:Mutator","floor":14},{"not_picked":["bronze:ChosenStrike","bronze:BronzeArmor"],"picked":"bronze:Branch","floor":15}],"player_experience":830238,"relics_obtained":[{"floor":6,"key":"Mango"},{"floor":7,"key":"Tiny Chest"},{"floor":11,"key":"White Beast Statue"}],"event_choices":[],"is_beta":false,"boss_relics":[],"items_purged_floors":[],"is_endless":false,"potions_floor_spawned":[11,13,14,15],"killed_by":"DF_ARCHETYPE_STREAMLINE","ascension_level":2}}