{"host":"qy6st0zp32tctd9l","time":1613816504,"event":{"mods":["BaseMod","Colored Map","Downfall","GifTheSpireLib","Hermit","Marisa£®ÏF”Í°°ƒß¿Ì…≥£©","Minty Spire (QoL Compilation)","Remilia£®¿Ÿ√◊¿Ú—«£©","Robot Space Explorer","StSLib","The Cursed","The Gatherer","The Marked","UnlockEverythingMod","[GremlinLeader]The Maniac"],"gold_per_floor":[11,23,23,34,45,45,62,97,170,182,214,240,240,251,251,349,349,366,366,386,13,13,13,42,42,42,52,83,83,102,117,117,117,117,129,129,0,51,51,78,78,110,110,110,30,44,78,88,88,88,88,88,32,61,61],"floor_reached":56,"language":"ZHS","playtime":3322,"items_purged":["hermit:Strike_Hermit","hermit:Strike_Hermit+1"],"score":1283,"play_id":"10a11bbb-b3f9-4319-a4ed-6712c2c07fe3","local_time":"20210220182144","is_ascension_mode":true,"campfire_choices":[{"data":"hermit:FatalDesire","floor":6.0,"key":"SMITH"},{"data":"hermit:Adapt","floor":13.0,"key":"SMITH"},{"data":"hermit:Roulette","floor":15.0,"key":"SMITH"},{"data":"hermit:FromBeyond","floor":23.0,"key":"SMITH"},{"data":"hermit:Cheat","floor":32.0,"key":"SMITH"},{"data":"hermit:ShadowCloak","floor":44.0,"key":"SMITH"},{"floor":49,"key":"RECALL"},{"data":"hermit:FatalDesire","floor":52,"key":"SMITH"}],"circlet_count":0,"master_deck":["hermit:Strike_Hermit+1","hermit:Strike_Hermit+1","hermit:Defend_Hermit+1","hermit:Defend_Hermit+1","hermit:Defend_Hermit+1","hermit:Snapshot","hermit:Covet","hermit:FatalDesire+1","hermit:Shortfuse","hermit:Cheat+1","hermit:Roulette+1","hermit:Adapt+1","hermit:Gestalt","hermit:FromBeyond+1","hermit:Gambit","Shame","hermit:FatalDesire+1","hermit:ShadowCloak+1","Madness","Madness","hermit:FinalCanter","Doubt","hermit:FlashPowder+1","hermit:ShadowCloak"],"relics":["hermit:Momento","The Courier","Matryoshka","Gambling Chip","InkBottle","Omamori","Calling Bell","Pen Nib","StrikeDummy","Thread and Needle","Necronomicon","Juzu Bracelet","White Beast Statue","Turnip","Toy Ornithopter","Sundial","ScarletDevilRocket","SacredBark","Red Mask","Ginger","Ancient Tea Set","Potion Belt","Blue Candle","Girya"],"acts_visited":["Exordium","TheCity","TheBeyond","TheEnding"],"potions_floor_usage":[47,48,55,55,55,55],"damage_taken":[{"damage":1.0,"enemies":"Cultist","floor":1.0,"turns":3.0},{"damage":1.0,"enemies":"Jaw Worm","floor":2.0,"turns":2.0},{"damage":0.0,"enemies":"Small Slimes","floor":4.0,"turns":2.0},{"damage":14.0,"enemies":"3 Louse","floor":5.0,"turns":2.0},{"damage":10.0,"enemies":"Exordium Wildlife","floor":7.0,"turns":4.0},{"damage":11.0,"enemies":"Lagavulin","floor":8.0,"turns":6.0},{"damage":12.0,"enemies":"Large Slime","floor":10.0,"turns":5.0},{"damage":8.0,"enemies":"3 Sentries","floor":11.0,"turns":8.0},{"damage":6.0,"enemies":"3 Louse","floor":14.0,"turns":2.0},{"damage":1.0,"enemies":"Hexaghost","floor":16.0,"turns":9.0},{"damage":1.0,"enemies":"Shell Parasite","floor":18.0,"turns":6.0},{"damage":0.0,"enemies":"Spheric Guardian","floor":20.0,"turns":3.0},{"damage":12.0,"enemies":"Gremlin Leader","floor":24.0,"turns":5.0},{"damage":0.0,"enemies":"Cultist and Chosen","floor":27.0,"turns":4.0},{"damage":2.0,"enemies":"Book of Stabbing","floor":28.0,"turns":5.0},{"damage":0.0,"enemies":"Snake Plant","floor":30.0,"turns":3.0},{"damage":10.0,"enemies":"Centurion and Healer","floor":31.0,"turns":5.0},{"damage":2.0,"enemies":"Champ","floor":33.0,"turns":6.0},{"damage":9.0,"enemies":"3 Darklings","floor":35.0,"turns":5.0},{"damage":34.0,"enemies":"2 Orb Walkers","floor":38.0,"turns":5.0},{"damage":11.0,"enemies":"Reptomancer","floor":40.0,"turns":6.0},{"damage":2.0,"enemies":"Nemesis","floor":42.0,"turns":5.0},{"damage":1,"enemies":"Orb Walker","floor":46,"turns":2},{"damage":16,"enemies":"Reptomancer","floor":47,"turns":4},{"damage":5,"enemies":"4 Shapes","floor":48,"turns":6},{"damage":3,"enemies":"Awakened One","floor":50,"turns":7},{"damage":25,"enemies":"Shield and Spear","floor":54,"turns":5},{"damage":38,"enemies":"The Heart","floor":55,"turns":8}],"seed_played":"1843423872938018163","potions_obtained":[{"floor":1.0,"key":"Energy Potion"},{"floor":8.0,"key":"DistilledChaos"},{"floor":10.0,"key":"Dexterity Potion"},{"floor":14.0,"key":"Slimebound:ThreeZeroPotion"},{"floor":16.0,"key":"hermit:Eclipse"},{"floor":24.0,"key":"EssenceOfSteel"},{"floor":27.0,"key":"Energy Potion"},{"floor":28.0,"key":"FearPotion"},{"floor":31.0,"key":"bronze:BurnAndBuffPotion"},{"floor":38.0,"key":"FairyPotion"},{"floor":40.0,"key":"Fire Potion"},{"floor":42.0,"key":"DuplicationPotion"},{"floor":46,"key":"Dexterity Potion"},{"floor":47,"key":"hermit:Eclipse"},{"floor":48,"key":"FearPotion"},{"floor":54,"key":"LiquidBronze"}],"is_trial":false,"path_per_floor":["M","M","$","M","M","R","M","E","T","M","E","T","R","M","R","B",null,"M","?","M","$","?","R","E","?","T","M","E","?","M","M","R","B",null,"M","?","?","?","?","E","?","E","T","R","$","M","E","M","R","B",null,"R","$","E","B",null],"character_chosen":"HERMIT","items_purchased":["Juzu Bracelet","White Beast Statue","hermit:ShadowCloak"],"campfire_rested":0,"item_purchase_floors":[21,21,53],"current_hp_per_floor":[74,73,73,73,59,59,49,38,38,26,18,18,18,12,12,11,75,74,58,58,58,58,58,46,46,46,51,54,54,54,44,44,42,75,66,57,57,23,23,17,75,73,73,73,73,72,59,59,59,56,75,75,75,50,32],"gold":61,"neow_bonus":"THREE_RARE_CARDS","is_daily":false,"chose_seed":false,"campfire_upgraded":7,"win_rate":0.0,"timestamp":1613816504,"path_taken":["M","M","?","M","?","R","M","E","T","?","E","?","R","M","R","BOSS","M","?","M","$","?","R","E","?","T","M","E","?","M","M","R","BOSS","M","?","?","?","?","E","?","E","T","R","?","M","E","M","R","BOSS","R","$","E","BOSS"],"items_purchased_type":["Relic","Relic","Card"],"build_version":"2020-12-22","purchased_purges":2,"victory":true,"max_hp_per_floor":[75,75,75,75,75,75,75,75,75,75,75,75,75,75,75,75,75,75,75,75,75,75,75,75,75,75,75,75,75,75,75,75,75,75,75,75,75,75,75,75,75,75,75,75,75,75,75,75,75,75,75,75,75,75,75],"card_choices":[{"not_picked":["hermit:Dissolve","hermit:Reprieve"],"picked":"hermit:FatalDesire","floor":0.0},{"not_picked":["hermit:BigShot","hermit:LowProfile"],"picked":"hermit:Shortfuse","floor":1.0},{"not_picked":["hermit:Dive","hermit:Ricochet"],"picked":"hermit:Cheat","floor":2.0},{"not_picked":["hermit:LuckOfTheDraw","hermit:Ricochet"],"picked":"hermit:Roulette","floor":4.0},{"not_picked":["hermit:Feint","hermit:Misfire","hermit:Headshot"],"picked":"SKIP","floor":5.0},{"not_picked":["hermit:HighCaliber","hermit:FullyLoaded","hermit:TrackingShot"],"picked":"SKIP","floor":7.0},{"not_picked":["hermit:HighCaliber","hermit:Misfire"],"picked":"hermit:Adapt","floor":8.0},{"not_picked":["hermit:Ricochet","hermit:Roulette"],"picked":"hermit:Gestalt","floor":10.0},{"not_picked":["hermit:OverwhelmingPower","hermit:Ricochet","hermit:SprayPray"],"picked":"SKIP","floor":11.0},{"not_picked":["hermit:FullyLoaded","hermit:Roulette","hermit:ItchyTrigger"],"picked":"SKIP","floor":14.0},{"not_picked":["hermit:HighNoon","hermit:RoundhouseKick"],"picked":"hermit:FromBeyond","floor":16.0},{"not_picked":["hermit:Headshot","hermit:Manifest","hermit:Maintenance"],"picked":"SKIP","floor":18.0},{"not_picked":["hermit:HighCaliber+1","hermit:SprayPray"],"picked":"hermit:Gambit","floor":20.0},{"not_picked":["hermit:Glare+1","hermit:Desperado+1","hermit:Shortfuse"],"picked":"SKIP","floor":24.0},{"not_picked":["hermit:ItchyTrigger","hermit:DeadMansHand","hermit:Headshot"],"picked":"SKIP","floor":27.0},{"not_picked":["hermit:Snipe","hermit:BigShot"],"picked":"hermit:FatalDesire","floor":28.0},{"not_picked":["hermit:HoleUp","hermit:Feint+1","hermit:CursedWeapon"],"picked":"SKIP","floor":30.0},{"not_picked":["hermit:Ricochet","hermit:Maintenance"],"picked":"hermit:ShadowCloak","floor":31.0},{"not_picked":["hermit:Cheat","hermit:Quickdraw+1","hermit:SprayPray"],"picked":"SKIP","floor":35.0},{"not_picked":["hermit:Headshot+1","hermit:Vantage"],"picked":"hermit:FinalCanter","floor":40.0},{"not_picked":["hermit:Combo+1","hermit:Shortfuse+1"],"picked":"hermit:FlashPowder+1","floor":42.0},{"not_picked":["hermit:CalledShot","hermit:Headshot+1","hermit:Enervate"],"picked":"SKIP","floor":46},{"not_picked":["hermit:GhostlyPresence","hermit:Dive","hermit:Purgatory"],"picked":"SKIP","floor":47},{"not_picked":["hermit:TrackingShot","hermit:SprayPray","hermit:LowProfile"],"picked":"SKIP","floor":48},{"not_picked":["hermit:Glare+1","hermit:Headshot","hermit:DeadOrAlive"],"picked":"SKIP","floor":54},{"not_picked":["hermit:Glare+1","hermit:Headshot","hermit:DeadOrAlive"],"picked":"SKIP","floor":54}],"player_experience":159766,"relics_obtained":[{"floor":8.0,"key":"The Courier"},{"floor":9.0,"key":"Matryoshka"},{"floor":11.0,"key":"Gambling Chip"},{"floor":12.0,"key":"InkBottle"},{"floor":12.0,"key":"Omamori"},{"floor":17.0,"key":"Pen Nib"},{"floor":17.0,"key":"StrikeDummy"},{"floor":17.0,"key":"Thread and Needle"},{"floor":19.0,"key":"Necronomicon"},{"floor":24.0,"key":"Toy Ornithopter"},{"floor":26.0,"key":"Sundial"},{"floor":28.0,"key":"ScarletDevilRocket"},{"floor":38.0,"key":"Ginger"},{"floor":40.0,"key":"Ancient Tea Set"},{"floor":42.0,"key":"Potion Belt"},{"floor":43.0,"key":"Blue Candle"},{"floor":47,"key":"Girya"}],"event_choices":[{"damage_healed":0.0,"max_hp_gain":0.0,"max_hp_loss":0.0,"gold_gain":0.0,"event_name":"Cursed Tome","player_choice":"Obtained Book","floor":19.0,"gold_loss":0.0,"damage_taken":16.0},{"damage_healed":0.0,"max_hp_gain":0.0,"max_hp_loss":0.0,"gold_gain":0.0,"event_name":"Addict","player_choice":"Stole Relic","floor":22.0,"gold_loss":0.0,"damage_taken":0.0,"relics_obtained":["Turnip"],"cards_obtained":["Shame"]},{"damage_healed":0.0,"max_hp_gain":0.0,"max_hp_loss":0.0,"gold_gain":0.0,"event_name":"Back to Basics","player_choice":"Simplicity","floor":25.0,"gold_loss":0.0,"damage_taken":0.0,"cards_upgraded":["hermit:Strike_Hermit","hermit:Strike_Hermit","hermit:Strike_Hermit","hermit:Defend_Hermit","hermit:Defend_Hermit","hermit:Defend_Hermit","hermit:Defend_Hermit"]},{"damage_healed":0.0,"max_hp_gain":0.0,"max_hp_loss":0.0,"gold_gain":0.0,"event_name":"Winding Halls","player_choice":"Embrace Madness","floor":36.0,"gold_loss":0.0,"damage_taken":9.0,"cards_obtained":["Madness","Madness"]},{"damage_healed":0.0,"max_hp_gain":0.0,"max_hp_loss":0.0,"gold_gain":0.0,"event_name":"Tomb of Lord Red Mask","player_choice":"Paid","floor":37.0,"gold_loss":129.0,"damage_taken":0.0,"relics_obtained":["Red Mask"]},{"damage_healed":0.0,"max_hp_gain":0.0,"max_hp_loss":0.0,"gold_gain":0.0,"event_name":"Mysterious Sphere","player_choice":"Fight","floor":38.0,"gold_loss":0.0,"damage_taken":0.0},{"cards_removed":["hermit:Defend_Hermit"],"damage_healed":0.0,"max_hp_gain":0.0,"max_hp_loss":0.0,"gold_gain":0.0,"event_name":"Falling","player_choice":"Removed Skill","floor":39.0,"gold_loss":0.0,"damage_taken":0.0},{"damage_healed":58.0,"max_hp_gain":0.0,"max_hp_loss":0.0,"gold_gain":0.0,"event_name":"MindBloom","player_choice":"Heal","floor":41.0,"gold_loss":0.0,"damage_taken":0.0,"cards_obtained":["Doubt"]}],"is_beta":false,"boss_relics":[{"not_picked":["Sozu","Astrolabe"],"picked":"Calling Bell"},{"not_picked":["hermit:ClaspedLocket","Runic Pyramid"],"picked":"SacredBark"}],"items_purged_floors":[21,45],"is_endless":false,"potions_floor_spawned":[1,8,10,14,16,24,27,28,30,31,33,35,38,40,42,46,47,48,54],"ascension_level":1}}