{"host":"35igpbicnxdwoo63","time":1613806646,"event":{"mods":["AchievementEnabler","BaseMod","CapriCore","Lobotomy","Minty Spire (QoL Compilation)","StSLib","SuperFastMode"],"gold_per_floor":[111,121,140,157,42,42,59,90,115,115,15,27,37,52,52,151,151,171,182,182,198,212,212,223,223,223,81,81,81,81,95,95,192,192,192,192],"floor_reached":35,"language":"KOR","playtime":2613,"items_purged":["Parasite","Parasite"],"score":537,"play_id":"89aaaaf6-588c-4715-a77c-92a179c1fd1c","local_time":"20210220163726","is_ascension_mode":false,"campfire_choices":[{"data":"Inflame","floor":6,"key":"SMITH"},{"data":"Shrug It Off","floor":10,"key":"SMITH"},{"data":"Shrug It Off","floor":15,"key":"SMITH"},{"data":"Exhume","floor":23,"key":"SMITH"},{"data":"Spot Weakness","floor":25,"key":"SMITH"},{"data":"RitualDagger","floor":29,"key":"SMITH"},{"floor":32,"key":"REST"}],"circlet_count":0,"master_deck":["Strike_R","Strike_R","Strike_R","Strike_R","Strike_R","Defend_R","Defend_R","Defend_R","Defend_R","Bash","DreamingCurrent","Shrug It Off+1","OldLady","Clothesline","WhitesApple","Headbutt","OSAHOGD","Inflame+1","Rudolta","Parasite","Laetitia","Perfected Strike","Parasite","Scorched","Shrug It Off+1","Parasite","ShyLook","Iron Wave","UniverseFragment","Perfected Strike","Parasite","HeroicMonk","Exhume","MHz","Exhume+1","Parasite","Parasite","Parasite","BigBadWolf","Spot Weakness+1","LittlePrince","Parasite","BeautyBeast","Headbutt","Parasite","BlueStar","Iron Wave","Offering","RitualDagger+1","Parasite","GreedKing","Rampage+1","SingingMachine","Demon Form"],"relics":["Burning Blood","CogitoBucket","Art of War","Toy Ornithopter","BackwardClock","SlaversCollar","AdjustmentMirror","Spirit Poop","Du-Vu Doll","Black Star"],"acts_visited":["Exordium","TheCity","TheBeyond"],"potions_floor_usage":[13,15,21],"damage_taken":[{"damage":1,"enemies":"Cultist","floor":1,"turns":4},{"damage":46,"enemies":"Jaw Worm","floor":2,"turns":7},{"damage":16,"enemies":"Small Slimes","floor":3,"turns":4},{"damage":71,"enemies":"Gremlin Gang","floor":4,"turns":6},{"damage":3,"enemies":"Red Slaver","floor":7,"turns":5},{"damage":42,"enemies":"Lagavulin","floor":8,"turns":6},{"damage":44,"enemies":"Looter","floor":12,"turns":6},{"damage":33,"enemies":"Exordium Wildlife","floor":13,"turns":4},{"damage":24,"enemies":"Blue Slaver","floor":14,"turns":4},{"damage":42,"enemies":"Hexaghost","floor":16,"turns":12},{"damage":19,"enemies":"Chosen","floor":18,"turns":6},{"damage":59,"enemies":"Spheric Guardian","floor":19,"turns":6},{"damage":53,"enemies":"3 Cultists","floor":21,"turns":6},{"damage":27,"enemies":"Snake Plant","floor":22,"turns":3},{"damage":71,"enemies":"Chosen and Byrds","floor":24,"turns":6},{"damage":53,"enemies":"Shelled Parasite and Fungi","floor":31,"turns":6},{"damage":76,"enemies":"Automaton","floor":33,"turns":7},{"damage":81,"enemies":"3 Shapes","floor":35,"turns":2}],"seed_played":"-6762256706954556300","potions_obtained":[{"floor":1,"key":"BlessingOfTheForge"},{"floor":3,"key":"BloodPotion"},{"floor":8,"key":"FairyPotion"},{"floor":13,"key":"SmokeBomb"},{"floor":16,"key":"FearPotion"},{"floor":18,"key":"Block Potion"},{"floor":31,"key":"Energy Potion"}],"is_trial":false,"path_per_floor":["M","M","M","M","$","R","M","E","T","R","$","M","M","M","R","B",null,"M","M","?","M","M","R","M","R","T","$","?","R","?","M","R","B",null,"M"],"character_chosen":"IRONCLAD","items_purchased":["Inflame","Offering"],"campfire_rested":1,"item_purchase_floors":[5,27],"current_hp_per_floor":[80,58,66,31,31,31,58,46,46,46,46,32,16,10,29,65,74,73,51,51,39,36,36,33,33,33,33,27,27,50,15,36,8,71,0,0],"gold":192,"neow_bonus":"","is_daily":false,"chose_seed":false,"campfire_upgraded":6,"win_rate":0.0,"timestamp":1613806646,"path_taken":["M","M","M","M","$","R","M","E","T","R","?","?","M","M","R","BOSS","M","M","?","M","?","R","M","R","T","?","?","R","?","?","R","BOSS","M"],"items_purchased_type":["Card","Card"],"build_version":"2020-12-22","purchased_purges":2,"victory":false,"max_hp_per_floor":[80,80,80,80,77,77,77,77,77,77,74,74,74,74,74,74,74,74,74,71,71,71,71,71,71,71,71,71,71,71,71,71,71,71,71,71],"card_choices":[{"not_picked":["Porccubus","Wellcheers"],"picked":"DreamingCurrent","floor":1},{"not_picked":["Clothesline","Warcry"],"picked":"Shrug It Off","floor":1},{"not_picked":["Bloodbath","Wellcheers"],"picked":"OldLady","floor":2},{"not_picked":["Warcry","Thunderclap"],"picked":"Clothesline","floor":2},{"not_picked":["Rudolta","Freischutz"],"picked":"WhitesApple","floor":3},{"not_picked":["Carnage","Heavy Blade"],"picked":"Headbutt","floor":3},{"not_picked":["Variant","SpiderBud"],"picked":"OSAHOGD","floor":4},{"not_picked":["Corruption","Sword Boomerang","Ghostly Armor"],"picked":"SKIP","floor":4},{"not_picked":["MeatLantern","SnowQueen"],"picked":"Rudolta","floor":7},{"not_picked":["Seeing Red","Searing Blow","Clothesline"],"picked":"SKIP","floor":7},{"not_picked":["CrumblingArmor","FairyFestival"],"picked":"Laetitia","floor":8},{"not_picked":["Cleave","Entrench"],"picked":"Perfected Strike","floor":8},{"not_picked":["QueenBee","PunishingBird"],"picked":"Scorched","floor":12},{"not_picked":["Seeing Red","Power Through"],"picked":"Shrug It Off","floor":12},{"not_picked":["CherryBlossoms","HeroicMonk"],"picked":"ShyLook","floor":13},{"not_picked":["Body Slam","Ghostly Armor"],"picked":"Iron Wave","floor":13},{"not_picked":["BeautyBeast","LittleHelper"],"picked":"UniverseFragment","floor":14},{"not_picked":["Dual Wield","Rage"],"picked":"Perfected Strike","floor":14},{"not_picked":["BlackSwan","Mercenary"],"picked":"HeroicMonk","floor":16},{"not_picked":["Fiend Fire","Bludgeon"],"picked":"Exhume","floor":16},{"not_picked":["HappyTeddy","WallGazer"],"picked":"MHz","floor":18},{"not_picked":["Iron Wave","Clash"],"picked":"Exhume","floor":18},{"not_picked":["PunishingBird","QueenBee"],"picked":"BigBadWolf","floor":19},{"not_picked":["Uppercut","Pommel Strike"],"picked":"Spot Weakness","floor":19},{"not_picked":["Bloodbath","Wellcheers"],"picked":"LittlePrince","floor":21},{"not_picked":["Anger","Bludgeon","Clothesline"],"picked":"SKIP","floor":21},{"not_picked":["WallGazer","LaLuna"],"picked":"BeautyBeast","floor":22},{"not_picked":["Thunderclap","Clash"],"picked":"Headbutt","floor":22},{"not_picked":["RedShoes","Mercenary"],"picked":"BlueStar","floor":24},{"not_picked":["Anger","Havoc"],"picked":"Iron Wave","floor":24},{"not_picked":["BigBird","Wellcheers"],"picked":"GreedKing","floor":31},{"not_picked":["Headbutt+1","Immolate"],"picked":"Rampage+1","floor":31},{"not_picked":["Scarecrow","SilentOrchestra"],"picked":"SingingMachine","floor":33},{"not_picked":["Corruption","Fiend Fire"],"picked":"Demon Form","floor":33}],"player_experience":126098,"relics_obtained":[{"floor":8,"key":"Art of War"},{"floor":9,"key":"Toy Ornithopter"},{"floor":26,"key":"Du-Vu Doll"}],"event_choices":[{"cards_removed":["Parasite"],"damage_healed":0,"gold_gain":0,"player_choice":"Offered Curse","damage_taken":0,"relics_obtained":["Spirit Poop"],"max_hp_gain":0,"max_hp_loss":0,"event_name":"Bonfire Elementals","floor":20,"gold_loss":0},{"damage_healed":0,"gold_gain":0,"player_choice":"Joined the Cult","damage_taken":6,"max_hp_gain":0,"max_hp_loss":0,"event_name":"Nest","floor":28,"gold_loss":0,"cards_obtained":["RitualDagger"]},{"damage_healed":23,"gold_gain":0,"player_choice":"Heal","damage_taken":0,"max_hp_gain":0,"max_hp_loss":0,"event_name":"The Library","floor":30,"gold_loss":0}],"is_beta":false,"boss_relics":[{"not_picked":["Philosopher\u0027s Stone","Tiny House"],"picked":"SlaversCollar"},{"not_picked":["Cursed Key","Coffee Dripper"],"picked":"Black Star"}],"items_purged_floors":[5,11],"is_endless":false,"potions_floor_spawned":[1,3,8,13,16,18,31],"killed_by":"3 Shapes","ascension_level":0}}