{"host":"tm8iu37e08ep7d0e","time":1613795120,"event":{"mods":["2.2 Compatiblity","AchievementEnabler","Aspiration","BaseMod","Best Route Mod","Better Match","Better Third Choice","BetterRewards","CCEM2","ChefMod","Colored Map","Gold Saver","Googly Eyes","Hermit","Ironclad Rager","Minty Spire (QoL Compilation)","Permanent Neow","Quick Restart","Shop Mod","StSLib","The Druid","The Hierophant","The Marked","The Necromancer","The Servant 0.9.4","TheWitcher"],"gold_per_floor":[10,22,35,55,55,55,55,69,116,130,148,148,148,148],"floor_reached":13,"language":"ENG","playtime":442,"items_purged":[],"score":154,"play_id":"9bf13cfc-1394-4986-9b0b-211786443bd8","local_time":"20210219212520","is_ascension_mode":true,"campfire_choices":[{"data":"Endless Agony","floor":6,"key":"SMITH"},{"floor":12,"key":"REST"}],"circlet_count":0,"master_deck":["AscendersBane","Survivor","Neutralize","Shame","Poisoned Stab","Poisoned Stab","Poisoned Stab","Poisoned Stab","Poisoned Stab","Dodge and Roll","Dodge and Roll","Dodge and Roll","Dodge and Roll","Dodge and Roll","Endless Agony+1","Accuracy","Footwork","Predator","Blade Dance"],"relics":["Ring of the Snake","NlothsMask"],"acts_visited":["Exordium"],"potions_floor_usage":[13],"damage_taken":[{"damage":0,"enemies":"Cultist","floor":1,"turns":3},{"damage":0,"enemies":"Jaw Worm","floor":2,"turns":4},{"damage":0,"enemies":"2 Louse","floor":3,"turns":2},{"damage":2,"enemies":"Blue Slaver","floor":4,"turns":4},{"damage":0,"enemies":"Looter","floor":8,"turns":3},{"damage":15,"enemies":"Exordium Thugs","floor":10,"turns":5},{"damage":11,"enemies":"Blue Slaver","floor":11,"turns":4},{"damage":37,"enemies":"Gremlin Nob","floor":13,"turns":4}],"seed_played":"3370086283660110244","potions_obtained":[{"floor":2,"key":"Weak Potion"},{"floor":10,"key":"Strength Potion"}],"is_trial":false,"path_per_floor":["M","M","M","M","$","R","?","M","T","M","M","R","E"],"character_chosen":"THE_SILENT","items_purchased":[],"campfire_rested":1,"item_purchase_floors":[],"current_hp_per_floor":[44,44,44,42,42,42,42,42,42,27,16,34,0,0],"gold":148,"neow_bonus":"SILENT_ASSASSIN","is_daily":false,"chose_seed":false,"campfire_upgraded":1,"win_rate":0.0,"timestamp":1613795120,"path_taken":["M","?","M","M","$","R","?","M","T","M","?","R","E"],"items_purchased_type":[],"build_version":"2020-12-22","purchased_purges":0,"victory":false,"max_hp_per_floor":[60,60,60,60,60,60,60,60,60,60,60,60,60,60],"card_choices":[{"not_picked":["Poisoned Stab","Dagger Spray","Bane"],"picked":"SKIP","floor":1},{"not_picked":["Bane","Bouncing Flask"],"picked":"Endless Agony","floor":2},{"not_picked":["Deadly Poison","Bouncing Flask","Dagger Throw"],"picked":"SKIP","floor":3},{"not_picked":["Finisher","Masterful Stab"],"picked":"Accuracy","floor":4},{"not_picked":["Underhanded Strike","Crippling Poison"],"picked":"Footwork","floor":8},{"not_picked":["Sucker Punch","Dagger Throw"],"picked":"Predator","floor":10},{"not_picked":["Poisoned Stab","All Out Attack"],"picked":"Blade Dance","floor":11}],"player_experience":1282975,"relics_obtained":[],"event_choices":[{"damage_healed":0,"gold_gain":0,"player_choice":"Trade","damage_taken":0,"relics_obtained":["NlothsMask"],"max_hp_gain":0,"max_hp_loss":0,"event_name":"FaceTrader","floor":7,"gold_loss":0}],"is_beta":false,"boss_relics":[],"items_purged_floors":[],"is_endless":false,"potions_floor_spawned":[2,10,11],"killed_by":"Gremlin Nob","ascension_level":19}}