{"host":"zu1swnxjkaahohqc","time":1613865595,"event":{"mods":["BaseMod","Hubris","Minty Spire (QoL Compilation)","Replay The Spire","StSLib"],"gold_per_floor":[115,115,115,130,148,148,180,190,243,74,74,74,82,82],"floor_reached":13,"language":"ENG","playtime":462,"items_purged":["Strike_B"],"score":100,"play_id":"d04313a9-1b60-4ce3-9afa-445da3be1ac2","local_time":"20210220185955","is_ascension_mode":true,"campfire_choices":[{"data":"Zap","floor":6,"key":"SMITH"},{"floor":12,"key":"REST"}],"circlet_count":0,"master_deck":["Strike_B","Strike_B","Defend_B","Defend_B","Defend_B","Defend_B","Zap+1","Dualcast","Fusion+1","Tempest","Panic Button","Scrape","Finesse"],"relics":["Cracked Core","NeowsBlessing","Question Card","Replay:Bandana","hubris:Icosahedron"],"acts_visited":["Exordium"],"potions_floor_usage":[7,13],"damage_taken":[{"damage":0,"enemies":"2 Louse","floor":1,"turns":1},{"damage":0,"enemies":"Small Slimes","floor":4,"turns":1},{"damage":0,"enemies":"Cultist","floor":5,"turns":1},{"damage":20,"enemies":"Lagavulin","floor":7,"turns":5},{"damage":6,"enemies":"Looter","floor":8,"turns":2},{"damage":9,"enemies":"3 Sentries","floor":13,"turns":4}],"seed_played":"8348998759655991301","potions_obtained":[{"floor":1,"key":"Reflective Coating"},{"floor":3,"key":"SpeedPotion"},{"floor":3,"key":"Elixir"},{"floor":3,"key":"PotionOfCapacity"},{"floor":7,"key":"Dexterity Potion"}],"is_trial":false,"path_per_floor":["M","?","?","M","M","R","E","M","T","$","?","R","E"],"character_chosen":"DEFECT","items_purchased":["Finesse"],"campfire_rested":1,"item_purchase_floors":[10],"current_hp_per_floor":[75,75,75,75,75,75,55,49,49,49,49,71,62,62],"gold":82,"neow_bonus":"THREE_ENEMY_KILL","is_daily":false,"chose_seed":false,"campfire_upgraded":1,"win_rate":0.0,"timestamp":1613865595,"path_taken":["M","?","?","M","?","R","E","M","T","$","?","R","E"],"items_purchased_type":["Card"],"build_version":"2020-12-13","purchased_purges":1,"victory":false,"max_hp_per_floor":[75,75,75,75,75,75,75,75,75,75,75,75,75,75],"card_choices":[{"not_picked":["Steam","Hologram","Aggregate"],"picked":"SKIP","floor":1},{"not_picked":["ReplaySort","Rebound","Leap"],"picked":"SKIP","floor":4},{"not_picked":["Hologram","Rip and Tear"],"picked":"Tempest","floor":5},{"not_picked":["Cold Snap","Meteor Strike"],"picked":"Panic Button","floor":7},{"not_picked":["Panic Button","Hello World","Reinforced Body"],"picked":"Scrape","floor":8}],"player_experience":23184,"relics_obtained":[{"floor":7,"key":"Question Card"},{"floor":9,"key":"Replay:Bandana"}],"event_choices":[{"damage_healed":0,"gold_gain":0,"player_choice":"Got Potions","damage_taken":0,"max_hp_gain":0,"max_hp_loss":0,"event_name":"Lab","floor":3,"gold_loss":0}],"is_beta":false,"boss_relics":[],"items_purged_floors":[10],"is_endless":false,"potions_floor_spawned":[1,5,7],"killed_by":"3 Sentries","ascension_level":4}}