{"host":"y6zg4wwu39otf01a","time":1613845218,"event":{"mods":["Act Like it!","Aspiration","BaseMod","Better Altar","Better Match","Better Note","Better Sensory Stone","Better Skull","Better Third Choice","Challenge The Spire","Colored Map","Colored Powertips","Conspire","GifTheSpireLib","Glutton Mod","Halation","Hermit","Highlight Path","Hubris","Infinite Spire","Mimic Mod","Minty Spire (QoL Compilation)","Quick Restart","Random Character Button","Rare Cards Sparkle","Reliquary","Replay The Spire","Retaliation","Ruina","Spicy Shops","StSLib","Stuff the Spire","The Blue Laboratory","The Construct","The Jungle"],"gold_per_floor":[114,144,144,97,197,227,242,242,282,347,347,47,62,77,77,177,177,192,192,192,42,57,87,87,102,102,117,132,132,47,62,62,162,162,192,203,218,233,248,248,8,47,47,62,92,92,107,122,122,122,122],"floor_reached":50,"language":"ENG","playtime":3522,"items_purged":[],"score":631,"play_id":"8a3c0a7e-be07-4fe5-b6b4-b8443a083ef8","local_time":"20210220122018","daily_mods":["Shiny","Hoarder","DeadlyEvents"],"is_ascension_mode":false,"campfire_choices":[{"data":"hermit:Magnum","floor":8,"key":"SMITH"},{"data":"hermit:OverwhelmingPower","floor":15,"key":"SMITH"},{"data":"hermit:FatalDesire","floor":15,"key":"SMITH"},{"floor":24,"key":"REST"},{"floor":32,"key":"REST"},{"floor":40,"key":"REST"},{"data":"hermit:Glare","floor":46,"key":"SMITH"},{"data":"hermit:Glare","floor":46,"key":"SMITH"},{"floor":49,"key":"REST"}],"circlet_count":0,"master_deck":["hermit:DeadOrAlive","hermit:Reprieve","hermit:FromBeyond","hermit:FatalDesire+1","hermit:HeroicBravado","hermit:HighNoon","hermit:EternalForm","hermit:Dissolve","hermit:OverwhelmingPower+1","hermit:BlackWind","hermit:RoundhouseKick","hermit:Purgatory","hermit:Roughhouse","hermit:Magnum+1","hermit:Gambit","hermit:FinalCanter","hermit:Adapt+1","hermit:Dive","hermit:Dive","hermit:Dive","hermit:SprayPray","hermit:SprayPray","hermit:SprayPray","hermit:Quickdraw","hermit:Quickdraw","hermit:Quickdraw","hermit:Enervate","hermit:Enervate","hermit:Enervate","hermit:Snipe","hermit:Snipe","hermit:Snipe","hermit:Gambit","hermit:Gambit+1","hermit:Gambit","infinitespire:Gouge","infinitespire:Gouge","infinitespire:Gouge","hubris:NaturalOne","hubris:NaturalOne","hubris:NaturalOne","hermit:GhostlyPresence","hermit:GhostlyPresence","hermit:GhostlyPresence","hermit:BlackWind","hermit:BlackWind","hermit:BlackWind","hermit:Gambit","hermit:Gambit","hermit:Gambit","hermit:Quickdraw","hermit:Quickdraw","hermit:Quickdraw","Parasite","Parasite","Parasite","hermit:Deadeye+1","hermit:Deadeye+1","hermit:Deadeye+1","hermit:Glare","hermit:Glare+1","hermit:Glare+1","hermit:BigShot","hermit:BigShot","hermit:BigShot","Pride","Pride","Pride","hermit:Gambit","hermit:Gambit","hermit:Gambit"],"relics":["hermit:Momento","StuffTheSpire:Gunfinga","reliquary:ExpiredCoupon","Replay:Arrowhead","infinitespire:Cupcake","Red Mask","hubris:Icosahedron","Guide Book","StuffTheSpire:HeavyRock","reliquary:TuningFork","Anchor","hermit:BartenderGlass","Dream Catcher","infinitespire:CheckeredPen","aspiration:StickyExplosives_weak","conspire:DeflatedDodgeball","hubris:TenFootPole"],"acts_visited":["Exordium","TheCity","TheBeyond"],"potions_floor_usage":[7,14,28,28,33,33,38,38,39,44,45,45,45,47,47,47,47,47,47,47],"damage_taken":[{"damage":0,"enemies":"Cultist","floor":1,"turns":3},{"damage":0,"enemies":"2 Louse","floor":2,"turns":2},{"damage":6,"enemies":"Replay:BlueRogue","floor":6,"turns":5},{"damage":8,"enemies":"conspire:RoseBush","floor":7,"turns":2},{"damage":0,"enemies":"Looter","floor":9,"turns":1},{"damage":9,"enemies":"Lagavulin","floor":10,"turns":5},{"damage":0,"enemies":"Looter","floor":13,"turns":3},{"damage":9,"enemies":"2 Fungi Beasts","floor":14,"turns":4},{"damage":0,"enemies":"The Guardian","floor":16,"turns":1},{"damage":12,"enemies":"3 Byrds","floor":18,"turns":3},{"damage":0,"enemies":"Spheric Guardian","floor":22,"turns":3},{"damage":26,"enemies":"conspire:SneckoGhost","floor":23,"turns":5},{"damage":22,"enemies":"Shelled Parasite and Fungi","floor":25,"turns":3},{"damage":0,"enemies":"conspire:HollyBat","floor":27,"turns":1},{"damage":15,"enemies":"Snake Plant","floor":28,"turns":2},{"damage":0,"enemies":"Chosen and Byrds","floor":31,"turns":3},{"damage":43,"enemies":"Champ","floor":33,"turns":5},{"damage":14,"enemies":"3 Shapes","floor":35,"turns":4},{"damage":18,"enemies":"conspire:MimicChest","floor":36,"turns":6},{"damage":0,"enemies":"Orb Walker","floor":37,"turns":2},{"damage":1,"enemies":"Writhing Mass","floor":38,"turns":5},{"damage":16,"enemies":"Spire Growth","floor":39,"turns":3},{"damage":0,"enemies":"Maw","floor":42,"turns":2},{"damage":12,"enemies":"Maw","floor":44,"turns":6},{"damage":57,"enemies":"Reptomancer","floor":45,"turns":6},{"damage":0,"enemies":"Transient","floor":47,"turns":5},{"damage":37,"enemies":"Sphere and 2 Shapes","floor":48,"turns":3},{"damage":49,"enemies":"Donu and Deca","floor":50,"turns":6}],"seed_played":"3618718455484561711","potions_obtained":[{"floor":6,"key":"FearPotion"},{"floor":7,"key":"blueLaboratory:NullPotion"},{"floor":10,"key":"EssenceOfSteel"},{"floor":25,"key":"DistilledChaos"},{"floor":27,"key":"CultistPotion"},{"floor":28,"key":"blueLaboratory:PyrophylliteBrew"},{"floor":33,"key":"blueLaboratory:Moonshine"},{"floor":36,"key":"blueLaboratory:BottleOfRum"},{"floor":38,"key":"blueLaboratory:ForbiddenFruitJuice"},{"floor":44,"key":"blueLaboratory:Moonshine"},{"floor":45,"key":"blueLaboratory:BottleOfVodka"}],"is_trial":false,"path_per_floor":["M","M","?","$","?","E","M","R","MIM","E","?","$","M","M","R","B",null,"M","?","?","$","M","E","R","M","T","M","M","$","?","M","R","B",null,"M","?","M","M","M","R","$","MIM","T","M","E","R","M","M","R","B"],"character_chosen":"HERMIT","items_purchased":["hermit:Quickdraw","Replay:Arrowhead","Guide Book","hermit:BigShot","infinitespire:CheckeredPen"],"campfire_rested":4,"item_purchase_floors":[4,12,21,41,41],"current_hp_per_floor":[75,75,58,58,58,52,44,44,44,35,57,57,57,52,52,52,75,63,63,63,63,63,37,59,37,37,37,22,22,22,38,60,17,75,61,43,43,42,26,48,48,48,48,52,45,45,45,28,47,0,0],"gold":122,"neow_bonus":"","is_daily":true,"chose_seed":false,"campfire_upgraded":5,"win_rate":0.0,"timestamp":1613845218,"path_taken":["M","M","?","$","?","E","M","R","MIM","?","?","$","?","M","R","BOSS","M","?","?","$","M","E","R","M","T","?","M","$","?","M","R","BOSS","M","?","M","?","?","R","$","?","T","M","?","R","M","M","R","BOSS"],"items_purchased_type":["Card","Relic","Relic","Card","Relic"],"build_version":"2020-12-22","purchased_purges":0,"victory":false,"max_hp_per_floor":[75,75,75,75,75,75,75,75,75,75,75,75,75,75,75,75,75,75,75,75,75,75,75,75,75,75,75,75,75,75,75,75,75,75,75,75,75,75,75,75,75,75,75,75,65,65,65,65,65,65,65],"card_choices":[{"not_picked":["hermit:Grudge","hermit:Vantage"],"picked":"hermit:Dive","floor":1},{"not_picked":["hermit:Feint","hermit:Desperado"],"picked":"hermit:SprayPray","floor":2},{"not_picked":["ReplayTheSpireMod:Black Plague","infinitespire:Starlight"],"picked":"infinitespire:SealOfDarkness+","floor":3},{"not_picked":["hermit:Spite","hermit:Combo","hermit:Brawl"],"picked":"SKIP","floor":6},{"not_picked":["hermit:WideOpen","hermit:Showdown"],"picked":"hermit:Enervate","floor":7},{"not_picked":["hermit:Dive","hermit:Misfire"],"picked":"hermit:Snipe","floor":10},{"not_picked":["hermit:FatalDesire","hermit:Manifest","hermit:Roulette"],"picked":"SKIP","floor":13},{"not_picked":["hermit:HoleUp","hermit:LuckOfTheDraw","hermit:Vantage"],"picked":"SKIP","floor":14},{"not_picked":["hermit:FromBeyond","hermit:HeroicBravado"],"picked":"hermit:Gambit","floor":16},{"not_picked":["hermit:Roulette","hermit:FlashPowder","hermit:NoHoldsBarred+1"],"picked":"SKIP","floor":18},{"not_picked":["hubris:Fate","infinitespire:Oblivion"],"picked":"infinitespire:Gouge","floor":19},{"not_picked":["hermit:Vantage","hermit:Manifest","hermit:SprayPray"],"picked":"SKIP","floor":22},{"not_picked":["hermit:DeadMansHand","hermit:ItchyTrigger","hermit:SprayPray+1"],"picked":"SKIP","floor":23},{"not_picked":["hermit:Feint","hermit:DeadMansHand"],"picked":"hermit:GhostlyPresence","floor":25},{"not_picked":["hermit:Feint","hermit:Snipe"],"picked":"hermit:BlackWind","floor":27},{"not_picked":["hermit:Coalescence","hermit:DeadMansHand+1","hermit:Dive"],"picked":"SKIP","floor":28},{"not_picked":["hermit:Dive","hermit:Enervate+1","hermit:Misfire"],"picked":"SKIP","floor":31},{"not_picked":["hermit:FinalCanter","hermit:FatalDesire"],"picked":"hermit:Gambit","floor":33},{"not_picked":["hermit:Roulette+1","hermit:SprayPray","hermit:DeadMansHand+1"],"picked":"SKIP","floor":35},{"not_picked":["hermit:LuckOfTheDraw+1","hermit:CalledShot+1"],"picked":"hermit:Quickdraw","floor":36},{"not_picked":["hermit:ShadowCloak","hermit:Malice+1","hermit:Brawl"],"picked":"SKIP","floor":37},{"not_picked":["hermit:Feint","hermit:Spite+1","hermit:BodyArmor"],"picked":"SKIP","floor":38},{"not_picked":["hermit:Feint","hermit:Spite+1","hermit:BodyArmor"],"picked":"SKIP","floor":38},{"not_picked":["hermit:CursedWeapon+1","hermit:Virtue+1"],"picked":"hermit:Deadeye+1","floor":39},{"not_picked":["hermit:CursedWeapon","hermit:Deadeye"],"picked":"hermit:Glare","floor":40},{"not_picked":["hermit:Feint+1","hermit:Glare"],"picked":"hermit:Gambit","floor":44},{"not_picked":["hermit:LuckOfTheDraw","hermit:Feint+1","hermit:Manifest+1"],"picked":"SKIP","floor":45},{"not_picked":["hermit:GhostlyPresence+1","hermit:SprayPray+1","hermit:Scavenge"],"picked":"SKIP","floor":47},{"not_picked":["hermit:FullyLoaded","hermit:BodyArmor+1","hermit:Enervate"],"picked":"SKIP","floor":48}],"player_experience":930712,"relics_obtained":[{"floor":6,"key":"StuffTheSpire:Gunfinga"},{"floor":9,"key":"reliquary:ExpiredCoupon"},{"floor":10,"key":"Gambling Chip"},{"floor":19,"key":"Red Mask"},{"floor":23,"key":"StuffTheSpire:HeavyRock"},{"floor":26,"key":"reliquary:TuningFork"},{"floor":36,"key":"Dream Catcher"},{"floor":42,"key":"aspiration:StickyExplosives_weak"},{"floor":43,"key":"conspire:DeflatedDodgeball"},{"floor":45,"key":"hubris:TenFootPole"}],"event_choices":[{"damage_healed":0,"gold_gain":100,"player_choice":"Gold","damage_taken":0,"max_hp_gain":0,"max_hp_loss":0,"event_name":"Wheel of Change","floor":5,"gold_loss":0},{"damage_healed":0,"gold_gain":0,"player_choice":"Obtained Relic","damage_taken":0,"relics_obtained":["Anchor"],"max_hp_gain":0,"max_hp_loss":0,"event_name":"Addict","floor":30,"gold_loss":85}],"is_beta":false,"boss_relics":[{"not_picked":["Replay:Bronze Core","halation:HeavySnake"],"picked":"infinitespire:Cupcake"},{"not_picked":["hubris:CrackedHourglass","conspire:SlowCooker"],"picked":"hermit:BartenderGlass"}],"items_purged_floors":[],"is_endless":false,"potions_floor_spawned":[6,7,10,25,27,28,33,36,38,44,45],"killed_by":"Donu and Deca","ascension_level":0}}