{"host":"f76wcztdlwlduum6","time":1613858795,"event":{"mods":["BaseMod","BetterRewards","Colored Powertips","Minty Spire (QoL Compilation)","Quick Restart","Rare Cards Sparkle","Relic Stats","StSLib","SuperFastMode","everything is the same but u backflip on backflip"],"gold_per_floor":[18,18,18,18,38,68,83,83,83,83,83],"floor_reached":10,"language":"ENG","playtime":275,"items_purged":[],"score":132,"play_id":"fbd0420a-be4d-473a-a5e0-0cf0cf4de8d4","local_time":"20210220160635","is_ascension_mode":true,"campfire_choices":[{"floor":8,"key":"REST"}],"circlet_count":0,"master_deck":["AscendersBane","Strike_B","Strike_B","Defend_B","Defend_B","Defend_B","Zap+1","Dualcast+1","FTL","Ball Lightning","Capacitor","Self Repair"],"relics":["Cracked Core","Blue Candle","StrikeDummy"],"acts_visited":["Exordium"],"potions_floor_usage":[10],"damage_taken":[{"damage":2,"enemies":"2 Louse","floor":1,"turns":3},{"damage":2,"enemies":"Jaw Worm","floor":5,"turns":3},{"damage":30,"enemies":"3 Sentries","floor":6,"turns":6},{"damage":7,"enemies":"Small Slimes","floor":7,"turns":3},{"damage":25,"enemies":"Lagavulin","floor":10,"turns":3}],"seed_played":"-1162475595503416899","potions_obtained":[{"floor":6,"key":"LiquidMemories"}],"is_trial":false,"path_per_floor":["M","?","?","?","M","E","M","R","T","E"],"character_chosen":"DEFECT","items_purchased":[],"campfire_rested":1,"item_purchase_floors":[],"current_hp_per_floor":[62,62,62,41,39,9,2,23,23,0,0],"gold":83,"neow_bonus":"REMOVE_TWO","is_daily":false,"chose_seed":false,"campfire_upgraded":0,"win_rate":0.0,"timestamp":1613858795,"path_taken":["M","?","?","?","M","E","M","R","T","E"],"items_purchased_type":[],"build_version":"2020-12-22","purchased_purges":0,"victory":false,"max_hp_per_floor":[71,71,71,71,71,71,71,71,71,71,71],"relic_stats":{"counters":[5,18],"Blue Candle":[0],"obtain_stats":[{"Blue Candle":6,"Cracked Core":0,"StrikeDummy":9},{"Blue Candle":3,"Cracked Core":0,"StrikeDummy":4},{"Blue Candle":12,"Cracked Core":0,"StrikeDummy":15}]},"card_choices":[{"not_picked":["Cold Snap","Rebound"],"picked":"FTL","floor":1},{"not_picked":["Coolheaded","Hologram"],"picked":"Ball Lightning","floor":5},{"not_picked":["Aggregate","Sweeping Beam"],"picked":"Capacitor","floor":6},{"not_picked":["Steam Power","Stack"],"picked":"Self Repair","floor":7}],"player_experience":358363,"relics_obtained":[{"floor":6,"key":"Blue Candle"},{"floor":9,"key":"StrikeDummy"}],"event_choices":[{"cards_removed":["Strike_B"],"damage_healed":0,"gold_gain":0,"player_choice":"Forget","damage_taken":0,"max_hp_gain":0,"max_hp_loss":0,"event_name":"Living Wall","floor":2,"gold_loss":0},{"damage_healed":0,"gold_gain":0,"player_choice":"Ignored","damage_taken":0,"max_hp_gain":0,"max_hp_loss":0,"event_name":"Liars Game","floor":3,"gold_loss":0},{"damage_healed":0,"gold_gain":0,"player_choice":"Entered Light","damage_taken":21,"max_hp_gain":0,"max_hp_loss":0,"event_name":"Shining Light","floor":4,"gold_loss":0,"cards_upgraded":["Dualcast","Zap"]}],"is_beta":false,"boss_relics":[],"items_purged_floors":[],"is_endless":false,"potions_floor_spawned":[6],"killed_by":"Lagavulin","ascension_level":20}}