{"host":"2qyxu97h6u4ukicb","time":1613831072,"event":{"mods":["AchievementEnabler","BaseMod","BetterRewards","Colored Map","Colored Powertips","Minty Spire (QoL Compilation)","Replay The Spire","Shop Mod","StSLib"],"gold_per_floor":[119,119,129,129,147,179,179,191,191,191,207,227,246,246,246,349,349,369,369,385,385,188,220,220,220,220,220,4,24,24,43,43,43,43],"floor_reached":33,"language":"ENG","playtime":1856,"items_purged":["Voices"],"score":267,"play_id":"95020ff0-0e83-48d5-bb2f-beb081e97ab4","local_time":"20210220082432","is_ascension_mode":false,"campfire_choices":[{"floor":7,"key":"REST"},{"data":"Inflame","floor":10,"key":"SMITH"},{"floor":15,"key":"REST"},{"floor":27,"key":"RECALL"},{"floor":32,"key":"REST"}],"circlet_count":0,"master_deck":["Strike_R+1","Strike_R+1","Strike_R+1","Strike_R+1","Strike_R+1","Defend_R+1","Defend_R+1","Defend_R+1","Defend_R+1","Bash","Armaments","Twin Strike","Inflame+1","Cleave","Run Through+1","ReplayTheSpireMod:Limb From Limb","Double Tap","CurseOfTheBell"],"relics":["Burning Blood","Regal Pillow","Ornamental Fan","Mercury Hourglass","Gremlin Food","Onion Ring","Another Sword","MerchantsRug","Mirror","HandDrill","Oddly Smooth Stone"],"acts_visited":["Exordium","TheCity"],"potions_floor_usage":[6,8,23],"damage_taken":[{"damage":0,"enemies":"Small Slimes","floor":1,"turns":3},{"damage":6,"enemies":"Cultist","floor":3,"turns":3},{"damage":2,"enemies":"2 Louse","floor":5,"turns":3},{"damage":50,"enemies":"3 Sentries","floor":6,"turns":11},{"damage":1,"enemies":"Lots of Slimes","floor":8,"turns":2},{"damage":5,"enemies":"Looter","floor":11,"turns":3},{"damage":23,"enemies":"Exordium Wildlife","floor":12,"turns":3},{"damage":15,"enemies":"Large Slime","floor":13,"turns":5},{"damage":61,"enemies":"The Guardian","floor":16,"turns":11},{"damage":1,"enemies":"3 Byrds","floor":18,"turns":3},{"damage":0,"enemies":"Spheric Guardian","floor":20,"turns":2},{"damage":35,"enemies":"Replay:Snechameleon","floor":23,"turns":3},{"damage":20,"enemies":"Centurion and Healer","floor":29,"turns":3},{"damage":14,"enemies":"Snake Plant","floor":31,"turns":4},{"damage":116,"enemies":"Collector","floor":33,"turns":7}],"seed_played":"-4661828592214097518","potions_obtained":[{"floor":3,"key":"BlessingOfTheForge"},{"floor":6,"key":"BlessingOfTheForge"},{"floor":13,"key":"FairyPotion"},{"floor":18,"key":"Dexterity Potion"}],"is_trial":false,"path_per_floor":["M","$","M","?","M","E","R","M","T","R","M","M","M","$","R_BF","B",null,"M","?","M","?","$","E","T","?","T","R","$","M","?","M","R","B"],"character_chosen":"IRONCLAD","items_purchased":["MerchantsRug","HandDrill","Flashbang"],"campfire_rested":3,"item_purchase_floors":[22,28,28],"current_hp_per_floor":[80,80,80,80,80,36,75,80,80,80,80,63,54,54,80,25,80,80,80,80,80,80,51,51,51,58,58,58,44,44,36,77,0,0],"gold":43,"neow_bonus":"RANDOM_COMMON_RELIC","is_daily":false,"chose_seed":false,"campfire_upgraded":1,"win_rate":0.0,"timestamp":1613831072,"path_taken":["M","$","M","?","M","E","R","M","T","R","?","M","M","?","R_BF","BOSS","M","?","?","?","$","E","?","?","T","R","?","M","?","M","R","BOSS"],"items_purchased_type":["Relic","Relic","Potion"],"build_version":"2020-12-22","purchased_purges":1,"victory":false,"max_hp_per_floor":[80,80,80,80,80,80,80,80,80,80,80,80,80,80,80,80,80,80,80,80,80,80,80,80,80,87,87,87,87,87,87,87,87,87],"card_choices":[{"not_picked":["Warcry","Massacre"],"picked":"Armaments","floor":1},{"not_picked":["Havoc","Pommel Strike"],"picked":"Twin Strike","floor":3},{"not_picked":["Cleave","Intimidate"],"picked":"Inflame","floor":5},{"not_picked":["Iron Wave","Anger"],"picked":"Cleave","floor":6},{"not_picked":["Impervious","Iron Wave","Searing Blow"],"picked":"SKIP","floor":8},{"not_picked":["Twin Strike","Reckless Charge"],"picked":"Run Through","floor":11},{"not_picked":["Searing Blow","Defy Death","Flame Barrier"],"picked":"SKIP","floor":12},{"not_picked":["Bloodletting","Twin Strike"],"picked":"ReplayTheSpireMod:Limb From Limb","floor":13},{"not_picked":["Exhume","Barricade"],"picked":"Double Tap","floor":16},{"not_picked":["Feel No Pain+1","Hemokinesis","Armaments"],"picked":"SKIP","floor":18},{"not_picked":["Anger","Life Link","ReplayTheSpireMod:Corrosion Curse"],"picked":"SKIP","floor":20},{"not_picked":["Bludgeon","Shrug It Off","Clothesline"],"picked":"SKIP","floor":23},{"not_picked":["Havoc","Abandon+1","Pommel Strike"],"picked":"SKIP","floor":29},{"not_picked":["Warcry","Dark Embrace","Run Through"],"picked":"SKIP","floor":31}],"player_experience":847609,"relics_obtained":[{"floor":6,"key":"Ornamental Fan"},{"floor":9,"key":"Mercury Hourglass"},{"floor":17,"key":"Gremlin Food"},{"floor":17,"key":"Onion Ring"},{"floor":17,"key":"Another Sword"},{"floor":23,"key":"Mirror"},{"floor":26,"key":"Strawberry"}],"event_choices":[{"damage_healed":0,"gold_gain":0,"player_choice":"Ignored","damage_taken":0,"max_hp_gain":0,"max_hp_loss":0,"event_name":"NoteForYourself","floor":4,"gold_loss":0},{"damage_healed":0,"gold_gain":0,"player_choice":"Full Heal","damage_taken":0,"max_hp_gain":0,"max_hp_loss":0,"event_name":"Wheel of Change","floor":19,"gold_loss":0},{"damage_healed":0,"gold_gain":0,"player_choice":"Simplicity","damage_taken":0,"max_hp_gain":0,"max_hp_loss":0,"event_name":"Back to Basics","floor":25,"gold_loss":0,"cards_upgraded":["Strike_R","Strike_R","Strike_R","Strike_R","Strike_R","Defend_R","Defend_R","Defend_R","Defend_R"]},{"damage_healed":0,"gold_gain":0,"player_choice":"Gave Potion","damage_taken":0,"relics_obtained":["Oddly Smooth Stone"],"max_hp_gain":0,"max_hp_loss":0,"event_name":"WeMeetAgain","floor":30,"gold_loss":0}],"is_beta":false,"boss_relics":[{"not_picked":["Mark of Pain","Fusion Hammer"],"picked":"Calling Bell"}],"items_purged_floors":[22],"is_endless":false,"potions_floor_spawned":[3,6,13,18],"killed_by":"Collector","ascension_level":0}}