{"host":"dztixnx9b0gu6w9i","time":1613862284,"event":{"mods":["BaseMod","Bestiary","Minty Spire (QoL Compilation)","Relic Stats","SpireBot","ojb\u0027s Better Paths Mod","ojb\u0027s Info Mod"],"gold_per_floor":[15,35,47,61,76,76,102,112,112,37,56,56,56,69,69,140,140,150,163,163,163,187,187,216,227,227,227,227,15,15,15,15,88,88,104,0,13,29,29,29,29,29,29],"floor_reached":42,"language":"ENG","playtime":3736,"items_purged":["Strike_B"],"score":886,"play_id":"efea06cf-a956-45d1-8a74-11d18f2c0007","local_time":"20210220180444","is_ascension_mode":true,"campfire_choices":[{"data":"Go for the Eyes","floor":6,"key":"SMITH"},{"data":"1","floor":12,"key":"LIFT"},{"data":"2","floor":15,"key":"LIFT"},{"data":"Electrodynamics","floor":23,"key":"SMITH"},{"data":"3","floor":28,"key":"LIFT"},{"data":"Barrage","floor":32,"key":"SMITH"}],"circlet_count":0,"master_deck":["AscendersBane","Strike_B+1","Defend_B+1","Defend_B+1","Defend_B+1","Zap","Conserve Battery","Ball Lightning","Go for the Eyes+1","Barrage+1","Cold Snap","FTL","Echo Form","Cold Snap","Cold Snap","Electrodynamics+1","Leap","RitualDagger","Steam","Self Repair","All For One","Consume","Steam+1"],"relics":["Cracked Core","Girya","Akabeko","Coffee Dripper","Vajra","Calipers","Runic Capacitor","Art of War","Empty Cage","Red Mask"],"acts_visited":["Exordium","TheCity","TheBeyond"],"potions_floor_usage":[7,8,18,24,33,38,38],"damage_taken":[{"damage":1,"enemies":"Cultist","floor":1,"turns":3},{"damage":0,"enemies":"Small Slimes","floor":2,"turns":3},{"damage":0,"enemies":"Jaw Worm","floor":3,"turns":3},{"damage":12,"enemies":"2 Fungi Beasts","floor":4,"turns":3},{"damage":7,"enemies":"Blue Slaver","floor":5,"turns":3},{"damage":4,"enemies":"Lagavulin","floor":7,"turns":6},{"damage":14,"enemies":"Large Slime","floor":8,"turns":5},{"damage":10,"enemies":"2 Fungi Beasts","floor":11,"turns":3},{"damage":7,"enemies":"Blue Slaver","floor":14,"turns":3},{"damage":15,"enemies":"Hexaghost","floor":16,"turns":7},{"damage":4,"enemies":"Chosen","floor":18,"turns":3},{"damage":14,"enemies":"Shell Parasite","floor":19,"turns":4},{"damage":0,"enemies":"Gremlin Leader","floor":24,"turns":4},{"damage":14,"enemies":"Shelled Parasite and Fungi","floor":25,"turns":3},{"damage":23,"enemies":"Collector","floor":33,"turns":5},{"damage":35,"enemies":"3 Darklings","floor":35,"turns":4},{"damage":5,"enemies":"Orb Walker","floor":37,"turns":4},{"damage":19,"enemies":"Maw","floor":38,"turns":7},{"damage":15,"enemies":"4 Shapes","floor":42,"turns":1}],"seed_played":"-5413606492646790913","potions_obtained":[{"floor":1,"key":"Dexterity Potion"},{"floor":4,"key":"PowerPotion"},{"floor":7,"key":"ColorlessPotion"},{"floor":14,"key":"BlessingOfTheForge"},{"floor":33,"key":"BlessingOfTheForge"},{"floor":37,"key":"GamblersBrew"}],"is_trial":false,"path_per_floor":["M","M","M","M","M","R","E","M","T","$","M","R","?","M","R","B",null,"M","M","?","?","T","R","E","M","T","$","R","$","?","?","R","B",null,"M","?","M","M","$","?","?","M"],"character_chosen":"DEFECT","items_purchased":["Runic Capacitor","Weak Potion"],"campfire_rested":0,"item_purchase_floors":[29,29],"current_hp_per_floor":[63,63,63,51,44,44,40,26,26,26,16,16,71,64,64,49,66,62,48,42,42,42,42,42,28,28,28,28,28,28,28,28,5,55,27,27,22,13,13,13,13,0,0],"gold":29,"neow_bonus":"TRANSFORM_TWO_CARDS","is_daily":false,"chose_seed":false,"campfire_upgraded":3,"win_rate":0.0,"timestamp":1613862284,"path_taken":["M","?","M","M","?","R","E","M","T","?","M","R","?","M","R","BOSS","M","?","?","?","?","R","E","M","T","?","R","$","?","?","R","BOSS","M","?","M","M","$","?","?","M"],"items_purchased_type":["Relic","Potion"],"build_version":"2020-12-22","purchased_purges":1,"victory":false,"max_hp_per_floor":[71,71,71,71,71,71,71,71,71,71,71,71,71,71,71,71,71,71,71,71,71,71,71,71,71,71,71,71,71,71,71,71,71,71,71,71,71,71,71,71,71,71,71],"relic_stats":{"counters":[19,74],"Art of War":[0],"obtain_stats":[{"Girya":7,"Calipers":26,"Vajra":24,"Coffee Dripper":17,"Runic Capacitor":29,"Art of War":31,"Red Mask":36,"Cracked Core":0,"Empty Cage":34,"Akabeko":9},{"Girya":6,"Calipers":14,"Vajra":13,"Coffee Dripper":10,"Runic Capacitor":14,"Art of War":14,"Red Mask":16,"Cracked Core":0,"Empty Cage":15,"Akabeko":7},{"Girya":21,"Calipers":53,"Vajra":50,"Coffee Dripper":39,"Runic Capacitor":53,"Art of War":53,"Red Mask":62,"Cracked Core":0,"Empty Cage":58,"Akabeko":26}]},"card_choices":[{"not_picked":["Double Energy","Rip and Tear"],"picked":"Ball Lightning","floor":1},{"not_picked":["Steam","Capacitor"],"picked":"Go for the Eyes","floor":2},{"not_picked":["Hologram","Go for the Eyes"],"picked":"Barrage","floor":3},{"not_picked":["Streamline","Leap"],"picked":"Cold Snap","floor":4},{"not_picked":["Capacitor","Rip and Tear"],"picked":"FTL","floor":5},{"not_picked":["Stack","Turbo"],"picked":"Echo Form","floor":7},{"not_picked":["Capacitor","Coolheaded"],"picked":"Cold Snap","floor":8},{"not_picked":["Fusion","Reprogram","Ball Lightning"],"picked":"SKIP","floor":11},{"not_picked":["Leap","Static Discharge"],"picked":"Cold Snap","floor":14},{"not_picked":["Core Surge","All For One"],"picked":"Electrodynamics","floor":16},{"not_picked":["Go for the Eyes","Tempest","Coolheaded"],"picked":"SKIP","floor":18},{"not_picked":["Skim","Cold Snap"],"picked":"Leap","floor":19},{"not_picked":["Cold Snap","Rebound"],"picked":"Steam","floor":24},{"not_picked":["Cold Snap+1","Force Field"],"picked":"Self Repair","floor":25},{"not_picked":["Multi-Cast","Echo Form"],"picked":"All For One","floor":33},{"not_picked":["Self Repair","Gash"],"picked":"Consume","floor":35},{"not_picked":["Stack","Reinforced Body"],"picked":"Steam+1","floor":37},{"not_picked":["Conserve Battery","Turbo","Streamline"],"picked":"SKIP","floor":38},{"not_picked":["Conserve Battery","Turbo","Streamline"],"picked":"SKIP","floor":38}],"player_experience":8746720,"relics_obtained":[{"floor":7,"key":"Girya"},{"floor":9,"key":"Akabeko"},{"floor":24,"key":"Vajra"},{"floor":26,"key":"Calipers"}],"event_choices":[{"cards_removed":["Hello World"],"damage_healed":55,"gold_gain":0,"player_choice":"Offered Uncommon","damage_taken":0,"max_hp_gain":0,"max_hp_loss":0,"event_name":"Bonfire Elementals","floor":13,"gold_loss":0},{"damage_healed":0,"gold_gain":0,"player_choice":"Joined the Cult","damage_taken":6,"max_hp_gain":0,"max_hp_loss":0,"event_name":"Nest","floor":20,"gold_loss":0,"cards_obtained":["RitualDagger"]},{"damage_healed":0,"gold_gain":0,"player_choice":"Simplicity","damage_taken":0,"max_hp_gain":0,"max_hp_loss":0,"event_name":"Back to Basics","floor":21,"gold_loss":0,"cards_upgraded":["Strike_B","Strike_B","Defend_B","Defend_B","Defend_B"]},{"damage_healed":0,"gold_gain":0,"player_choice":"Ignored","damage_taken":0,"max_hp_gain":0,"max_hp_loss":0,"event_name":"Cursed Tome","floor":30,"gold_loss":0},{"damage_healed":0,"gold_gain":0,"player_choice":"Stole Relic","damage_taken":0,"relics_obtained":["Art of War"],"max_hp_gain":0,"max_hp_loss":0,"event_name":"Addict","floor":31,"gold_loss":0,"cards_obtained":["Shame"]},{"damage_healed":0,"gold_gain":0,"player_choice":"Paid","damage_taken":0,"relics_obtained":["Red Mask"],"max_hp_gain":0,"max_hp_loss":0,"event_name":"Tomb of Lord Red Mask","floor":36,"gold_loss":104},{"damage_healed":0,"gold_gain":0,"player_choice":"Ignored","damage_taken":0,"max_hp_gain":0,"max_hp_loss":0,"event_name":"Mysterious Sphere","floor":40,"gold_loss":0},{"cards_removed":["Strike_B"],"damage_healed":0,"gold_gain":0,"player_choice":"Removed Attack","damage_taken":0,"max_hp_gain":0,"max_hp_loss":0,"event_name":"Falling","floor":41,"gold_loss":0}],"is_beta":false,"boss_relics":[{"not_picked":["Pandora\u0027s Box","Runic Dome"],"picked":"Coffee Dripper"},{"not_picked":["Velvet Choker","SacredBark"],"picked":"Empty Cage"}],"items_purged_floors":[10],"is_endless":false,"potions_floor_spawned":[1,4,7,14,33,37],"killed_by":"4 Shapes","ascension_level":20}}