{"host":"5tzvto3beate6p8b","time":1613850223,"event":{"mods":["BaseMod","Colored Map","Minty Spire (QoL Compilation)","StSLib","SuperFastMode"],"gold_per_floor":[115,135,155,166,71,71,71,71,125,90,106,121,121,153,153,232,282,296,316,32,48,60,60,89,89,160,178,178,178,178,189,189,268,268,282,282,294,29,39,39,39,39],"floor_reached":41,"language":"JPN","playtime":1889,"items_purged":["Strike_B","Strike_B"],"score":907,"play_id":"f60c4061-fbae-4848-b46f-4d71d6b20de1","local_time":"20210221044343","is_ascension_mode":true,"campfire_choices":[{"data":"Zap","floor":6.0,"key":"SMITH"},{"data":"Beam Cell","floor":8.0,"key":"SMITH"},{"data":"Scrape","floor":13.0,"key":"SMITH"},{"data":"Reprogram","floor":15.0,"key":"SMITH"},{"data":"Fission","floor":23.0,"key":"SMITH"},{"data":"Self Repair","floor":25.0,"key":"SMITH"},{"data":"Steam Power","floor":29.0,"key":"SMITH"},{"data":"Reprogram","floor":32.0,"key":"SMITH"},{"floor":40.0,"key":"REST"}],"circlet_count":0,"master_deck":["AscendersBane","Strike_B","Defend_B","Defend_B","Defend_B","Zap+1","Dualcast+1","Rip and Tear","All For One","Gash","Go for the Eyes","Beam Cell+1","Melter","Steam Power+1","Gash","Scrape+1","Go for the Eyes","Reprogram+1","Core Surge","Steam Power","Turbo","Gash","Self Repair+1","Fission+1","Conserve Battery+1","BootSequence","Reprogram+1","Fission","Leap","Hologram"],"relics":["Cracked Core","Bag of Marbles","Centennial Puzzle","Tiny House","Anchor","The Courier","Nuclear Battery"],"acts_visited":["Exordium","TheCity","TheBeyond"],"potions_floor_usage":[41,41],"damage_taken":[{"damage":0.0,"enemies":"Cultist","floor":1.0,"turns":2.0},{"damage":0.0,"enemies":"Small Slimes","floor":2.0,"turns":2.0},{"damage":0.0,"enemies":"2 Louse","floor":3.0,"turns":1.0},{"damage":5.0,"enemies":"2 Fungi Beasts","floor":4.0,"turns":2.0},{"damage":12.0,"enemies":"Lots of Slimes","floor":11.0,"turns":2.0},{"damage":0.0,"enemies":"3 Louse","floor":12.0,"turns":2.0},{"damage":0.0,"enemies":"Gremlin Nob","floor":14.0,"turns":2.0},{"damage":35.0,"enemies":"Slime Boss","floor":16.0,"turns":6.0},{"damage":0.0,"enemies":"Chosen","floor":18.0,"turns":3.0},{"damage":15.0,"enemies":"Shell Parasite","floor":19.0,"turns":2.0},{"damage":11.0,"enemies":"Chosen and Byrds","floor":21.0,"turns":4.0},{"damage":0.0,"enemies":"Centurion and Healer","floor":22.0,"turns":2.0},{"damage":10.0,"enemies":"Book of Stabbing","floor":24.0,"turns":2.0},{"damage":7.0,"enemies":"Shelled Parasite and Fungi","floor":27.0,"turns":2.0},{"damage":0.0,"enemies":"Cultist and Chosen","floor":31.0,"turns":3.0},{"damage":42.0,"enemies":"Champ","floor":33.0,"turns":6.0},{"damage":46.0,"enemies":"3 Shapes","floor":35.0,"turns":12.0},{"damage":9.0,"enemies":"Orb Walker","floor":37.0,"turns":3.0},{"damage":0.0,"enemies":"Spire Growth","floor":39.0,"turns":4.0},{"damage":73,"enemies":"Reptomancer","floor":41,"turns":5}],"seed_played":"-2730462254876269059","potions_obtained":[{"floor":1.0,"key":"CultistPotion"},{"floor":3.0,"key":"SpeedPotion"},{"floor":16.0,"key":"EssenceOfDarkness"},{"floor":17.0,"key":"CultistPotion"},{"floor":18.0,"key":"SteroidPotion"},{"floor":27.0,"key":"Dexterity Potion"},{"floor":33.0,"key":"DuplicationPotion"},{"floor":37.0,"key":"FearPotion"}],"is_trial":false,"path_per_floor":["M","M","M","M","$","R","$","R","T","?","M","M","R","E","R","B",null,"M","M","$","M","M","R","E","R","T","M","?","R","?","M","R","B",null,"M","?","M","$","M","R","E"],"character_chosen":"DEFECT","items_purchased":["Steam Power","Gash","Self Repair","Fission","Fission","Leap"],"campfire_rested":1,"item_purchase_floors":[5,5,20,20,38,38],"current_hp_per_floor":[46,46,46,41,41,41,41,41,41,58,46,46,46,46,46,11,61,61,46,46,42,49,49,46,46,46,49,49,49,49,59,59,17,61,25,25,26,26,36,58,0,0],"gold":39,"neow_bonus":"TRANSFORM_TWO_CARDS","is_daily":false,"chose_seed":false,"campfire_upgraded":8,"win_rate":0.0,"timestamp":1613850223,"path_taken":["M","M","?","M","$","R","$","R","T","?","M","M","R","E","R","BOSS","M","M","$","M","M","R","E","R","T","M","?","R","?","?","R","BOSS","M","?","M","$","M","R","E"],"items_purchased_type":["Card","Card","Card","Card","Card","Card"],"build_version":"2020-12-22","purchased_purges":2,"victory":false,"max_hp_per_floor":[71,71,71,71,71,71,71,71,71,71,71,71,71,71,71,71,76,76,76,76,76,76,76,76,76,76,76,76,76,76,76,76,76,76,76,76,76,76,76,76,76,76],"card_choices":[{"not_picked":["Darkness","Leap"],"picked":"Gash","floor":1.0},{"not_picked":["White Noise","Coolheaded"],"picked":"Go for the Eyes","floor":2.0},{"not_picked":["Chaos","Redo"],"picked":"Beam Cell","floor":3.0},{"not_picked":["Redo","Chill"],"picked":"Melter","floor":4.0},{"not_picked":["Blizzard","Barrage"],"picked":"Scrape","floor":11.0},{"not_picked":["Storm","Leap"],"picked":"Go for the Eyes","floor":12.0},{"not_picked":["Heatsinks","Beam Cell"],"picked":"Reprogram","floor":14.0},{"not_picked":["Multi-Cast","Buffer"],"picked":"Core Surge","floor":16.0},{"not_picked":["BootSequence","Redo"],"picked":"Steam Power","floor":17.0},{"not_picked":["Redo","Doom and Gloom"],"picked":"Turbo","floor":18.0},{"not_picked":["Steam","Blizzard"],"picked":"Gash","floor":19.0},{"not_picked":["Redo","Loop","Force Field"],"picked":"SKIP","floor":21.0},{"not_picked":["Redo","Sweeping Beam"],"picked":"Conserve Battery+1","floor":22.0},{"not_picked":["Sweeping Beam","Loop"],"picked":"BootSequence","floor":24.0},{"not_picked":["Streamline","Creative AI","Capacitor"],"picked":"SKIP","floor":27.0},{"not_picked":["Lockon","Go for the Eyes"],"picked":"Reprogram","floor":31.0},{"not_picked":["Coolheaded","Storm","Rebound"],"picked":"SKIP","floor":35.0},{"not_picked":["Genetic Algorithm","Aggregate","Sweeping Beam"],"picked":"SKIP","floor":37.0},{"not_picked":["Redo+1","Conserve Battery"],"picked":"Hologram","floor":39.0}],"player_experience":820456,"relics_obtained":[{"floor":9.0,"key":"Bag of Marbles"},{"floor":14.0,"key":"Centennial Puzzle"},{"floor":24.0,"key":"Anchor"},{"floor":26.0,"key":"The Courier"}],"event_choices":[{"damage_healed":17.0,"max_hp_gain":0.0,"max_hp_loss":0.0,"gold_gain":0.0,"event_name":"The Cleric","player_choice":"Healed","floor":10.0,"gold_loss":35.0,"damage_taken":0.0},{"damage_healed":0.0,"max_hp_gain":0.0,"max_hp_loss":0.0,"gold_gain":0.0,"event_name":"Vampires","player_choice":"Ignored","floor":28.0,"gold_loss":0.0,"damage_taken":0.0},{"damage_healed":0.0,"max_hp_gain":0.0,"max_hp_loss":0.0,"gold_gain":0.0,"event_name":"FaceTrader","player_choice":"Leave","floor":30.0,"gold_loss":0.0,"damage_taken":0.0},{"damage_healed":0.0,"max_hp_gain":0.0,"max_hp_loss":0.0,"gold_gain":0.0,"event_name":"Mysterious Sphere","player_choice":"Ignored","floor":36.0,"gold_loss":0.0,"damage_taken":0.0}],"is_beta":false,"boss_relics":[{"not_picked":["Velvet Choker","Astrolabe"],"picked":"Tiny House"},{"not_picked":["Runic Dome","SacredBark"],"picked":"Nuclear Battery"}],"items_purged_floors":[20,38],"is_endless":false,"potions_floor_spawned":[1,3,16,18,21,27,33,37],"killed_by":"Reptomancer","ascension_level":19}}