{"host":"e4wnmsyty9uvvtwf","time":1613808285,"event":{"mods":["Act Like it!","BaseMod","Colored Map","Colored Powertips","Gensokyo","Koishi","Minty Spire (QoL Compilation)","StSLib"],"gold_per_floor":[118,118,131,131,147,172,172,201,201,201,301,313,332,350,350,429,429,448,466,466,479,779,779,433,458,458,458,408,23,48,61,61,338,338,350,350,365,378,396,396,48,48,48,78,78,89,161,42,42,42],"floor_reached":51,"language":"ZHS","playtime":2619,"items_purged":["Koishi:ReflexRadar"],"score":1397,"play_id":"bc8d7ea2-7ba6-4df3-8959-896821a83e53","local_time":"20210220160445","is_ascension_mode":true,"campfire_choices":[{"data":"Koishi:FadingMemory","floor":7,"key":"SMITH"},{"data":"Koishi:ReleaseOfTheId","floor":15,"key":"SMITH"},{"data":"Koishi:Bloodlust","floor":23,"key":"SMITH"},{"data":"Koishi:ReleaseOfTheId","floor":32,"key":"SMITH"},{"data":"Koishi:RorschachInDanmaku","floor":40,"key":"SMITH"},{"data":"Koishi:HeartAttack","floor":45,"key":"SMITH"},{"data":"Koishi:LastRemote","floor":49,"key":"SMITH"}],"circlet_count":0,"master_deck":["AscendersBane","Koishi:BasicStrike","Koishi:BasicStrike","Koishi:BasicDefend","Koishi:BasicDefend","Koishi:BasicDefend","Koishi:BasicDefend","Koishi:Provoke","Gensokyo:AllTheWorldsEvil","Koishi:FadingMemory+1","Koishi:UnconsciousUprising","Koishi:ReleaseOfTheId+1","Koishi:Whimsy","Koishi:Bloodlust+1","Koishi:ImGoingToCallYouNow+1","Koishi:MindStellarRelief","Koishi:RorschachInDanmaku+1","Koishi:SubconsciousSweep","Koishi:ReflexRadar","Koishi:PhilosophyOfTheDespised","Koishi:ReleaseOfTheId+1","Koishi:FreudianInstinct","Koishi:PerfectMindControl","Koishi:Bloodlust+1","Koishi:LastRemote+1","Koishi:HeartAttack+1","Koishi:MassHysteria","Gensokyo:Dawn+1"],"relics":["Koishi:ImaginaryFriend","Gensokyo:Mercy","Bag of Preparation","Koishi:TeethAndClaws","Orichalcum","Meat on the Bone","Empty Cage","Old Coin","ClockworkSouvenir","Darkstone Periapt","The Courier","Gensokyo:SongOfSouls","Koishi:ImperfectMetamorphosis","Strawberry","Koishi:LettersToReimu","Snecko Eye","Torii","HornCleat","Regal Pillow","Mummified Hand","Ornamental Fan","Frozen Eye"],"acts_visited":["Exordium","Gensokyo:Gensokyo","Gensokyo:Gensokyoer"],"potions_floor_usage":[25],"damage_taken":[{"damage":7,"enemies":"Gensokyo:3_Fairies","floor":1,"turns":4},{"damage":3,"enemies":"Gensokyo:Gryphon","floor":3,"turns":4},{"damage":3,"enemies":"Gensokyo:Python","floor":5,"turns":5},{"damage":1,"enemies":"Gensokyo:Mamizou","floor":6,"turns":9},{"damage":14,"enemies":"Gensokyo:Cirno","floor":8,"turns":6},{"damage":0,"enemies":"Gensokyo:5_Fairies","floor":12,"turns":2},{"damage":0,"enemies":"Gensokyo:2_Rabbits","floor":13,"turns":5},{"damage":4,"enemies":"Gensokyo:3_Kodama","floor":14,"turns":5},{"damage":0,"enemies":"Gensokyo:Reimu","floor":16,"turns":7},{"damage":5,"enemies":"Gensokyo:AngelMirror","floor":18,"turns":4},{"damage":0,"enemies":"Gensokyo:2_Gloops","floor":19,"turns":4},{"damage":0,"enemies":"Gensokyo:Wraith","floor":21,"turns":4},{"damage":12,"enemies":"Gensokyo:Koishi","floor":25,"turns":9},{"damage":9,"enemies":"Gensokyo:Tenshi","floor":30,"turns":7},{"damage":20,"enemies":"Gensokyo:Slime_Group","floor":31,"turns":7},{"damage":5,"enemies":"Gensokyo:Eiki","floor":33,"turns":6},{"damage":0,"enemies":"Gensokyo:AncientGuardian","floor":35,"turns":10},{"damage":0,"enemies":"Gensokyo:3_Boulders","floor":37,"turns":4},{"damage":24,"enemies":"Gensokyo:AtlasGolem","floor":38,"turns":6},{"damage":0,"enemies":"Gensokyo:SeedOfUnknown","floor":39,"turns":9},{"damage":1,"enemies":"Gensokyo:SeedOfUnknown","floor":42,"turns":7},{"damage":1,"enemies":"Gensokyo:Marisa","floor":44,"turns":5},{"damage":0,"enemies":"Gensokyo:Sharpion","floor":46,"turns":3},{"damage":0,"enemies":"Gensokyo:Scarlet_Devils","floor":50,"turns":7}],"seed_played":"-4593402467677344177","potions_obtained":[{"floor":5,"key":"FairyPotion"},{"floor":8,"key":"Block Potion"},{"floor":30,"key":"SkillPotion"},{"floor":33,"key":"EntropicBrew"}],"is_trial":false,"path_per_floor":["M","?","M","?","M","E","R","E","T","T","?","M","M","M","R","B",null,"M","M","?","M","T","R","COS","E","T","?","?","$","E","M","R","B",null,"M","?","M","M","M","R","$","?","T","E","R","M","T","$","R","B",null],"character_chosen":"KOISHI","items_purchased":["Koishi:ImperfectMetamorphosis","Koishi:ReflexRadar","Koishi:PhilosophyOfTheDespised","Koishi:ReleaseOfTheId","Koishi:HeartAttack","HornCleat","Koishi:MassHysteria","Frozen Eye"],"campfire_rested":0,"item_purchase_floors":[29,29,29,29,41,41,41,48],"current_hp_per_floor":[44,44,41,41,38,37,37,23,23,23,23,35,35,31,31,31,51,46,46,46,57,57,57,57,57,57,57,64,64,62,57,57,67,70,70,70,71,47,62,62,62,62,62,71,71,71,71,71,71,71],"gold":42,"neow_bonus":"THREE_RARE_CARDS","is_daily":false,"chose_seed":false,"campfire_upgraded":7,"win_rate":0.0,"timestamp":1613808285,"path_taken":["M","?","M","?","M","E","R","E","T","?","?","M","M","?","R","BOSS","M","M","?","M","?","R","COS","E","T","?","?","$","E","?","R","BOSS","M","?","M","M","?","R","$","?","T","E","R","M","?","?","R","BOSS"],"items_purchased_type":["Relic","Card","Card","Card","Card","Relic","Card","Relic"],"build_version":"2020-12-22","purchased_purges":1,"victory":true,"max_hp_per_floor":[57,57,57,57,57,57,57,57,57,57,57,57,57,57,57,57,57,57,57,57,57,57,57,57,57,57,57,64,64,71,71,71,71,71,71,71,71,71,71,71,71,71,71,71,71,71,71,71,71,71],"card_choices":[{"not_picked":["Koishi:PerfectMindControl","Koishi:ConfinedInnocent"],"picked":"Koishi:FadingMemory","floor":0},{"not_picked":["Koishi:PhantomBarrier","Koishi:Possession"],"picked":"Koishi:SubconsciousSweep","floor":1},{"not_picked":["Koishi:ParalyzingFear","Koishi:HeartfeltFancy","Koishi:PhantomBarrier"],"picked":"SKIP","floor":3},{"not_picked":["Koishi:UnansweredLove","Koishi:CatchAndRose","Koishi:ReflexRadar"],"picked":"SKIP","floor":5},{"not_picked":["Koishi:GeneticsOfTheUnconscious","Koishi:FourthEye"],"picked":"Koishi:UnconsciousUprising","floor":6},{"not_picked":["Koishi:Heartbroken","Koishi:GrowingPain"],"picked":"Koishi:ReleaseOfTheId","floor":8},{"not_picked":["Koishi:CatchAndRose","Koishi:SubterraneanRose","Koishi:EmbryosDream"],"picked":"SKIP","floor":12},{"not_picked":["Koishi:UnansweredLove","Koishi:PhantomStrike"],"picked":"Koishi:Whimsy","floor":13},{"not_picked":["Koishi:UnansweredLove","Koishi:SubconsciousSweep","Koishi:PhantomBarrier"],"picked":"SKIP","floor":14},{"not_picked":["Koishi:ConditionedTeleport","Koishi:ConfinedInnocent"],"picked":"Koishi:MindStellarRelief","floor":16},{"not_picked":["Koishi:BloodcurdlingScream","Koishi:DreadfulBlow","Koishi:RacingHeart"],"picked":"SKIP","floor":18},{"not_picked":["Koishi:JumpScare","Koishi:ReflexRadar"],"picked":"Koishi:Bloodlust","floor":19},{"not_picked":["Koishi:CatchAndRose","Koishi:FleetingPhantom","Koishi:DreadfulBlow+1"],"picked":"SKIP","floor":21},{"not_picked":["Koishi:PhantomBarrier","Koishi:StingingMind"],"picked":"Koishi:MindStellarRelief","floor":25},{"not_picked":["Koishi:HeartfeltFancy","Koishi:UnconsciousUprising"],"picked":"Koishi:FreudianInstinct","floor":30},{"not_picked":["Koishi:ConfinedInnocent","Koishi:HeartStoppingHorror"],"picked":"Koishi:PerfectMindControl","floor":30},{"not_picked":["Koishi:MindNumbingTerror","Koishi:PhantomBarrier","Koishi:EmbryosDream"],"picked":"SKIP","floor":31},{"not_picked":["Koishi:Prune","Koishi:Jaunt"],"picked":"Koishi:ReflexRadar","floor":35},{"not_picked":["Koishi:GhostParty","Koishi:EmbryosDream"],"picked":"Koishi:Bloodlust+1","floor":37},{"not_picked":["Koishi:RorschachInDanmaku+1","Koishi:PredatoryInstincts"],"picked":"Koishi:LastRemote","floor":38},{"not_picked":["Koishi:Prune","Koishi:HeartfeltFancy","Koishi:ReflexRadar"],"picked":"SKIP","floor":39},{"not_picked":["Gensokyo:RisingWorld+1","Gensokyo:LifeSpringInfinity+1"],"picked":"Gensokyo:Dawn+1","floor":42},{"not_picked":["Koishi:RacingHeart","Koishi:BloodcurdlingScream","Koishi:SpiritedAway"],"picked":"SKIP","floor":44},{"not_picked":["Koishi:SilentAndRestless","Koishi:ReflexRadar","Koishi:UnconsciousUprising"],"picked":"SKIP","floor":46}],"player_experience":572965,"relics_obtained":[{"floor":6,"key":"Bag of Preparation"},{"floor":8,"key":"Koishi:TeethAndClaws"},{"floor":9,"key":"Orichalcum"},{"floor":10,"key":"Meat on the Bone"},{"floor":22,"key":"Old Coin"},{"floor":25,"key":"Darkstone Periapt"},{"floor":26,"key":"The Courier"},{"floor":30,"key":"Strawberry"},{"floor":43,"key":"Regal Pillow"},{"floor":44,"key":"Mummified Hand"},{"floor":47,"key":"Ornamental Fan"}],"event_choices":[],"is_beta":false,"boss_relics":[{"not_picked":["Pandora\u0027s Box","Busted Crown"],"picked":"Empty Cage"},{"not_picked":["Koishi:ColorfulDays","Runic Dome"],"picked":"Snecko Eye"}],"items_purged_floors":[41],"is_endless":false,"potions_floor_spawned":[5,8,13,16,19,21,30,33,39,44,46],"ascension_level":14}}