{"host":"mb4cisebr17g8vuz","time":1613787447,"event":{"mods":["AchievementEnabler","BaseMod","Colored Map","Colored Powertips","Minty Spire (QoL Compilation)","SuperFastMode","everything is the same but u backflip on backflip"],"gold_per_floor":[118,129,140,150,162,190,3,3,3,23,51,73,73,89,89,167,167,179,189,189,199,219,219,219,219,244,47,62,62,112,112,112],"floor_reached":31,"language":"KOR","playtime":797,"items_purged":[],"score":534,"play_id":"3820fc62-0966-41d0-887b-1979b0a00404","local_time":"20210219211727","is_ascension_mode":true,"campfire_choices":[{"data":"Apotheosis","floor":15.0,"key":"SMITH"},{"data":"Pommel Strike","floor":23.0,"key":"SMITH"},{"data":"Shrug It Off","floor":25.0,"key":"SMITH"}],"circlet_count":0,"master_deck":["AscendersBane","Strike_R","Strike_R","Strike_R","Strike_R","Strike_R","Defend_R","Defend_R","Defend_R","Defend_R","Bash","Thunderclap","Wild Strike","Shrug It Off+1","Sword Boomerang","Twin Strike","Offering","Apotheosis+1","Perfected Strike","Headbutt","Perfected Strike","Pommel Strike+1","Twin Strike","Perfected Strike","Wild Strike","Shrug It Off","Necronomicurse"],"relics":["Burning Blood","PreservedInsect","Shuriken","Question Card","Odd Mushroom","Coffee Dripper","Nloth\u0027s Gift","Pen Nib","Anchor","Necronomicon"],"acts_visited":["Exordium","TheCity"],"potions_floor_usage":[],"damage_taken":[{"damage":2.0,"enemies":"Cultist","floor":1.0,"turns":4.0},{"damage":11.0,"enemies":"Jaw Worm","floor":2.0,"turns":5.0},{"damage":7.0,"enemies":"2 Louse","floor":3.0,"turns":3.0},{"damage":11.0,"enemies":"2 Fungi Beasts","floor":4.0,"turns":3.0},{"damage":11.0,"enemies":"Blue Slaver","floor":5.0,"turns":4.0},{"damage":28.0,"enemies":"Gremlin Nob","floor":6.0,"turns":4.0},{"damage":18.0,"enemies":"3 Louse","floor":10.0,"turns":2.0},{"damage":6.0,"enemies":"Lagavulin","floor":11.0,"turns":2.0},{"damage":11.0,"enemies":"The Mushroom Lair","floor":12.0,"turns":4.0},{"damage":6.0,"enemies":"Exordium Thugs","floor":14.0,"turns":3.0},{"damage":27.0,"enemies":"Hexaghost","floor":16.0,"turns":9.0},{"damage":19.0,"enemies":"Shell Parasite","floor":18.0,"turns":3.0},{"damage":1.0,"enemies":"Chosen","floor":19.0,"turns":3.0},{"damage":6.0,"enemies":"Snake Plant","floor":21.0,"turns":2.0},{"damage":14.0,"enemies":"3 Cultists","floor":22.0,"turns":3.0},{"damage":6.0,"enemies":"Centurion and Healer","floor":28.0,"turns":3.0},{"damage":6,"enemies":"Sentry and Sphere","floor":31,"turns":1}],"seed_played":"-3095452892145598446","potions_obtained":[{"floor":3.0,"key":"DuplicationPotion"},{"floor":4.0,"key":"DistilledChaos"},{"floor":10.0,"key":"SneckoOil"},{"floor":11.0,"key":"Weak Potion"},{"floor":12.0,"key":"BloodPotion"},{"floor":16.0,"key":"DistilledChaos"},{"floor":22.0,"key":"Swift Potion"}],"is_trial":false,"path_per_floor":["M","M","M","M","M","E","$","?","T","M","E","?","?","M","R","B",null,"M","M","?","M","M","R","?","R","T","$","M","?","?","M"],"character_chosen":"IRONCLAD","items_purchased":["Apotheosis","Anchor","Shrug It Off"],"campfire_rested":0,"item_purchase_floors":[7,27,27],"current_hp_per_floor":[79,74,73,68,63,41,41,41,41,29,29,24,24,24,24,19,66,53,58,34,34,26,26,26,26,26,26,26,5,5,0,0],"gold":112,"neow_bonus":"TEN_PERCENT_HP_BONUS","is_daily":false,"chose_seed":false,"campfire_upgraded":3,"win_rate":0.0,"timestamp":1613787447,"path_taken":["M","M","M","M","M","E","?","?","T","M","E","?","?","M","R","BOSS","M","M","?","M","M","R","?","R","T","$","?","?","?","M"],"items_purchased_type":["Card","Relic","Card"],"build_version":"2020-12-22","purchased_purges":0,"victory":false,"max_hp_per_floor":[82,82,82,82,82,82,82,82,82,82,82,82,82,82,82,82,82,82,82,87,87,87,87,87,87,87,87,87,87,87,87,87],"card_choices":[{"not_picked":["Entrench","Rampage"],"picked":"Thunderclap","floor":1.0},{"not_picked":["Wild Strike","Thunderclap","Rupture"],"picked":"SKIP","floor":2.0},{"not_picked":["Thunderclap","Rupture"],"picked":"Wild Strike","floor":2.0},{"not_picked":["True Grit","Heavy Blade"],"picked":"Shrug It Off","floor":3.0},{"not_picked":["Flex","Intimidate"],"picked":"Sword Boomerang","floor":4.0},{"not_picked":["Bloodletting","Headbutt"],"picked":"Twin Strike","floor":5.0},{"not_picked":["Armaments","Shockwave"],"picked":"Offering","floor":6.0},{"not_picked":["Thunderclap","Headbutt","Iron Wave"],"picked":"Perfected Strike","floor":10.0},{"not_picked":["Juggernaut","True Grit","Hemokinesis","Heavy Blade"],"picked":"SKIP","floor":11.0},{"not_picked":["Iron Wave","Clash","Rampage"],"picked":"Headbutt","floor":12.0},{"not_picked":["Clothesline","Sword Boomerang","Anger"],"picked":"Perfected Strike","floor":14.0},{"not_picked":["Flame Barrier+1","Bloodletting","Iron Wave"],"picked":"Pommel Strike","floor":18.0},{"not_picked":["Clash","Body Slam","Entrench"],"picked":"Twin Strike","floor":19.0},{"not_picked":["Wild Strike","Clash","Feel No Pain"],"picked":"Perfected Strike","floor":21.0},{"not_picked":["Iron Wave","Bludgeon","Body Slam"],"picked":"Wild Strike","floor":22.0},{"not_picked":["Headbutt","Combust","Disarm","Iron Wave"],"picked":"SKIP","floor":28.0}],"player_experience":257279,"relics_obtained":[{"floor":6.0,"key":"PreservedInsect"},{"floor":9.0,"key":"Question Card"},{"floor":11.0,"key":"Dream Catcher"},{"floor":12.0,"key":"Odd Mushroom"},{"floor":26.0,"key":"Pen Nib"},{"floor":29,"key":"Necronomicon"}],"event_choices":[{"damage_healed":0.0,"max_hp_gain":0.0,"max_hp_loss":0.0,"gold_gain":0.0,"event_name":"Dead Adventurer","player_choice":"Searched \u00271\u0027 times","floor":8.0,"gold_loss":0.0,"damage_taken":0.0,"relics_obtained":["Shuriken"]},{"damage_healed":0.0,"max_hp_gain":0.0,"max_hp_loss":0.0,"gold_gain":0.0,"event_name":"Mushrooms","player_choice":"Fought Mushrooms","floor":12.0,"gold_loss":0.0,"damage_taken":0.0},{"damage_healed":0.0,"max_hp_gain":0.0,"max_hp_loss":0.0,"gold_gain":0.0,"event_name":"Liars Game","player_choice":"Ignored","floor":13.0,"gold_loss":0.0,"damage_taken":0.0},{"damage_healed":0.0,"max_hp_gain":5.0,"max_hp_loss":0.0,"gold_gain":0.0,"event_name":"Forgotten Altar","player_choice":"Shed Blood","floor":20.0,"gold_loss":0.0,"damage_taken":29.0},{"damage_healed":0.0,"max_hp_gain":0.0,"max_hp_loss":0.0,"gold_gain":0.0,"event_name":"N\u0027loth","player_choice":"Traded Relic","floor":24.0,"relics_lost":["Dream Catcher"],"gold_loss":0.0,"damage_taken":0.0,"relics_obtained":["Nloth\u0027s Gift"]},{"damage_healed":0,"gold_gain":0,"player_choice":"Obtained Book","damage_taken":21,"max_hp_gain":0,"max_hp_loss":0,"event_name":"Cursed Tome","floor":29,"gold_loss":0},{"damage_healed":0,"gold_gain":50,"player_choice":"Stole From Cult","damage_taken":0,"max_hp_gain":0,"max_hp_loss":0,"event_name":"Nest","floor":30,"gold_loss":0}],"is_beta":false,"boss_relics":[{"not_picked":["Black Blood","SacredBark"],"picked":"Coffee Dripper"}],"items_purged_floors":[],"is_endless":false,"potions_floor_spawned":[3,4,10,11,12,16,22],"killed_by":"Sentry and Sphere","ascension_level":19}}