{"host":"ow66nzv2xecjoor3","time":1613865320,"event":{"mods":["BaseMod","Bestiary","Block Reminder","Colored Powertips","Curses Come First","Highlight Path","Keyboard Shortcuts","Minty Spire (QoL Compilation)","Permanent Neow","Relic Stats","StSLib","UnlockEverythingMod"],"gold_per_floor":[112,112,112,133,146,146,189,27,27,46,60,93,93,106,106,202,265,278,296,95,119,159,159,195,195,220,220,241,275,325,360,360,360,360],"floor_reached":33,"language":"ENG","playtime":1176,"items_purged":["Strike_R"],"score":680,"play_id":"ac20ab61-59d2-460f-ae5f-d32559568e97","local_time":"20210220175520","is_ascension_mode":true,"campfire_choices":[{"data":"Bash","floor":6,"key":"SMITH"},{"data":"Whirlwind","floor":13,"key":"SMITH"},{"data":"Shockwave","floor":15,"key":"SMITH"},{"floor":23,"key":"REST"},{"data":"Carnage","floor":25,"key":"SMITH"},{"floor":27,"key":"REST"},{"data":"Blood for Blood","floor":32,"key":"SMITH"}],"circlet_count":0,"master_deck":["AscendersBane","Strike_R","Strike_R","Strike_R","Strike_R","Defend_R+1","Defend_R","Defend_R","Defend_R","Bash+1","Shrug It Off","Shrug It Off","Searing Blow","Shockwave+1","Whirlwind+1","Feel No Pain","Corruption","Exhume","Shockwave","Warcry+1","Reaper","Carnage+1","Seeing Red","Blood for Blood+1","Armaments+1"],"relics":["Sozu","Pocketwatch","Golden Idol","PreservedInsect","Calipers","Singing Bowl","Tiny House","Frozen Eye","Red Mask","Toxic Egg 2","Lantern","Juzu Bracelet","InkBottle"],"acts_visited":["Exordium","TheCity"],"potions_floor_usage":[],"damage_taken":[{"damage":7,"enemies":"Jaw Worm","floor":1,"turns":4},{"damage":7,"enemies":"Small Slimes","floor":4,"turns":3},{"damage":0,"enemies":"Cultist","floor":5,"turns":3},{"damage":19,"enemies":"3 Sentries","floor":7,"turns":11},{"damage":0,"enemies":"Blue Slaver","floor":10,"turns":5},{"damage":0,"enemies":"3 Louse","floor":11,"turns":1},{"damage":1,"enemies":"Gremlin Nob","floor":12,"turns":3},{"damage":0,"enemies":"2 Fungi Beasts","floor":14,"turns":1},{"damage":16,"enemies":"Slime Boss","floor":16,"turns":8},{"damage":17,"enemies":"2 Thieves","floor":18,"turns":3},{"damage":0,"enemies":"3 Byrds","floor":19,"turns":3},{"damage":8,"enemies":"Centurion and Healer","floor":21,"turns":6},{"damage":19,"enemies":"Masked Bandits","floor":22,"turns":3},{"damage":27,"enemies":"Book of Stabbing","floor":24,"turns":6},{"damage":7,"enemies":"Sentry and Sphere","floor":28,"turns":4},{"damage":0,"enemies":"Gremlin Leader","floor":29,"turns":2},{"damage":11,"enemies":"Book of Stabbing","floor":31,"turns":4},{"damage":42,"enemies":"Champ","floor":33,"turns":11}],"seed_played":"-40413947683841706","potions_obtained":[],"is_trial":false,"path_per_floor":["M","?","?","M","M","R","E","$","T","M","M","E","R","M","R","B",null,"M","M","$","M","?","R","E","R","T","R","M","E","?","E","R","B"],"character_chosen":"IRONCLAD","items_purchased":["Shockwave","Carnage","Frozen Eye"],"campfire_rested":2,"item_purchase_floors":[8,20,20],"current_hp_per_floor":[61,56,56,49,49,49,30,30,30,30,30,29,29,31,31,15,61,44,44,44,40,23,46,25,25,25,48,45,47,47,38,38,0,0],"gold":360,"neow_bonus":"BOSS_RELIC","is_daily":false,"chose_seed":false,"campfire_upgraded":5,"win_rate":0.0,"timestamp":1613865320,"path_taken":["M","?","?","M","M","R","E","$","T","M","M","E","R","M","R","BOSS","M","M","$","M","?","R","E","R","T","R","M","E","?","E","R","BOSS"],"items_purchased_type":["Card","Card","Relic"],"build_version":"2020-12-22","purchased_purges":1,"victory":false,"max_hp_per_floor":[75,75,68,68,68,68,68,68,68,68,68,68,68,70,70,70,75,75,75,75,75,77,77,77,77,77,77,77,79,79,81,81,81,81],"relic_stats":{"Sozu":8,"Singing Bowl":8,"counters":[18,81],"Golden Idol":110,"PreservedInsect":159,"Juzu Bracelet":0,"obtain_stats":[{"Lantern":26,"Calipers":9,"Tiny House":17,"Singing Bowl":12,"Golden Idol":3,"PreservedInsect":7,"Juzu Bracelet":29,"Burning Blood":0,"Sozu":0,"Frozen Eye":20,"Red Mask":22,"Toxic Egg 2":24,"InkBottle":31,"Pocketwatch":2},{"Lantern":14,"Calipers":4,"Tiny House":9,"Singing Bowl":7,"Golden Idol":1,"PreservedInsect":4,"Juzu Bracelet":16,"Burning Blood":0,"Sozu":0,"Frozen Eye":11,"Red Mask":13,"Toxic Egg 2":14,"InkBottle":17,"Pocketwatch":1},{"Lantern":60,"Calipers":21,"Tiny House":39,"Singing Bowl":30,"Golden Idol":4,"PreservedInsect":21,"Juzu Bracelet":66,"Burning Blood":0,"Sozu":0,"Frozen Eye":45,"Red Mask":54,"Toxic Egg 2":60,"InkBottle":70,"Pocketwatch":4}],"InkBottle":[3],"Pocketwatch":[150]},"card_choices":[{"not_picked":["Warcry","Heavy Blade"],"picked":"Shrug It Off","floor":1},{"not_picked":["Body Slam","Power Through"],"picked":"Shrug It Off","floor":4},{"not_picked":["Infernal Blade","Havoc","Anger"],"picked":"SKIP","floor":5},{"not_picked":["Twin Strike","Sword Boomerang"],"picked":"Searing Blow","floor":7},{"not_picked":["Infernal Blade","Second Wind"],"picked":"Whirlwind","floor":10},{"not_picked":["Havoc","Anger"],"picked":"Feel No Pain","floor":11},{"not_picked":["Flame Barrier","Juggernaut"],"picked":"Corruption","floor":12},{"not_picked":["Cleave","Perfected Strike","Ghostly Armor"],"picked":"Singing Bowl","floor":14},{"not_picked":["Limit Break","Barricade"],"picked":"Exhume","floor":16},{"not_picked":["Clothesline","Cleave"],"picked":"Shockwave","floor":17},{"not_picked":["True Grit","Iron Wave"],"picked":"Warcry+1","floor":18},{"not_picked":["Iron Wave","Shrug It Off"],"picked":"Reaper","floor":19},{"not_picked":["Wild Strike","Hemokinesis"],"picked":"Seeing Red","floor":21},{"not_picked":["Headbutt","Dark Embrace","Perfected Strike+1"],"picked":"Singing Bowl","floor":22},{"not_picked":["Havoc+1","Heavy Blade"],"picked":"Blood for Blood","floor":24},{"not_picked":["Searing Blow","Hemokinesis"],"picked":"Armaments+1","floor":28},{"not_picked":["Sword Boomerang","Hemokinesis","Perfected Strike+1"],"picked":"Singing Bowl","floor":29},{"not_picked":["Iron Wave","Headbutt+1","Cleave"],"picked":"Singing Bowl","floor":31}],"player_experience":2912083,"relics_obtained":[{"floor":7,"key":"PreservedInsect"},{"floor":9,"key":"Calipers"},{"floor":12,"key":"Singing Bowl"},{"floor":22,"key":"Red Mask"},{"floor":24,"key":"Toxic Egg 2"},{"floor":26,"key":"Lantern"},{"floor":29,"key":"Juzu Bracelet"},{"floor":31,"key":"InkBottle"}],"event_choices":[{"damage_healed":0,"gold_gain":0,"player_choice":"Success","damage_taken":5,"relics_obtained":["Pocketwatch"],"max_hp_gain":0,"max_hp_loss":0,"event_name":"Scrap Ooze","floor":2,"gold_loss":0},{"damage_healed":0,"gold_gain":0,"player_choice":"Lose Max HP","damage_taken":0,"relics_obtained":["Golden Idol"],"max_hp_gain":0,"max_hp_loss":7,"event_name":"Golden Idol","floor":3,"gold_loss":0},{"damage_healed":0,"gold_gain":0,"player_choice":"Fought Bandits","damage_taken":0,"max_hp_gain":0,"max_hp_loss":0,"event_name":"Masked Bandits","floor":22,"gold_loss":0},{"damage_healed":0,"gold_gain":100,"player_choice":"Bet on Murderer","damage_taken":0,"max_hp_gain":0,"max_hp_loss":0,"event_name":"The Joust","floor":30,"gold_loss":50}],"is_beta":false,"boss_relics":[{"not_picked":["Busted Crown","Runic Cube"],"picked":"Tiny House"}],"items_purged_floors":[8],"is_endless":false,"potions_floor_spawned":[7,10,16,21,24,28,29],"killed_by":"Champ","ascension_level":20}}