{"host":"f5gffvlv6a66yqkd","time":1613830981,"event":{"mods":["2.2 Compatiblity","BaseMod","Colored Map","Custom Start","DeckTracker","Keyboard Shortcuts","Minty Spire (QoL Compilation)","Permanent Neow","Quick Restart","Relic Stats","StSLib","SuperFastMode"],"gold_per_floor":[111,124,144,124,141,141,154,154,154],"floor_reached":8,"language":"KOR","playtime":134,"items_purged":[],"score":100,"play_id":"91bb36bc-9ef5-494a-b1cf-285f4fe26104","local_time":"20210220232301","is_ascension_mode":true,"campfire_choices":[{"data":"Zap","floor":6,"key":"SMITH"}],"circlet_count":0,"master_deck":["AscendersBane","Strike_B","Strike_B","Strike_B","Strike_B","Defend_B","Defend_B","Defend_B","Defend_B","Zap+1","Dualcast","Hello World","Streamline","Ball Lightning","Turbo"],"relics":["Cracked Core","Tiny Chest"],"acts_visited":["Exordium"],"potions_floor_usage":[],"damage_taken":[{"damage":9.0,"enemies":"Small Slimes","floor":1.0,"turns":4.0},{"damage":1.0,"enemies":"Cultist","floor":2.0,"turns":3.0},{"damage":0.0,"enemies":"2 Louse","floor":3.0,"turns":1.0},{"damage":11,"enemies":"Looter","floor":5,"turns":2},{"damage":8,"enemies":"3 Louse","floor":7,"turns":4},{"damage":40,"enemies":"3 Sentries","floor":8,"turns":4}],"seed_played":"5485383277222685012","potions_obtained":[{"floor":2.0,"key":"BlessingOfTheForge"},{"floor":4,"key":"Weak Potion"}],"is_trial":false,"path_per_floor":["M","M","M","?","M","R","M","E"],"character_chosen":"DEFECT","items_purchased":[],"campfire_rested":0,"item_purchase_floors":[],"current_hp_per_floor":[55,54,54,54,43,43,35,0,0],"gold":154,"neow_bonus":"RANDOM_COMMON_RELIC","is_daily":false,"chose_seed":false,"campfire_upgraded":1,"win_rate":0.0,"timestamp":1613830981,"path_taken":["M","M","M","?","?","R","M","E"],"items_purchased_type":[],"build_version":"2020-12-22","purchased_purges":0,"victory":false,"max_hp_per_floor":[71,71,71,71,71,71,71,71,71],"relic_stats":{"counters":[6,18],"Tiny Chest":0,"obtain_stats":[{"Tiny Chest":0,"Cracked Core":0},{"Tiny Chest":0,"Cracked Core":0},{"Tiny Chest":0,"Cracked Core":0}]},"card_choices":[{"not_picked":["Hologram","Steam"],"picked":"Hello World","floor":1.0},{"not_picked":["Compile Driver","Stack"],"picked":"Streamline","floor":2.0},{"not_picked":["Loop","Go for the Eyes"],"picked":"Ball Lightning","floor":3.0},{"not_picked":["Scrape","Hologram","Tempest"],"picked":"SKIP","floor":5},{"not_picked":["Sweeping Beam","Skim"],"picked":"Turbo","floor":7}],"player_experience":1541915,"relics_obtained":[],"event_choices":[{"damage_healed":0,"gold_gain":0,"player_choice":"Bought 1 Potion","damage_taken":0,"max_hp_gain":0,"max_hp_loss":0,"event_name":"The Woman in Blue","floor":4,"gold_loss":0}],"is_beta":false,"boss_relics":[],"items_purged_floors":[],"is_endless":false,"potions_floor_spawned":[2,5],"killed_by":"3 Sentries","ascension_level":20}}