{"host":"9rqxlbwknj581inl","time":1613780980,"event":{"mods":["AchievementEnabler","BaseMod","Colored Map","Colored Powertips","Dark Map","Highlight Path","Minty Spire (QoL Compilation)","Quick Restart","Random Character Button","Random Character Mod"],"gold_per_floor":[109,127,127,146,165,165,200,300,326,340,356,373,373,408,408,504,504,520,534,544,63,63,63,80,80,107,122,122,32,32,32],"floor_reached":30,"language":"ENG","playtime":2229,"items_purged":["Regret"],"score":244,"play_id":"feb087da-84a2-44b6-9c65-5b7389fa3371","local_time":"20210219172940","is_ascension_mode":false,"campfire_choices":[{"data":"Eruption","floor":6,"key":"SMITH"},{"data":"Vigilance","floor":13,"key":"SMITH"},{"data":"FollowUp","floor":15,"key":"SMITH"},{"data":"EmptyBody","floor":23,"key":"SMITH"},{"data":"LessonLearned","floor":25,"key":"SMITH"}],"circlet_count":0,"master_deck":["Strike_P","Strike_P","Defend_P","Defend_P+1","Defend_P","Defend_P","Eruption+1","Vigilance+1","EmptyBody+1","FlurryOfBlows","Consecrate","Vengeance","InnerPeace","Tantrum","EmptyFist","Worship","FollowUp+1","LessonLearned+1","FearNoEvil","FlurryOfBlows","CutThroughFate","FlurryOfBlows","Prostrate","Evaluate"],"relics":["PureWater","Blood Vial","Damaru","Centennial Puzzle","FossilizedHelix","Black Star","Pantograph","Bronze Scales"],"acts_visited":["Exordium","TheCity"],"potions_floor_usage":[10,16,16,18,19,27,30],"damage_taken":[{"damage":5,"enemies":"Small Slimes","floor":1,"turns":3},{"damage":0,"enemies":"Cultist","floor":2,"turns":3},{"damage":3,"enemies":"Jaw Worm","floor":4,"turns":4},{"damage":3,"enemies":"Exordium Wildlife","floor":5,"turns":3},{"damage":4,"enemies":"3 Sentries","floor":7,"turns":4},{"damage":5,"enemies":"Large Slime","floor":10,"turns":3},{"damage":3,"enemies":"Gremlin Gang","floor":11,"turns":3},{"damage":2,"enemies":"Exordium Wildlife","floor":12,"turns":2},{"damage":27,"enemies":"Lagavulin","floor":14,"turns":6},{"damage":6,"enemies":"Slime Boss","floor":16,"turns":6},{"damage":10,"enemies":"Chosen","floor":18,"turns":2},{"damage":5,"enemies":"2 Thieves","floor":19,"turns":3},{"damage":28,"enemies":"Snake Plant","floor":20,"turns":2},{"damage":5,"enemies":"Chosen and Byrds","floor":24,"turns":3},{"damage":17,"enemies":"Sentry and Sphere","floor":27,"turns":3},{"damage":30,"enemies":"Snake Plant","floor":30,"turns":3}],"seed_played":"9167427012362503734","potions_obtained":[{"floor":2,"key":"Swift Potion"},{"floor":4,"key":"PowerPotion"},{"floor":7,"key":"Weak Potion"},{"floor":16,"key":"Fire Potion"},{"floor":18,"key":"Block Potion"},{"floor":27,"key":"EssenceOfSteel"}],"is_trial":false,"path_per_floor":["M","M","?","M","M","R","E","?","T","M","M","M","R","E","R","B",null,"M","M","M","$","?","R","M","R","T","M","?","?","M"],"character_chosen":"WATCHER","items_purchased":["FlurryOfBlows","Pantograph","Block Potion","Fire Potion"],"campfire_rested":0,"item_purchase_floors":[21,21,21,21],"current_hp_per_floor":[74,74,74,73,72,72,70,70,70,67,66,66,66,41,41,37,79,69,66,40,40,40,40,37,37,37,22,22,22,0,0],"gold":32,"neow_bonus":"TEN_PERCENT_HP_BONUS","is_daily":false,"chose_seed":false,"campfire_upgraded":5,"win_rate":0.0,"timestamp":1613780980,"path_taken":["M","M","?","M","M","R","E","?","T","M","?","M","R","E","R","BOSS","M","M","M","$","?","R","M","R","T","M","?","?","M"],"items_purchased_type":["Card","Relic","Potion","Potion"],"build_version":"2020-12-22","purchased_purges":1,"victory":false,"max_hp_per_floor":[79,79,79,79,79,79,79,79,79,79,79,79,79,79,79,79,79,79,79,79,79,79,79,79,79,79,79,79,79,79,79],"card_choices":[{"not_picked":["Consecrate","CutThroughFate"],"picked":"EmptyBody","floor":1},{"not_picked":["MentalFortress","SashWhip"],"picked":"FlurryOfBlows","floor":2},{"not_picked":["EmptyBody","SandsOfTime"],"picked":"Consecrate","floor":4},{"not_picked":["LikeWater","Prostrate"],"picked":"Vengeance","floor":5},{"not_picked":["WreathOfFlame","CutThroughFate"],"picked":"InnerPeace","floor":7},{"not_picked":["WreathOfFlame","CutThroughFate"],"picked":"Tantrum","floor":10},{"not_picked":["Vengeance","Crescendo"],"picked":"EmptyFist","floor":11},{"not_picked":["Crescendo","DeusExMachina"],"picked":"Worship","floor":12},{"not_picked":["Protect","DeceiveReality"],"picked":"FollowUp","floor":14},{"not_picked":["Ragnarok","Establishment"],"picked":"LessonLearned","floor":16},{"not_picked":["Meditate+1","ThirdEye"],"picked":"FearNoEvil","floor":18},{"not_picked":["Prostrate","CutThroughFate"],"picked":"FlurryOfBlows","floor":19},{"not_picked":["Prostrate","Crescendo+1"],"picked":"CutThroughFate","floor":20},{"not_picked":["Omniscience","WaveOfTheHand"],"picked":"Prostrate","floor":24},{"not_picked":["ForeignInfluence","CarveReality"],"picked":"Evaluate","floor":27}],"player_experience":164541,"relics_obtained":[{"floor":7,"key":"Damaru"},{"floor":9,"key":"Centennial Puzzle"},{"floor":14,"key":"FossilizedHelix"},{"floor":26,"key":"Bronze Scales"}],"event_choices":[{"damage_healed":0,"gold_gain":0,"player_choice":"Box","damage_taken":0,"relics_obtained":["Blood Vial"],"max_hp_gain":0,"max_hp_loss":0,"event_name":"Big Fish","floor":3,"gold_loss":0,"cards_obtained":["Regret"]},{"damage_healed":0,"gold_gain":100,"player_choice":"Pray","damage_taken":0,"max_hp_gain":0,"max_hp_loss":0,"event_name":"Golden Shrine","floor":8,"gold_loss":0},{"cards_removed":["Strike_P"],"damage_healed":0,"gold_gain":0,"player_choice":"Elegance","damage_taken":0,"max_hp_gain":0,"max_hp_loss":0,"event_name":"Back to Basics","floor":22,"gold_loss":0},{"damage_healed":0,"gold_gain":0,"player_choice":"Ignored","damage_taken":0,"max_hp_gain":0,"max_hp_loss":0,"event_name":"Ghosts","floor":28,"gold_loss":0},{"cards_removed":["Strike_P"],"damage_healed":0,"gold_gain":0,"player_choice":"Upgrade and Remove","damage_taken":0,"max_hp_gain":0,"max_hp_loss":0,"event_name":"Designer","floor":29,"gold_loss":90,"cards_upgraded":["Defend_P"]}],"is_beta":false,"boss_relics":[{"not_picked":["SacredBark","Busted Crown"],"picked":"Black Star"}],"items_purged_floors":[21],"is_endless":false,"potions_floor_spawned":[2,4,7,16,18,27],"killed_by":"Snake Plant","ascension_level":0}}