{"host":"jngeqill3bw7azzz","time":1613833542,"event":{"mods":["BaseMod","Highlight Path","Minty Spire (QoL Compilation)","Permanent Neow","Relic Stats"],"gold_per_floor":[115,115,132,207,46,46,75,17,17,31,81,115,125,159,159,236,236,251,176,356,371,37,37,69,69,116,130,170,201,258,637,637,728,728,801,801,846,205,242,242,297,297,324,324,396,49,121,154,154,204,204,204,204,89,164,184],"floor_reached":57,"language":"ENG","playtime":4846,"items_purged":["Combust","Rupture"],"score":3026,"play_id":"35877942-c381-4c3d-92de-841f041f2f69","local_time":"20210220100542","is_ascension_mode":true,"campfire_choices":[{"floor":6,"key":"REST"},{"floor":15,"key":"REST"},{"floor":23,"key":"REST"},{"floor":25,"key":"RECALL"},{"floor":32,"key":"REST"},{"floor":40,"key":"REST"},{"floor":42,"key":"REST"},{"floor":44,"key":"REST"},{"floor":49,"key":"REST"},{"floor":53,"key":"REST"}],"circlet_count":0,"master_deck":["AscendersBane","Bash","Twin Strike","Inflame","Cleave","Armaments","Armaments","Impervious","Inflame","Barricade","HandOfGreed","Corruption","Flame Barrier","Power Through+1","Inflame","Dual Wield","Whirlwind+1","Impervious","Corruption","Entrench","Burning Pact","Heavy Blade","Barricade","Corruption","Bludgeon","Burning Pact","Exhume","Body Slam","PanicButton","Dark Embrace","Uppercut","Disarm","Entrench","Shrug It Off","Disarm"],"relics":["Fusion Hammer","Toolbox","Happy Flower","Mummified Hand","Vajra","Shuriken","Paper Frog","Snecko Eye","Torii","Orichalcum","Old Coin","Pandora\u0027s Box","StoneCalendar","Ancient Tea Set","Akabeko","Boot","Mango","Bag of Preparation","Blue Candle"],"acts_visited":["Exordium","TheCity","TheBeyond","TheEnding"],"potions_floor_usage":[12,16,27,29,33,38,51,56,56,56,56],"damage_taken":[{"damage":2,"enemies":"Jaw Worm","floor":1,"turns":3},{"damage":0,"enemies":"Small Slimes","floor":3,"turns":3},{"damage":20,"enemies":"Lagavulin","floor":7,"turns":5},{"damage":0,"enemies":"2 Louse","floor":10,"turns":2},{"damage":0,"enemies":"3 Sentries","floor":12,"turns":3},{"damage":1,"enemies":"Lots of Slimes","floor":13,"turns":2},{"damage":10,"enemies":"Lagavulin","floor":14,"turns":4},{"damage":0,"enemies":"Slime Boss","floor":16,"turns":5},{"damage":20,"enemies":"3 Byrds","floor":18,"turns":4},{"damage":3,"enemies":"Spheric Guardian","floor":21,"turns":3},{"damage":0,"enemies":"Gremlin Leader","floor":24,"turns":4},{"damage":17,"enemies":"Snake Plant","floor":27,"turns":3},{"damage":0,"enemies":"Cultist and Chosen","floor":28,"turns":4},{"damage":2,"enemies":"Snecko","floor":29,"turns":3},{"damage":0,"enemies":"Centurion and Healer","floor":30,"turns":4},{"damage":27,"enemies":"Slavers","floor":31,"turns":5},{"damage":15,"enemies":"Automaton","floor":33,"turns":8},{"damage":10,"enemies":"3 Shapes","floor":35,"turns":7},{"damage":0,"enemies":"Mind Bloom Boss Battle","floor":37,"turns":5},{"damage":0,"enemies":"3 Darklings","floor":39,"turns":4},{"damage":0,"enemies":"Reptomancer","floor":41,"turns":3},{"damage":0,"enemies":"2 Orb Walkers","floor":45,"turns":2},{"damage":0,"enemies":"Sphere and 2 Shapes","floor":47,"turns":2},{"damage":0,"enemies":"Maw","floor":48,"turns":5},{"damage":48,"enemies":"Donu and Deca","floor":50,"turns":7},{"damage":19,"enemies":"Awakened One","floor":51,"turns":7},{"damage":0,"enemies":"Shield and Spear","floor":55,"turns":2},{"damage":67,"enemies":"The Heart","floor":56,"turns":9}],"seed_played":"-5285796773566347287","potions_obtained":[{"floor":3,"key":"LiquidMemories"},{"floor":10,"key":"SkillPotion"},{"floor":13,"key":"PowerPotion"},{"floor":16,"key":"EntropicBrew"},{"floor":27,"key":"BloodPotion"},{"floor":29,"key":"Dexterity Potion"},{"floor":37,"key":"Fruit Juice"}],"is_trial":false,"path_per_floor":["M","?","M","?","$","R","E","?","T","M","?","E","M","E","R","B",null,"M","$","?","M","$","R","E","R","T","M","M","M","M","E","R","B",null,"M","?","?","$","M","R","E","R","T","R","?","$","M","M","R","B","B",null,"R","$","E","B",null],"character_chosen":"IRONCLAD","items_purchased":["Toolbox","Combust","Barricade","HandOfGreed","Ancient Tea Set","Body Slam","PanicButton","Akabeko","DuplicationPotion","Bag of Preparation","Disarm","Dexterity Potion","Shrug It Off"],"campfire_rested":9,"item_purchase_floors":[5,19,22,22,38,38,38,38,38,46,46,54,54],"current_hp_per_floor":[66,59,59,48,48,70,50,50,50,50,50,50,49,39,61,61,72,52,52,33,30,30,52,52,52,52,35,35,48,48,21,43,28,63,53,53,53,58,58,80,80,80,80,80,94,94,94,94,94,46,27,77,94,94,94,42],"gold":184,"neow_bonus":"BOSS_RELIC","is_daily":false,"chose_seed":false,"campfire_upgraded":0,"win_rate":0.0,"timestamp":1613833542,"path_taken":["M","?","M","?","$","R","E","?","T","?","?","E","M","E","R","BOSS","M","$","?","M","$","R","E","R","T","?","M","?","M","E","R","BOSS","M","?","?","$","M","R","E","R","T","R","?","$","M","M","R","BOSS","BOSS","R","$","E","BOSS"],"items_purchased_type":["Relic","Card","Card","Card","Relic","Card","Card","Relic","Potion","Relic","Card","Potion","Card"],"build_version":"2020-12-22","purchased_purges":2,"victory":true,"max_hp_per_floor":[75,75,75,75,75,75,75,75,75,75,75,75,75,75,75,75,75,75,75,75,75,75,75,75,75,75,75,75,75,75,75,75,75,75,75,75,75,80,80,80,80,80,80,80,94,94,94,94,94,94,94,94,94,94,94,94],"relic_stats":{"Happy Flower":[35],"Torii":11,"counters":[28,118],"Blue Candle":[0],"StoneCalendar":[12],"Bag of Preparation":[12],"Orichalcum":[54],"Boot":[5],"Mummified Hand":[226],"Shuriken":[32],"Snecko Eye":[191,161,186,178],"Pandora\u0027s Box":["Corruption","Entrench","Rupture","Burning Pact","Heavy Blade","Barricade","Corruption","Bludgeon"],"obtain_stats":[{"Happy Flower":7,"Torii":24,"Blue Candle":55,"Vajra":9,"StoneCalendar":37,"Mango":45,"Bag of Preparation":46,"Orichalcum":26,"Ancient Tea Set":38,"Boot":41,"Burning Blood":0,"Akabeko":38,"Old Coin":31,"Mummified Hand":8,"Shuriken":12,"Toolbox":5,"Snecko Eye":17,"Pandora\u0027s Box":34,"Fusion Hammer":0,"Paper Frog":14},{"Happy Flower":3,"Torii":11,"Blue Candle":27,"Vajra":3,"StoneCalendar":19,"Mango":22,"Bag of Preparation":22,"Orichalcum":11,"Ancient Tea Set":19,"Boot":21,"Burning Blood":0,"Akabeko":19,"Old Coin":16,"Mummified Hand":3,"Shuriken":5,"Toolbox":2,"Snecko Eye":8,"Pandora\u0027s Box":17,"Fusion Hammer":0,"Paper Frog":7},{"Happy Flower":11,"Torii":38,"Blue Candle":109,"Vajra":11,"StoneCalendar":77,"Mango":86,"Bag of Preparation":86,"Orichalcum":38,"Ancient Tea Set":77,"Boot":84,"Burning Blood":0,"Akabeko":77,"Old Coin":57,"Mummified Hand":11,"Shuriken":16,"Toolbox":6,"Snecko Eye":27,"Pandora\u0027s Box":65,"Fusion Hammer":0,"Paper Frog":22}]},"card_choices":[{"not_picked":["Heavy Blade","Flex"],"picked":"Twin Strike","floor":1},{"not_picked":["Second Wind","Iron Wave"],"picked":"Inflame","floor":3},{"not_picked":["Flex","Shrug It Off"],"picked":"Cleave","floor":7},{"not_picked":["Havoc","Warcry","Rampage"],"picked":"SKIP","floor":10},{"not_picked":["Havoc","Shrug It Off"],"picked":"Armaments","floor":12},{"not_picked":["Havoc","Sever Soul"],"picked":"Armaments","floor":13},{"not_picked":["Armaments","Infernal Blade","Exhume"],"picked":"SKIP","floor":14},{"not_picked":["Immolate","Exhume"],"picked":"Impervious","floor":16},{"not_picked":["Flex+1","Thunderclap"],"picked":"Inflame","floor":18},{"not_picked":["Power Through","Searing Blow","Pommel Strike"],"picked":"SKIP","floor":21},{"not_picked":["Dual Wield","Armaments"],"picked":"Corruption","floor":24},{"not_picked":["Pummel","Armaments"],"picked":"Flame Barrier","floor":27},{"not_picked":["Iron Wave","Twin Strike"],"picked":"Power Through+1","floor":28},{"not_picked":["Whirlwind","Cleave"],"picked":"Inflame","floor":29},{"not_picked":["Wild Strike","Second Wind"],"picked":"Dual Wield","floor":30},{"not_picked":["Blood for Blood","Perfected Strike"],"picked":"Whirlwind+1","floor":31},{"not_picked":["Feed","Berserk"],"picked":"Impervious","floor":33},{"not_picked":["Headbutt","Spot Weakness+1"],"picked":"Burning Pact","floor":35},{"not_picked":["Headbutt","Flex"],"picked":"Exhume","floor":37},{"not_picked":["Cleave","Carnage+1"],"picked":"Dark Embrace","floor":39},{"not_picked":["Inflame","Clash"],"picked":"Uppercut","floor":41},{"not_picked":["Sword Boomerang","Body Slam","Infernal Blade"],"picked":"SKIP","floor":47},{"not_picked":["Pummel","Body Slam"],"picked":"Entrench","floor":48},{"not_picked":["Rampage","Juggernaut"],"picked":"Disarm","floor":55}],"player_experience":2668432,"relics_obtained":[{"floor":7,"key":"Happy Flower"},{"floor":9,"key":"Vajra"},{"floor":12,"key":"Shuriken"},{"floor":14,"key":"Paper Frog"},{"floor":24,"key":"Torii"},{"floor":26,"key":"Orichalcum"},{"floor":31,"key":"Old Coin"},{"floor":37,"key":"StoneCalendar"},{"floor":41,"key":"Boot"},{"floor":45,"key":"Mango"},{"floor":55,"key":"Blue Candle"}],"event_choices":[{"cards_removed":["Strike_R"],"damage_healed":0,"gold_gain":0,"player_choice":"Card Removal","damage_taken":7,"max_hp_gain":0,"max_hp_loss":0,"event_name":"Golden Wing","floor":2,"gold_loss":0},{"damage_healed":0,"gold_gain":75,"player_choice":"Gather Gold","damage_taken":11,"max_hp_gain":0,"max_hp_loss":0,"event_name":"World of Goop","floor":4,"gold_loss":0},{"damage_healed":0,"gold_gain":0,"player_choice":"Paid Gold","damage_taken":0,"relics_obtained":["Mummified Hand"],"max_hp_gain":0,"max_hp_loss":0,"event_name":"WeMeetAgain","floor":8,"gold_loss":58},{"damage_healed":0,"gold_gain":50,"player_choice":"Pray","damage_taken":0,"max_hp_gain":0,"max_hp_loss":0,"event_name":"Golden Shrine","floor":11,"gold_loss":0},{"damage_healed":0,"gold_gain":180,"player_choice":"GOLD GOLD ","damage_taken":19,"max_hp_gain":0,"max_hp_loss":0,"event_name":"Knowing Skull","floor":20,"potions_obtained":[],"gold_loss":0,"cards_obtained":[]},{"damage_healed":0,"gold_gain":0,"player_choice":"Ignored","damage_taken":0,"max_hp_gain":0,"max_hp_loss":0,"event_name":"Tomb of Lord Red Mask","floor":36,"gold_loss":0},{"damage_healed":0,"gold_gain":0,"player_choice":"Fight","damage_taken":0,"max_hp_gain":0,"max_hp_loss":0,"event_name":"MindBloom","floor":37,"gold_loss":0},{"damage_healed":0,"gold_gain":0,"player_choice":"Fight","damage_taken":0,"max_hp_gain":0,"max_hp_loss":0,"event_name":"Mysterious Sphere","floor":45,"gold_loss":0}],"is_beta":false,"boss_relics":[{"not_picked":["Ectoplasm","Cursed Key"],"picked":"Snecko Eye"},{"not_picked":["Sozu","Runic Dome"],"picked":"Pandora\u0027s Box"}],"items_purged_floors":[38,46],"is_endless":false,"potions_floor_spawned":[3,10,13,16,24,27,29,37,41,48],"ascension_level":20}}