{"host":"ju1b3c4x8n2jtjm7","time":1613835194,"event":{"mods":["AchievementEnabler","BaseMod","Colored Map","Colored Powertips","Highlight Path","Minty Spire (QoL Compilation)","Quick Restart","Rare Cards Sparkle","Relic Stats"],"gold_per_floor":[112,124,144,155,155,155,187,187,211,240,240,43,43,60,60,165,165,181,96,111,210,223,223,251,266,290,302,302,227,227,560,560,661,661,677,697,420,431,30,30,65,65,65,80,80,80,108,158,158,158,158,158,0,34,34],"floor_reached":56,"language":"ENG","playtime":3714,"items_purged":["Strike_R","Strike_R","Strike_R","Strike_R"],"score":1742,"play_id":"2589fc15-1f5b-489d-8c79-ba9d3ba6e11f","local_time":"20210220163314","is_ascension_mode":true,"campfire_choices":[{"data":"Pommel Strike","floor":6.0,"key":"SMITH"},{"data":"Blood for Blood","floor":8.0,"key":"SMITH"},{"data":"Cleave","floor":11.0,"key":"SMITH"},{"data":"Shrug It Off","floor":13.0,"key":"SMITH"},{"data":"Spot Weakness","floor":15.0,"key":"SMITH"},{"data":"Evolve","floor":23.0,"key":"SMITH"},{"data":"Second Wind","floor":28.0,"key":"SMITH"},{"data":"Reaper","floor":30.0,"key":"SMITH"},{"data":"Feel No Pain","floor":32.0,"key":"SMITH"},{"data":"Limit Break","floor":40.0,"key":"SMITH"},{"data":"Bloodletting","floor":42.0,"key":"SMITH"},{"data":"Offering","floor":46.0,"key":"SMITH"},{"floor":49.0,"key":"RECALL"},{"data":"Bash","floor":52.0,"key":"SMITH"}],"circlet_count":0,"master_deck":["AscendersBane","Defend_R","Defend_R","Defend_R","Defend_R","Bash+1","Blood for Blood+1","Pommel Strike+1","Thunderclap","Evolve+1","Bloodletting+1","Cleave+1","Feel No Pain+1","Shrug It Off+1","Spot Weakness+1","Offering+1","Dual Wield+1","Second Wind+1","Reaper+1","True Grit+1","Disarm+1","Feel No Pain+1","Limit Break+1","Sentinel+1","Fiend Fire+1","Spot Weakness+1"],"relics":["Burning Blood","Happy Flower","Juzu Bracelet","Centennial Puzzle","Mark of Pain","Lizard Tail","The Courier","Akabeko","Old Coin","Runic Cube","Shuriken","TheAbacus","Red Skull","Sundial","Toxic Egg 2","Magic Flower","InkBottle"],"acts_visited":["Exordium","TheCity","TheBeyond","TheEnding"],"potions_floor_usage":[55,55],"damage_taken":[{"damage":14.0,"enemies":"Jaw Worm","floor":1.0,"turns":8.0},{"damage":7.0,"enemies":"Small Slimes","floor":2.0,"turns":4.0},{"damage":15.0,"enemies":"2 Louse","floor":3.0,"turns":2.0},{"damage":14.0,"enemies":"Blue Slaver","floor":4.0,"turns":4.0},{"damage":20.0,"enemies":"3 Sentries","floor":7.0,"turns":8.0},{"damage":3.0,"enemies":"Gremlin Nob","floor":10.0,"turns":2.0},{"damage":5.0,"enemies":"Lots of Slimes","floor":14.0,"turns":3.0},{"damage":34.0,"enemies":"The Guardian","floor":16.0,"turns":9.0},{"damage":16.0,"enemies":"Shell Parasite","floor":18.0,"turns":3.0},{"damage":3.0,"enemies":"Chosen","floor":20.0,"turns":3.0},{"damage":9.0,"enemies":"Snecko","floor":22.0,"turns":2.0},{"damage":23.0,"enemies":"Slavers","floor":24.0,"turns":3.0},{"damage":24.0,"enemies":"Centurion and Healer","floor":25.0,"turns":6.0},{"damage":22.0,"enemies":"Snake Plant","floor":27.0,"turns":4.0},{"damage":24.0,"enemies":"Book of Stabbing","floor":31.0,"turns":5.0},{"damage":39.0,"enemies":"Automaton","floor":33.0,"turns":9.0},{"damage":9.0,"enemies":"Orb Walker","floor":35.0,"turns":3.0},{"damage":68.0,"enemies":"3 Darklings","floor":36.0,"turns":9.0},{"damage":22.0,"enemies":"Writhing Mass","floor":38.0,"turns":6.0},{"damage":49.0,"enemies":"Nemesis","floor":41.0,"turns":5.0},{"damage":28.0,"enemies":"4 Shapes","floor":44.0,"turns":8.0},{"damage":23.0,"enemies":"Giant Head","floor":47.0,"turns":5.0},{"damage":12.0,"enemies":"Mind Bloom Boss Battle","floor":48.0,"turns":6.0},{"damage":65.0,"enemies":"Awakened One","floor":50.0,"turns":5.0},{"damage":72.0,"enemies":"Shield and Spear","floor":54.0,"turns":6.0},{"damage":64,"enemies":"The Heart","floor":55,"turns":6}],"seed_played":"4915143285982869158","potions_obtained":[{"floor":1.0,"key":"EntropicBrew"},{"floor":4.0,"key":"Fire Potion"},{"floor":7.0,"key":"LiquidMemories"},{"floor":14.0,"key":"ColorlessPotion"},{"floor":20.0,"key":"Weak Potion"},{"floor":31.0,"key":"FearPotion"},{"floor":33.0,"key":"EssenceOfSteel"},{"floor":35.0,"key":"Strength Potion"},{"floor":47.0,"key":"SkillPotion"}],"is_trial":false,"path_per_floor":["M","M","M","M","?","R","E","R","T","E","R","$","R","M","R","B",null,"M","?","M","?","M","R","E","M","T","M","R","?","R","E","R","B",null,"M","M","$","M","$","R","E","R","T","M","?","R","E","?","R","B",null,"R","$","E","B",null],"character_chosen":"IRONCLAD","items_purchased":["Feel No Pain","Shrug It Off","Shuriken","TheAbacus","Red Skull","DistilledChaos","AttackPotion"],"campfire_rested":0,"item_purchase_floors":[12,12,37,39,39,39,53],"current_hp_per_floor":[72,71,62,54,54,54,40,40,40,43,43,43,43,44,44,16,70,60,60,63,63,60,60,43,41,41,37,37,37,37,32,32,12,69,85,42,42,77,77,77,88,88,88,88,88,88,85,88,88,88,88,88,88,88,88],"gold":34,"neow_bonus":"TEN_PERCENT_HP_BONUS","is_daily":false,"chose_seed":false,"campfire_upgraded":13,"win_rate":0.0,"timestamp":1613835194,"path_taken":["M","M","M","M","?","R","E","R","T","E","R","$","R","M","R","BOSS","M","?","M","?","M","R","E","M","T","M","R","?","R","E","R","BOSS","M","M","$","M","$","R","E","R","T","M","?","R","E","?","R","BOSS","R","$","E","BOSS"],"items_purchased_type":["Card","Card","Relic","Relic","Relic","Potion","Potion"],"build_version":"2020-12-22","purchased_purges":4,"victory":true,"max_hp_per_floor":[88,88,88,88,88,88,88,88,88,88,88,88,88,88,88,88,88,88,88,88,88,88,88,88,88,88,88,88,88,88,88,88,88,88,88,88,88,88,88,88,88,88,88,88,88,88,88,88,88,88,88,88,88,88,88],"relic_stats":{"Happy Flower":[36],"counters":[26,134],"Magic Flower":[5],"Juzu Bracelet":1,"Burning Blood":120,"Centennial Puzzle":[60],"Lizard Tail":0,"TheAbacus":[102],"Shuriken":[8],"Sundial":[10],"obtain_stats":[{"Happy Flower":7,"Magic Flower":48,"The Courier":24,"Juzu Bracelet":9,"Burning Blood":0,"Akabeko":26,"Old Coin":31,"Centennial Puzzle":10,"Lizard Tail":19,"TheAbacus":39,"Shuriken":37,"Sundial":41,"Mark of Pain":17,"Toxic Egg 2":47,"Red Skull":39,"InkBottle":54,"Runic Cube":34},{"Happy Flower":5,"Magic Flower":23,"The Courier":12,"Juzu Bracelet":5,"Burning Blood":0,"Akabeko":13,"Old Coin":15,"Centennial Puzzle":6,"Lizard Tail":9,"TheAbacus":19,"Shuriken":18,"Sundial":20,"Mark of Pain":8,"Toxic Egg 2":22,"Red Skull":19,"InkBottle":25,"Runic Cube":16},{"Happy Flower":26,"Magic Flower":117,"The Courier":51,"Juzu Bracelet":26,"Burning Blood":0,"Akabeko":57,"Old Coin":66,"Centennial Puzzle":28,"Lizard Tail":43,"TheAbacus":93,"Shuriken":87,"Sundial":98,"Mark of Pain":40,"Toxic Egg 2":111,"Red Skull":93,"InkBottle":128,"Runic Cube":75}],"InkBottle":[2],"Runic Cube":[73]},"card_choices":[{"not_picked":["Spot Weakness","Bloodletting"],"picked":"Blood for Blood","floor":1.0},{"not_picked":["Clothesline","Iron Wave"],"picked":"Pommel Strike","floor":2.0},{"not_picked":["Sword Boomerang","Flex"],"picked":"Thunderclap","floor":3.0},{"not_picked":["Perfected Strike","Iron Wave"],"picked":"Evolve","floor":4.0},{"not_picked":["True Grit","Double Tap"],"picked":"Bloodletting","floor":7.0},{"not_picked":["Juggernaut","Searing Blow"],"picked":"Cleave","floor":10.0},{"not_picked":["Armaments","Body Slam"],"picked":"Spot Weakness","floor":14.0},{"not_picked":["Juggernaut","Corruption"],"picked":"Offering","floor":16.0},{"not_picked":["Perfected Strike","Shrug It Off+1"],"picked":"Dual Wield+1","floor":18.0},{"not_picked":["Heavy Blade+1","Cleave","Twin Strike+1"],"picked":"SKIP","floor":20.0},{"not_picked":["Anger","True Grit"],"picked":"Second Wind","floor":22.0},{"not_picked":["Double Tap","Fire Breathing+1"],"picked":"Reaper","floor":24.0},{"not_picked":["Sword Boomerang","Pummel"],"picked":"True Grit+1","floor":25.0},{"not_picked":["Clash+1","Reckless Charge"],"picked":"Disarm+1","floor":27.0},{"not_picked":["Wild Strike","Rampage"],"picked":"Feel No Pain+1","floor":31.0},{"not_picked":["Double Tap","Immolate"],"picked":"Limit Break","floor":33.0},{"not_picked":["Rampage","Clash","Sword Boomerang+1"],"picked":"SKIP","floor":35.0},{"not_picked":["Clash","Flex+1"],"picked":"Sentinel+1","floor":36.0},{"not_picked":["Thunderclap+1","Perfected Strike+1","Shrug It Off+1"],"picked":"SKIP","floor":38.0},{"not_picked":["Carnage","Headbutt+1","Dropkick"],"picked":"SKIP","floor":41.0},{"not_picked":["Twin Strike","Clothesline+1"],"picked":"Fiend Fire","floor":44.0},{"not_picked":["Metallicize+1","Sword Boomerang","Flex+1"],"picked":"SKIP","floor":47.0},{"not_picked":["Heavy Blade+1","Carnage"],"picked":"Spot Weakness+1","floor":48.0},{"not_picked":["Havoc+1","Sword Boomerang+1","Metallicize+1"],"picked":"SKIP","floor":54.0}],"player_experience":425545,"relics_obtained":[{"floor":7.0,"key":"Happy Flower"},{"floor":9.0,"key":"Juzu Bracelet"},{"floor":10.0,"key":"Centennial Puzzle"},{"floor":24.0,"key":"The Courier"},{"floor":26.0,"key":"Akabeko"},{"floor":31.0,"key":"Old Coin"},{"floor":41.0,"key":"Sundial"},{"floor":47.0,"key":"Toxic Egg 2"},{"floor":48.0,"key":"Magic Flower"},{"floor":54.0,"key":"InkBottle"}],"event_choices":[{"damage_healed":0.0,"max_hp_gain":0.0,"max_hp_loss":0.0,"gold_gain":0.0,"event_name":"Liars Game","player_choice":"Ignored","floor":5.0,"gold_loss":0.0,"damage_taken":0.0},{"damage_healed":0.0,"max_hp_gain":0.0,"max_hp_loss":0.0,"gold_gain":0.0,"event_name":"Addict","player_choice":"Obtained Relic","floor":19.0,"gold_loss":85.0,"damage_taken":0.0,"relics_obtained":["Lizard Tail"]},{"damage_healed":0.0,"max_hp_gain":0.0,"max_hp_loss":0.0,"gold_gain":99.0,"event_name":"Nest","player_choice":"Stole From Cult","floor":21.0,"gold_loss":0.0,"damage_taken":0.0},{"cards_removed":["Strike_R"],"damage_healed":0.0,"max_hp_gain":0.0,"max_hp_loss":0.0,"gold_gain":0.0,"event_name":"Beggar","player_choice":"Gave Gold","floor":29.0,"gold_loss":75.0,"damage_taken":0.0},{"damage_healed":0.0,"max_hp_gain":0.0,"max_hp_loss":0.0,"gold_gain":0.0,"event_name":"Upgrade Shrine","player_choice":"Upgraded","floor":45.0,"gold_loss":0.0,"damage_taken":0.0,"cards_upgraded":["Fiend Fire"]},{"damage_healed":0.0,"max_hp_gain":0.0,"max_hp_loss":0.0,"gold_gain":0.0,"event_name":"MindBloom","player_choice":"Fight","floor":48.0,"gold_loss":0.0,"damage_taken":0.0}],"is_beta":false,"boss_relics":[{"not_picked":["Fusion Hammer","SlaversCollar"],"picked":"Mark of Pain"},{"not_picked":["Tiny House","Runic Pyramid"],"picked":"Runic Cube"}],"items_purged_floors":[12,37,39,53],"is_endless":false,"potions_floor_spawned":[1,4,7,14,20,31,33,35,47],"ascension_level":10}}