{"host":"khwpnvgc3av0w6xd","time":1613827626,"event":{"mods":["BaseMod","Block Reminder","Colored Map","DeckTracker","Highlight Path","Minty Spire (QoL Compilation)","Quick Restart"],"gold_per_floor":[118,129,142,142,154,179,179,196,196,196,196,196,69,87,87,212,212,236,161,177,190,105,140,140,140,140,140,140,153,166,185,185,282,282,301,122,141,4,4,4,29,29,29,29,56,70,70,70,70,70,70],"floor_reached":50,"language":"DEU","playtime":2745,"items_purged":["Strike_R","Strike_R"],"score":627,"play_id":"626aa0e7-5a50-4917-9ce2-74f04ebf87c9","local_time":"20210220142706","is_ascension_mode":true,"campfire_choices":[{"data":"Body Slam","floor":7,"key":"SMITH"},{"data":"Metallicize","floor":11,"key":"SMITH"},{"data":"Armaments","floor":15,"key":"SMITH"},{"floor":24,"key":"REST"},{"data":"Shrug It Off","floor":28,"key":"SMITH"},{"floor":32,"key":"RECALL"},{"data":"Body Slam","floor":40,"key":"SMITH"},{"data":"Bash","floor":42,"key":"SMITH"},{"floor":44,"key":"REST"},{"floor":47,"key":"REST"},{"floor":49,"key":"REST"}],"circlet_count":0,"master_deck":["Strike_R","Strike_R","Defend_R","Defend_R","Defend_R","Defend_R","Bash+1","Cleave","Body Slam+1","Metallicize+1","Iron Wave","Metallicize+1","Armaments+1","Flame Barrier","Offering","Iron Wave","Shrug It Off+1","Shrug It Off","Exhume","Flame Barrier","Shrug It Off+1","Metallicize+1","Body Slam+1","Bloodletting+1"],"relics":["Burning Blood","Blood Vial","Frozen Egg 2","Omamori","Bloody Idol","Philosopher\u0027s Stone","Anchor","Self Forming Clay","Necronomicon","SacredBark","PreservedInsect","Boot","Shuriken"],"acts_visited":["Exordium","TheCity","TheBeyond"],"potions_floor_usage":[6,16,20,23,30,33,41,41],"damage_taken":[{"damage":9,"enemies":"Jaw Worm","floor":1,"turns":4},{"damage":1,"enemies":"Cultist","floor":2,"turns":4},{"damage":6,"enemies":"2 Louse","floor":3,"turns":2},{"damage":10,"enemies":"2 Fungi Beasts","floor":5,"turns":4},{"damage":36,"enemies":"Gremlin Nob","floor":6,"turns":6},{"damage":4,"enemies":"3 Louse","floor":8,"turns":3},{"damage":0,"enemies":"Large Slime","floor":14,"turns":9},{"damage":10,"enemies":"Slime Boss","floor":16,"turns":12},{"damage":15,"enemies":"Spheric Guardian","floor":18,"turns":4},{"damage":13,"enemies":"3 Byrds","floor":20,"turns":4},{"damage":6,"enemies":"Cultist and Chosen","floor":21,"turns":6},{"damage":56,"enemies":"Book of Stabbing","floor":23,"turns":8},{"damage":6,"enemies":"Centurion and Healer","floor":29,"turns":6},{"damage":13,"enemies":"Sentry and Sphere","floor":30,"turns":6},{"damage":7,"enemies":"Shelled Parasite and Fungi","floor":31,"turns":6},{"damage":18,"enemies":"Collector","floor":33,"turns":7},{"damage":6,"enemies":"Orb Walker","floor":35,"turns":4},{"damage":23,"enemies":"3 Darklings","floor":37,"turns":6},{"damage":75,"enemies":"Reptomancer","floor":41,"turns":7},{"damage":45,"enemies":"Giant Head","floor":45,"turns":8},{"damage":26,"enemies":"Transient","floor":46,"turns":5},{"damage":87,"enemies":"Time Eater","floor":50,"turns":17}],"seed_played":"-6315431396248133885","potions_obtained":[{"floor":3,"key":"LiquidMemories"},{"floor":6,"key":"Block Potion"},{"floor":14,"key":"Fire Potion"},{"floor":16,"key":"SteroidPotion"},{"floor":23,"key":"PowerPotion"},{"floor":30,"key":"Fruit Juice"},{"floor":31,"key":"BloodPotion"},{"floor":37,"key":"ElixirPotion"}],"is_trial":false,"path_per_floor":["M","M","M","?","M","E","R","M","T","?","R","?","$","M","R","B",null,"M","$","M","M","?","E","R","?","T","?","R","M","M","M","R","B",null,"M","$","M","$","?","R","E","R","T","R","E","M","R","?","R","B"],"character_chosen":"IRONCLAD","items_purchased":["Metallicize+1","Armaments","Flame Barrier","Metallicize+1","Body Slam","SpeedPotion"],"campfire_rested":4,"item_purchase_floors":[13,13,36,38,38,38],"current_hp_per_floor":[77,80,80,80,76,48,48,52,52,57,57,36,36,44,44,42,85,76,76,71,73,73,25,50,34,34,34,34,41,46,52,52,47,90,90,90,78,78,78,78,50,50,50,75,43,30,55,55,80,0,0],"gold":70,"neow_bonus":"RANDOM_COMMON_RELIC","is_daily":false,"chose_seed":false,"campfire_upgraded":6,"win_rate":0.0,"timestamp":1613827626,"path_taken":["M","M","M","?","M","E","R","?","T","?","R","?","$","M","R","BOSS","M","$","M","M","?","E","R","?","T","?","R","M","M","M","R","BOSS","M","$","M","$","?","R","E","R","T","R","E","M","R","?","R","BOSS"],"items_purchased_type":["Card","Card","Card","Card","Card","Potion"],"build_version":"2020-12-22","purchased_purges":2,"victory":false,"max_hp_per_floor":[80,80,80,80,80,80,80,80,80,85,85,85,85,85,85,85,85,85,85,85,85,85,85,85,85,85,85,85,85,90,90,90,90,90,90,90,90,90,85,85,85,85,85,85,85,85,85,85,85,85,85],"card_choices":[{"not_picked":["Twin Strike","Carnage"],"picked":"Iron Wave","floor":1},{"not_picked":["Pommel Strike","Wild Strike"],"picked":"Cleave","floor":2},{"not_picked":["Rage","Clash"],"picked":"Body Slam","floor":3},{"not_picked":["Twin Strike","Inflame","Dropkick"],"picked":"SKIP","floor":5},{"not_picked":["Searing Blow","Warcry"],"picked":"Iron Wave","floor":6},{"not_picked":["True Grit","Pommel Strike","Wild Strike"],"picked":"SKIP","floor":8},{"not_picked":["Second Wind","Reckless Charge"],"picked":"Flame Barrier","floor":14},{"not_picked":["Demon Form+1","Double Tap"],"picked":"Offering","floor":16},{"not_picked":["Havoc","Headbutt"],"picked":"Iron Wave","floor":18},{"not_picked":["True Grit+1","Clothesline+1","Twin Strike"],"picked":"SKIP","floor":20},{"not_picked":["Clash","Hemokinesis","Spot Weakness"],"picked":"SKIP","floor":21},{"not_picked":["Sever Soul+1","Cleave"],"picked":"Shrug It Off","floor":23},{"not_picked":["Feel No Pain+1","True Grit+1","Burning Pact+1"],"picked":"SKIP","floor":29},{"not_picked":["Flex+1","Warcry+1","Disarm+1"],"picked":"SKIP","floor":30},{"not_picked":["Thunderclap+1","Corruption+1"],"picked":"Shrug It Off","floor":31},{"not_picked":["Feed","Immolate"],"picked":"Exhume","floor":33},{"not_picked":["Perfected Strike+1","Clothesline","Second Wind+1"],"picked":"SKIP","floor":35},{"not_picked":["Headbutt+1","Second Wind+1"],"picked":"Shrug It Off+1","floor":37},{"not_picked":["Anger","Twin Strike"],"picked":"Bloodletting+1","floor":41},{"not_picked":["Headbutt+1","Reckless Charge+1","Thunderclap"],"picked":"SKIP","floor":45},{"not_picked":["Cleave+1","Burning Pact+1","True Grit+1"],"picked":"SKIP","floor":46}],"player_experience":105257,"relics_obtained":[{"floor":6,"key":"Frozen Egg 2"},{"floor":9,"key":"Omamori"},{"floor":23,"key":"Self Forming Clay"},{"floor":25,"key":"Necronomicon"},{"floor":41,"key":"PreservedInsect"},{"floor":43,"key":"Boot"},{"floor":45,"key":"Shuriken"}],"event_choices":[{"damage_healed":0,"gold_gain":0,"cards_transformed":["Strike_R"],"player_choice":"Transformed","damage_taken":0,"max_hp_gain":0,"max_hp_loss":0,"event_name":"Transmorgrifier","floor":4,"gold_loss":0,"cards_obtained":["Metallicize"]},{"damage_healed":0,"gold_gain":0,"player_choice":"Donut","damage_taken":0,"max_hp_gain":5,"max_hp_loss":0,"event_name":"Big Fish","floor":10,"gold_loss":0},{"damage_healed":0,"gold_gain":0,"player_choice":"Take Damage","damage_taken":21,"relics_obtained":["Golden Idol"],"max_hp_gain":0,"max_hp_loss":0,"event_name":"Golden Idol","floor":12,"gold_loss":0},{"damage_healed":0,"gold_gain":0,"player_choice":"Obtained Relic","damage_taken":0,"relics_obtained":["Anchor"],"max_hp_gain":0,"max_hp_loss":0,"event_name":"Addict","floor":22,"gold_loss":85},{"damage_healed":0,"gold_gain":0,"player_choice":"Obtained Book","damage_taken":16,"max_hp_gain":0,"max_hp_loss":0,"event_name":"Cursed Tome","floor":25,"gold_loss":0},{"damage_healed":0,"gold_gain":0,"player_choice":"Gave Idol","damage_taken":0,"relics_obtained":["Bloody Idol"],"max_hp_gain":0,"max_hp_loss":0,"event_name":"Forgotten Altar","floor":27,"relics_lost":["Golden Idol"],"gold_loss":0},{"damage_healed":0,"gold_gain":0,"player_choice":"Max HP","damage_taken":0,"max_hp_gain":0,"max_hp_loss":5,"event_name":"Winding Halls","floor":39,"gold_loss":0},{"cards_removed":["Iron Wave"],"damage_healed":0,"gold_gain":0,"player_choice":"Removed Attack","damage_taken":0,"max_hp_gain":0,"max_hp_loss":0,"event_name":"Falling","floor":48,"gold_loss":0}],"is_beta":false,"boss_relics":[{"not_picked":["Coffee Dripper","Runic Pyramid"],"picked":"Philosopher\u0027s Stone"},{"not_picked":["Runic Dome","Astrolabe"],"picked":"SacredBark"}],"items_purged_floors":[19,36],"is_endless":false,"potions_floor_spawned":[3,6,14,16,23,30,31,37],"killed_by":"Time Eater","ascension_level":3}}