{"host":"4epvxsx6d4oxmc67","time":1613809604,"event":{"mods":["AchievementEnabler","BaseMod","Colored Map","Highlight Path","Minty Spire (QoL Compilation)"],"gold_per_floor":[214,289,303,124,138,138,173,173,197,211,211,224,257,277,277,277,277],"floor_reached":16,"language":"ENG","playtime":636,"items_purged":["Strike_R"],"score":157,"play_id":"2ccb34aa-81d3-4b8b-b38e-105a1fe1472f","local_time":"20210220082644","is_ascension_mode":true,"campfire_choices":[{"data":"Bash","floor":6.0,"key":"SMITH"},{"data":"Inflame","floor":8.0,"key":"SMITH"},{"data":"True Grit","floor":11.0,"key":"SMITH"},{"floor":15.0,"key":"REST"}],"circlet_count":0,"master_deck":["Strike_R","Strike_R","Strike_R","Strike_R","Defend_R","Defend_R","Defend_R","Defend_R","Bash+1","Thunderclap","Flex","Inflame+1","Shrug It Off","Cleave","True Grit+1","Impervious","Double Tap","Iron Wave"],"relics":["Burning Blood","Vajra","Omamori","Smiling Mask"],"acts_visited":["Exordium"],"potions_floor_usage":[16],"damage_taken":[{"damage":18.0,"enemies":"Jaw Worm","floor":1.0,"turns":5.0},{"damage":9.0,"enemies":"2 Louse","floor":3.0,"turns":4.0},{"damage":0.0,"enemies":"Small Slimes","floor":5.0,"turns":3.0},{"damage":27.0,"enemies":"3 Sentries","floor":7.0,"turns":7.0},{"damage":4.0,"enemies":"Exordium Thugs","floor":10.0,"turns":4.0},{"damage":5.0,"enemies":"Looter","floor":12.0,"turns":3.0},{"damage":20.0,"enemies":"Gremlin Nob","floor":13.0,"turns":5.0},{"damage":3.0,"enemies":"Blue Slaver","floor":14.0,"turns":4.0},{"damage":47,"enemies":"Hexaghost","floor":16,"turns":9}],"seed_played":"7027558660836401403","potions_obtained":[{"floor":7.0,"key":"SkillPotion"},{"floor":10.0,"key":"Explosive Potion"},{"floor":13.0,"key":"DistilledChaos"}],"is_trial":false,"path_per_floor":["M","?","M","$","M","R","E","R","T","M","R","M","E","M","R","B"],"character_chosen":"IRONCLAD","items_purchased":["Inflame","Shrug It Off"],"campfire_rested":1,"item_purchase_floors":[4,4],"current_hp_per_floor":[60,49,46,46,52,52,31,31,31,33,33,34,20,23,47,0,0],"gold":277,"neow_bonus":"HUNDRED_GOLD","is_daily":false,"chose_seed":false,"campfire_upgraded":3,"win_rate":0.0,"timestamp":1613809604,"path_taken":["M","?","M","$","M","R","E","R","T","M","R","M","E","M","R","BOSS"],"items_purchased_type":["Card","Card"],"build_version":"2020-12-22","purchased_purges":1,"victory":false,"max_hp_per_floor":[80,80,80,80,80,80,80,80,80,80,80,80,80,80,80,80,80],"card_choices":[{"not_picked":["Spot Weakness","Evolve"],"picked":"Thunderclap","floor":1.0},{"not_picked":["Dropkick","Anger"],"picked":"Flex","floor":3.0},{"not_picked":["Anger","Sword Boomerang"],"picked":"Cleave","floor":5.0},{"not_picked":["Burning Pact","Anger","Warcry"],"picked":"SKIP","floor":7.0},{"not_picked":["Warcry","Pommel Strike"],"picked":"True Grit","floor":10.0},{"not_picked":["Iron Wave","Flex"],"picked":"Impervious","floor":12.0},{"not_picked":["Bloodletting","Clash"],"picked":"Double Tap","floor":13.0},{"not_picked":["Wild Strike","Pommel Strike"],"picked":"Iron Wave","floor":14.0}],"player_experience":148303,"relics_obtained":[{"floor":7.0,"key":"Vajra"},{"floor":9.0,"key":"Omamori"},{"floor":13.0,"key":"Smiling Mask"}],"event_choices":[{"damage_healed":0.0,"max_hp_gain":0.0,"max_hp_loss":0.0,"gold_gain":75.0,"event_name":"World of Goop","player_choice":"Gather Gold","floor":2.0,"gold_loss":0.0,"damage_taken":11.0}],"is_beta":false,"boss_relics":[],"items_purged_floors":[4],"is_endless":false,"potions_floor_spawned":[7,10,13],"killed_by":"Hexaghost","ascension_level":8}}