{"host":"4i5my69dv6e41930","time":1613796766,"event":{"mods":["AchievementEnabler","BaseMod","Minty Spire (QoL Compilation)","Relic Stats"],"gold_per_floor":[212,34,44,60,70,95,95,128,128,140,140,140,159,173,173,251,251,265,265,315,124,140,140,165,165,189,189,208,225,236,236,236,311,311,325,345,345,357,372,372,390,420,420,420,430,430,430,430,430],"floor_reached":48,"language":"ENG","playtime":3324,"items_purged":["Strike_G"],"score":1067,"play_id":"e1b2433a-b24c-4eb8-9338-65ef241b8aaf","local_time":"20210219235246","is_ascension_mode":true,"campfire_choices":[{"floor":7.0,"key":"REST"},{"floor":11.0,"key":"REST"},{"data":"Noxious Fumes","floor":15.0,"key":"SMITH"},{"data":"Catalyst","floor":23.0,"key":"SMITH"},{"data":"Catalyst","floor":25.0,"key":"SMITH"},{"floor":27.0,"key":"REST"},{"data":"Catalyst","floor":32.0,"key":"SMITH"},{"data":"Crippling Poison","floor":40.0,"key":"SMITH"},{"data":"Footwork","floor":44.0,"key":"SMITH"},{"floor":47.0,"key":"REST"}],"circlet_count":0,"master_deck":["AscendersBane","Defend_G","Defend_G","Defend_G","Defend_G","Defend_G","Survivor","Neutralize","Noxious Fumes+1","Catalyst+1","Deadly Poison","Catalyst+1","Cloak And Dagger","Dash","Cloak And Dagger","Cloak And Dagger","Crippling Poison+1","Well Laid Plans","Corpse Explosion","Backflip","Escape Plan","Catalyst+1","Sucker Punch","Catalyst","Catalyst+1","Escape Plan+1","Footwork+1","Catalyst"],"relics":["Ring of the Snake","Pantograph","Pen Nib","InkBottle","Philosopher\u0027s Stone","Tingsha","Empty Cage","FossilizedHelix","Nunchaku"],"acts_visited":["Exordium","TheCity","TheBeyond"],"potions_floor_usage":[48,48],"damage_taken":[{"damage":14.0,"enemies":"Cultist","floor":1.0,"turns":6.0},{"damage":1.0,"enemies":"Small Slimes","floor":3.0,"turns":4.0},{"damage":4.0,"enemies":"Jaw Worm","floor":4.0,"turns":5.0},{"damage":9.0,"enemies":"Large Slime","floor":5.0,"turns":5.0},{"damage":22.0,"enemies":"Gremlin Nob","floor":6.0,"turns":4.0},{"damage":19.0,"enemies":"Lagavulin","floor":8.0,"turns":7.0},{"damage":0.0,"enemies":"2 Fungi Beasts","floor":10.0,"turns":4.0},{"damage":3.0,"enemies":"Lots of Slimes","floor":13.0,"turns":3.0},{"damage":4.0,"enemies":"Large Slime","floor":14.0,"turns":5.0},{"damage":14.0,"enemies":"Hexaghost","floor":16.0,"turns":9.0},{"damage":30.0,"enemies":"2 Thieves","floor":18.0,"turns":5.0},{"damage":4.0,"enemies":"Chosen","floor":22.0,"turns":4.0},{"damage":11.0,"enemies":"Book of Stabbing","floor":24.0,"turns":5.0},{"damage":8.0,"enemies":"Centurion and Healer","floor":28.0,"turns":6.0},{"damage":4.0,"enemies":"Cultist and Chosen","floor":29.0,"turns":3.0},{"damage":2.0,"enemies":"Snake Plant","floor":30.0,"turns":3.0},{"damage":37.0,"enemies":"Collector","floor":33.0,"turns":4.0},{"damage":14.0,"enemies":"Orb Walker","floor":35.0,"turns":5.0},{"damage":3.0,"enemies":"3 Shapes","floor":36.0,"turns":6.0},{"damage":0.0,"enemies":"Maw","floor":38.0,"turns":3.0},{"damage":15.0,"enemies":"Transient","floor":39.0,"turns":4.0},{"damage":1.0,"enemies":"Spire Growth","floor":41.0,"turns":2.0},{"damage":3.0,"enemies":"Giant Head","floor":42.0,"turns":4.0},{"damage":0.0,"enemies":"Sphere and 2 Shapes","floor":45.0,"turns":4.0},{"damage":53,"enemies":"Reptomancer","floor":48,"turns":4}],"seed_played":"3210847738842449541","potions_obtained":[{"floor":1.0,"key":"SpeedPotion"},{"floor":5.0,"key":"Swift Potion"},{"floor":8.0,"key":"SkillPotion"},{"floor":14.0,"key":"FearPotion"},{"floor":22.0,"key":"Poison Potion"},{"floor":28.0,"key":"GamblersBrew"},{"floor":30.0,"key":"Swift Potion"},{"floor":39.0,"key":"CultistPotion"},{"floor":42.0,"key":"Swift Potion"},{"floor":45.0,"key":"CunningPotion"}],"is_trial":false,"path_per_floor":["M","$","M","M","M","E","R","E","T","M","R","?","M","M","R","B",null,"M","?","?","$","M","R","E","R","T","R","M","M","M","?","R","B",null,"M","M","?","M","M","R","M","E","T","R","M","?","R","E"],"character_chosen":"THE_SILENT","items_purchased":["Noxious Fumes","Catalyst","SteroidPotion","GhostInAJar"],"campfire_rested":4,"item_purchase_floors":[2,2,2,21],"current_hp_per_floor":[45,45,44,40,31,9,28,9,9,9,28,28,25,21,21,32,58,28,28,28,28,24,24,13,13,13,32,24,20,18,18,18,6,51,37,34,34,34,19,19,18,15,15,15,15,15,34,0,0],"gold":430,"neow_bonus":"HUNDRED_GOLD","is_daily":false,"chose_seed":false,"campfire_upgraded":6,"win_rate":0.0,"timestamp":1613796766,"path_taken":["M","$","M","M","M","E","R","E","T","M","R","?","M","?","R","BOSS","M","?","?","$","M","R","E","R","T","R","M","M","M","?","R","BOSS","M","M","?","M","?","R","M","E","T","R","M","?","R","E"],"items_purchased_type":["Card","Card","Potion","Potion"],"build_version":"2020-12-22","purchased_purges":1,"victory":false,"max_hp_per_floor":[66,66,66,66,66,66,66,66,66,66,66,66,66,66,66,66,66,66,66,66,66,66,66,66,66,66,66,66,66,66,66,66,66,66,66,66,66,66,66,66,66,66,66,66,66,66,66,66,66],"relic_stats":{"Nunchaku":[1],"counters":[25,114],"Pantograph":50,"Tingsha":[21],"Pen Nib":[10],"obtain_stats":[{"Nunchaku":43,"Pantograph":6,"Philosopher\u0027s Stone":17,"Tingsha":24,"Pen Nib":8,"Empty Cage":34,"InkBottle":9,"FossilizedHelix":42,"Ring of the Snake":0},{"Nunchaku":23,"Pantograph":5,"Philosopher\u0027s Stone":10,"Tingsha":13,"Pen Nib":6,"Empty Cage":17,"InkBottle":6,"FossilizedHelix":23,"Ring of the Snake":0},{"Nunchaku":106,"Pantograph":24,"Philosopher\u0027s Stone":52,"Tingsha":66,"Pen Nib":31,"Empty Cage":82,"InkBottle":31,"FossilizedHelix":106,"Ring of the Snake":0}],"InkBottle":[32],"Ring of the Snake":[50]},"card_choices":[{"not_picked":["Skewer","Dodge and Roll"],"picked":"Dagger Spray","floor":1.0},{"not_picked":["Deflect","Sucker Punch"],"picked":"Deadly Poison","floor":3.0},{"not_picked":["Backflip","Cloak And Dagger"],"picked":"Catalyst","floor":4.0},{"not_picked":["Dagger Spray","Expertise"],"picked":"Cloak And Dagger","floor":5.0},{"not_picked":["Dagger Throw","Footwork"],"picked":"Dash","floor":6.0},{"not_picked":["Prepared","Blade Dance"],"picked":"Cloak And Dagger","floor":8.0},{"not_picked":["Poisoned Stab","Dagger Spray","Cloak And Dagger"],"picked":"SKIP","floor":10.0},{"not_picked":["Sucker Punch","Prepared"],"picked":"Crippling Poison","floor":13.0},{"not_picked":["Backflip","Heel Hook"],"picked":"Well Laid Plans","floor":14.0},{"not_picked":["After Image","Bullet Time"],"picked":"Corpse Explosion","floor":16.0},{"not_picked":["Underhanded Strike","Dagger Throw"],"picked":"Backflip","floor":18.0},{"not_picked":["Outmaneuver","Bane"],"picked":"Escape Plan","floor":22.0},{"not_picked":["Crippling Poison","Flechettes","Poisoned Stab"],"picked":"SKIP","floor":24.0},{"not_picked":["Dagger Throw","Quick Slash"],"picked":"Catalyst","floor":28.0},{"not_picked":["Blade Dance","Sucker Punch","Die Die Die"],"picked":"SKIP","floor":29.0},{"not_picked":["Outmaneuver","Quick Slash","Setup"],"picked":"SKIP","floor":30.0},{"not_picked":["Caltrops","Prepared"],"picked":"Catalyst","floor":35.0},{"not_picked":["Caltrops+1","Skewer","Sucker Punch"],"picked":"SKIP","floor":36.0},{"not_picked":["Dagger Spray","Quick Slash+1","Prepared"],"picked":"SKIP","floor":38.0},{"not_picked":["Dodge and Roll","Masterful Stab"],"picked":"Escape Plan+1","floor":39.0},{"not_picked":["Well Laid Plans+1","Poisoned Stab","Blade Dance"],"picked":"SKIP","floor":41.0},{"not_picked":["Quick Slash","Blur"],"picked":"Footwork","floor":42.0},{"not_picked":["Finisher+1","Grand Finale","Sucker Punch"],"picked":"SKIP","floor":45.0}],"player_experience":67818,"relics_obtained":[{"floor":6.0,"key":"Pantograph"},{"floor":8.0,"key":"Pen Nib"},{"floor":9.0,"key":"InkBottle"},{"floor":24.0,"key":"Tingsha"},{"floor":42.0,"key":"FossilizedHelix"},{"floor":43.0,"key":"Nunchaku"}],"event_choices":[{"damage_healed":0.0,"max_hp_gain":0.0,"max_hp_loss":0.0,"gold_gain":0.0,"cards_transformed":["Strike_G"],"event_name":"Transmorgrifier","player_choice":"Transformed","floor":12.0,"gold_loss":0.0,"damage_taken":0.0,"cards_obtained":["Cloak And Dagger"]},{"damage_healed":0.0,"max_hp_gain":0.0,"max_hp_loss":0.0,"gold_gain":0.0,"event_name":"The Mausoleum","player_choice":"Ignored","floor":19.0,"gold_loss":0.0,"damage_taken":0.0},{"damage_healed":0.0,"max_hp_gain":0.0,"max_hp_loss":0.0,"gold_gain":50.0,"event_name":"Nest","player_choice":"Stole From Cult","floor":20.0,"gold_loss":0.0,"damage_taken":0.0},{"damage_healed":0.0,"max_hp_gain":0.0,"max_hp_loss":0.0,"gold_gain":0.0,"cards_transformed":["Strike_G","Strike_G"],"event_name":"Drug Dealer","player_choice":"Became Test Subject","floor":31.0,"gold_loss":0.0,"damage_taken":0.0,"cards_obtained":["Sucker Punch","Reflex"]},{"damage_healed":0.0,"max_hp_gain":0.0,"max_hp_loss":0.0,"gold_gain":0.0,"event_name":"Duplicator","player_choice":"Copied","floor":37.0,"gold_loss":0.0,"damage_taken":0.0,"cards_obtained":["Catalyst"]},{"damage_healed":0.0,"max_hp_gain":0.0,"max_hp_loss":0.0,"gold_gain":0.0,"cards_transformed":["Dagger Spray"],"event_name":"Transmorgrifier","player_choice":"Transformed","floor":46.0,"gold_loss":0.0,"damage_taken":0.0,"cards_obtained":["Catalyst"]}],"is_beta":false,"boss_relics":[{"not_picked":["Fusion Hammer","Pandora\u0027s Box"],"picked":"Philosopher\u0027s Stone"},{"not_picked":["Astrolabe","Tiny House"],"picked":"Empty Cage"}],"items_purged_floors":[21],"is_endless":false,"potions_floor_spawned":[1,5,8,14,22,28,30,39,42,45],"killed_by":"Reptomancer","ascension_level":20}}