{"host":"o5or1zybx7au40zl","time":1613860618,"event":{"mods":["Act Like it!","Aspiration","BaseMod","Better Third Choice","Conspire","Dota2Spire","GungeonMod","Halation","Hubris","Infinite Spire","Minty Spire (QoL Compilation)","Replay The Spire","Robot Space Explorer","StSLib","The Jungle","Yuri Mod"],"gold_per_floor":[119,129,129,148,165,193,193,204,204,204,204,204,216,248,248,248,248],"floor_reached":16,"language":"ENG","playtime":321,"items_purged":[],"score":112,"play_id":"dbff8423-869d-4995-9378-e365dee61c3c","local_time":"20210220233658","is_ascension_mode":false,"campfire_choices":[{"data":"Wish","floor":10,"key":"SMITH"},{"floor":15,"key":"REST"}],"circlet_count":0,"master_deck":["Strike_P","Strike_P","Strike_P","Defend_P","Defend_P","Defend_P","Defend_P","Eruption","Vigilance","Judgement+1","Indignation","Wish+1","Tantrum"],"relics":["PureWater","Replay:Baseball","Bottled Lightning","halation:RedSoulGem","hubris:Towel","Replay:Wax Seal"],"acts_visited":["Exordium"],"potions_floor_usage":[14],"damage_taken":[{"damage":6,"enemies":"Jaw Worm","floor":1,"turns":2},{"damage":0,"enemies":"conspire:RoseBush","floor":2,"turns":2},{"damage":0,"enemies":"Small Slimes","floor":4,"turns":1},{"damage":0,"enemies":"2 Fungi Beasts","floor":5,"turns":2},{"damage":22,"enemies":"Replay:BlueRogue","floor":6,"turns":5},{"damage":1,"enemies":"3 Louse","floor":8,"turns":2},{"damage":0,"enemies":"Large Slime","floor":13,"turns":7},{"damage":29,"enemies":"Lagavulin","floor":14,"turns":6},{"damage":33,"enemies":"Hexaghost","floor":16,"turns":9}],"seed_played":"9072407152761330906","potions_obtained":[{"floor":8,"key":"BottledMiracle"},{"floor":13,"key":"Languid Potion"}],"is_trial":false,"path_per_floor":["M","M","?","M","M","E","?","M","T","R","?","?","M","E","R","B"],"character_chosen":"WATCHER","items_purchased":[],"campfire_rested":1,"item_purchase_floors":[],"current_hp_per_floor":[66,66,66,66,66,44,37,36,36,36,36,36,36,7,28,0,0],"gold":248,"neow_bonus":"ONE_RANDOM_RARE_CARD","is_daily":false,"chose_seed":false,"campfire_upgraded":1,"win_rate":0.0,"timestamp":1613860618,"path_taken":["M","M","?","M","M","E","?","M","T","R","?","?","M","E","R","BOSS"],"items_purchased_type":[],"build_version":"2020-12-22","purchased_purges":0,"victory":false,"max_hp_per_floor":[72,72,72,72,72,72,72,72,72,72,72,72,72,72,72,72,72],"card_choices":[{"not_picked":["Halt","Consecrate","JustLucky"],"picked":"SKIP","floor":1},{"not_picked":["BowlingBash","EmptyBody","JustLucky"],"picked":"SKIP","floor":2},{"not_picked":["Prostrate","FlyingSleeves","Consecrate"],"picked":"SKIP","floor":4},{"not_picked":["Weave","BattleHymn"],"picked":"Indignation","floor":5},{"not_picked":["DeceiveReality","Replay:Hum","CutThroughFate"],"picked":"SKIP","floor":6},{"not_picked":["Halt","WreathOfFlame"],"picked":"Wish","floor":8},{"not_picked":["ThirdEye","Evaluate","Adaptation"],"picked":"SKIP","floor":13},{"not_picked":["CutThroughFate","Study"],"picked":"Tantrum","floor":14}],"player_experience":997207,"relics_obtained":[{"floor":6,"key":"Replay:Baseball"},{"floor":9,"key":"Bottled Lightning"},{"floor":14,"key":"Replay:Wax Seal"}],"event_choices":[{"cards_removed":["Strike_P"],"damage_healed":0,"gold_gain":0,"player_choice":"Card Removal","damage_taken":7,"max_hp_gain":0,"max_hp_loss":0,"event_name":"Golden Wing","floor":7,"gold_loss":0}],"is_beta":false,"boss_relics":[],"items_purged_floors":[],"is_endless":false,"potions_floor_spawned":[8,13],"killed_by":"Hexaghost","ascension_level":0}}