{"host":"wta67oh7xmkzpvp0","time":1613797223,"event":{"mods":["100% Spire Juice","Act Like it!","BaseMod","Hermit","Koishi","Minty Spire (QoL Compilation)","Quick Restart","Reliquary","StSLib","The Administrix"],"gold_per_floor":[116,116,116,23,23,23,55,55,55,55,70,84,111,122,122,224,224,239,239,259,115,115,115,129,129],"floor_reached":24,"language":"ZHS","playtime":819,"items_purged":[],"score":309,"play_id":"2a0910fd-7597-445b-b193-29ba69323711","local_time":"20210220130023","is_ascension_mode":true,"campfire_choices":[{"data":"Eruption","floor":6.0,"key":"SMITH"},{"data":"Crescendo","floor":8.0,"key":"SMITH"},{"data":"Blasphemy","floor":15.0,"key":"SMITH"},{"data":"Consecrate","floor":23.0,"key":"SMITH"}],"circlet_count":0,"master_deck":["Strike_P","Strike_P","Strike_P","Defend_P","Defend_P","Defend_P","Defend_P","Eruption+1","Vigilance","Consecrate","Trip+1","Crescendo+1","Blasphemy+1","BowlingBash","ClearTheMind","CrushJoints+1","DevaForm","InnerPeace","FearNoEvil","Consecrate+1"],"relics":["PureWater","NeowsBlessing","Prayer Wheel","reliquary:SharkskinSheath","Eternal Feather","reliquary:Sideboard","StrikeDummy","Coffee Dripper","Lee\u0027s Waffle"],"acts_visited":["Exordium","TheCity"],"potions_floor_usage":[],"damage_taken":[{"damage":0.0,"enemies":"Jaw Worm","floor":1.0,"turns":1.0},{"damage":0.0,"enemies":"Gremlin Nob","floor":7.0,"turns":1.0},{"damage":0.0,"enemies":"2 Louse","floor":11.0,"turns":2.0},{"damage":0.0,"enemies":"Cultist","floor":12.0,"turns":2.0},{"damage":47.0,"enemies":"Lagavulin","floor":13.0,"turns":4.0},{"damage":3.0,"enemies":"Looter","floor":14.0,"turns":2.0},{"damage":11.0,"enemies":"Hexaghost","floor":16.0,"turns":7.0},{"damage":22.0,"enemies":"3 Byrds","floor":18.0,"turns":4.0},{"damage":29.0,"enemies":"2 Thieves","floor":20.0,"turns":4.0},{"damage":18.0,"enemies":"Centurion and Healer","floor":24.0,"turns":4.0}],"seed_played":"-7370604654356520454","potions_obtained":[{"floor":7.0,"key":"SteroidPotion"},{"floor":13.0,"key":"ColorlessPotion"},{"floor":14.0,"key":"LiquidBronze"},{"floor":22.0,"key":"SkillPotion"},{"floor":22.0,"key":"DuplicationPotion"}],"is_trial":false,"path_per_floor":["M","?","T","$","?","R","E","R","T","$","M","M","E","M","R","B",null,"M","?","M","$","?","R","M"],"character_chosen":"WATCHER","items_purchased":["Trip","Lee\u0027s Waffle"],"campfire_rested":0,"item_purchase_floors":[4,21],"current_hp_per_floor":[65,58,58,58,58,58,58,64,64,64,64,64,17,14,23,12,57,35,35,6,79,79,79,61,61],"gold":129,"neow_bonus":"THREE_ENEMY_KILL","is_daily":false,"chose_seed":false,"campfire_upgraded":4,"win_rate":0.0,"timestamp":1613797223,"path_taken":["M","?","?","$","?","R","E","R","T","?","M","?","E","M","R","BOSS","M","?","?","$","?","R","?"],"items_purchased_type":["Card","Relic"],"build_version":"2020-12-22","purchased_purges":0,"victory":false,"max_hp_per_floor":[72,72,72,72,72,72,72,72,72,72,72,72,72,72,72,72,72,72,72,72,79,79,79,79,79],"card_choices":[{"not_picked":["Protect","Wallop"],"picked":"Consecrate","floor":1.0},{"not_picked":["FollowUp","ReachHeaven"],"picked":"Crescendo","floor":7.0},{"not_picked":["Prostrate","Crescendo"],"picked":"BowlingBash","floor":11.0},{"not_picked":["Crescendo","Nirvana"],"picked":"Blasphemy","floor":11.0},{"not_picked":["Perseverance","FlurryOfBlows"],"picked":"ClearTheMind","floor":12.0},{"not_picked":["Crescendo","Conclude"],"picked":"FearNoEvil","floor":12.0},{"not_picked":["BowlingBash","Evaluate"],"picked":"Indignation","floor":13.0},{"not_picked":["ClearTheMind","Wireheading"],"picked":"FollowUp","floor":14.0},{"not_picked":["Crescendo","LikeWater"],"picked":"Sanctity","floor":14.0},{"not_picked":["ConjureBlade","DeusExMachina"],"picked":"DevaForm","floor":16.0},{"not_picked":["EmptyFist","FlyingSleeves"],"picked":"InnerPeace","floor":18.0},{"not_picked":["FollowUp+1","Halt"],"picked":"CrushJoints+1","floor":18.0},{"not_picked":["Evaluate","ClearTheMind"],"picked":"FlurryOfBlows","floor":20.0},{"not_picked":["Adaptation+1","CrushJoints"],"picked":"Consecrate","floor":20.0}],"player_experience":212361,"relics_obtained":[{"floor":3.0,"key":"reliquary:SharkskinSheath"},{"floor":7.0,"key":"Eternal Feather"},{"floor":9.0,"key":"reliquary:Sideboard"},{"floor":13.0,"key":"StrikeDummy"}],"event_choices":[{"damage_healed":0.0,"max_hp_gain":0.0,"max_hp_loss":0.0,"gold_gain":0.0,"event_name":"Scrap Ooze","player_choice":"Success","floor":2.0,"gold_loss":0.0,"damage_taken":7.0,"relics_obtained":["Prayer Wheel"]},{"damage_healed":0.0,"max_hp_gain":0.0,"max_hp_loss":0.0,"gold_gain":0.0,"event_name":"Living Wall","player_choice":"Grow","floor":5.0,"gold_loss":0.0,"damage_taken":0.0,"cards_upgraded":["Trip"]},{"cards_removed":["Strike_P"],"damage_healed":0.0,"max_hp_gain":0.0,"max_hp_loss":0.0,"gold_gain":0.0,"event_name":"Purifier","player_choice":"Purged","floor":19.0,"gold_loss":0.0,"damage_taken":0.0},{"damage_healed":0.0,"max_hp_gain":0.0,"max_hp_loss":0.0,"gold_gain":0.0,"event_name":"Lab","player_choice":"Got Potions","floor":22.0,"gold_loss":0.0,"damage_taken":0.0}],"is_beta":false,"boss_relics":[{"not_picked":["Velvet Choker","HolyWater"],"picked":"Coffee Dripper"}],"items_purged_floors":[],"is_endless":false,"potions_floor_spawned":[7,13,14],"killed_by":"Centurion and Healer","ascension_level":7}}