{"host":"wvcyfzs99um8is6a","time":1613789107,"event":{"mods":["AchievementEnabler","BaseMod","Colored Map","Colored Powertips","Highlight Path","Minty Spire (QoL Compilation)","Random Character Button","Relic Filter","StSLib","SuperFastMode"],"gold_per_floor":[116,128,78,5,17,44,44,69,117,117,117,117,117,130,130,225,225,237,237,256,181,199,199,199],"floor_reached":23,"language":"ENG","playtime":2877,"items_purged":[],"score":199,"play_id":"2cca80ce-08f8-4dda-9436-dfde9910a9a2","local_time":"20210219214507","is_ascension_mode":false,"campfire_choices":[{"floor":7,"key":"RECALL"},{"floor":10,"key":"REST"},{"data":"Panacea","floor":13,"key":"SMITH"},{"data":"Deadly Poison","floor":15,"key":"SMITH"}],"circlet_count":0,"master_deck":["Strike_G","Strike_G+1","Defend_G","Defend_G","Survivor","Neutralize+1","Panacea+1","Infinite Blades","Crippling Poison","Deadly Poison+1","Burst","Backstab+1","Tools of the Trade+1","Night Terror+1","Cloak And Dagger","Bouncing Flask"],"relics":["Ring of the Snake","White Beast Statue","Pantograph","Astrolabe","Dream Catcher"],"acts_visited":["Exordium","TheCity"],"potions_floor_usage":[16,16,16,16,16,23,23],"damage_taken":[{"damage":0,"enemies":"2 Louse","floor":1,"turns":2},{"damage":1,"enemies":"Small Slimes","floor":2,"turns":3},{"damage":1,"enemies":"Cultist","floor":5,"turns":4},{"damage":25,"enemies":"Gremlin Nob","floor":6,"turns":5},{"damage":23,"enemies":"3 Sentries","floor":8,"turns":11},{"damage":4,"enemies":"Blue Slaver","floor":14,"turns":4},{"damage":42,"enemies":"Slime Boss","floor":16,"turns":14},{"damage":7,"enemies":"Chosen","floor":18,"turns":5},{"damage":7,"enemies":"Shell Parasite","floor":20,"turns":6},{"damage":8,"enemies":"Snake Plant","floor":22,"turns":5},{"damage":65,"enemies":"Slavers","floor":23,"turns":7}],"seed_played":"3247749552622542143","potions_obtained":[{"floor":6,"key":"EssenceOfSteel"},{"floor":8,"key":"Strength Potion"},{"floor":14,"key":"EntropicBrew"},{"floor":16,"key":"SpeedPotion"},{"floor":18,"key":"SteroidPotion"},{"floor":20,"key":"BlessingOfTheForge"},{"floor":22,"key":"Block Potion"}],"is_trial":false,"path_per_floor":["M","M","?","$","M","E","R","E","T","R","?","?","R","M","R","B",null,"M","?","M","?","M","E"],"character_chosen":"THE_SILENT","items_purchased":["Infinite Blades"],"campfire_rested":1,"item_purchase_floors":[4],"current_hp_per_floor":[70,69,69,69,68,43,43,20,20,41,27,27,27,23,23,6,70,63,63,56,56,48,0,0],"gold":199,"neow_bonus":"RANDOM_COLORLESS","is_daily":false,"chose_seed":false,"campfire_upgraded":2,"win_rate":0.0,"timestamp":1613789107,"path_taken":["M","M","?","$","M","E","R","E","T","R","?","?","R","?","R","BOSS","M","?","M","?","M","E"],"items_purchased_type":["Card"],"build_version":"2020-12-22","purchased_purges":0,"victory":false,"max_hp_per_floor":[70,70,70,70,70,70,70,70,70,70,70,70,70,70,70,70,70,70,70,70,70,70,70,70],"card_choices":[{"not_picked":["Dramatic Entrance","Jack Of All Trades"],"picked":"Panacea","floor":0},{"not_picked":["Skewer","Flying Knee","Finisher"],"picked":"SKIP","floor":1},{"not_picked":["Prepared","Bane","Outmaneuver"],"picked":"SKIP","floor":2},{"not_picked":["Expertise","Flying Knee","Outmaneuver"],"picked":"SKIP","floor":5},{"not_picked":["Wraith Form v2","Terror"],"picked":"Crippling Poison","floor":6},{"not_picked":["Deflect","Flying Knee","Skewer"],"picked":"SKIP","floor":8},{"not_picked":["Flechettes","Riddle With Holes"],"picked":"Deadly Poison","floor":14},{"not_picked":["Bullet Time","Doppelganger"],"picked":"Burst","floor":16},{"not_picked":["Quick Slash+1","Skewer","Expertise"],"picked":"SKIP","floor":18},{"not_picked":["Dagger Throw","Cloak And Dagger","Quick Slash"],"picked":"SKIP","floor":20},{"not_picked":["Dagger Throw","Quick Slash"],"picked":"Cloak And Dagger","floor":20},{"not_picked":["Dash+1","Terror+1"],"picked":"Bouncing Flask","floor":22}],"player_experience":1036835,"relics_obtained":[{"floor":6,"key":"White Beast Statue"},{"floor":8,"key":"Pantograph"}],"event_choices":[{"cards_removed":["Defend_G"],"damage_healed":0,"gold_gain":0,"player_choice":"Card Removal","damage_taken":0,"max_hp_gain":0,"max_hp_loss":0,"event_name":"The Cleric","floor":3,"gold_loss":50},{"damage_healed":0,"gold_gain":0,"player_choice":"Entered Light","damage_taken":14,"max_hp_gain":0,"max_hp_loss":0,"event_name":"Shining Light","floor":11,"gold_loss":0,"cards_upgraded":["Strike_G","Neutralize"]},{"cards_removed":["Strike_G"],"damage_healed":0,"gold_gain":0,"player_choice":"Offered Basic","damage_taken":0,"max_hp_gain":0,"max_hp_loss":0,"event_name":"Bonfire Elementals","floor":12,"gold_loss":0},{"damage_healed":0,"gold_gain":0,"player_choice":"Opened","damage_taken":0,"relics_obtained":["Dream Catcher"],"max_hp_gain":0,"max_hp_loss":0,"event_name":"The Mausoleum","floor":19,"gold_loss":0},{"cards_removed":["Defend_G"],"damage_healed":0,"gold_gain":0,"player_choice":"Gave Gold","damage_taken":0,"max_hp_gain":0,"max_hp_loss":0,"event_name":"Beggar","floor":21,"gold_loss":75}],"is_beta":false,"boss_relics":[{"not_picked":["Sozu","Philosopher\u0027s Stone"],"picked":"Astrolabe"}],"items_purged_floors":[],"is_endless":false,"potions_floor_spawned":[6,8,14,16,18,20,22],"killed_by":"Slavers","ascension_level":0}}