{"host":"vx9g5eyuglzorf3u","time":1613847156,"event":{"mods":["2.2 Compatiblity","BaseMod","DeckTracker","Keyboard Shortcuts","Minty Spire (QoL Compilation)","Relic Stats","StSLib","SuperFastMode","everything is the same but u backflip on backflip"],"gold_per_floor":[111,36,86,100,120,120,120,120,120,140,80,0,17,37,37,108,108,119,119,119,119,19,19,30,30,77,97,97,30,30,42,42,42,42],"floor_reached":33,"language":"KOR","playtime":652,"items_purged":["Strike_R","Strike_R","Twin Strike"],"score":470,"play_id":"20a94b13-8561-450c-8d3f-5fcbb20a8c2d","local_time":"20210221035236","is_ascension_mode":true,"campfire_choices":[{"data":"Body Slam","floor":6.0,"key":"SMITH"},{"data":"Shrug It Off","floor":15.0,"key":"SMITH"},{"data":"Bash","floor":23.0,"key":"SMITH"},{"data":"Evolve","floor":25.0,"key":"SMITH"},{"floor":28.0,"key":"REST"},{"floor":30.0,"key":"REST"},{"floor":32.0,"key":"REST"}],"circlet_count":0,"master_deck":["AscendersBane","Defend_R","Defend_R","Defend_R","Defend_R","Bash+1","Body Slam+1","Shrug It Off+1","Second Wind","Evolve+1","Feed","Dropkick","Pain","Dark Embrace"],"relics":["Burning Blood","NeowsBlessing","The Courier","Cursed Key","Dream Catcher"],"acts_visited":["Exordium","TheCity"],"potions_floor_usage":[33],"damage_taken":[{"damage":0.0,"enemies":"2 Louse","floor":1.0,"turns":2.0},{"damage":0.0,"enemies":"Cultist","floor":4.0,"turns":1.0},{"damage":0.0,"enemies":"Jaw Worm","floor":5.0,"turns":1.0},{"damage":14.0,"enemies":"Blue Slaver","floor":10.0,"turns":5.0},{"damage":4.0,"enemies":"Lots of Slimes","floor":13.0,"turns":7.0},{"damage":12.0,"enemies":"Red Slaver","floor":14.0,"turns":4.0},{"damage":29.0,"enemies":"Slime Boss","floor":16.0,"turns":11.0},{"damage":7.0,"enemies":"Chosen","floor":18.0,"turns":4.0},{"damage":6.0,"enemies":"3 Byrds","floor":24.0,"turns":6.0},{"damage":33.0,"enemies":"Shelled Parasite and Fungi","floor":27.0,"turns":5.0},{"damage":41.0,"enemies":"Centurion and Healer","floor":31.0,"turns":6.0},{"damage":88,"enemies":"Collector","floor":33,"turns":8}],"seed_played":"6863305591198105595","potions_obtained":[{"floor":1.0,"key":"LiquidBronze"},{"floor":10.0,"key":"EssenceOfSteel"},{"floor":16.0,"key":"Ancient Potion"},{"floor":31.0,"key":"Regen Potion"}],"is_trial":false,"path_per_floor":["M","?","?","M","M","R","?","?","T","M","$","$","M","M","R","B",null,"M","?","?","?","$","R","M","R","T","M","R","?","R","M","R","B"],"character_chosen":"IRONCLAD","items_purchased":[],"campfire_rested":3,"item_purchase_floors":[],"current_hp_per_floor":[74,74,67,73,75,75,75,75,75,67,67,67,69,63,63,40,66,68,68,68,68,68,68,71,71,71,47,72,72,84,52,78,5,5],"gold":42,"neow_bonus":"THREE_ENEMY_KILL","is_daily":false,"chose_seed":false,"campfire_upgraded":4,"win_rate":0.0,"timestamp":1613847156,"path_taken":["M","?","?","M","?","R","?","?","T","?","?","$","M","M","R","BOSS","M","?","?","?","$","R","?","R","T","M","R","?","R","?","R","BOSS"],"items_purchased_type":[],"build_version":"2020-12-22","purchased_purges":3,"victory":false,"max_hp_per_floor":[75,75,75,75,75,75,75,75,75,75,75,75,75,75,75,75,75,78,78,78,78,78,78,81,81,81,84,84,84,84,87,87,87,87],"relic_stats":{"Dream Catcher":2,"counters":[12,60],"Cursed Key":1,"obtain_stats":[{"Dream Catcher":29,"NeowsBlessing":0,"The Courier":9,"Cursed Key":17,"Burning Blood":0},{"Dream Catcher":10,"NeowsBlessing":0,"The Courier":3,"Cursed Key":7,"Burning Blood":0},{"Dream Catcher":46,"NeowsBlessing":0,"The Courier":4,"Cursed Key":31,"Burning Blood":0}],"Burning Blood":62},"card_choices":[{"not_picked":["Infernal Blade","Heavy Blade"],"picked":"Body Slam","floor":1.0},{"not_picked":["Flex","Disarm"],"picked":"Shrug It Off","floor":4.0},{"not_picked":["Dark Embrace","Perfected Strike"],"picked":"Second Wind","floor":5.0},{"not_picked":["Searing Blow","Havoc","Whirlwind"],"picked":"SKIP","floor":10.0},{"not_picked":["Cleave","Pommel Strike"],"picked":"Evolve","floor":13.0},{"not_picked":["Searing Blow","Bloodletting"],"picked":"Twin Strike","floor":14.0},{"not_picked":["Juggernaut","Reaper"],"picked":"Feed","floor":16.0},{"not_picked":["Clash","Metallicize+1"],"picked":"Dropkick","floor":18.0},{"not_picked":["Flex+1","Twin Strike","Clothesline"],"picked":"SKIP","floor":24.0},{"not_picked":["Flex+1","Twin Strike","Clothesline"],"picked":"SKIP","floor":24.0},{"not_picked":["Spot Weakness","Wild Strike","Blood for Blood"],"picked":"SKIP","floor":27.0},{"not_picked":["Infernal Blade","Hemokinesis","Clash"],"picked":"SKIP","floor":31.0},{"not_picked":["Wild Strike","Clothesline"],"picked":"Dark Embrace","floor":32.0}],"player_experience":1540158,"relics_obtained":[{"floor":9.0,"key":"The Courier"}],"event_choices":[{"cards_removed":["Strike_R"],"damage_healed":0.0,"max_hp_gain":0.0,"max_hp_loss":0.0,"gold_gain":0.0,"event_name":"The Cleric","player_choice":"Card Removal","floor":2.0,"gold_loss":75.0,"damage_taken":0.0},{"damage_healed":0.0,"max_hp_gain":0.0,"max_hp_loss":0.0,"gold_gain":50.0,"event_name":"FaceTrader","player_choice":"Touch","floor":3.0,"gold_loss":0.0,"damage_taken":7.0},{"damage_healed":0.0,"max_hp_gain":0.0,"max_hp_loss":0.0,"gold_gain":0.0,"event_name":"Liars Game","player_choice":"Ignored","floor":7.0,"gold_loss":0.0,"damage_taken":0.0},{"cards_removed":["Strike_R"],"damage_healed":0.0,"max_hp_gain":0.0,"max_hp_loss":0.0,"gold_gain":0.0,"event_name":"Bonfire Elementals","player_choice":"Offered Basic","floor":8.0,"gold_loss":0.0,"damage_taken":0.0},{"cards_removed":["Strike_R"],"damage_healed":0.0,"max_hp_gain":0.0,"max_hp_loss":0.0,"gold_gain":0.0,"event_name":"Back to Basics","player_choice":"Elegance","floor":19.0,"gold_loss":0.0,"damage_taken":0.0},{"damage_healed":0.0,"max_hp_gain":0.0,"max_hp_loss":0.0,"gold_gain":0.0,"event_name":"Vampires","player_choice":"Ignored","floor":20.0,"gold_loss":0.0,"damage_taken":0.0},{"damage_healed":0.0,"max_hp_gain":0.0,"max_hp_loss":0.0,"gold_gain":0.0,"event_name":"The Mausoleum","player_choice":"Ignored","floor":21.0,"gold_loss":0.0,"damage_taken":0.0},{"damage_healed":0.0,"max_hp_gain":0.0,"max_hp_loss":0.0,"gold_gain":0.0,"event_name":"WeMeetAgain","player_choice":"Paid Gold","floor":29.0,"gold_loss":67.0,"damage_taken":0.0,"relics_obtained":["Dream Catcher"]}],"is_beta":false,"boss_relics":[{"not_picked":["SlaversCollar","Snecko Eye"],"picked":"Cursed Key"}],"items_purged_floors":[11,12,22],"is_endless":false,"potions_floor_spawned":[1,10,16,18,31],"killed_by":"Collector","ascension_level":20}}