{"host":"pqs17sqrgflf4eqa","time":1613855161,"event":{"mods":["AchievementEnabler","BaseMod","Bestiary","Better Altar","Better Match","Better Skull","Block Reminder","Bossed Relics","Colored Map","Colored Powertips","Curses Come First","Dark Map","DeckTracker","Defective Defect","Displayed Cursed Tome","Emptier Cage","Googly Eyes","Highlight Path","Minty Spire (QoL Compilation)","Quick Restart","Slay-I","StSLib","SuperFastMode","Synergy Search","Thieving Mod","Transform Curses","everything is the same but u backflip on backflip","slay the spire mod where everything is the same but ironclad has a cowboy hat"],"gold_per_floor":[118,128,128,303,316,316,41,41,66,93,112,112,130,160,160,257,257,272,272,272,289,204,204,232,2,29,29,44,74,91,105,105,105,105],"floor_reached":33,"language":"ENG","playtime":664,"items_purged":["Doubt"],"score":416,"play_id":"22db960c-fdc9-430f-a973-0a326d08cad7","local_time":"20210220160601","is_ascension_mode":true,"campfire_choices":[{"data":"Eruption","floor":6,"key":"SMITH"},{"data":"Swivel","floor":8,"key":"SMITH"},{"data":"Vigilance","floor":15,"key":"SMITH"},{"data":"Prostrate","floor":23,"key":"SMITH"},{"data":"Prostrate","floor":27,"key":"SMITH"},{"data":"Prostrate","floor":32,"key":"SMITH"}],"circlet_count":0,"master_deck":["Strike_P","Strike_P","Strike_P","Strike_P","Defend_P","Defend_P","Defend_P","Defend_P","Eruption+1","Vigilance+1","Consecrate","Consecrate","CrushJoints","Swivel+1","Brilliance+1","FollowUp","Brilliance","Swivel","Prostrate+1","Prostrate+1","FearNoEvil+1","Prostrate+1","Swift Strike","WheelKick","ThirdEye+1","ThirdEye+1","FlyingSleeves+1"],"relics":["PureWater","NeowsBlessing","Centennial Puzzle","Gremlin Horn","Pantograph","Coffee Dripper","MealTicket","Meat on the Bone","Bag of Marbles","Matryoshka"],"acts_visited":["Exordium","TheCity"],"potions_floor_usage":[10,10,14,16,24,28,28,29,30],"damage_taken":[{"damage":0,"enemies":"Jaw Worm","floor":1,"turns":1},{"damage":0,"enemies":"2 Louse","floor":2,"turns":1},{"damage":0,"enemies":"Small Slimes","floor":5,"turns":1},{"damage":0,"enemies":"3 Sentries","floor":10,"turns":3},{"damage":2,"enemies":"Blue Slaver","floor":11,"turns":3},{"damage":0,"enemies":"Looter","floor":13,"turns":3},{"damage":30,"enemies":"Lagavulin","floor":14,"turns":5},{"damage":61,"enemies":"Hexaghost","floor":16,"turns":4},{"damage":14,"enemies":"Shell Parasite","floor":18,"turns":3},{"damage":0,"enemies":"Spheric Guardian","floor":21,"turns":3},{"damage":9,"enemies":"Book of Stabbing","floor":24,"turns":4},{"damage":0,"enemies":"3 Cultists","floor":28,"turns":2},{"damage":21,"enemies":"Gremlin Leader","floor":29,"turns":4},{"damage":9,"enemies":"Snake Plant","floor":30,"turns":3},{"damage":0,"enemies":"Shelled Parasite and Fungi","floor":31,"turns":2},{"damage":116,"enemies":"Automaton","floor":33,"turns":6}],"seed_played":"-3545436856772053860","potions_obtained":[{"floor":1,"key":"FairyPotion"},{"floor":10,"key":"BottledMiracle"},{"floor":11,"key":"LiquidBronze"},{"floor":21,"key":"ColorlessPotion"},{"floor":28,"key":"StancePotion"},{"floor":29,"key":"SkillPotion"}],"is_trial":false,"path_per_floor":["M","M","?","?","M","R","$","R","T","E","M","?","M","E","R","B",null,"M","?","?","M","?","R","E","$","T","R","M","E","M","M","R","B"],"character_chosen":"WATCHER","items_purchased":["AttackPotion","DistilledChaos","Swivel","Prostrate","ColorlessPotion","Explosive Potion","Swift Strike"],"campfire_rested":0,"item_purchase_floors":[7,7,7,25,25,25,25],"current_hp_per_floor":[65,65,65,65,65,65,65,65,65,65,63,63,63,33,33,20,59,45,45,45,45,45,45,36,51,51,51,51,42,45,45,45,0,0],"gold":105,"neow_bonus":"THREE_ENEMY_KILL","is_daily":false,"chose_seed":false,"campfire_upgraded":6,"win_rate":0.0,"timestamp":1613855161,"path_taken":["M","M","?","?","M","R","$","R","T","E","M","?","M","E","R","BOSS","M","?","?","M","?","R","E","$","T","R","M","E","M","M","R","BOSS"],"items_purchased_type":["Potion","Potion","Card","Card","Potion","Potion","Card"],"build_version":"2020-12-22","purchased_purges":1,"victory":false,"max_hp_per_floor":[72,72,72,72,72,72,72,72,72,72,72,72,72,72,72,72,72,72,72,72,72,72,72,72,72,72,72,72,72,72,72,72,72,72],"card_choices":[{"not_picked":["ReachHeaven","EmptyBody"],"picked":"Consecrate","floor":1},{"not_picked":["Protect","FlyingSleeves"],"picked":"Consecrate","floor":2},{"not_picked":["WaveOfTheHand","PathToVictory"],"picked":"CrushJoints","floor":5},{"not_picked":["Worship","Vengeance"],"picked":"Brilliance","floor":10},{"not_picked":["ThirdEye","LikeWater","EmptyFist"],"picked":"SKIP","floor":11},{"not_picked":["Prostrate","WaveOfTheHand"],"picked":"FollowUp","floor":13},{"not_picked":["CutThroughFate","SpiritShield","BowlingBash"],"picked":"SKIP","floor":14},{"not_picked":["Scrawl","LessonLearned"],"picked":"Brilliance","floor":16},{"not_picked":["Meditate","WreathOfFlame"],"picked":"Swivel","floor":18},{"not_picked":["Pray","InnerPeace"],"picked":"Prostrate","floor":21},{"not_picked":["WreathOfFlame","BowlingBash"],"picked":"FearNoEvil+1","floor":24},{"not_picked":["WreathOfFlame+1","TalkToTheHand"],"picked":"WheelKick","floor":28},{"not_picked":["Vengeance+1","Meditate+1"],"picked":"ThirdEye+1","floor":29},{"not_picked":["BattleHymn","WaveOfTheHand"],"picked":"ThirdEye+1","floor":30},{"not_picked":["FlurryOfBlows","Study"],"picked":"FlyingSleeves+1","floor":31}],"player_experience":238803,"relics_obtained":[{"floor":9,"key":"Centennial Puzzle"},{"floor":10,"key":"Gremlin Horn"},{"floor":14,"key":"Pantograph"},{"floor":24,"key":"Meat on the Bone"},{"floor":26,"key":"Bag of Marbles"},{"floor":29,"key":"Matryoshka"}],"event_choices":[{"damage_healed":0,"gold_gain":0,"player_choice":"Leave","damage_taken":0,"max_hp_gain":0,"max_hp_loss":0,"event_name":"The Cleric","floor":3,"gold_loss":0},{"damage_healed":0,"gold_gain":175,"player_choice":"AGREE","damage_taken":0,"max_hp_gain":0,"max_hp_loss":0,"event_name":"Liars Game","floor":4,"gold_loss":0,"cards_obtained":["Doubt"]},{"damage_healed":0,"gold_gain":0,"player_choice":"Grow","damage_taken":0,"max_hp_gain":0,"max_hp_loss":0,"event_name":"Living Wall","floor":12,"gold_loss":0,"cards_upgraded":["Brilliance"]},{"damage_healed":0,"gold_gain":0,"player_choice":"Read","damage_taken":0,"max_hp_gain":0,"max_hp_loss":0,"event_name":"The Library","floor":19,"gold_loss":0,"cards_obtained":["Prostrate"]},{"damage_healed":0,"gold_gain":0,"player_choice":"Ignored","damage_taken":0,"max_hp_gain":0,"max_hp_loss":0,"event_name":"Beggar","floor":20,"gold_loss":0},{"damage_healed":0,"gold_gain":0,"player_choice":"Obtained Relic","damage_taken":0,"relics_obtained":["MealTicket"],"max_hp_gain":0,"max_hp_loss":0,"event_name":"Addict","floor":22,"gold_loss":85}],"is_beta":false,"boss_relics":[{"not_picked":["Runic Dome","SacredBark"],"picked":"Coffee Dripper"}],"items_purged_floors":[7],"is_endless":false,"potions_floor_spawned":[1,10,11,21,28,29],"killed_by":"Automaton","ascension_level":6}}