{"host":"ie50qk0ts9eskyyo","time":1613820231,"event":{"mods":["BaseMod","BetterRewards","Colored Map","Curses Come First","Downfall","Friendly Minions","Highlight Path","Hubris","Infinite Spire","Minty Spire (QoL Compilation)","Quick Restart","Reliquary","Replay The Spire","Robot Space Explorer","Shop Mod","StSLib","SuperFastMode","The Jungle"],"gold_per_floor":[115,115,115,126,126,126,17,92,173,173,203,203,217,230,230,325,325,339,339,358,358,373,373,390,160,186,101,118,18,18,31,31,129,129,148,198,198,198,218,218,231,231,231,266,266,284,284,60,60,159,159,168,118,124,124,124,124,133,134,134,133,133,133,133,138,85,81,81,116,116,99,18,18,18,11,26,26,26,26,26,26,29,28,28,28,102,102,94,94,82,82,82,82,82,82,82,84,84,89,89,91,152,221,221,221,296,298,58,58,69,69,71,121,121,124,131,134,139,139,213,213,205,48,48,35,35,35,35,27,27,22,22,13,18,11,11,95,145,136,136,136,134,134,134,133,133,159,40,36,20,20,19,0,13,13,13,13,32,0,0],"floor_reached":159,"language":"ENG","playtime":9042,"items_purged":["Tantrum","Vigilance","Strike_P","Ragnarok","FearNoEvil+2"],"score":3667,"play_id":"1e7fee66-0ad9-4102-8cc2-50c0b0eabfc6","local_time":"20210220062351","is_ascension_mode":true,"campfire_choices":[{"data":"hexamod:GhostflameBarrier","floor":6.0,"key":"SMITH"},{"data":"Sadistic Nature","floor":10.0,"key":"SMITH"},{"data":"Replay:Parry","floor":15.0,"key":"SMITH"},{"data":"Replay:DivineShield","floor":23.0,"key":"SMITH"},{"data":"Defend_P","floor":30.0,"key":"SMITH"},{"floor":32.0,"key":"REST"},{"data":"Defend_P","floor":40.0,"key":"SMITH"},{"data":"Defend_P","floor":42.0,"key":"SMITH"},{"data":"Defend_P","floor":45.0,"key":"SMITH"},{"data":"Sanctity","floor":47.0,"key":"SMITH"},{"data":"Secret Technique","floor":49.0,"key":"SMITH"},{"data":"Blind","floor":57.0,"key":"SMITH"},{"data":"Noxious Fumes","floor":64.0,"key":"SMITH"},{"data":"infinitespire:Fortify","floor":78.0,"key":"SMITH"},{"data":"Vault","floor":81.0,"key":"SMITH"},{"data":"Vault+1","floor":85.0,"key":"SMITH"},{"data":"Sanctity+1","floor":93.0,"key":"SMITH"},{"data":"infinitespire:Collect","floor":95.0,"key":"SMITH"},{"data":"WaveOfTheHand+1","floor":111.0,"key":"SMITH"},{"data":"Protect+1","floor":119.0,"key":"SMITH"},{"data":"Burst","floor":128.0,"key":"SMITH"},{"data":"Scrawl","floor":136.0,"key":"SMITH"},{"data":"Pot Of Greed","floor":144.0,"key":"SMITH"},{"data":"PathToVictory+1","floor":146.0,"key":"SMITH"},{"data":"Protect+1","floor":151.0,"key":"SMITH"},{"data":"Protect+1","floor":156,"key":"SMITH"}],"circlet_count":0,"master_deck":["Defend_P+2","Defend_P+2","Sadistic Nature+1","Replay:Parry+1","Secret Technique+1","hexamod:GhostflameBarrier+1","hexamod:FlamesFromBeyond+1","Noxious Fumes+1","Noxious Fumes+1","PathToVictory+2","hexamod:FlamesFromBeyond+1","Replay:AtTheReady+1","hexamod:SearingWound+1","Replay:DivineShield+1","Replay:Anticipation+1","Collect+2","WaveOfTheHand+2","Halt+2","Sanctity+2","PathToVictory+2","Blind+1","Halt+2","Vault+2","ThirdEye+2","Protect+2","Sanctity+2","Specialist+1","ReplayTheSpireMod:Black Plague+1","infinitespire:Fortify+1","Sadistic Nature+1","RobotSpaceExplorer:FreezeRay+1","WaveOfTheHand+2","infinitespire:Collect+1","Vault+1","Burst+1","Steam+1","Scrawl+2","Protect+2","Pot Of Greed+1","Pot Of Greed+1","Pot Of Greed+1","Pot Of Greed+1","ThirdEye+2","DeusExMachina+2","Protect+2","Evaluate+2","ReplayUltimateDefense+1","Swivel+2","PathToVictory+2","Fasting2+2","Protect+2","Pot Of Greed+1","Establishment+1"],"relics":["m_HexaRing","ReplayTheSpireMod:ShopPack","FossilizedHelix","infinitespire:Chaos","Gambling Chip","Ring of Fangs","Ring of Panic","Replay:Ringing Soul","Counterbalance","hubris:TerracottaHorce","infinitespire:PuzzleCube","Bag of Marbles","Nunchaku","Empty Cage","reliquary:OuijaBoard","hubris:Towel","TungstenRod","Replay:WaspNest","BargainBundle","infinitespire:Cupcake","InkBottle","PreservedInsect","Happy Flower","reliquary:Solitaire","reliquary:PorcupineQuills","hubris:SlimyHat","Mummified Hand","Coffee Dripper","Mark of the Bloom","hubris:SphereOfDissonance","hubris:HollowSoul","Bottled Lightning","Smiling Mask","Pocketwatch","hubris:CrystalStatue","infinitespire:CheckeredPen","reliquary:RoseTintedGlasses","hubris:BlackHole","reliquary:FerryPass","Grinning Jar","reliquary:IvoryTrinket","Golden Egg","Tiny House","Replay:Mystery Machine","Mark of the Bloom","Honey Jar","Chameleon Ring"],"acts_visited":["Exordium","TheCity","TheBeyond","Exordium","TheCity","TheBeyond","Exordium","TheCity","TheBeyond","TheEnding"],"potions_floor_usage":[],"damage_taken":[{"damage":0.0,"enemies":"2 Louse","floor":1.0,"turns":3.0},{"damage":3.0,"enemies":"Jaw Worm","floor":4.0,"turns":4.0},{"damage":5.0,"enemies":"3 Sentries","floor":11.0,"turns":5.0},{"damage":2.0,"enemies":"Small Slimes","floor":13.0,"turns":2.0},{"damage":0.0,"enemies":"Looter","floor":14.0,"turns":2.0},{"damage":6.0,"enemies":"Hexaghost","floor":16.0,"turns":6.0},{"damage":23.0,"enemies":"2 Thieves","floor":18.0,"turns":3.0},{"damage":7.0,"enemies":"Shell Parasite","floor":20.0,"turns":3.0},{"damage":19.0,"enemies":"3 Cultists","floor":22.0,"turns":5.0},{"damage":0.0,"enemies":"Centurion and Healer","floor":24.0,"turns":4.0},{"damage":0.0,"enemies":"Snecko","floor":28.0,"turns":6.0},{"damage":26.0,"enemies":"Sentry and Sphere","floor":31.0,"turns":6.0},{"damage":25.0,"enemies":"Champ","floor":33.0,"turns":11.0},{"damage":12.0,"enemies":"Orb Walker","floor":35.0,"turns":4.0},{"damage":0.0,"enemies":"Mind Bloom Boss Battle","floor":36.0,"turns":7.0},{"damage":0.0,"enemies":"3 Shapes","floor":39.0,"turns":4.0},{"damage":11.0,"enemies":"Sphere and 2 Shapes","floor":41.0,"turns":5.0},{"damage":1.0,"enemies":"Nightmare","floor":44.0,"turns":8.0},{"damage":0.0,"enemies":"Maw","floor":46.0,"turns":7.0},{"damage":22.0,"enemies":"Donu and Deca","floor":50.0,"turns":9.0},{"damage":0.0,"enemies":"2 Louse","floor":52.0,"turns":2.0},{"damage":23.0,"enemies":"Small Slimes","floor":54.0,"turns":3.0},{"damage":0.0,"enemies":"Lagavulin","floor":58.0,"turns":5.0},{"damage":0.0,"enemies":"Cultist","floor":59.0,"turns":4.0},{"damage":0.0,"enemies":"Red Slaver","floor":61.0,"turns":3.0},{"damage":0.0,"enemies":"3 Louse","floor":65.0,"turns":3.0},{"damage":0.0,"enemies":"Looter","floor":67.0,"turns":3.0},{"damage":0.0,"enemies":"Fading Forest","floor":69.0,"turns":11.0},{"damage":0.0,"enemies":"Chosen","floor":71.0,"turns":8.0},{"damage":0.0,"enemies":"Spheric Guardian","floor":73.0,"turns":4.0},{"damage":0.0,"enemies":"Centurion and Healer","floor":75.0,"turns":5.0},{"damage":0.0,"enemies":"Book of Stabbing","floor":76.0,"turns":3.0},{"damage":0.0,"enemies":"Snake Plant","floor":82.0,"turns":2.0},{"damage":0.0,"enemies":"3 Cultists","floor":83.0,"turns":4.0},{"damage":0.0,"enemies":"Automaton","floor":86.0,"turns":5.0},{"damage":0.0,"enemies":"3 Darklings","floor":88.0,"turns":4.0},{"damage":0.0,"enemies":"Orb Walker","floor":90.0,"turns":4.0},{"damage":0.0,"enemies":"Sphere and 2 Shapes","floor":94.0,"turns":3.0},{"damage":0.0,"enemies":"Nightmare","floor":97.0,"turns":5.0},{"damage":0.0,"enemies":"R_Hoarder","floor":99.0,"turns":4.0},{"damage":0.0,"enemies":"3 Darklings","floor":101.0,"turns":3.0},{"damage":0.0,"enemies":"Donu and Deca","floor":103.0,"turns":5.0},{"damage":0.0,"enemies":"Small Slimes","floor":105.0,"turns":3.0},{"damage":0.0,"enemies":"Cultist","floor":107.0,"turns":2.0},{"damage":0.0,"enemies":"Gremlin Nob","floor":110.0,"turns":2.0},{"damage":0.0,"enemies":"Jaw Worm","floor":112.0,"turns":3.0},{"damage":0.0,"enemies":"Looter","floor":115.0,"turns":1.0},{"damage":0.0,"enemies":"Blue Slaver","floor":116.0,"turns":1.0},{"damage":0.0,"enemies":"Lots of Slimes","floor":117.0,"turns":3.0},{"damage":0.0,"enemies":"Gremlin Gang","floor":118.0,"turns":2.0},{"damage":0.0,"enemies":"Hexaghost","floor":120.0,"turns":4.0},{"damage":0.0,"enemies":"Chosen","floor":122.0,"turns":2.0},{"damage":0.0,"enemies":"2 Thieves","floor":125.0,"turns":2.0},{"damage":0.0,"enemies":"Book of Stabbing","floor":127.0,"turns":4.0},{"damage":0.0,"enemies":"Chosen and Byrds","floor":129.0,"turns":2.0},{"damage":6.0,"enemies":"Snake Plant","floor":131.0,"turns":3.0},{"damage":0.0,"enemies":"3 Cultists","floor":133.0,"turns":2.0},{"damage":0.0,"enemies":"Centurion and Healer","floor":134.0,"turns":3.0},{"damage":0.0,"enemies":"Snake Plant","floor":135.0,"turns":3.0},{"damage":0.0,"enemies":"Automaton","floor":137.0,"turns":8.0},{"damage":0.0,"enemies":"3 Darklings","floor":139.0,"turns":4.0},{"damage":0.0,"enemies":"Orb Walker","floor":142.0,"turns":1.0},{"damage":0.0,"enemies":"Jaw Worm Horde","floor":145.0,"turns":1.0},{"damage":0.0,"enemies":"Sphere and 2 Shapes","floor":149.0,"turns":3.0},{"damage":0.0,"enemies":"Maw","floor":150.0,"turns":5.0},{"damage":0.0,"enemies":"Writhing Mass","floor":152.0,"turns":3.0},{"damage":0.0,"enemies":"infinitespire:Three Voidlings","floor":153.0,"turns":2.0},{"damage":44.0,"enemies":"Nightmare_Alpha","floor":153.0,"turns":9.0},{"damage":0,"enemies":"infinitespire:LordOfFortification","floor":154,"turns":1},{"damage":0,"enemies":"Shield and Spear","floor":158,"turns":4},{"damage":138,"enemies":"The Heart","floor":159,"turns":10}],"seed_played":"-2824356364626927721","potions_obtained":[{"floor":11.0,"key":"SpeedPotion"},{"floor":13.0,"key":"Elixir"},{"floor":14.0,"key":"ColorlessPotion"},{"floor":22.0,"key":"Reflective Coating"},{"floor":28.0,"key":"PowerPotion"},{"floor":31.0,"key":"Swift Potion"},{"floor":33.0,"key":"Block Potion"},{"floor":36.0,"key":"Toxic Potion"},{"floor":41.0,"key":"Milkshake"},{"floor":50.0,"key":"Strength Potion"},{"floor":61.0,"key":"LiquidMemories"},{"floor":73.0,"key":"champ:CounterPotion"},{"floor":83.0,"key":"Adrenaline Potion"},{"floor":86.0,"key":"FearPotion"},{"floor":94.0,"key":"Languid Potion"},{"floor":101.0,"key":"LiquidMemories"},{"floor":117.0,"key":"Weak Potion"},{"floor":122.0,"key":"DuplicationPotion"},{"floor":125.0,"key":"BottledMiracle"},{"floor":131.0,"key":"Fire Potion"},{"floor":134.0,"key":"hexamod:SoulburnPotion"},{"floor":138.0,"key":"Doom Potion"},{"floor":149.0,"key":"sneckomod:MuddlingPotion"},{"floor":158,"key":"SteroidPotion"}],"is_trial":false,"path_per_floor":["M","?","?","M","?","R","$","?","T","R","E","?","M","M","R","B",null,"M","?","M","?","M","R","M","$","T","?","M","$","R","M","R","B",null,"M","?","?","?","M","R","M","R","T","NM","R","M","R","$","R","B",null,"M","?","M","T","?","R","E","M","T","M","PTL","PTL","R","M","$","M","R_BF","B",null,"M","$","M","AVR","M","E","?","R","T","?","R","M","M","?","R","B",null,"M","?","M","?","AVR","R","M","R","T","NM","?","E","?","M","R_BF","B",null,"M","?","M","$","?","E","R","M","T","?","M","M","M","M","R","B",null,"M","$","?","M","T","E","R","M","T","M","?","M","M","M","R","B",null,"M","?","?","M","?","R","M","R","T","$","M","M","R","M","R_BF","B",null,"R","$","E","B"],"character_chosen":"WATCHER","items_purchased":["hubris:ToyBattleship","reliquary:Stiletto","infinitespire:Chaos","Fruit Juice","MerchantsRug","Noxious Fumes","PathToVictory","infinitespire:PuzzleCube","BargainBundle","PathToVictory","Blind","SpeedPotion","PowerPotion","Protect","Specialist","hubris:CrystalStatue","reliquary:FerryPass","PathToVictory","Fasting2"],"campfire_rested":1,"item_purchase_floors":[0,0,0,0,0,7,7,25,48,48,48,48,48,66,72,108,123,148,148],"current_hp_per_floor":[45,45,45,42,42,42,42,31,31,31,29,29,30,30,30,27,71,51,51,44,47,28,28,28,28,28,28,28,28,28,5,33,8,73,61,64,64,64,67,67,59,59,59,58,58,61,61,64,64,42,93,93,93,70,70,70,70,70,73,73,76,76,76,76,79,82,85,122,125,125,125,128,128,131,131,131,131,131,131,134,134,134,134,137,137,137,137,140,140,140,136,136,136,136,136,136,136,136,136,136,136,136,136,136,136,126,126,126,126,126,126,126,126,126,126,126,126,126,126,126,126,126,126,126,126,126,126,126,126,126,120,120,120,120,120,120,120,120,120,120,120,120,120,120,120,120,120,120,120,120,120,120,76,76,76,76,76,76,0,0],"gold":0,"neow_bonus":"","is_daily":false,"chose_seed":false,"campfire_upgraded":25,"win_rate":0.0,"timestamp":1613820231,"path_taken":["M","?","?","M","?","R","$","?","T","R","E","?","M","?","R","BOSS","M","?","?","?","M","R","M","$","T","?","M","?","R","M","R","BOSS","M","?","?","?","M","R","M","R","T","NM","R","M","R","$","R","BOSS","M","?","M","?","?","R","E","M","T","M","PTL","PTL","R","M","?","?","R_BF","BOSS","M","$","M","AVR","M","E","?","R","T","?","R","?","M","?","R","BOSS","M","?","M","?","AVR","R","M","R","T","NM","?","E","?","M","R_BF","BOSS","M","?","M","$","?","E","R","M","T","?","M","M","M","?","R","BOSS","M","$","?","?","?","E","R","M","T","M","?","M","M","M","R","BOSS","M","?","?","M","?","R","M","R","T","$","M","M","R","M","R_BF","BOSS","R","$","E","BOSS"],"items_purchased_type":["Relic","Relic","Relic","Potion","Relic","Card","Card","Relic","Relic","Card","Card","Potion","Potion","Card","Card","Relic","Relic","Card","Card"],"build_version":"2020-12-22","purchased_purges":5,"victory":false,"max_hp_per_floor":[77,77,77,77,77,77,77,77,77,77,80,80,83,83,83,86,86,89,89,89,92,92,92,92,92,92,92,92,92,92,95,95,95,95,95,98,98,98,101,101,104,104,104,104,104,107,107,110,110,110,110,110,110,110,110,110,110,110,113,113,116,116,116,116,119,122,125,125,125,125,125,128,128,131,131,131,131,131,131,134,134,134,134,137,137,137,137,140,140,143,136,139,139,142,142,142,142,142,142,142,142,142,145,145,145,145,145,145,148,148,148,148,148,148,148,148,148,148,148,151,151,151,151,151,154,157,160,160,160,160,163,166,166,169,169,169,169,174,174,177,177,177,168,168,171,171,171,174,177,177,177,177,177,177,177,177,177,180,180,180],"card_choices":[{"not_picked":["HandOfGreed","Panache"],"picked":"Sadistic Nature","floor":0.0},{"not_picked":["hubris:EnhanceAbility","Flash of Steel"],"picked":"Replay:Parry","floor":0.0},{"not_picked":["Dramatic Entrance","Secret Weapon"],"picked":"Secret Technique","floor":0.0},{"not_picked":["Vengeance","CrushJoints"],"picked":"hexamod:GhostflameBarrier","floor":1.0},{"not_picked":["WindmillStrike","Conclude","CutThroughFate"],"picked":"SKIP","floor":4.0},{"not_picked":["Fasting2","Consecrate"],"picked":"hexamod:FlamesFromBeyond","floor":11.0},{"not_picked":["Replay:DivineShield","CrushJoints"],"picked":"Replay:AtTheReady","floor":13.0},{"not_picked":["Fasting2","Replay:ManipulateFuture","Replay:Vibes"],"picked":"SKIP","floor":14.0},{"not_picked":["Alpha","Corpse Explosion"],"picked":"hexamod:SearingWound","floor":16.0},{"not_picked":["LikeWater+1","BattleHymn"],"picked":"Replay:DivineShield","floor":18.0},{"not_picked":["Crescendo","SashWhip","BowlingBash"],"picked":"SKIP","floor":20.0},{"not_picked":["Perseverance","Replay:BluntJabs","CutThroughFate+1"],"picked":"SKIP","floor":22.0},{"not_picked":["CutThroughFate","Wallop+1","MasterReality"],"picked":"SKIP","floor":24.0},{"not_picked":["FollowUp","Conclude+1","MentalFortress"],"picked":"SKIP","floor":28.0},{"not_picked":["Swivel","Evaluate"],"picked":"Replay:Anticipation","floor":31.0},{"not_picked":["Collect","FollowUp+1","CutThroughFate"],"picked":"SKIP","floor":35.0},{"not_picked":["Crescendo+1","Vengeance"],"picked":"Collect","floor":36.0},{"not_picked":["Fasting2+1","Prostrate"],"picked":"WaveOfTheHand+1","floor":39.0},{"not_picked":["Study+1","Consecrate"],"picked":"Halt+1","floor":41.0},{"not_picked":["WaveOfTheHand","Deadly Poison","Bane"],"picked":"SKIP","floor":44.0},{"not_picked":["BowlingBash","FlyingSleeves"],"picked":"Sanctity","floor":46.0},{"not_picked":["Conclude","FollowUp","Replay:Vibes"],"picked":"SKIP","floor":52.0},{"not_picked":["PathToVictory","CutThroughFate","Replay:BluntJabs"],"picked":"SKIP","floor":54.0},{"not_picked":["Replay:BluntJabs","Replay:Anticipation","Replay:AtTheReady"],"picked":"SKIP","floor":58.0},{"not_picked":["Study","CrushJoints"],"picked":"Halt","floor":59.0},{"not_picked":["Wallop","EmptyBody"],"picked":"Vault","floor":61.0},{"not_picked":["Devotion","JustLucky"],"picked":"ThirdEye","floor":65.0},{"not_picked":["Crescendo","Brilliance"],"picked":"Sanctity","floor":67.0},{"not_picked":["Replay:BluntJabs","Halt","SandsOfTime"],"picked":"SKIP","floor":71.0},{"not_picked":["Replay:BluntJabs","Halt","SandsOfTime"],"picked":"SKIP","floor":71.0},{"not_picked":["Replay:Battleflow","ReachHeaven","Fasting2"],"picked":"SKIP","floor":73.0},{"not_picked":["Consecrate+1","EmptyBody+1","Replay:Cycle"],"picked":"SKIP","floor":75.0},{"not_picked":["Prostrate+1","Ragnarok","DeceiveReality"],"picked":"SKIP","floor":76.0},{"not_picked":["Halt+1","Prostrate+1","Replay:Vibes+1"],"picked":"SKIP","floor":82.0},{"not_picked":["FlyingSleeves","Conclude","hexamod:Firestarter"],"picked":"SKIP","floor":83.0},{"not_picked":["Crescendo+1","ClearTheMind+1"],"picked":"FearNoEvil+1","floor":88.0},{"not_picked":["EmptyFist","BowlingBash"],"picked":"WaveOfTheHand+1","floor":90.0},{"not_picked":["Replay:Anticipation","Fasting2+1"],"picked":"Vault","floor":94.0},{"not_picked":["EmptyMind+1","FlyingSleeves","CrushJoints+1"],"picked":"SKIP","floor":97.0},{"not_picked":["PathToVictory","FlurryOfBlows","CutThroughFate+1"],"picked":"SKIP","floor":99.0},{"not_picked":["Replay:BluntJabs+1","hexamod:WildfireWeapon","hexamod:Firestarter+1"],"picked":"SKIP","floor":101.0},{"not_picked":["DeusExMachina","Phantasmal Killer"],"picked":"Burst","floor":103.0},{"not_picked":["Perseverance","Crescendo","Replay:DivineShield"],"picked":"SKIP","floor":105.0},{"not_picked":["Perseverance","FlurryOfBlows","BowlingBash"],"picked":"SKIP","floor":107.0},{"not_picked":["BowlingBash","Adaptation","Perseverance"],"picked":"SKIP","floor":110.0},{"not_picked":["Replay:AllIn","BattleHymn","FollowUp"],"picked":"SKIP","floor":112.0},{"not_picked":["CarveReality","ReachHeaven","BowlingBash"],"picked":"SKIP","floor":115.0},{"not_picked":["Worship","Collect","WheelKick"],"picked":"SKIP","floor":116.0},{"not_picked":["Adaptation","Evaluate","DeceiveReality"],"picked":"SKIP","floor":117.0},{"not_picked":["Replay:AtTheReady","Halt","EmptyBody"],"picked":"SKIP","floor":118.0},{"not_picked":["Replay:AllIn","MasterReality"],"picked":"Scrawl","floor":120.0},{"not_picked":["FlurryOfBlows+1","Replay:Battleflow+1","JustLucky"],"picked":"SKIP","floor":122.0},{"not_picked":["CrushJoints","Consecrate"],"picked":"Protect+1","floor":125.0},{"not_picked":["EmptyMind","Nirvana+1"],"picked":"ThirdEye+1","floor":127.0},{"not_picked":["CutThroughFate","Consecrate","CarveReality"],"picked":"SKIP","floor":129.0},{"not_picked":["CutThroughFate","Consecrate","CarveReality"],"picked":"SKIP","floor":129.0},{"not_picked":["JustLucky","FlurryOfBlows"],"picked":"DeusExMachina","floor":131.0},{"not_picked":["JustLucky","BowlingBash","Consecrate+1"],"picked":"SKIP","floor":133.0},{"not_picked":["Crescendo","BowlingBash"],"picked":"Evaluate+1","floor":134.0},{"not_picked":["FlurryOfBlows","LikeWater","Meditate"],"picked":"SKIP","floor":135.0},{"not_picked":["Replay:AtTheReady+1","MentalFortress","SashWhip"],"picked":"SKIP","floor":139.0},{"not_picked":["Mind Blast","Secret Technique"],"picked":"ReplayUltimateDefense","floor":140.0},{"not_picked":["SandsOfTime","Conclude","InnerPeace+1"],"picked":"SKIP","floor":142.0},{"not_picked":["Conclude+1","EmptyFist"],"picked":"Swivel+1","floor":145.0},{"not_picked":["Vengeance","ClearTheMind+1"],"picked":"Protect+1","floor":149.0},{"not_picked":["FollowUp+1","SashWhip","Nirvana+1"],"picked":"SKIP","floor":150.0},{"not_picked":["Crescendo+1","MentalFortress","Replay:AtTheReady+1"],"picked":"SKIP","floor":152.0},{"not_picked":["Prostrate+1","Replay:ManipulateFuture+1","EmptyBody+1"],"picked":"Establishment","floor":158}],"player_experience":108525,"relics_obtained":[{"floor":3.0,"key":"Ring of Fangs"},{"floor":3.0,"key":"Ring of Panic"},{"floor":9.0,"key":"Replay:Ringing Soul"},{"floor":11.0,"key":"Counterbalance"},{"floor":26.0,"key":"Bag of Marbles"},{"floor":36.0,"key":"reliquary:OuijaBoard"},{"floor":43.0,"key":"TungstenRod"},{"floor":44.0,"key":"Replay:WaspNest"},{"floor":55.0,"key":"InkBottle"},{"floor":58.0,"key":"PreservedInsect"},{"floor":60.0,"key":"Happy Flower"},{"floor":76.0,"key":"hubris:SlimyHat"},{"floor":79.0,"key":"Mummified Hand"},{"floor":96.0,"key":"Bottled Lightning"},{"floor":97.0,"key":"Smiling Mask"},{"floor":99.0,"key":"Pocketwatch"},{"floor":110.0,"key":"infinitespire:CheckeredPen"},{"floor":113.0,"key":"reliquary:RoseTintedGlasses"},{"floor":126.0,"key":"Grinning Jar"},{"floor":127.0,"key":"reliquary:IvoryTrinket"},{"floor":130.0,"key":"Golden Egg"},{"floor":147.0,"key":"Replay:Mystery Machine"},{"floor":158,"key":"Chameleon Ring"}],"event_choices":[{"damage_healed":0.0,"max_hp_gain":0.0,"max_hp_loss":0.0,"gold_gain":75.0,"event_name":"World of Goop","player_choice":"Gather Gold","floor":8.0,"gold_loss":0.0,"damage_taken":11.0},{"damage_healed":0.0,"max_hp_gain":0.0,"max_hp_loss":0.0,"gold_gain":0.0,"event_name":"Dead Adventurer","player_choice":"Searched \u00270\u0027 times","floor":12.0,"gold_loss":0.0,"damage_taken":0.0},{"cards_removed":["Pain"],"damage_healed":0.0,"max_hp_gain":0.0,"max_hp_loss":0.0,"gold_gain":0.0,"event_name":"Fountain of Cleansing","player_choice":"Removed Curses","floor":19.0,"gold_loss":0.0,"damage_taken":0.0},{"damage_healed":0.0,"max_hp_gain":0.0,"max_hp_loss":0.0,"gold_gain":0.0,"cards_transformed":["Eruption","Strike_P"],"event_name":"Drug Dealer","player_choice":"Became Test Subject","floor":21.0,"gold_loss":0.0,"damage_taken":0.0,"cards_obtained":["Tantrum","Ragnarok"]},{"damage_healed":0.0,"max_hp_gain":0.0,"max_hp_loss":0.0,"gold_gain":0.0,"event_name":"Addict","player_choice":"Obtained Relic","floor":27.0,"gold_loss":85.0,"damage_taken":0.0,"relics_obtained":["Nunchaku"]},{"damage_healed":0.0,"max_hp_gain":0.0,"max_hp_loss":0.0,"gold_gain":0.0,"event_name":"MindBloom","player_choice":"Fight","floor":36.0,"gold_loss":0.0,"damage_taken":0.0},{"cards_removed":["Strike_P"],"damage_healed":0.0,"max_hp_gain":0.0,"max_hp_loss":0.0,"gold_gain":0.0,"event_name":"The Cleric","player_choice":"Card Removal","floor":53.0,"gold_loss":50.0,"damage_taken":0.0},{"damage_healed":0.0,"max_hp_gain":0.0,"max_hp_loss":0.0,"gold_gain":0.0,"event_name":"Ghosts","player_choice":"Ignored","floor":77.0,"gold_loss":0.0,"damage_taken":0.0},{"damage_healed":0.0,"max_hp_gain":0.0,"max_hp_loss":0.0,"gold_gain":0.0,"event_name":"Duplicator","player_choice":"Copied","floor":80.0,"gold_loss":0.0,"damage_taken":0.0,"cards_obtained":["Sadistic Nature"]},{"damage_healed":0.0,"max_hp_gain":0.0,"max_hp_loss":0.0,"gold_gain":0.0,"event_name":"The Library","player_choice":"Read","floor":84.0,"gold_loss":0.0,"damage_taken":0.0,"cards_obtained":["RobotSpaceExplorer:FreezeRay"]},{"damage_healed":0.0,"max_hp_gain":0.0,"max_hp_loss":0.0,"gold_gain":0.0,"event_name":"MindBloom","player_choice":"Upgrade","floor":89.0,"gold_loss":0.0,"damage_taken":0.0,"cards_upgraded":["Defend_P","Defend_P","Defend_P","Defend_P","hexamod:FlamesFromBeyond","Noxious Fumes","PathToVictory","hexamod:FlamesFromBeyond","Replay:AtTheReady","hexamod:SearingWound","Replay:DivineShield","Replay:Anticipation","Collect","WaveOfTheHand","Halt","Sanctity","PathToVictory","Halt","ThirdEye","Protect","Sanctity","Specialist","ReplayTheSpireMod:Black Plague","RobotSpaceExplorer:FreezeRay","FearNoEvil"],"relics_obtained":["Mark of the Bloom"]},{"damage_healed":0.0,"max_hp_gain":0.0,"max_hp_loss":7.0,"gold_gain":0.0,"event_name":"Winding Halls","player_choice":"Max HP","floor":91.0,"gold_loss":0.0,"damage_taken":0.0},{"damage_healed":0.0,"max_hp_gain":0.0,"max_hp_loss":0.0,"gold_gain":0.0,"event_name":"SensoryStone","player_choice":"Memory 1","floor":98.0,"gold_loss":0.0,"damage_taken":0.0},{"damage_healed":0.0,"max_hp_gain":0.0,"max_hp_loss":0.0,"gold_gain":0.0,"event_name":"Mysterious Sphere","player_choice":"Ignored","floor":100.0,"gold_loss":0.0,"damage_taken":0.0},{"damage_healed":0.0,"max_hp_gain":0.0,"max_hp_loss":0.0,"gold_gain":75.0,"event_name":"World of Goop","player_choice":"Gather Gold","floor":106.0,"gold_loss":0.0,"damage_taken":11.0},{"cards_removed":["Defend_P"],"damage_healed":0.0,"max_hp_gain":0.0,"max_hp_loss":0.0,"gold_gain":0.0,"event_name":"Bonfire Elementals","player_choice":"Offered Basic","floor":124.0,"gold_loss":0.0,"damage_taken":0.0},{"damage_healed":0.0,"max_hp_gain":0.0,"max_hp_loss":0.0,"gold_gain":0.0,"event_name":"The Library","player_choice":"Read","floor":132.0,"gold_loss":0.0,"damage_taken":0.0,"cards_obtained":["Protect"]},{"damage_healed":0.0,"max_hp_gain":0.0,"max_hp_loss":0.0,"gold_gain":0.0,"event_name":"SensoryStone","player_choice":"Memory 1","floor":140.0,"gold_loss":0.0,"damage_taken":0.0},{"damage_healed":0.0,"max_hp_gain":0.0,"max_hp_loss":9.0,"gold_gain":0.0,"event_name":"Winding Halls","player_choice":"Max HP","floor":143.0,"gold_loss":0.0,"damage_taken":0.0},{"damage_healed":0,"gold_gain":0,"player_choice":"Upgrade","damage_taken":0,"relics_obtained":["Mark of the Bloom"],"max_hp_gain":0,"max_hp_loss":0,"event_name":"MindBloom","floor":153,"gold_loss":0,"cards_upgraded":["Replay:AtTheReady","Replay:DivineShield","Replay:Anticipation","PathToVictory","ThirdEye","Vault","Scrawl","Pot Of Greed","Pot Of Greed","Pot Of Greed","ThirdEye","Protect","Evaluate","Swivel","PathToVictory","Fasting2","Protect","Pot Of Greed"]}],"is_beta":false,"boss_relics":[{"not_picked":["reliquary:RustamsPendant","Replay:Wanted Poster"],"picked":"hubris:TerracottaHorce"},{"not_picked":["reliquary:ThirdArm","hubris:ScarierMask"],"picked":"Empty Cage"},{"not_picked":["bronze:MakeshiftBattery","Runic Pyramid"],"picked":"infinitespire:Cupcake"},{"not_picked":["Busted Crown","reliquary:WritOfMandamus"],"picked":"reliquary:Solitaire"},{"not_picked":["ReplayTheSpireMod:DimensionalGlitch","Ring of Chaos"],"picked":"Coffee Dripper"},{"not_picked":["hubris:RunicObelisk","Honey Jar","Replay:Fungal Core"]},{"not_picked":["Ring of Chaos","Kintsugi"],"picked":"hubris:BlackHole"},{"not_picked":["ReplayTheSpireMod:DimensionalGlitch","hubris:ScarierMask"],"picked":"Tiny House"},{"not_picked":["Replay:Fungal Core","Black Star"],"picked":"Honey Jar"}],"items_purged_floors":[25,29,48,74,92],"is_endless":true,"potions_floor_spawned":[11,13,14,22,28,31,33,36,41,50,61,65,67,73,83,86,94,101,107,110,116,117,118,122,125,131,134,135,149,153,158],"killed_by":"The Heart","ascension_level":1}}