{"host":"dmtlrev5pkc1867p","time":1613827997,"event":{"mods":["AchievementEnabler","BaseMod","Colored Map","Colored Powertips","Downfall","Hermit","Highlight Path","Hubris","Infinite Spire","Marisa¡]Ãú«B¡@Å]²z¨F¡^","Minty Spire (QoL Compilation)","Permanent Neow","Quick Restart","Rare Cards Sparkle","Relic Sorter","Relic Stats","Replay The Spire","Shop Mod","StSLib","SuperFastMode","The Construct","The Cursed","The Mystic","The Necromancer","The Poker Player","The Runesmith","The Servant 0.9.4"],"gold_per_floor":[115,115,290,147,97,130,130,150,150,150,150,150,165,183,183,279,279,295,295,314,121,321,321,335,171,242,257,270,300,300,312,312,415,415,426,426,436,453,728,728,105,105,128,128,142,159,159,175,175,175,175,175,33,33,33],"floor_reached":54,"language":"ZHS","playtime":2099,"items_purged":["Doubt"],"score":607,"play_id":"468c3060-853c-4a66-86f8-76a3fcbe7d57","local_time":"20210220213317","is_ascension_mode":true,"campfire_choices":[{"floor":7.0,"key":"RECALL"},{"data":"hermit:Determination","floor":11.0,"key":"SMITH"},{"floor":15.0,"key":"REST"},{"floor":23.0,"key":"REST"},{"floor":30.0,"key":"REST"},{"floor":32.0,"key":"REST"},{"floor":40,"key":"REST"},{"floor":44,"key":"REST"},{"floor":47,"key":"REST"},{"floor":49,"key":"REST"},{"data":"hubris:DuctTapeCard","floor":52,"key":"SMITH"}],"circlet_count":0,"master_deck":["hermit:Strike_Hermit","hermit:Strike_Hermit","hermit:Strike_Hermit","hermit:Strike_Hermit","hermit:Defend_Hermit","hermit:Defend_Hermit","hermit:Defend_Hermit","hermit:Defend_Hermit","hermit:Snapshot","hermit:Covet","hermit:Vantage","hermit:FinalCanter","hermit:BigShot","hermit:Ricochet","hermit:Deadeye","hermit:Brawl","hermit:TrackingShot","hermit:Headshot+1","hermit:TakeAim","Sadistic Nature","ReplayUltimateDefense","ReplayTheSpireMod:Private Reserves","hermit:Virtue+1","Replay:Dark Deal","hermit:ShadowCloak","hermit:Malice","hermit:Headshot","hermit:Headshot+1","hubris:DuctTapeCard+2","hermit:FromBeyond","hermit:BodyArmor+1","hermit:Deadeye+1","hermit:TrackingShot+1","Regret","Poisoned Strike","hermit:Snipe","hermit:Maintenance+1","hermit:BodyArmor","hermit:BigShot","hermit:NoHoldsBarred"],"relics":["hermit:Momento","hubris:Spice","Strawberry","hubris:GlazedTorus","hubris:Icosahedron","ChewingGum","hubris:DuctTape","ReplayTheSpireMod:ShopPack","Dead Branch","construct:ClawGrip","Bag of Marbles","Replay:Kaleidoscope","Omamori"],"acts_visited":["Exordium","TheCity","TheBeyond","TheEnding"],"potions_floor_usage":[50,50],"damage_taken":[{"damage":6.0,"enemies":"Jaw Worm","floor":1.0,"turns":2.0},{"damage":13.0,"enemies":"3 Sentries","floor":6.0,"turns":10.0},{"damage":1.0,"enemies":"2 Louse","floor":8.0,"turns":2.0},{"damage":0.0,"enemies":"Small Slimes","floor":13.0,"turns":2.0},{"damage":13.0,"enemies":"2 Fungi Beasts","floor":14.0,"turns":3.0},{"damage":47.0,"enemies":"The Guardian","floor":16.0,"turns":8.0},{"damage":8.0,"enemies":"Chosen","floor":18.0,"turns":4.0},{"damage":15.0,"enemies":"3 Byrds","floor":20.0,"turns":6.0},{"damage":29.0,"enemies":"Centurion and Healer","floor":24.0,"turns":6.0},{"damage":19.0,"enemies":"Sentry and Sphere","floor":27.0,"turns":5.0},{"damage":21.0,"enemies":"Snake Plant","floor":28.0,"turns":5.0},{"damage":51.0,"enemies":"Slavers","floor":29.0,"turns":5.0},{"damage":32.0,"enemies":"Centurion and Healer","floor":31.0,"turns":5.0},{"damage":10.0,"enemies":"hubris:MusketHawk","floor":33.0,"turns":3.0},{"damage":41,"enemies":"3 Darklings","floor":35,"turns":4},{"damage":11,"enemies":"3 Shapes","floor":37,"turns":4},{"damage":40,"enemies":"Transient","floor":38,"turns":5},{"damage":42,"enemies":"Sphere and 2 Shapes","floor":45,"turns":6},{"damage":24,"enemies":"3 Darklings","floor":46,"turns":5},{"damage":14,"enemies":"Transient","floor":48,"turns":5},{"damage":57,"enemies":"Time Eater","floor":50,"turns":10},{"damage":94,"enemies":"Shield and Spear","floor":54,"turns":4}],"seed_played":"-6301113013136869760","potions_obtained":[{"floor":6.0,"key":"Reflective Coating"},{"floor":8.0,"key":"Block Potion"},{"floor":14.0,"key":"Regen Potion"},{"floor":20.0,"key":"Regen Potion"},{"floor":27.0,"key":"Fire Potion"},{"floor":28.0,"key":"FairyPotion"},{"floor":29.0,"key":"SpeedPotion"},{"floor":31.0,"key":"hermit:Tonic"},{"floor":36,"key":"bronze:BurnAndBuffPotion"}],"is_trial":false,"path_per_floor":["M","?","?","$","?","E","R","M","T","$","R","?","M","M","R","B",null,"M","AVR","M","$","?","R","M","$","T","M","M","E","R","M","R","B",null,"M","?","M","M","?","R","$","?","T","R","M","M","R","M","R","B",null,"R","$","E"],"character_chosen":"HERMIT","items_purchased":["hermit:BigShot","hermit:TakeAim","ReplayTheSpireMod:ShopPack","Replay:Dark Deal","Poisoned Strike","Bag of Marbles","Replay:Kaleidoscope","hermit:BigShot","hermit:NoHoldsBarred"],"campfire_rested":8,"item_purchase_floors":[4,21,21,25,41,41,41,53,53],"current_hp_per_floor":[77,77,77,77,77,71,71,70,70,70,70,70,70,57,84,37,90,82,82,67,67,67,90,61,61,61,56,57,6,33,1,28,18,90,49,49,38,8,8,35,35,35,35,62,20,27,54,40,67,10,90,90,90,0,0],"gold":33,"neow_bonus":"ONE_RARE_RELIC","is_daily":false,"chose_seed":false,"campfire_upgraded":2,"win_rate":0.0,"timestamp":1613827997,"path_taken":["M","?","?","$","?","E","R","M","T","$","R","?","?","M","R","BOSS","BOSS","M","AVR","M","$","?","R","M","?","T","M","?","E","R","M","R","BOSS","BOSS","M","?","?","M","?","R","?","?","T","R","M","M","R","?","R","BOSS","R","$","E"],"items_purchased_type":["Card","Card","Relic","Card","Card","Relic","Relic","Card","Card"],"build_version":"2020-12-22","purchased_purges":1,"victory":false,"max_hp_per_floor":[83,83,83,83,83,90,90,90,90,90,90,90,90,90,90,90,90,90,90,90,90,90,90,90,90,90,90,90,90,90,90,90,90,90,90,90,90,90,90,90,90,90,90,90,90,90,90,90,90,90,90,90,90,90,90],"relic_stats":{"counters":[22,109],"Dead Branch":[37],"obtain_stats":[{"construct:ClawGrip":34,"hubris:DuctTape":19,"Dead Branch":29,"Omamori":43,"Replay:Kaleidoscope":41,"hubris:Icosahedron":12,"hubris:Spice":0,"Strawberry":6,"ChewingGum":17,"Bag of Marbles":41,"hermit:Momento":0,"hubris:GlazedTorus":9,"ReplayTheSpireMod:ShopPack":21},{"construct:ClawGrip":14,"hubris:DuctTape":7,"Dead Branch":12,"Omamori":17,"Replay:Kaleidoscope":17,"hubris:Icosahedron":3,"hubris:Spice":0,"Strawberry":2,"ChewingGum":6,"Bag of Marbles":17,"hermit:Momento":0,"hubris:GlazedTorus":3,"ReplayTheSpireMod:ShopPack":8},{"construct:ClawGrip":66,"hubris:DuctTape":31,"Dead Branch":58,"Omamori":79,"Replay:Kaleidoscope":79,"hubris:Icosahedron":14,"hubris:Spice":0,"Strawberry":12,"ChewingGum":27,"Bag of Marbles":79,"hermit:Momento":0,"hubris:GlazedTorus":14,"ReplayTheSpireMod:ShopPack":37}]},"card_choices":[{"not_picked":["hermit:Maintenance","hermit:Desperado"],"picked":"hermit:Vantage","floor":1.0},{"not_picked":["hermit:ItchyTrigger","hermit:WideOpen"],"picked":"hermit:Ricochet","floor":6.0},{"not_picked":["hermit:CalledShot","hermit:Coalescence"],"picked":"hermit:Determination","floor":8.0},{"not_picked":["hermit:Showdown","hermit:SprayPray"],"picked":"hermit:Deadeye","floor":13.0},{"not_picked":["hermit:HighCaliber","hermit:CursedWeapon"],"picked":"hermit:Brawl","floor":14.0},{"not_picked":["hermit:Reprieve","hermit:FinalCanter"],"picked":"hermit:EternalForm","floor":16.0},{"not_picked":["hermit:NoHoldsBarred","hermit:Dive"],"picked":"hermit:TrackingShot","floor":18.0},{"not_picked":["hermit:Coalescence","hermit:Ricochet"],"picked":"hermit:Headshot+1","floor":20.0},{"not_picked":["Crow Ritual","Metamorphosis"],"picked":"Sadistic Nature","floor":21.0},{"not_picked":["Jack Of All Trades","Replay:Parry"],"picked":"ReplayUltimateDefense","floor":21.0},{"not_picked":["Survey Options","Secret Weapon"],"picked":"ReplayTheSpireMod:Private Reserves","floor":21.0},{"not_picked":["hermit:LuckOfTheDraw","hermit:Glare"],"picked":"hermit:Virtue+1","floor":24.0},{"not_picked":["hermit:Glare+1","hermit:Shortfuse"],"picked":"hermit:ShadowCloak","floor":27.0},{"not_picked":["hermit:Glare+1","hermit:Manifest"],"picked":"hermit:Malice","floor":28.0},{"not_picked":["hermit:Manifest","hermit:Spite+1"],"picked":"hermit:Headshot","floor":29.0},{"not_picked":["hermit:Malice","hermit:Feint"],"picked":"hermit:Headshot+1","floor":31.0},{"not_picked":["hermit:EternalForm","hermit:FatalDesire"],"picked":"hermit:FromBeyond","floor":33},{"not_picked":["hermit:Feint","hermit:Dive+1"],"picked":"hermit:BodyArmor+1","floor":35},{"not_picked":["hermit:Snipe+1","hermit:BodyArmor"],"picked":"hermit:Deadeye+1","floor":37},{"not_picked":["hermit:Vantage","hermit:Spite+1"],"picked":"hermit:TrackingShot+1","floor":38},{"not_picked":["hermit:Cheat","hermit:Malice"],"picked":"hermit:Snipe","floor":45},{"not_picked":["hermit:HoleUp+1","hermit:Desperado"],"picked":"hermit:Maintenance+1","floor":46},{"not_picked":["hermit:ShadowCloak","hermit:DeadMansHand"],"picked":"hermit:BodyArmor","floor":48}],"player_experience":750333,"relics_obtained":[{"floor":6.0,"key":"Strawberry"},{"floor":9.0,"key":"hubris:GlazedTorus"},{"floor":29.0,"key":"Dead Branch"},{"floor":43,"key":"Omamori"}],"event_choices":[{"damage_healed":0.0,"max_hp_gain":0.0,"max_hp_loss":0.0,"gold_gain":0.0,"cards_transformed":["TheCursedMod:CleanUpWorkshop"],"event_name":"Living Wall","player_choice":"Change","floor":2.0,"gold_loss":0.0,"damage_taken":0.0,"cards_obtained":["hermit:FinalCanter"]},{"damage_healed":0.0,"max_hp_gain":0.0,"max_hp_loss":0.0,"gold_gain":175.0,"event_name":"Liars Game","player_choice":"AGREE","floor":3.0,"gold_loss":0.0,"damage_taken":0.0,"cards_obtained":["Doubt"]},{"cards_removed":["Strike_W"],"damage_healed":0.0,"max_hp_gain":0.0,"max_hp_loss":0.0,"gold_gain":0.0,"event_name":"The Cleric","player_choice":"Card Removal","floor":5.0,"gold_loss":50.0,"damage_taken":0.0},{"damage_healed":0.0,"max_hp_gain":0.0,"max_hp_loss":0.0,"gold_gain":250.0,"event_name":"The Joust","player_choice":"Bet on Owner","floor":22.0,"gold_loss":50.0,"damage_taken":0.0},{"damage_healed":0,"gold_gain":0,"player_choice":"Got Potions","damage_taken":0,"max_hp_gain":0,"max_hp_loss":0,"event_name":"Lab","floor":36,"gold_loss":0},{"damage_healed":0,"gold_gain":275,"player_choice":"Desecrate","damage_taken":0,"max_hp_gain":0,"max_hp_loss":0,"event_name":"Golden Shrine","floor":39,"gold_loss":0,"cards_obtained":["Regret"]},{"damage_healed":0,"gold_gain":0,"player_choice":"Ignored","damage_taken":0,"max_hp_gain":0,"max_hp_loss":0,"event_name":"Fountain of Cleansing","floor":42,"gold_loss":0}],"is_beta":false,"boss_relics":[{"not_picked":["Velvet Choker","Ectoplasm"],"picked":"ChewingGum"},{"not_picked":["infinitespire:Cupcake","Empty Cage"],"picked":"construct:ClawGrip"}],"items_purged_floors":[4],"is_endless":false,"potions_floor_spawned":[6,8,14,20,27,28,29,31,37],"killed_by":"Shield and Spear","ascension_level":1}}