{"host":"BaronFel","time":1613863528,"event":{"mods":["BaseMod","Filter the Spire","Highlight Path","Minty Spire (QoL Compilation)","Relic Stats","ojb\u0027s Info Mod"],"gold_per_floor":[112,125,105,118,136,166,166,195,249,262,262,282,308,43,43,120,120,138,153,50,50,50,81,81,91,139,139,139],"floor_reached":27,"language":"ENG","playtime":2544,"items_purged":["Strike_P","Defend_P"],"score":556,"play_id":"1a8fef75-e36a-4add-9ec3-fdfacd13cb91","local_time":"20210220172528","is_ascension_mode":true,"campfire_choices":[{"data":"Ragnarok","floor":7.0,"key":"SMITH"},{"floor":11.0,"key":"REST"},{"data":"TalkToTheHand","floor":15.0,"key":"SMITH"},{"data":"TalkToTheHand","floor":24.0,"key":"SMITH"}],"circlet_count":0,"master_deck":["AscendersBane","Strike_P","Strike_P+1","Strike_P","Defend_P+1","Defend_P+1","Defend_P","Eruption+1","Vigilance","Halt","Ragnarok+1","FollowUp","Crescendo","LessonLearned","Halt","ThirdEye+1","TalkToTheHand+1","TalkToTheHand+1","FlurryOfBlows","Devotion+1","TalkToTheHand+1","FlurryOfBlows","CutThroughFate","FearNoEvil"],"relics":["PureWater","Lantern","Pantograph","MealTicket","Smiling Mask","Damaru","Runic Pyramid","Art of War"],"acts_visited":["Exordium","TheCity"],"potions_floor_usage":[27],"damage_taken":[{"damage":7.0,"enemies":"Jaw Worm","floor":1.0,"turns":3.0},{"damage":0.0,"enemies":"Cultist","floor":2.0,"turns":2.0},{"damage":3.0,"enemies":"2 Louse","floor":4.0,"turns":2.0},{"damage":12.0,"enemies":"Red Slaver","floor":5.0,"turns":5.0},{"damage":0.0,"enemies":"Lagavulin","floor":6.0,"turns":4.0},{"damage":32.0,"enemies":"3 Sentries","floor":8.0,"turns":9.0},{"damage":2.0,"enemies":"2 Fungi Beasts","floor":10.0,"turns":2.0},{"damage":0.0,"enemies":"Exordium Thugs","floor":12.0,"turns":2.0},{"damage":23.0,"enemies":"Lagavulin","floor":13.0,"turns":8.0},{"damage":10.0,"enemies":"The Guardian","floor":16.0,"turns":10.0},{"damage":8.0,"enemies":"Shell Parasite","floor":18.0,"turns":5.0},{"damage":14.0,"enemies":"3 Byrds","floor":19.0,"turns":4.0},{"damage":32.0,"enemies":"Gremlin Leader","floor":23.0,"turns":5.0},{"damage":12.0,"enemies":"Centurion and Healer","floor":25.0,"turns":5.0},{"damage":47,"enemies":"Slavers","floor":27,"turns":3}],"seed_played":"-3214369249310462957","potions_obtained":[{"floor":1.0,"key":"PowerPotion"},{"floor":3.0,"key":"CultistPotion"},{"floor":4.0,"key":"SteroidPotion"},{"floor":10.0,"key":"LiquidMemories"},{"floor":12.0,"key":"BottledMiracle"},{"floor":13.0,"key":"ColorlessPotion"},{"floor":18.0,"key":"BottledMiracle"},{"floor":25.0,"key":"Dexterity Potion"}],"is_trial":false,"path_per_floor":["M","M","?","M","M","E","R","E","T","M","R","M","E","$","R","B",null,"M","M","$","?","?","E","R","M","T","E"],"character_chosen":"WATCHER","items_purchased":["Damaru","FlurryOfBlows","Fire Potion"],"campfire_rested":1,"item_purchase_floors":[14,14,20],"current_hp_per_floor":[54,54,54,51,39,39,39,7,7,5,25,25,2,17,17,32,59,51,37,52,33,73,41,41,29,29,0,0],"gold":139,"neow_bonus":"UPGRADE_CARD","is_daily":false,"chose_seed":false,"campfire_upgraded":3,"win_rate":0.0,"timestamp":1613863528,"path_taken":["M","M","?","M","?","E","R","E","T","?","R","M","E","$","R","BOSS","M","M","$","?","?","E","R","M","T","E"],"items_purchased_type":["Relic","Card","Potion"],"build_version":"2020-12-18","purchased_purges":2,"victory":false,"max_hp_per_floor":[68,68,68,68,68,68,68,68,68,68,68,68,68,68,68,68,68,68,68,68,73,73,73,73,73,73,73,73],"relic_stats":{"counters":[15,69],"Pantograph":25,"MealTicket":30,"Art of War":[2],"Smiling Mask":75,"obtain_stats":[{"Lantern":6,"Pantograph":8,"Damaru":14,"MealTicket":9,"Art of War":23,"PureWater":0,"Smiling Mask":13,"Runic Pyramid":17},{"Lantern":5,"Pantograph":6,"Damaru":9,"MealTicket":6,"Art of War":13,"PureWater":0,"Smiling Mask":9,"Runic Pyramid":10},{"Lantern":16,"Pantograph":25,"Damaru":37,"MealTicket":25,"Art of War":61,"PureWater":0,"Smiling Mask":37,"Runic Pyramid":47}]},"card_choices":[{"not_picked":["ClearTheMind","ThirdEye"],"picked":"Halt","floor":1.0},{"not_picked":["CrushJoints","Consecrate"],"picked":"Ragnarok","floor":2.0},{"not_picked":["Worship","JustLucky"],"picked":"FollowUp","floor":4.0},{"not_picked":["EmptyFist","SashWhip"],"picked":"Crescendo","floor":5.0},{"not_picked":["ReachHeaven","MasterReality"],"picked":"LessonLearned","floor":6.0},{"not_picked":["WheelKick","EmptyBody"],"picked":"Halt","floor":8.0},{"not_picked":["Evaluate","LikeWater"],"picked":"ThirdEye","floor":10.0},{"not_picked":["Prostrate","MasterReality"],"picked":"TalkToTheHand","floor":12.0},{"not_picked":["FlurryOfBlows","FlyingSleeves"],"picked":"TalkToTheHand","floor":13.0},{"not_picked":["SpiritShield","Omniscience"],"picked":"Devotion","floor":16.0},{"not_picked":["ClearTheMind","Consecrate"],"picked":"TalkToTheHand","floor":18.0},{"not_picked":["FlyingSleeves","Halt"],"picked":"FlurryOfBlows","floor":19.0},{"not_picked":["ConjureBlade","JustLucky"],"picked":"CutThroughFate","floor":23.0},{"not_picked":["BowlingBash","PathToVictory+1"],"picked":"FearNoEvil","floor":25.0}],"player_experience":1172590,"relics_obtained":[{"floor":6.0,"key":"Lantern"},{"floor":8.0,"key":"Pantograph"},{"floor":9.0,"key":"MealTicket"},{"floor":13.0,"key":"Smiling Mask"},{"floor":23.0,"key":"Art of War"}],"event_choices":[{"damage_healed":0.0,"max_hp_gain":0.0,"max_hp_loss":0.0,"gold_gain":0.0,"event_name":"The Woman in Blue","player_choice":"Bought 1 Potion","floor":3.0,"gold_loss":0.0,"damage_taken":0.0},{"damage_healed":0.0,"max_hp_gain":5.0,"max_hp_loss":0.0,"gold_gain":0.0,"event_name":"Forgotten Altar","player_choice":"Shed Blood","floor":21.0,"gold_loss":0.0,"damage_taken":24.0},{"damage_healed":40.0,"max_hp_gain":0.0,"max_hp_loss":0.0,"gold_gain":0.0,"event_name":"Wheel of Change","player_choice":"Full Heal","floor":22.0,"gold_loss":0.0,"damage_taken":0.0}],"is_beta":true,"boss_relics":[{"not_picked":["Philosopher\u0027s Stone","Runic Dome"],"picked":"Runic Pyramid"}],"items_purged_floors":[14,20],"is_endless":false,"potions_floor_spawned":[1,4,10,12,13,18,25],"killed_by":"Slavers","ascension_level":20}}