{"host":"fauqrvll5t0ss0vm","time":1613831336,"event":{"mods":["2.2 Compatiblity","Act Like it!","Aspiration","Bard","BaseMod","Beaked The Cultist","Better Altar","Better Match","Better Note","Better Sensory Stone","Better Skull","Better Third Choice","Better Vampires","Card Filter","Clockwork Mod","Colored Map","Conspire","Displayed Cursed Tome","Downfall","Emptier Cage","Energized Spire","Friendly Minions","GifTheSpireLib","Glutton Mod","Gremlin Mod","Gremlin Skip","Halation","Hermit","Highlight Path","Hubris","Jorbs\u0027s Wanderer Trilogy","Mad Scientist","Marked Mod","Minty Spire (QoL Compilation)","Permanent Neow","Random Character Button","Relic Filter","Reorder Act Four","Replay The Spire","Shop Mod","Somnambulant","Spikes Relics","StSLib","Stuff the Spire","SuperFastMode","The Construct","The Cursed","The Disciple","The Elementalist","The Judge","The Juggle","The Mystic","The Runesmith","The Sage","The Servant 0.9.4","The Valiant","Trackpad","Uncapped"],"gold_per_floor":[368,386,386,427,129,129,158,158,158,175,236,276,276,319,319,416,416,465,515,555,253,293,326,326,383,452,507,507,507,552,477,477,609,609,651,696,696,736,777,832,832,888,888,888,481,481,546,593,593,623,623,6,6,67,67],"floor_reached":56,"language":"ENG","playtime":7435,"items_purged":["Strike_P","Strike_P","Strike_P","Defend_P"],"score":1643,"play_id":"87800453-5bfd-47e3-83b1-6807fd7ab775","local_time":"20210220152856","is_ascension_mode":true,"campfire_choices":[{"data":"Eruption","floor":6,"key":"SMITH"},{"data":"Wish","floor":8,"key":"SMITH"},{"data":"Vigilance","floor":13,"key":"SMITH"},{"floor":15,"key":"DIG"},{"data":"MasterReality","floor":24,"key":"SMITH"},{"data":"Replay:Hum","floor":28,"key":"SMITH"},{"data":"Establishment","floor":32,"key":"SMITH"},{"data":"Wallop","floor":41,"key":"SMITH"},{"floor":44,"key":"RECALL"},{"data":"1","floor":46,"key":"LIFT"},{"data":"2","floor":49,"key":"LIFT"},{"data":"3","floor":53,"key":"LIFT"}],"circlet_count":0,"master_deck":["Defend_P","Defend_P","Defend_P","Eruption+1","Vigilance+1","Consecrate","FearNoEvil","FlyingSleeves","BattleHymn","Wish+1","Halt","Replay:Hum+1","MasterReality+1","Study+1","Wallop+1","Establishment+1","Halt","EmptyMind+1","WaveOfTheHand+1","Protect+1","Nirvana+1","Evaluate+1","Protect+1","EmptyFist+1","InnerPeace+1","Wireheading","Fasting2+1","Wallop","TalkToTheHand"],"relics":["PureWater","trackpad:CultistFigurine","The Courier","ShockBauble","ReplayFunnel","Lantern","energizedSpire:BlackCloud","StuffTheSpire:Experiment12","SnailShell","Replay:Bottled Flurry","Pen Nib","construct:WeddingRing","ReplayTheSpireMod:Lightbulb","WingedGreaves","Damaru","aspiration:FetidBarrel","Girya","Kunai","Strawberry","Pantograph","halation:Thesaurus","ClockworkSouvenir","Huge Egg"],"acts_visited":["Exordium","TheCity","TheBeyond","TheEnding"],"potions_floor_usage":[14,18,22,22,39,50,55,55],"damage_taken":[{"damage":0,"enemies":"Cultist","floor":1,"turns":3},{"damage":0,"enemies":"2 Louse","floor":2,"turns":2},{"damage":7,"enemies":"conspire:MimicChest","floor":4,"turns":6},{"damage":0,"enemies":"Lagavulin","floor":7,"turns":3},{"damage":0,"enemies":"Small Slimes","floor":10,"turns":3},{"damage":17,"enemies":"3 Sentries","floor":11,"turns":6},{"damage":0,"enemies":"Red Slaver","floor":12,"turns":5},{"damage":0,"enemies":"Gremlin Gang","floor":14,"turns":4},{"damage":0,"enemies":"Fading Forest","floor":16,"turns":11},{"damage":0,"enemies":"Shell Parasite","floor":18,"turns":4},{"damage":3,"enemies":"Chosen","floor":20,"turns":4},{"damage":3,"enemies":"Snake Plant","floor":22,"turns":6},{"damage":22,"enemies":"Gremlin Leader","floor":23,"turns":5},{"damage":1,"enemies":"Book of Stabbing","floor":25,"turns":5},{"damage":14,"enemies":"Slavers","floor":27,"turns":5},{"damage":0,"enemies":"Snecko","floor":30,"turns":7},{"damage":9,"enemies":"Collector","floor":33,"turns":8},{"damage":0,"enemies":"Orb Walker","floor":35,"turns":4},{"damage":3,"enemies":"3 Darklings","floor":36,"turns":4},{"damage":0,"enemies":"Writhing Mass","floor":38,"turns":6},{"damage":13,"enemies":"Sphere and 2 Shapes","floor":39,"turns":5},{"damage":0,"enemies":"Giant Head","floor":40,"turns":6},{"damage":0,"enemies":"Nemesis","floor":42,"turns":9},{"damage":0,"enemies":"Giant Head","floor":47,"turns":7},{"damage":0,"enemies":"4 Shapes","floor":48,"turns":4},{"damage":0,"enemies":"hubris:GrandSnecko","floor":50,"turns":8},{"damage":21,"enemies":"Shield and Spear","floor":54,"turns":6},{"damage":0,"enemies":"The Heart","floor":55,"turns":9}],"seed_played":"6729342338190317461","potions_obtained":[{"floor":1,"key":"FearPotion"},{"floor":7,"key":"AttackPotion"},{"floor":12,"key":"BottledMiracle"},{"floor":16,"key":"Weak Potion"},{"floor":18,"key":"Swift Potion"},{"floor":23,"key":"BlessingOfTheForge"},{"floor":29,"key":"Weak Potion"},{"floor":30,"key":"PowerPotion"},{"floor":39,"key":"Adrenaline Potion"},{"floor":40,"key":"Block Potion"}],"is_trial":false,"path_per_floor":["M","M","?","?","$","R","E","R","T","M","E","M","R","M","R_BF","B",null,"M","?","M","$","M","E","R","E","T","E","R","?","M","?","R_BF","B",null,"M","M","?","M","M","E","R","E","T","R","$","R","E","M","R","B",null,"$","R","E","B",null],"character_chosen":"WATCHER","items_purchased":["halation:Komachan","BattleHymn","Establishment","StuffTheSpire:Experiment12","Halt","Girya","Wireheading","TalkToTheHand","Dexterity Potion","Strawberry","Pantograph","halation:Thesaurus"],"campfire_rested":0,"item_purchase_floors":[5,5,21,21,21,45,45,52,52,52,52,52],"current_hp_per_floor":[51,51,44,37,37,37,37,37,37,37,20,20,20,20,20,30,72,72,72,69,69,66,44,44,43,43,29,29,29,29,29,29,20,72,72,69,69,69,56,56,56,56,56,56,56,56,56,56,56,56,72,79,79,58,79],"gold":67,"neow_bonus":"TWO_FIFTY_GOLD","is_daily":false,"chose_seed":false,"campfire_upgraded":7,"win_rate":0.0,"timestamp":1613831336,"path_taken":["M","?","?","?","$","R","E","R","T","M","E","?","R","?","R_BF","BOSS","M","?","M","$","M","E","R","E","T","E","R","?","M","?","R_BF","BOSS","M","M","?","M","M","E","R","E","T","R","$","R","E","M","R","BOSS","$","R","E","BOSS"],"items_purchased_type":["Relic","Card","Card","Relic","Card","Relic","Card","Card","Potion","Relic","Relic","Relic"],"build_version":"2020-12-22","purchased_purges":4,"victory":true,"max_hp_per_floor":[72,72,72,72,72,72,72,72,72,72,72,72,72,72,72,72,72,72,72,72,72,72,72,72,72,72,72,72,72,72,72,72,72,72,72,72,72,72,72,72,72,72,72,72,72,72,72,72,72,72,72,79,79,79,79],"card_choices":[{"not_picked":["Sanctity","EmptyFist"],"picked":"Consecrate","floor":1},{"not_picked":["Prostrate","ClearTheMind"],"picked":"FearNoEvil","floor":2},{"not_picked":["MarkedMod:Acupuncture","SignatureMove"],"picked":"FlyingSleeves","floor":4},{"not_picked":["Consecrate","SignatureMove"],"picked":"Wish","floor":7},{"not_picked":["ThirdEye","FlurryOfBlows"],"picked":"Halt","floor":10},{"not_picked":["Consecrate","PathToVictory","Replay:ManipulateFuture"],"picked":"SKIP","floor":11},{"not_picked":["Replay:Anticipation","Prostrate","Alpha"],"picked":"SKIP","floor":12},{"not_picked":["Prostrate","EmptyFist"],"picked":"Replay:Hum","floor":14},{"not_picked":["Vault","MarkedMod:ChiBlock"],"picked":"MasterReality","floor":16},{"not_picked":["Collect","Replay:Anticipation"],"picked":"Study+1","floor":18},{"not_picked":["Replay:ManipulateFuture+1","FlyingSleeves"],"picked":"Wallop","floor":20},{"not_picked":["MarkedMod:Acupuncture","FlurryOfBlows","MarkedMod:FirstStrike+1"],"picked":"SKIP","floor":22},{"not_picked":["ClearTheMind+1","ThirdEye"],"picked":"EmptyMind+1","floor":23},{"not_picked":["Crescendo","PathToVictory"],"picked":"WaveOfTheHand+1","floor":25},{"not_picked":["MarkedMod:SlowDance","MarkedMod:GentlePulse+1","Replay:Anticipation+1"],"picked":"SKIP","floor":27},{"not_picked":["MarkedMod:Acupuncture","SashWhip","WreathOfFlame"],"picked":"SKIP","floor":30},{"not_picked":["MarkedMod:GentlePulse+1","FlurryOfBlows+1"],"picked":"Protect+1","floor":31},{"not_picked":["Replay:ManipulateFuture","JustLucky+1","Crescendo"],"picked":"SKIP","floor":35},{"not_picked":["WaveOfTheHand","SandsOfTime"],"picked":"Nirvana+1","floor":36},{"not_picked":["Meditate","MarkedMod:GracefulMovements+1"],"picked":"Evaluate+1","floor":38},{"not_picked":["Replay:ManipulateFuture","MarkedMod:Acupuncture"],"picked":"Protect+1","floor":39},{"not_picked":["Fasting2+1","MarkedMod:NorthStar"],"picked":"EmptyFist+1","floor":40},{"not_picked":["Replay:ManipulateFuture","CutThroughFate"],"picked":"InnerPeace+1","floor":42},{"not_picked":["JustLucky","CarveReality+1"],"picked":"Fasting2+1","floor":47},{"not_picked":["Evaluate","EmptyBody+1"],"picked":"Wallop","floor":48},{"not_picked":["Replay:AllIn","Crescendo","CrushJoints"],"picked":"SKIP","floor":54}],"player_experience":7575709,"relics_obtained":[{"floor":4,"key":"trackpad:CultistFigurine"},{"floor":7,"key":"The Courier"},{"floor":9,"key":"ShockBauble"},{"floor":11,"key":"ReplayFunnel"},{"floor":15,"key":"Lantern"},{"floor":23,"key":"SnailShell"},{"floor":25,"key":"Replay:Bottled Flurry"},{"floor":27,"key":"Pen Nib"},{"floor":40,"key":"WingedGreaves"},{"floor":42,"key":"Damaru"},{"floor":43,"key":"aspiration:FetidBarrel"},{"floor":47,"key":"Kunai"},{"floor":54,"key":"Huge Egg"}],"event_choices":[{"cards_removed":["Strike_P"],"damage_healed":0,"gold_gain":0,"player_choice":"Card Removal","damage_taken":7,"max_hp_gain":0,"max_hp_loss":0,"event_name":"Golden Wing","floor":3,"gold_loss":0},{"damage_healed":0,"gold_gain":100,"player_choice":"Bet on Murderer","damage_taken":0,"max_hp_gain":0,"max_hp_loss":0,"event_name":"The Joust","floor":19,"gold_loss":50},{"damage_healed":0,"gold_gain":0,"player_choice":"Got Potions","damage_taken":0,"max_hp_gain":0,"max_hp_loss":0,"event_name":"Lab","floor":29,"gold_loss":0},{"damage_healed":0,"gold_gain":0,"player_choice":"2","damage_taken":0,"max_hp_gain":0,"max_hp_loss":0,"event_name":"betterMatch:BetterMatch","floor":31,"gold_loss":0,"cards_obtained":["betterMatch:CommonCard"]},{"damage_healed":0,"gold_gain":0,"player_choice":"Gave Potion","damage_taken":0,"relics_obtained":["ReplayTheSpireMod:Lightbulb"],"max_hp_gain":0,"max_hp_loss":0,"event_name":"WeMeetAgain","floor":37,"gold_loss":0}],"is_beta":false,"boss_relics":[{"not_picked":["ReplayTheSpireMod:DimensionalGlitch","conspire:RunicOctahedron"],"picked":"energizedSpire:BlackCloud"},{"not_picked":["energizedSpire:StickyHand","energizedSpire:MagnifyingGlass"],"picked":"construct:WeddingRing"}],"items_purged_floors":[5,21,45,52],"is_endless":false,"potions_floor_spawned":[1,7,12,16,18,20,23,30,33,39,40,42,47,54],"ascension_level":1}}