{"host":"i0m6ffz3lpe3z1ky","time":1613846782,"event":{"mods":["Aspiration","BaseMod","Bestiary","BetterRewards","Colored Map","Conspire","Energized Spire","Highlight Path","Hubris","Ironclad Rager","Minty Spire (QoL Compilation)","Quick Restart","Reliquary","Shop Mod","Spicy Shops","StSLib","Thieving Mod"],"gold_per_floor":[111,186,186,202,212,240,240,268,268,284,313,56,73,92,92,196,196,212,224,234,234,234,234,260,272,272,272,301,267,296,88,88,192,192,212,19,34,34,48,81,81,95,95,125,125,125,142,171,171,171,171,171,11,46,46],"floor_reached":56,"language":"KOR","playtime":3259,"items_purged":[],"score":2089,"play_id":"e33b81e0-6d1c-48c2-862a-aae9a667cc6d","local_time":"20210221034622","is_ascension_mode":true,"campfire_choices":[{"data":"Body Slam","floor":7.0,"key":"SMITH"},{"data":"Body Slam","floor":15.0,"key":"SMITH"},{"data":"Barricade","floor":23.0,"key":"SMITH"},{"data":"conspire:Purge","floor":27.0,"key":"SMITH"},{"data":"Entrench","floor":32.0,"key":"SMITH"},{"data":"Dodge and Roll","floor":41,"key":"SMITH"},{"data":"Shrug It Off","floor":46,"key":"SMITH"},{"floor":49,"key":"RECALL"},{"data":"Sword Boomerang","floor":52,"key":"SMITH"}],"circlet_count":0,"master_deck":["Defend_R","Defend_R","Bash","Body Slam+1","Sword Boomerang+1","Clothesline","Body Slam+1","Shrug It Off+1","Barricade+1","Entrench+1","Clothesline+1","Double Tap+1","Dodge and Roll+1","Flame Barrier+1","Sword Boomerang+1","Heavy Blade+1","Blade Dance","Thunderclap+1"],"relics":["Burning Blood","reliquary:Crutches","Meat on the Bone","hubris:ChampionShield","OrangePellets","HornCleat","Tiny Chest","Art of War","Toy Ornithopter","Bag of Marbles","hubris:Reverence","conspire:GiftBox","Shuriken","conspire:DeflatedDodgeball","conspire:RoyalGoblet","hubris:BottledRain","hubris:Icosahedron","The Courier","reliquary:HotPoker","reliquary:SharkskinSheath","Pen Nib","reliquary:IridiumChain","aspiration:SilentSkillbook","reliquary:TridentHead","Letter Opener","reliquary:Vitrine","aspiration:FetidBarrel","Pocketwatch","aspiration:AnachronicSnailShell","reliquary:Stiletto","reliquary:PartyBalloon"],"acts_visited":["Exordium","TheCity","TheBeyond","TheEnding"],"potions_floor_usage":[42,48,48,55,55],"damage_taken":[{"damage":2.0,"enemies":"Jaw Worm","floor":1.0,"turns":4.0},{"damage":0.0,"enemies":"2 Louse","floor":4.0,"turns":3.0},{"damage":2.0,"enemies":"Small Slimes","floor":5.0,"turns":3.0},{"damage":31.0,"enemies":"Lagavulin","floor":6.0,"turns":8.0},{"damage":0.0,"enemies":"conspire:MimicChest","floor":8.0,"turns":3.0},{"damage":5.0,"enemies":"3 Louse","floor":10.0,"turns":3.0},{"damage":30.0,"enemies":"Gremlin Nob","floor":11.0,"turns":5.0},{"damage":0.0,"enemies":"Gremlin Gang","floor":13.0,"turns":2.0},{"damage":5.0,"enemies":"Large Slime","floor":14.0,"turns":3.0},{"damage":24.0,"enemies":"The Guardian","floor":16.0,"turns":9.0},{"damage":7.0,"enemies":"Shell Parasite","floor":18.0,"turns":5.0},{"damage":16.0,"enemies":"Spheric Guardian","floor":19.0,"turns":4.0},{"damage":5.0,"enemies":"Snecko","floor":20.0,"turns":5.0},{"damage":2.0,"enemies":"Book of Stabbing","floor":24.0,"turns":4.0},{"damage":18.0,"enemies":"Snake Plant","floor":25.0,"turns":2.0},{"damage":21.0,"enemies":"Gremlin Leader","floor":28.0,"turns":6.0},{"damage":8.0,"enemies":"Chosen and Byrds","floor":29.0,"turns":4.0},{"damage":15.0,"enemies":"Slavers","floor":30.0,"turns":5.0},{"damage":36.0,"enemies":"Automaton","floor":33.0,"turns":10.0},{"damage":36.0,"enemies":"3 Shapes","floor":35.0,"turns":3.0},{"damage":11,"enemies":"3 Darklings","floor":37,"turns":5},{"damage":58,"enemies":"Transient","floor":39,"turns":5},{"damage":0,"enemies":"Giant Head","floor":40,"turns":4},{"damage":1,"enemies":"Jaw Worm Horde","floor":42,"turns":3},{"damage":5,"enemies":"Nemesis","floor":44,"turns":7},{"damage":0,"enemies":"Spire Growth","floor":47,"turns":4},{"damage":0,"enemies":"Reptomancer","floor":48,"turns":2},{"damage":8,"enemies":"hubris:GrandSnecko","floor":50,"turns":10},{"damage":10,"enemies":"Shield and Spear","floor":54,"turns":5},{"damage":77,"enemies":"The Heart","floor":55,"turns":9}],"seed_played":"-5745061829180802054","potions_obtained":[{"floor":4.0,"key":"ElixirPotion"},{"floor":5.0,"key":"Explosive Potion"},{"floor":6.0,"key":"Fruit Juice"},{"floor":8.0,"key":"ColorlessPotion"},{"floor":20.0,"key":"SkillPotion"},{"floor":25.0,"key":"BlessingOfTheForge"},{"floor":30.0,"key":"Energy Potion"},{"floor":33.0,"key":"Explosive Potion"},{"floor":37,"key":"SkillPotion"},{"floor":44,"key":"ColorlessPotion"},{"floor":48,"key":"FearPotion"}],"is_trial":false,"path_per_floor":["M","?","?","M","M","E","R","?","T","M","E","$","M","M","R","B",null,"M","M","M","T","?","R","E","M","T","R","E","M","E","$","R","B",null,"M","$","M","?","M","E","R","M","T","E","T","R","M","E","R","B",null,"R","$","E","B",null],"character_chosen":"IRONCLAD","items_purchased":["reliquary:Crutches","Meat on the Bone","hubris:ChampionShield","OrangePellets","HornCleat","Tiny Chest","Art of War","Toy Ornithopter","Body Slam","conspire:DeflatedDodgeball","reliquary:IridiumChain","reliquary:TridentHead","reliquary:Stiletto","Blade Dance"],"campfire_rested":0,"item_purchase_floors":[0,0,0,0,0,0,0,0,0,12,31,36,53,53],"current_hp_per_floor":[40,29,17,35,51,38,38,54,54,55,48,48,59,60,60,54,77,76,66,67,67,67,67,71,59,59,59,56,54,57,57,57,39,74,85,85,80,80,40,58,58,68,68,69,69,69,75,85,85,83,85,85,85,81,32],"gold":46,"neow_bonus":"","is_daily":false,"chose_seed":false,"campfire_upgraded":8,"win_rate":0.0,"timestamp":1613846782,"path_taken":["M","?","?","M","M","E","R","?","T","M","E","$","M","M","R","BOSS","M","M","M","?","?","R","E","M","T","R","E","M","E","?","R","BOSS","M","$","M","?","M","E","R","M","T","E","?","R","?","E","R","BOSS","R","$","E","BOSS"],"items_purchased_type":["Relic","Relic","Relic","Relic","Relic","Relic","Relic","Relic","Card","Relic","Relic","Relic","Relic","Card"],"build_version":"2020-12-22","purchased_purges":0,"victory":true,"max_hp_per_floor":[80,80,80,80,80,80,80,85,85,85,85,85,85,85,85,85,85,85,85,85,85,85,85,85,85,85,85,85,85,85,85,85,85,85,85,85,85,85,85,85,85,85,85,85,85,85,85,85,85,85,85,85,85,85,85],"card_choices":[{"not_picked":["Clash","Second Wind","Thunderclap"],"picked":"SKIP","floor":1.0},{"not_picked":["Anger","Reckless Charge","True Grit"],"picked":"SKIP","floor":4.0},{"not_picked":["Anger","Clash","Burning Pact"],"picked":"SKIP","floor":5.0},{"not_picked":["Sever Soul","Havoc"],"picked":"conspire:HitWhereItHurts","floor":6.0},{"not_picked":["Reaper","Juggernaut"],"picked":"conspire:Purge","floor":8.0},{"not_picked":["Armaments","Sentinel"],"picked":"Sword Boomerang","floor":8.0},{"not_picked":["Armaments","Intimidate"],"picked":"Clothesline","floor":10.0},{"not_picked":["Uppercut","Ghostly Armor"],"picked":"Body Slam","floor":11.0},{"not_picked":["hubris:ReadiedAction","Warcry","Dual Wield"],"picked":"SKIP","floor":13.0},{"not_picked":["Sword Boomerang","Perfected Strike"],"picked":"Shrug It Off","floor":14.0},{"not_picked":["Exhume","Limit Break"],"picked":"Barricade","floor":16.0},{"not_picked":["Rage","Iron Wave","Twin Strike"],"picked":"SKIP","floor":18.0},{"not_picked":["Clash","Whirlwind+1"],"picked":"Entrench","floor":19.0},{"not_picked":["Clash","Second Wind","Cleave"],"picked":"SKIP","floor":20.0},{"not_picked":["Fire Breathing","Heavy Blade"],"picked":"Clothesline+1","floor":24.0},{"not_picked":["Second Wind+1","Heavy Blade","Iron Wave"],"picked":"SKIP","floor":25.0},{"not_picked":["hubris:ReadiedAction","Thunderclap","Combust+1"],"picked":"SKIP","floor":28.0},{"not_picked":["Flame Barrier","Shockwave","Feel No Pain"],"picked":"SKIP","floor":29.0},{"not_picked":["True Grit+1","Second Wind","Wild Strike"],"picked":"SKIP","floor":30.0},{"not_picked":["Impervious","Demon Form"],"picked":"Double Tap","floor":33.0},{"not_picked":["Heel Hook","Perfected Strike+1","hubris:Sniper+1","Bane+1"],"picked":"SKIP","floor":35.0},{"not_picked":["Carnage+1","Poisoned Stab+1","Outmaneuver","hubris:SlightOfHand+1"],"picked":"SKIP","floor":37},{"not_picked":["Endless Agony+1","Bane","Concentrate+1","Dodge and Roll"],"picked":"SKIP","floor":39},{"not_picked":["Endless Agony+1","Bane","Concentrate+1"],"picked":"Dodge and Roll","floor":39},{"not_picked":["Feel No Pain+1","Outmaneuver","hubris:CleavingFinish","Tactician+1"],"picked":"SKIP","floor":40},{"not_picked":["Feed","Poisoned Stab","Hemokinesis+1"],"picked":"Flame Barrier+1","floor":42},{"not_picked":["Anger+1","Wild Strike","Backstab+1","True Grit+1"],"picked":"SKIP","floor":44},{"not_picked":["Fire Breathing","True Grit","Exhume"],"picked":"Sword Boomerang+1","floor":47},{"not_picked":["Intimidate+1","Clothesline","Dagger Throw+1"],"picked":"Heavy Blade+1","floor":48},{"not_picked":["Rampage","hubris:SharpeningStone+1","Outmaneuver+1"],"picked":"Thunderclap+1","floor":54}],"player_experience":411253,"relics_obtained":[{"floor":6.0,"key":"hubris:Reverence"},{"floor":8.0,"key":"conspire:GiftBox"},{"floor":11.0,"key":"Shuriken"},{"floor":21.0,"key":"hubris:BottledRain"},{"floor":24.0,"key":"The Courier"},{"floor":26.0,"key":"reliquary:HotPoker"},{"floor":28.0,"key":"reliquary:SharkskinSheath"},{"floor":30.0,"key":"Pen Nib"},{"floor":40,"key":"Letter Opener"},{"floor":43,"key":"reliquary:Vitrine"},{"floor":44,"key":"aspiration:FetidBarrel"},{"floor":45,"key":"Pocketwatch"},{"floor":48,"key":"aspiration:AnachronicSnailShell"},{"floor":54,"key":"reliquary:PartyBalloon"}],"event_choices":[{"damage_healed":0.0,"max_hp_gain":0.0,"max_hp_loss":0.0,"gold_gain":75.0,"event_name":"World of Goop","player_choice":"Gather Gold","floor":2.0,"gold_loss":0.0,"damage_taken":11.0},{"damage_healed":0.0,"max_hp_gain":0.0,"max_hp_loss":0.0,"gold_gain":0.0,"event_name":"Scrap Ooze","player_choice":"Success","floor":3.0,"gold_loss":0.0,"damage_taken":12.0,"relics_obtained":["Bag of Marbles"]}],"is_beta":false,"boss_relics":[{"not_picked":["energizedSpire:CursedPentagram","SacredBark"],"picked":"conspire:RoyalGoblet"},{"not_picked":["hubris:BlackHole","Philosopher\u0027s Stone"],"picked":"aspiration:SilentSkillbook"}],"items_purged_floors":[],"is_endless":false,"potions_floor_spawned":[4,5,6,8,20,25,30,33,37,40,44,48],"ascension_level":7}}