{"host":"y9sq25med6ebkxz5","time":1613822082,"event":{"mods":["2.2 Compatiblity","AchievementEnabler","BaseMod","Card Forge","Colored Map","Colored Powertips","DeckTracker","Friendly Minions","Minty Spire (QoL Compilation)","Permanent Neow","Remove Card Discount Mod","Shop Mod","StSLib","SuperFastMode","Thrall Mod","WarShipGirlsR/??á´Ò³R mod"],"gold_per_floor":[111,111,111,62,62,62,90,124,204,222,238,238,254,286,286,385,385,395,89,89,89,40,40,69,69,69,169,201,213,241,353,365,476,488,520,36,51,65,65,95,9,9,9,9,22,22,36,71,71,71,71,71,50,85,85],"floor_reached":56,"language":"KOR","playtime":2215,"items_purged":[],"score":2094,"play_id":"4c491b3c-7667-4823-af86-5f58afce888c","local_time":"20210220205442","is_ascension_mode":true,"campfire_choices":[{"floor":6,"key":"RECALL"},{"floor":15,"key":"REST"},{"floor":23,"key":"REST"},{"floor":25,"key":"REST"},{"data":"1","floor":32,"key":"LIFT"},{"data":"2","floor":42,"key":"LIFT"},{"data":"3","floor":44,"key":"LIFT"},{"floor":46,"key":"REST"},{"floor":49,"key":"REST"},{"floor":52,"key":"REST"}],"circlet_count":0,"master_deck":["Lightningbolt+1","Thecoin+1","Dunemaul+1","Totemicsmash+1","Thecoin+1","Witchsapprentice+1","Jadelightning+1","Witchsapprentice+1","Thestormbringer+1","Thecoin+1","Witchsapprentice+1","Blazing+1","Reincarnate+1","Thecoin+1","Eternalsentinel+1","Secret Technique+1","Blazing+1","Thecoin+1","Hagatha+1","Flametonguetotem+1","Therunespear+1"],"relics":["Totemicslam","Hammer of Thor","Seething Fire","Anvil of the Gods","Ancient Tea Set","InkBottle","Odd Mushroom","Bag of Preparation","Letter Opener","Black Star","MerchantsRug","MutagenicStrength","PreservedInsect","Boot","Centennial Puzzle","Girya","Shuriken","TheAbacus","Ice Cream","Akabeko","Sundial","HandDrill","Bronze Scales","Mummified Hand","HornCleat","Lantern","Thread and Needle","Pear"],"acts_visited":["Exordium","TheCity","TheBeyond","TheEnding"],"potions_floor_usage":[8,30,30,31,31,33,48],"damage_taken":[{"damage":5,"enemies":"Cultist","floor":1,"turns":4},{"damage":1,"enemies":"The Mushroom Lair","floor":7,"turns":3},{"damage":0,"enemies":"Lagavulin","floor":8,"turns":2},{"damage":0,"enemies":"2 Louse","floor":10,"turns":1},{"damage":0,"enemies":"Small Slimes","floor":11,"turns":1},{"damage":0,"enemies":"3 Louse","floor":13,"turns":2},{"damage":0,"enemies":"Gremlin Nob","floor":14,"turns":2},{"damage":43,"enemies":"Hexaghost","floor":16,"turns":6},{"damage":0,"enemies":"Spheric Guardian","floor":18,"turns":1},{"damage":0,"enemies":"Slavers","floor":24,"turns":2},{"damage":0,"enemies":"Gremlin Leader","floor":28,"turns":2},{"damage":0,"enemies":"2 Thieves","floor":29,"turns":1},{"damage":0,"enemies":"Slavers","floor":30,"turns":2},{"damage":0,"enemies":"Colosseum Slavers","floor":31,"turns":1},{"damage":21,"enemies":"Colosseum Nobs","floor":31,"turns":3},{"damage":0,"enemies":"Collector","floor":33,"turns":1},{"damage":4,"enemies":"3 Shapes","floor":35,"turns":1},{"damage":0,"enemies":"Orb Walker","floor":37,"turns":1},{"damage":18,"enemies":"Spire Growth","floor":38,"turns":2},{"damage":28,"enemies":"Reptomancer","floor":40,"turns":4},{"damage":0,"enemies":"Transient","floor":45,"turns":5},{"damage":0,"enemies":"Jaw Worm Horde","floor":47,"turns":1},{"damage":9,"enemies":"Giant Head","floor":48,"turns":2},{"damage":24,"enemies":"Donu and Deca","floor":50,"turns":2},{"damage":0,"enemies":"Shield and Spear","floor":54,"turns":2},{"damage":39,"enemies":"The Heart","floor":55,"turns":3}],"seed_played":"-44554635471004409","potions_obtained":[{"floor":1,"key":"AttackPotion"},{"floor":7,"key":"ColorlessPotion"},{"floor":14,"key":"EssenceOfSteel"},{"floor":16,"key":"FearPotion"},{"floor":18,"key":"CultistPotion"},{"floor":24,"key":"GamblersBrew"},{"floor":28,"key":"GamblersBrew"},{"floor":29,"key":"Energy Potion"},{"floor":30,"key":"CultistPotion"},{"floor":31,"key":"ColorlessPotion"},{"floor":33,"key":"Dexterity Potion"},{"floor":35,"key":"Fire Potion"},{"floor":37,"key":"Ancient Potion"},{"floor":38,"key":"GamblersBrew"},{"floor":40,"key":"Block Potion"},{"floor":45,"key":"FearPotion"},{"floor":47,"key":"Ancient Potion"},{"floor":48,"key":"Fruit Juice"}],"is_trial":false,"path_per_floor":["M","?","$","$","?","R","?","E","T","M","M","?","M","E","R","B",null,"M","$","?","?","$","R","E","R","T","?","E","M","E","?","R","B",null,"M","$","M","M","?","E","$","R","T","R","M","R","M","E","R","B",null,"R","$","E","B",null],"character_chosen":"THRALL","items_purchased":["Totemicsmash","MerchantsRug","Matryoshka","Witchsapprentice","TheAbacus","Ice Cream","Secret Technique+1","Blazing+1","HandDrill","Flametonguetotem","Lantern"],"campfire_rested":6,"item_purchase_floors":[4,19,19,22,36,36,36,36,41,53,53],"current_hp_per_floor":[60,60,60,60,46,46,45,47,47,47,47,35,35,35,56,15,56,56,56,56,56,56,70,70,70,70,70,70,70,70,70,70,70,70,66,66,66,70,63,41,41,41,41,41,51,70,70,75,75,51,69,75,75,85,52],"gold":85,"neow_bonus":"RANDOM_COMMON_RELIC","is_daily":false,"chose_seed":false,"campfire_upgraded":0,"win_rate":0.0,"timestamp":1613822082,"path_taken":["M","?","?","$","?","R","?","E","T","M","M","?","M","E","R","BOSS","M","$","?","?","?","R","E","R","T","?","E","?","E","?","R","BOSS","M","$","M","M","?","E","$","R","T","R","M","R","?","E","R","BOSS","R","$","E","BOSS"],"items_purchased_type":["Card","Relic","Relic","Card","Relic","Relic","Card","Card","Relic","Card","Relic"],"build_version":"2020-12-22","purchased_purges":0,"victory":true,"max_hp_per_floor":[70,70,70,70,70,70,70,70,70,70,70,70,70,70,70,70,70,70,70,70,70,70,70,70,70,70,70,70,70,70,70,70,70,70,70,70,70,70,70,70,70,70,70,70,70,70,70,75,75,75,75,75,75,85,85],"card_choices":[{"not_picked":["Fireelemental","Flametonguetotem"],"picked":"Dunemaul","floor":1},{"not_picked":["Lightningbolt","Eureka"],"picked":"Thecoin","floor":7},{"not_picked":["Dustdevil","Lavaburst"],"picked":"Witchsapprentice","floor":8},{"not_picked":["Rockbiter","Thingfrombelow","Murksparkeel"],"picked":"SKIP","floor":10},{"not_picked":["Drakkaridefender","Zap"],"picked":"Jadelightning","floor":11},{"not_picked":["Lightningbolt","Jinyu","Healingrain"],"picked":"SKIP","floor":13},{"not_picked":["Fireelemental","Fireguard"],"picked":"Witchsapprentice","floor":14},{"not_picked":["Lavaburst","Therunespear"],"picked":"Thestormbringer","floor":16},{"not_picked":["Manatidetotem","Snowfurygiant"],"picked":"Thecoin","floor":18},{"not_picked":["Dustdevil","Elementaryreaction"],"picked":"Blazing","floor":24},{"not_picked":["Murksparkeel+1","Rockbiter+1"],"picked":"Reincarnate+1","floor":28},{"not_picked":["Drakkaridefender+1","Forkedlightning"],"picked":"Thecoin+1","floor":29},{"not_picked":["Evolve+1","Beakeredlightning","Whiteeyes"],"picked":"SKIP","floor":30},{"not_picked":["Thestormbringer+1","Whiteeyes"],"picked":"Eternalsentinel+1","floor":33},{"not_picked":["Airelemental","Jinyu+1","Drakkaridefender+1"],"picked":"SKIP","floor":35},{"not_picked":["Lightningbolt+1","Airelemental+1","Tidalsurge"],"picked":"SKIP","floor":37},{"not_picked":["Elementaryreaction+1","Jadecheiftain+1","Crackle"],"picked":"SKIP","floor":38},{"not_picked":["Frostshock+1","Wartbringer","Earthshock+1"],"picked":"SKIP","floor":40},{"not_picked":["Farsight+1","Drakkaridefender"],"picked":"Thecoin","floor":45},{"not_picked":["Lightningbolt+1","Thingfrombelow+1"],"picked":"Hagatha","floor":47},{"not_picked":["Healingrain","Wartbringer+1","Witchsapprentice"],"picked":"SKIP","floor":48},{"not_picked":["Likkim+1","Healingrain+1"],"picked":"Therunespear","floor":54}],"player_experience":466886,"relics_obtained":[{"floor":7,"key":"Odd Mushroom"},{"floor":8,"key":"Bag of Preparation"},{"floor":14,"key":"Letter Opener"},{"floor":24,"key":"Lavashock"},{"floor":24,"key":"War Paint"},{"floor":26,"key":"PreservedInsect"},{"floor":26,"key":"White Beast Statue"},{"floor":28,"key":"Toxic Egg 2"},{"floor":28,"key":"Boot"},{"floor":30,"key":"Centennial Puzzle"},{"floor":30,"key":"MawBank"},{"floor":31,"key":"Girya"},{"floor":31,"key":"Shuriken"},{"floor":40,"key":"Akabeko"},{"floor":40,"key":"Sundial"},{"floor":43,"key":"Bronze Scales"},{"floor":43,"key":"Mummified Hand"},{"floor":48,"key":"HornCleat"},{"floor":48,"key":"Art of War"},{"floor":54,"key":"Thread and Needle"},{"floor":54,"key":"Pear"}],"event_choices":[{"damage_healed":0,"gold_gain":0,"player_choice":"Gave Potion","damage_taken":0,"relics_obtained":["InkBottle"],"max_hp_gain":0,"max_hp_loss":0,"event_name":"WeMeetAgain","floor":2,"gold_loss":0},{"damage_healed":0,"gold_gain":0,"player_choice":"Entered Light","damage_taken":14,"max_hp_gain":0,"max_hp_loss":0,"event_name":"Shining Light","floor":5,"gold_loss":0,"cards_upgraded":["Totemicsmash"]},{"damage_healed":0,"gold_gain":0,"player_choice":"Fought Mushrooms","damage_taken":0,"max_hp_gain":0,"max_hp_loss":0,"event_name":"Mushrooms","floor":7,"gold_loss":0},{"damage_healed":0,"gold_gain":0,"player_choice":"Success","damage_taken":12,"relics_obtained":["Potion Belt"],"max_hp_gain":0,"max_hp_loss":0,"event_name":"Scrap Ooze","floor":12,"gold_loss":0},{"damage_healed":0,"gold_gain":0,"player_choice":"Inject Mutagens","damage_taken":0,"relics_obtained":["MutagenicStrength"],"max_hp_gain":0,"max_hp_loss":0,"event_name":"Drug Dealer","floor":20,"gold_loss":0},{"damage_healed":0,"gold_gain":0,"player_choice":"Ignored","damage_taken":0,"max_hp_gain":0,"max_hp_loss":0,"event_name":"Beggar","floor":21,"gold_loss":0},{"damage_healed":0,"gold_gain":100,"player_choice":"Pray","damage_taken":0,"max_hp_gain":0,"max_hp_loss":0,"event_name":"Golden Shrine","floor":27,"gold_loss":0},{"damage_healed":0,"gold_gain":0,"player_choice":"Fight","damage_taken":0,"max_hp_gain":0,"max_hp_loss":0,"event_name":"Colosseum","floor":31,"gold_loss":0},{"damage_healed":0,"gold_gain":0,"player_choice":"Fought Nobs","damage_taken":0,"max_hp_gain":0,"max_hp_loss":0,"event_name":"Colosseum","floor":31,"gold_loss":0},{"damage_healed":0,"gold_gain":0,"player_choice":"Damaged","damage_taken":7,"max_hp_gain":0,"max_hp_loss":0,"event_name":"Wheel of Change","floor":39,"gold_loss":0}],"is_beta":false,"boss_relics":[{"not_picked":["Ectoplasm","Calling Bell"],"picked":"Black Star"},{"not_picked":["Coffee Dripper","Tiny House"],"picked":"Totemicslam"}],"items_purged_floors":[],"is_endless":false,"potions_floor_spawned":[1,7,14,16,18,24,28,29,30,31,31,33,35,37,38,40,45,47,48],"ascension_level":8}}