{"host":"yfi73559mxreacvo","time":1613790914,"event":{"mods":["AchievementEnabler","Act Like it!","Aspiration","BaseMod","Better Third Choice","BetterRewards","Colored Map","Conspire","Evolution","GifTheSpireLib","Halation","HexUI Lib","Highlight Path","Hubris","Minty Spire (QoL Compilation)","Prisma Mod","Railgun Mod","Reliquary","Replay The Spire","StSLib","Stuff the Spire","The Florist","Wandering Minibosses"],"gold_per_floor":[112,124,124,142,153,153,188,208,208,237,257,257,257,268,268,368,368,378,378,378,132,144,175,175,175],"floor_reached":24,"language":"ENG","playtime":1056,"items_purged":["PrismaMod:IllyaCommonAttack"],"score":237,"play_id":"af5c8966-4815-461b-bdd4-71c888b8be63","local_time":"20210219221514","is_ascension_mode":true,"campfire_choices":[{"data":"PrismaMod:IllyaUncommonDefend","floor":6,"key":"SMITH"},{"data":"PrismaMod:IllyaHassanGift","floor":12,"key":"SMITH"},{"data":"PrismaMod:IllyaBoysLove","floor":15,"key":"SMITH"}],"circlet_count":0,"master_deck":["PrismaMod:IllyaCommonAttack","PrismaMod:IllyaCommonDefend","PrismaMod:IllyaCommonDefend+1","PrismaMod:IllyaCommonAttack","PrismaMod:IllyaCommonDefend","PrismaMod:IllyaCommonAttack","PrismaMod:IllyaCommonDefend","PrismaMod:IllyaCommonAttack","PrismaMod:IllyaCommonDefend","PrismaMod:IllyaUncommonAttack","PrismaMod:IllyaUncommonDefend+1","PrismaMod:IllyaAlice","PrismaMod:IllyaBoysLove+1","PrismaMod:IllyaHassanGift+1","PrismaMod:IllyaInstallRider","PrismaMod:IllyaCheapChannelPoison+1","PrismaMod:IllyaGrail+1","Madness"],"relics":["PrismaMod:PrismaRuby","EVO:Axolotl","aspiration:DSix","PrismaMod:AliceRelic","StuffTheSpire:Gunfinga","conspire:Dentures","Odd Mushroom","hubris:Towel","StuffTheSpire:RunicHypercube","aspiration:RitualStick","War Paint"],"acts_visited":["Exordium","TheCity"],"potions_floor_usage":[2,7,11,11,23,23,24],"damage_taken":[{"damage":0,"enemies":"2 Louse","floor":1,"turns":3},{"damage":6,"enemies":"Cultist","floor":2,"turns":5},{"damage":0,"enemies":"conspire:RoseBush","floor":4,"turns":4},{"damage":2,"enemies":"conspire:2 RoseBushes","floor":5,"turns":7},{"damage":23,"enemies":"3 Sentries","floor":7,"turns":9},{"damage":6,"enemies":"2 Fungi Beasts","floor":8,"turns":4},{"damage":4,"enemies":"Lagavulin","floor":10,"turns":8},{"damage":16,"enemies":"The Mushroom Lair","floor":11,"turns":3},{"damage":10,"enemies":"Exordium Wildlife","floor":14,"turns":4},{"damage":4,"enemies":"Hexaghost","floor":16,"turns":9},{"damage":16,"enemies":"Spheric Guardian","floor":18,"turns":6},{"damage":13,"enemies":"Chosen","floor":22,"turns":5},{"damage":28,"enemies":"Book of Stabbing","floor":23,"turns":5},{"damage":16,"enemies":"Snecko","floor":24,"turns":3}],"seed_played":"1797003374598499653","potions_obtained":[{"floor":1,"key":"LiquidBronze"},{"floor":2,"key":"Fire Potion"},{"floor":5,"key":"Toxic Potion"},{"floor":7,"key":"Regen Potion"},{"floor":11,"key":"SkillPotion"},{"floor":16,"key":"LiquidMemories"},{"floor":22,"key":"Toxic Potion"}],"is_trial":false,"path_per_floor":["M","M","?","M","M","R","E","M","T","E","?","R","?","M","R","B",null,"M","?","?","$","M","E","M"],"character_chosen":"ILLYA","items_purchased":["PrismaMod:IllyaGrail","Madness"],"campfire_rested":0,"item_purchase_floors":[21,21],"current_hp_per_floor":[75,69,69,74,73,73,50,44,44,45,38,38,38,33,33,34,75,59,59,44,44,36,8,0,0],"gold":175,"neow_bonus":"DSIX","is_daily":false,"chose_seed":false,"campfire_upgraded":3,"win_rate":0.0,"timestamp":1613790914,"path_taken":["M","M","?","M","?","R","E","M","T","E","?","R","?","M","R","BOSS","M","?","?","$","M","E","M"],"items_purchased_type":["Card","Card"],"build_version":"2020-12-22","purchased_purges":1,"victory":false,"max_hp_per_floor":[75,75,75,75,75,75,75,75,75,75,75,75,75,75,75,75,75,75,75,75,75,75,75,75,75],"card_choices":[{"not_picked":["PrismaMod:IllyaBerserCAR","PrismaMod:IllyaUncommonDefend"],"picked":"PrismaMod:IllyaAlice","floor":1},{"not_picked":["PrismaMod:IllyaUberPoisonBlock","PrismaMod:IllyaMinorZwei"],"picked":"PrismaMod:IllyaBoysLove","floor":2},{"not_picked":["PrismaMod:IllyaCommonEvoke","PrismaMod:IllyaTestament","PrismaMod:IllyaFeed"],"picked":"SKIP","floor":4},{"not_picked":["PrismaMod:IllyaBerserCAR","PrismaMod:IllyaBlindPoisonToss","PrismaMod:IllyaBoysLove"],"picked":"SKIP","floor":5},{"not_picked":["PrismaMod:IllyaUncommonEvoke","PrismaMod:IllyaCommonEvoke","PrismaMod:IllyaZwei"],"picked":"SKIP","floor":7},{"not_picked":["PrismaMod:IllyaUberChannel","PrismaMod:IllyaSaphire"],"picked":"PrismaMod:IllyaHassanGift","floor":8},{"not_picked":["PrismaMod:IllyaMaid","PrismaMod:IllyaPoisonBlock"],"picked":"PrismaMod:IllyaInstallRider","floor":10},{"not_picked":["PrismaMod:IllyaUncommonAOEAttack","PrismaMod:IllyaBoysLove","PrismaMod:IllyaRapidFire"],"picked":"SKIP","floor":14},{"not_picked":["PrismaMod:IllyaUpgradeOrbs+1","PrismaMod:IllyaPoisonTippedWeapons"],"picked":"PrismaMod:IllyaCheapChannelPoison+1","floor":18},{"not_picked":["PrismaMod:IllyaGrailKun","PrismaMod:IllyaCommonEvoke","PrismaMod:IllyaFeed+1"],"picked":"SKIP","floor":22},{"not_picked":["PrismaMod:IllyaDetonatingBlow","PrismaMod:IllyaAOECommonAttack+1","PrismaMod:IllyaSaphire"],"picked":"SKIP","floor":23}],"player_experience":524712,"relics_obtained":[{"floor":7,"key":"StuffTheSpire:Gunfinga"},{"floor":10,"key":"conspire:Dentures"},{"floor":11,"key":"Odd Mushroom"},{"floor":23,"key":"War Paint"}],"event_choices":[{"damage_healed":0,"gold_gain":0,"player_choice":"Bought 0 Potions","damage_taken":0,"max_hp_gain":0,"max_hp_loss":0,"event_name":"The Woman in Blue","floor":3,"gold_loss":0},{"damage_healed":0,"gold_gain":0,"player_choice":"Fought Mushrooms","damage_taken":0,"max_hp_gain":0,"max_hp_loss":0,"event_name":"Mushrooms","floor":11,"gold_loss":0},{"damage_healed":0,"gold_gain":0,"player_choice":"Ignored","damage_taken":0,"max_hp_gain":0,"max_hp_loss":0,"event_name":"Ghosts","floor":19,"gold_loss":0}],"is_beta":false,"boss_relics":[{"not_picked":["ChewingGum","hubris:Backtick"],"picked":"StuffTheSpire:RunicHypercube"}],"items_purged_floors":[21],"is_endless":false,"potions_floor_spawned":[1,2,5,7,11,16,22],"killed_by":"Snecko","ascension_level":1}}