{"host":"ovivighfa421z0zp","time":1613845280,"event":{"mods":["BaseMod","Colored Map","DeckTracker","Keyboard Shortcuts","Minty Spire (QoL Compilation)","Permanent Neow","Quick Restart","Replay The Spire","StSLib","SuperFastMode","The Cursed"],"gold_per_floor":[112,112,112,129,59,91,91,117,171,18,18,38,38,34,34,146,146,120,6,34,53,22,22,22,22,22,42,86,185,185,125,125,250,250,270,38,61,75,102,137,137,164,164,164,177,197,197,197,197,197],"floor_reached":51,"language":"KOR","playtime":2643,"items_purged":["Delirium","TheCursedMod:Strike_TheCursed"],"score":1020,"play_id":"95cf0bb4-82fd-4f86-9076-ca777b5f050e","local_time":"20210221032120","is_ascension_mode":true,"campfire_choices":[{"data":"ReplayTheSpireMod:Brewmster","floor":7,"key":"SMITH"},{"data":"TheCursedMod:CleanUpWorkshop","floor":13,"key":"SMITH"},{"data":"WindmillStrike","floor":15,"key":"SMITH"},{"floor":23,"key":"REST"},{"data":"TheCursedMod:NeowsMight","floor":30,"key":"SMITH"},{"floor":32,"key":"REST"},{"data":"Secret Technique","floor":41,"key":"SMITH"},{"data":"Limit Break","floor":44,"key":"SMITH"},{"data":"Ragnarok","floor":47,"key":"SMITH"},{"data":"TheCursedMod:CursedSpellbook","floor":49,"key":"SMITH"}],"circlet_count":0,"master_deck":["AscendersBane","TheCursedMod:Strike_TheCursed","TheCursedMod:Strike_TheCursed","TheCursedMod:Strike_TheCursed","TheCursedMod:Defend_TheCursed","TheCursedMod:Defend_TheCursed","TheCursedMod:Defend_TheCursed","TheCursedMod:Defend_TheCursed","TheCursedMod:CursedWand","TheCursedMod:CleanUpWorkshop+1","TheCursedMod:Dregs","ReplayTheSpireMod:Brewmster+1","TheCursedMod:CursedSpellbook+1","Flame Barrier","TheCursedMod:Grudge+1","Shrug It Off","TheCursedMod:SoulReap","Gash","WindmillStrike+1","Limit Break+1","JustLucky+1","TheCursedMod:CursedStaff","TheCursedMod:CursedAmulet","TheCursedMod:HellfireBreathing","TheCursedMod:WearCloak","TheCursedMod:CursedBlade","Jack Of All Trades+1","Metamorphosis+1","TalkToTheHand","Reprogram+1","TheCursedMod:NeowsMight+1","LessonLearned","Anger","Immolate","Evaluate+1","TheCursedMod:CursedShiv","FollowUp","Secret Technique+1","ReplayUltimateDefense","Replay:Sssssssssshield","Sunder+1","Ragnarok+1"],"relics":["TheCursedMod:BlackMagic101","PrismaticShard","Simple Rune","CeramicFish","Replay:Baseball","Membership Card","Painkiller Herb","BargainBundle","War Paint","Enchiridion","Ring of Misfortune","ReplayTheSpireMod:Ring of Challenge","Shuriken","TheCursedMod:OminousMark","Nunchaku","Sling","Oddly Smooth Stone","TheCursedMod:BloodyHarpoon","Blue Candle"],"acts_visited":["Exordium","TheCity","TheBeyond"],"potions_floor_usage":[4,6,6,6,6,11,11,11,12,14,14,14,16,16,16,16,16,16,16,18,18,21,21,27,28,33,37,37,38,38,40,40,40,42,42,46,46,50,50,50,50,50],"damage_taken":[{"damage":3,"enemies":"Jaw Worm","floor":1,"turns":6},{"damage":0,"enemies":"Small Slimes","floor":4,"turns":3},{"damage":42,"enemies":"3 Sentries","floor":6,"turns":12},{"damage":0,"enemies":"Gremlin Nob","floor":11,"turns":3},{"damage":1,"enemies":"Cultist","floor":12,"turns":4},{"damage":5,"enemies":"Exordium Thugs","floor":14,"turns":4},{"damage":16,"enemies":"Fading Forest","floor":16,"turns":11},{"damage":19,"enemies":"2 Thieves","floor":18,"turns":5},{"damage":13,"enemies":"Shell Parasite","floor":20,"turns":3},{"damage":10,"enemies":"Snake Plant","floor":21,"turns":4},{"damage":4,"enemies":"Sentry and Sphere","floor":27,"turns":4},{"damage":4,"enemies":"Snecko","floor":28,"turns":5},{"damage":17,"enemies":"Collector","floor":33,"turns":7},{"damage":1,"enemies":"3 Shapes","floor":35,"turns":5},{"damage":5,"enemies":"Orb Walker","floor":37,"turns":4},{"damage":8,"enemies":"3 Darklings","floor":38,"turns":4},{"damage":0,"enemies":"Reptomancer","floor":40,"turns":7},{"damage":0,"enemies":"Giant Head","floor":42,"turns":6},{"damage":0,"enemies":"Writhing Mass","floor":45,"turns":5},{"damage":1,"enemies":"Spire Growth","floor":46,"turns":3},{"damage":22,"enemies":"Replay:Hell Engine","floor":50,"turns":10}],"seed_played":"4841224350852728783","potions_obtained":[{"floor":14,"key":"Block Potion"},{"floor":38,"key":"Weak Potion"}],"is_trial":false,"path_per_floor":["M","?","?","M","$","E","R","T","T","$","E","M","R","M","R","B",null,"?","T","?","?","T","T","?","?","T","?","?","?","T","?","T","B",null,"?","T","?","?","?","E","T","E","T","T","?","?","T","?","T","B",null],"character_chosen":"THE_CURSED","items_purchased":["TheCursedMod:Grudge","Membership Card","TheCursedMod:SoulReap","BargainBundle","TheCursedMod:CursedStaff","TheCursedMod:CursedAmulet","TheCursedMod:HellfireBreathing","TheCursedMod:WearCloak","TheCursedMod:CursedBlade","Jack Of All Trades","Metamorphosis","War Paint","Energy Potion","BlessingOfTheForge","TheCursedMod:NeowsMight","TheCursedMod:CursedShiv","Nunchaku","Sling","Adrenaline Potion"],"campfire_rested":2,"item_purchase_floors":[5,10,10,19,19,19,19,19,19,19,19,19,19,19,22,36,36,36,36],"current_hp_per_floor":[65,65,65,65,65,23,23,23,23,23,23,27,27,41,41,34,60,46,46,33,23,23,43,27,27,27,35,31,31,31,31,51,41,61,65,65,66,60,50,58,58,68,68,68,68,67,67,65,65,53],"gold":197,"neow_bonus":"RANDOM_COLORLESS_2","is_daily":false,"chose_seed":false,"campfire_upgraded":8,"win_rate":0.0,"timestamp":1613845280,"path_taken":["M","?","?","?","$","E","R","?","T","$","E","?","R","M","R","BOSS","?","T","?","?","T","T","?","?","T","?","?","?","T","?","T","BOSS","?","T","?","?","?","E","T","E","T","T","?","?","T","?","T","BOSS"],"items_purchased_type":["Card","Relic","Card","Relic","Card","Card","Card","Card","Card","Card","Card","Relic","Potion","Potion","Card","Card","Relic","Relic","Potion"],"build_version":"2020-12-22","purchased_purges":2,"victory":true,"max_hp_per_floor":[68,68,68,68,68,68,68,68,68,68,68,68,68,68,68,68,68,68,68,68,68,68,68,68,68,68,68,68,68,68,68,68,68,68,68,68,68,68,68,68,68,68,68,68,68,68,68,65,65,65],"card_choices":[{"not_picked":["Mayhem","Crow Ritual"],"picked":"ReplayTheSpireMod:Brewmster","floor":0},{"not_picked":["TheCursedMod:CursedMace","TheCursedMod:SoulCrush"],"picked":"TheCursedMod:CursedSpellbook","floor":1},{"not_picked":["Poisoned Stab","Ball Lightning"],"picked":"Flame Barrier","floor":4},{"not_picked":["Magnetism","Lockon"],"picked":"Shrug It Off","floor":6},{"not_picked":["Sweeping Beam","Bane"],"picked":"Gash","floor":12},{"not_picked":["Hologram","Concentrate"],"picked":"WindmillStrike","floor":14},{"not_picked":["Exhume","TheCursedMod:ForbiddenAlchemy"],"picked":"Limit Break","floor":16},{"not_picked":["ClearTheMind","Replay:Cycle"],"picked":"JustLucky+1","floor":18},{"not_picked":["FlurryOfBlows","Bane"],"picked":"TalkToTheHand","floor":20},{"not_picked":["TheCursedMod:Hemoplague","ClearTheMind"],"picked":"Reprogram+1","floor":21},{"not_picked":["ReplayTheSpireMod:LeadingStrike+1","TheCursedMod:CursedAmulet"],"picked":"LessonLearned","floor":27},{"not_picked":["Replay:AtTheReady","Ball Lightning"],"picked":"Anger","floor":28},{"not_picked":["Ragnarok","Electrodynamics"],"picked":"Immolate","floor":33},{"not_picked":["Dodge and Roll","Replay:Undeath\u0027s Touch+1"],"picked":"Evaluate+1","floor":35},{"not_picked":["ReplayTheSpireMod:Calculation Training+1","TheCursedMod:TacticalStrike"],"picked":"FollowUp","floor":37},{"not_picked":["ReplayReversal+1","TheCursedMod:VitalStrike+1","Rebound"],"picked":"SKIP","floor":38},{"not_picked":["Forethought","Flash of Steel"],"picked":"Secret Technique","floor":39},{"not_picked":["Forethought","Swift Strike"],"picked":"ReplayUltimateDefense","floor":39},{"not_picked":["Transmutation","Replay:BasicMightCard"],"picked":"Replay:Sssssssssshield","floor":39},{"not_picked":["Concentrate","Thunderclap+1"],"picked":"Sunder+1","floor":40},{"not_picked":["Wireheading+1","ReplayTheSpireMod:System Scan+1","Beam Cell+1"],"picked":"SKIP","floor":42},{"not_picked":["PiercingWail","Ball Lightning+1","EmptyFist"],"picked":"SKIP","floor":45},{"not_picked":["Armaments+1","Leap+1"],"picked":"Ragnarok","floor":46}],"player_experience":771685,"relics_obtained":[{"floor":6,"key":"Simple Rune"},{"floor":8,"key":"CeramicFish"},{"floor":9,"key":"Replay:Baseball"},{"floor":24,"key":"Enchiridion"},{"floor":25,"key":"Ring of Misfortune"},{"floor":25,"key":"ReplayTheSpireMod:Ring of Challenge"},{"floor":26,"key":"Shuriken"},{"floor":40,"key":"Oddly Smooth Stone"},{"floor":42,"key":"TheCursedMod:BloodyHarpoon"},{"floor":43,"key":"Blue Candle"}],"event_choices":[{"damage_healed":0,"gold_gain":0,"player_choice":"Bought 0 Potions","damage_taken":0,"max_hp_gain":0,"max_hp_loss":0,"event_name":"The Woman in Blue","floor":3,"gold_loss":0},{"damage_healed":0,"gold_gain":0,"player_choice":"Obtained Book","damage_taken":16,"max_hp_gain":0,"max_hp_loss":0,"event_name":"Cursed Tome","floor":24,"gold_loss":0},{"damage_healed":0,"gold_gain":99,"player_choice":"Stole From Cult","damage_taken":0,"max_hp_gain":0,"max_hp_loss":0,"event_name":"Nest","floor":29,"gold_loss":0},{"damage_healed":0,"gold_gain":0,"player_choice":"Memory 3","damage_taken":10,"max_hp_gain":0,"max_hp_loss":0,"event_name":"SensoryStone","floor":39,"gold_loss":0},{"damage_healed":0,"gold_gain":0,"player_choice":"Max HP","damage_taken":0,"max_hp_gain":0,"max_hp_loss":3,"event_name":"Winding Halls","floor":48,"gold_loss":0}],"is_beta":false,"boss_relics":[{"not_picked":["Philosopher\u0027s Stone","Sozu"],"picked":"Painkiller Herb"},{"not_picked":["Black Star","Busted Crown"],"picked":"TheCursedMod:OminousMark"}],"items_purged_floors":[19,36],"is_endless":false,"potions_floor_spawned":[6,12,14,18,35,38,40],"ascension_level":10}}