{"host":"9rqk712yu6s3287p","time":1613835951,"event":{"mods":["ATMod(°¢èªMod)","Act Like it!","BaseMod","CapriCore","Chen","Gensokyo","Googly Eyes","Marisa£¨ìFÓê¡¡Ä§ÀíÉ³£©","Minty Spire (QoL Compilation)","MostiFishMod","Onozuka Komachi Mod","Reimu£¨²©ÀöÁéÃÎ£©","Remilia_Scarlet Moed£¨ÀÙÃ×ÀòÑÇ¡¤Ë¹¿¨À×ÌØ£©3.3.5","Remilia£¨ÀÙÃ×ÀòÑÇ£©","Replay The Spire","RumiaBox-Â¶Ã×æ«µÄÉñÃØºÐ×Ó","StSLib","The Administrix","The Immortal","The Servant 0.9.4","Yakumo Yukari mod","Youmu£¨»êÆÇÑýÃÎ£©","Yuyuko","[IsaacMod]ÒÔÈö¼âËþ","¡¾ÒÅÎï¿¨ÅÆ¡¿REMEMod"],"gold_per_floor":[159,159,84,123,165,270,372,465,465,465,465],"floor_reached":10,"language":"ZHS","playtime":505,"items_purged":["BloodRain"],"score":347,"play_id":"07934948-ac74-4015-a420-007a90125145","local_time":"20210220234551","daily_mods":["Shiny","Vintage","Heirloom","Time Dilation","Flight","Elite Swarm","Lethality","Midas","Binary"],"is_ascension_mode":true,"campfire_choices":[],"circlet_count":0,"master_deck":["AscendersBane","TricksterDevil+1","BatForm","ForecastOfChange+1","CurseOfVladTepes","ScarletMeister","QueenOfMidnight+1","BloodyHallows+1","HeartBreak","EquivalentExchange+1","KillingBlow","BloodyCatastrophe+1","ChaoticDestiny+1","BloodySeventeenLaser+1","HellCatastrophe+1","ScarletCoffin","DemonKingCradle+1","TransientEternity","CeilingFear+1","MostiFishMod:EE1D","MostiFishMod:EE1D","MostiFishMod:EE1D"],"relics":["HushsDoor","D4","DianPoetry","HollowDreamFlower","Diplopia","Prayer Wheel","DianDianMeat","D6","PlanX","PunchingBag","AT_Manta","MoneyPower","Quantum Egg","Blue Doll","AT_SunfireAegis","AT_SpeedBoots","TheBean","Smiling Mask","ZombieArmy","Orichalcum","War Paint","BloodWine","EE1DDrone","SoulBox","JudasShadow","Pear"],"acts_visited":["Exordium"],"potions_floor_usage":[8],"damage_taken":[{"damage":10.0,"enemies":"Jaw Worm","floor":1.0,"turns":3.0},{"damage":2,"enemies":"2 Louse","floor":4,"turns":3},{"damage":8,"enemies":"Small Slimes","floor":5,"turns":3},{"damage":10,"enemies":"Gremlin Nob","floor":6,"turns":2},{"damage":3,"enemies":"Replay:BlueRogue","floor":7,"turns":2},{"damage":4,"enemies":"3 Sentries","floor":8,"turns":4},{"damage":0,"enemies":"Lagavulin","floor":10,"turns":2}],"seed_played":"-5442869806848342374","potions_obtained":[{"floor":1.0,"key":"Dexterity Potion"},{"floor":1.0,"key":"Block Potion"},{"floor":4,"key":"Weak Potion"},{"floor":5,"key":"Adrenaline Potion"},{"floor":8,"key":"PowerPotion"},{"floor":8,"key":"LiquidMemories"}],"is_trial":true,"path_per_floor":["M","?","$","M","M","E","E","E","T","E"],"character_chosen":"REMILIA","items_purchased":[],"campfire_rested":0,"item_purchase_floors":[],"current_hp_per_floor":[53,53,53,51,53,56,55,69,79,83,83],"gold":465,"neow_bonus":"","is_daily":false,"chose_seed":false,"campfire_upgraded":0,"win_rate":0.0,"timestamp":1613835951,"path_taken":["M","?","$","M","M","E","E","E","T","E"],"items_purchased_type":[],"build_version":"2020-12-22","purchased_purges":1,"victory":false,"max_hp_per_floor":[70,70,70,70,70,70,70,81,91,91,91],"card_choices":[{"not_picked":["DemonKingCradle","CeilingFear"],"picked":"SKIP","floor":6},{"not_picked":["ScarletMeister","DemonKingCradle"],"picked":"SKIP","floor":7},{"not_picked":["ForecastOfChange","QueenOfMidnight"],"picked":"SKIP","floor":8}],"player_experience":582128,"relics_obtained":[{"floor":1.0,"key":"REME_IWantAll"},{"floor":1.0,"key":"SynthV:TestCard"},{"floor":1.0,"key":"ReplayTheSpireMod:TigerMarble"},{"floor":4,"key":"Leech"},{"floor":4,"key":"CaptainsWheel"},{"floor":4,"key":"Centennial Puzzle"},{"floor":5,"key":"Pen Nib"},{"floor":5,"key":"Akabeko"},{"floor":5,"key":"Nunchaku"},{"floor":6,"key":"Oddly Smooth Stone"},{"floor":6,"key":"LastBattle"},{"floor":7,"key":"EdensBlessing"},{"floor":7,"key":"AT_EbonyIvory"},{"floor":8,"key":"Art of War"},{"floor":8,"key":"D4"},{"floor":8,"key":"Durian"},{"floor":9,"key":"Pear"}],"event_choices":[{"damage_healed":0,"gold_gain":0,"player_choice":"Ignored","damage_taken":0,"max_hp_gain":0,"max_hp_loss":0,"event_name":"Shining Light","floor":2,"gold_loss":0}],"is_beta":false,"boss_relics":[],"items_purged_floors":[3],"is_endless":false,"potions_floor_spawned":[1,5,7,8],"killed_by":"Lagavulin","ascension_level":20}}