{"host":"08xvxt5w1s7zc7e5","time":1613800178,"event":{"mods":["AchievementEnabler","BaseMod","DeckTracker","Minty Spire (QoL Compilation)","Quick Restart","StSLib","SuperFastMode"],"gold_per_floor":[364,384,282,357,231,263,263,263,286,286,324,324,338,338,338,338,338],"floor_reached":16,"language":"KOR","playtime":601,"items_purged":["Strike_G"],"score":148,"play_id":"7e36c5fa-3335-4149-a967-f4a0b1648c4c","local_time":"20210220144938","is_ascension_mode":true,"campfire_choices":[{"data":"Noxious Fumes","floor":7.0,"key":"SMITH"},{"data":"Neutralize","floor":12.0,"key":"SMITH"},{"floor":15,"key":"REST"}],"circlet_count":0,"master_deck":["Strike_G","Strike_G","Strike_G","Strike_G","Defend_G","Defend_G","Defend_G","Defend_G","Defend_G","Survivor","Neutralize+1","Tactician","PiercingWail","Deadly Poison","Footwork","Acrobatics","Noxious Fumes+1","Blur","Crippling Poison","Pain"],"relics":["Ring of the Snake","Mercury Hourglass","Akabeko","Golden Idol","The Specimen","WarpedTongs"],"acts_visited":["Exordium"],"potions_floor_usage":[16],"damage_taken":[{"damage":4.0,"enemies":"2 Louse","floor":1.0,"turns":4.0},{"damage":2.0,"enemies":"Jaw Worm","floor":2.0,"turns":7.0},{"damage":19.0,"enemies":"Lagavulin","floor":6.0,"turns":10.0},{"damage":14.0,"enemies":"Gremlin Nob","floor":11.0,"turns":4.0},{"damage":0,"enemies":"Small Slimes","floor":13,"turns":4},{"damage":40,"enemies":"Slime Boss","floor":16,"turns":9}],"seed_played":"-4607890620705795807","potions_obtained":[{"floor":11.0,"key":"PowerPotion"}],"is_trial":false,"path_per_floor":["M","M","$","?","$","E","R","?","T","?","E","R","M","?","R","B"],"character_chosen":"THE_SILENT","items_purchased":["Deadly Poison","Footwork","Acrobatics"],"campfire_rested":1,"item_purchase_floors":[3,5,5],"current_hp_per_floor":[59,57,57,46,46,27,27,32,32,32,18,18,18,18,36,0,0],"gold":338,"neow_bonus":"TWO_FIFTY_GOLD","is_daily":false,"chose_seed":false,"campfire_upgraded":2,"win_rate":0.0,"timestamp":1613800178,"path_taken":["M","M","$","?","$","E","R","?","T","?","E","R","M","?","R","BOSS"],"items_purchased_type":["Card","Card","Card"],"build_version":"2020-12-22","purchased_purges":1,"victory":false,"max_hp_per_floor":[63,63,63,63,63,63,63,68,68,63,63,63,63,63,63,63,63],"card_choices":[{"not_picked":["Poisoned Stab","PiercingWail"],"picked":"Tactician","floor":1.0},{"not_picked":["Bane","Crippling Poison"],"picked":"PiercingWail","floor":2.0},{"not_picked":["Riddle With Holes","Blade Dance"],"picked":"Noxious Fumes","floor":6.0},{"not_picked":["Sucker Punch","Deflect"],"picked":"Blur","floor":11.0},{"not_picked":["Deadly Poison","Tactician"],"picked":"Crippling Poison","floor":13}],"player_experience":396343,"relics_obtained":[{"floor":6.0,"key":"Mercury Hourglass"},{"floor":9.0,"key":"Akabeko"},{"floor":11.0,"key":"The Specimen"}],"event_choices":[{"damage_healed":0.0,"max_hp_gain":0.0,"max_hp_loss":0.0,"gold_gain":75.0,"event_name":"World of Goop","player_choice":"Gather Gold","floor":4.0,"gold_loss":0.0,"damage_taken":11.0},{"damage_healed":0.0,"max_hp_gain":5.0,"max_hp_loss":0.0,"gold_gain":0.0,"event_name":"Big Fish","player_choice":"Donut","floor":8.0,"gold_loss":0.0,"damage_taken":0.0},{"damage_healed":0.0,"max_hp_gain":0.0,"max_hp_loss":5.0,"gold_gain":0.0,"event_name":"Golden Idol","player_choice":"Lose Max HP","floor":10.0,"gold_loss":0.0,"damage_taken":0.0,"relics_obtained":["Golden Idol"]},{"damage_healed":0,"gold_gain":0,"player_choice":"Rummage","damage_taken":0,"relics_obtained":["WarpedTongs"],"max_hp_gain":0,"max_hp_loss":0,"event_name":"Accursed Blacksmith","floor":14,"gold_loss":0,"cards_obtained":["Pain"]}],"is_beta":false,"boss_relics":[],"items_purged_floors":[3],"is_endless":false,"potions_floor_spawned":[11],"killed_by":"Slime Boss","ascension_level":8}}