{"host":"72n3jwtrlpjobydj","time":1613801499,"event":{"mods":["AchievementEnabler","BaseMod","CapriCore","DeckTracker","Hermit","Koishi","KomeijiMod","Lobotomy","Marisa£¨Ùöéë¡¡Øª×âÞÞ£©","Minty Spire (QoL Compilation)","Permanent Neow","StSLib","SuperFastMode","The Cursed","The Hierophant","The Immortal"],"gold_per_floor":[219,235,235,250,175,175,208,208,208,208,241,259,259,259,259,259,259],"floor_reached":16,"language":"KOR","playtime":438,"items_purged":["Strike_P"],"score":113,"play_id":"32c515d5-f085-46d4-a0dc-1a7e9d18f45a","local_time":"20210220151139","is_ascension_mode":true,"campfire_choices":[{"floor":6,"key":"RECALL"},{"floor":8,"key":"REST"},{"floor":10,"key":"REST"},{"floor":13,"key":"REST"},{"floor":15,"key":"REST"}],"circlet_count":0,"master_deck":["Strike_P","Strike_P","Strike_P","Defend_P","Defend_P","Defend_P","Defend_P","Eruption","Vigilance","BattleHymn","Devotion","Parasite"],"relics":["PureWater","Pantograph","Bag of Marbles"],"acts_visited":["Exordium"],"potions_floor_usage":[7,12,12],"damage_taken":[{"damage":2,"enemies":"Small Slimes","floor":1,"turns":4},{"damage":0,"enemies":"2 Louse","floor":2,"turns":2},{"damage":7,"enemies":"Cultist","floor":4,"turns":3},{"damage":39,"enemies":"3 Sentries","floor":7,"turns":7},{"damage":36,"enemies":"Lagavulin","floor":11,"turns":7},{"damage":19,"enemies":"Gremlin Gang","floor":12,"turns":7},{"damage":74,"enemies":"The Guardian","floor":16,"turns":10}],"seed_played":"2626667062136188970","potions_obtained":[{"floor":1,"key":"SpeedPotion"},{"floor":4,"key":"Block Potion"},{"floor":7,"key":"Block Potion"}],"is_trial":false,"path_per_floor":["M","M","?","M","$","R","E","R","T","R","E","M","R","?","R","B"],"character_chosen":"WATCHER","items_purchased":[],"campfire_rested":4,"item_purchase_floors":[],"current_hp_per_floor":[70,70,70,63,63,63,24,45,45,66,30,11,32,50,71,0,0],"gold":259,"neow_bonus":"HUNDRED_GOLD","is_daily":false,"chose_seed":false,"campfire_upgraded":0,"win_rate":0.0,"timestamp":1613801499,"path_taken":["M","M","?","M","$","R","E","R","T","R","E","M","R","?","R","BOSS"],"items_purchased_type":[],"build_version":"2020-12-22","purchased_purges":1,"victory":false,"max_hp_per_floor":[72,72,72,72,72,72,72,72,72,72,72,72,72,72,72,72,72],"card_choices":[{"not_picked":["FearNoEvil","SignatureMove"],"picked":"BattleHymn","floor":1},{"not_picked":["TalkToTheHand","ClearTheMind","CrushJoints"],"picked":"SKIP","floor":2},{"not_picked":["Crescendo","Perseverance","DeceiveReality"],"picked":"SKIP","floor":4},{"not_picked":["DeusExMachina","Nirvana"],"picked":"Devotion","floor":7},{"not_picked":["Conclude","BowlingBash","Protect"],"picked":"SKIP","floor":11},{"not_picked":["SashWhip","Halt","BowlingBash"],"picked":"SKIP","floor":12}],"player_experience":101302,"relics_obtained":[{"floor":7,"key":"Pantograph"},{"floor":11,"key":"Bag of Marbles"}],"event_choices":[{"damage_healed":0,"gold_gain":0,"player_choice":"Ignored","damage_taken":0,"max_hp_gain":0,"max_hp_loss":0,"event_name":"Liars Game","floor":3,"gold_loss":0},{"damage_healed":18,"gold_gain":0,"player_choice":"Healed and dodged fight","damage_taken":0,"max_hp_gain":0,"max_hp_loss":0,"event_name":"Mushrooms","floor":14,"gold_loss":0,"cards_obtained":["Parasite"]}],"is_beta":false,"boss_relics":[],"items_purged_floors":[5],"is_endless":false,"potions_floor_spawned":[1,4,7],"killed_by":"The Guardian","ascension_level":1}}