{"host":"4epvxsx6d4oxmc67","time":1613811407,"event":{"mods":["AchievementEnabler","BaseMod","Colored Map","Highlight Path","Minty Spire (QoL Compilation)"],"gold_per_floor":[367,138,138,156,167,167,199,212,235,200,228,9,9,26,26,124,124,138,138,38,38,64,90,90,90,117,117,117,129,129,157,157,262,262,274,286,286,286],"floor_reached":37,"language":"ENG","playtime":1405,"items_purged":["Strike_R","Defend_R"],"score":613,"play_id":"3b57712a-7d63-4446-b373-dfba56d85c9f","local_time":"20210220085647","is_ascension_mode":true,"campfire_choices":[{"data":"Armaments","floor":6.0,"key":"SMITH"},{"data":"Whirlwind","floor":13.0,"key":"SMITH"},{"data":"Double Tap","floor":15.0,"key":"SMITH"},{"data":"Demon Form","floor":25.0,"key":"SMITH"},{"data":"Power Through","floor":28.0,"key":"SMITH"},{"data":"Cleave","floor":30.0,"key":"SMITH"},{"floor":32.0,"key":"REST"}],"circlet_count":0,"master_deck":["Strike_R","Strike_R","Strike_R","Strike_R","Defend_R","Defend_R","Defend_R","Bash","Whirlwind+1","Battle Trance","Armaments+1","Cleave+1","Fire Breathing","Double Tap+1","Demon Form+1","Power Through+1","Demon Form+1","Sword Boomerang","Barricade","Warcry+1","Parasite"],"relics":["Burning Blood","Bronze Scales","Art of War","Happy Flower","Tiny Chest","Orichalcum","Anchor","Busted Crown","MutagenicStrength","Dream Catcher","Eternal Feather","Regal Pillow","Ice Cream","Philosopher\u0027s Stone"],"acts_visited":["Exordium","TheCity","TheBeyond"],"potions_floor_usage":[],"damage_taken":[{"damage":8.0,"enemies":"Jaw Worm","floor":1.0,"turns":4.0},{"damage":4.0,"enemies":"2 Louse","floor":4.0,"turns":2.0},{"damage":1.0,"enemies":"Cultist","floor":5.0,"turns":3.0},{"damage":25.0,"enemies":"3 Sentries","floor":7.0,"turns":8.0},{"damage":6.0,"enemies":"Blue Slaver","floor":8.0,"turns":4.0},{"damage":24.0,"enemies":"Gremlin Nob","floor":11.0,"turns":4.0},{"damage":8.0,"enemies":"Large Slime","floor":14.0,"turns":5.0},{"damage":28.0,"enemies":"Hexaghost","floor":16.0,"turns":8.0},{"damage":0.0,"enemies":"Chosen","floor":18.0,"turns":4.0},{"damage":0.0,"enemies":"Gremlin Leader","floor":23.0,"turns":4.0},{"damage":0.0,"enemies":"2 Thieves","floor":29.0,"turns":2.0},{"damage":47.0,"enemies":"Book of Stabbing","floor":31.0,"turns":5.0},{"damage":57.0,"enemies":"Champ","floor":33.0,"turns":7.0},{"damage":39.0,"enemies":"3 Darklings","floor":35.0,"turns":5.0},{"damage":0.0,"enemies":"3 Shapes","floor":36.0,"turns":4.0},{"damage":0,"enemies":"Writhing Mass","floor":37,"turns":3}],"seed_played":"-3810989232405436099","potions_obtained":[{"floor":1.0,"key":"SteroidPotion"},{"floor":4.0,"key":"PowerPotion"},{"floor":7.0,"key":"ElixirPotion"},{"floor":11.0,"key":"ColorlessPotion"},{"floor":29.0,"key":"SpeedPotion"}],"is_trial":false,"path_per_floor":["M","$","?","M","M","R","E","M","T","?","E","$","R","M","R","B",null,"M","?","$","?","T","E","$","R","T","?","R","M","R","E","R","B",null,"M","M","M"],"character_chosen":"IRONCLAD","items_purchased":["Bronze Scales","Anchor","Regen Potion"],"campfire_rested":1,"item_purchase_floors":[2,12,12],"current_hp_per_floor":[49,49,42,44,49,49,30,30,30,50,32,32,32,44,44,22,66,72,72,72,72,72,78,78,80,80,80,80,80,80,39,80,29,67,34,40,40,40],"gold":286,"neow_bonus":"TWO_FIFTY_GOLD","is_daily":false,"chose_seed":false,"campfire_upgraded":6,"win_rate":0.0,"timestamp":1613811407,"path_taken":["M","$","?","M","M","R","E","M","T","?","E","$","R","M","R","BOSS","M","?","$","?","?","E","?","R","T","?","R","M","R","E","R","BOSS","M","?","M"],"items_purchased_type":["Relic","Relic","Potion"],"build_version":"2020-12-22","purchased_purges":2,"victory":false,"max_hp_per_floor":[80,80,80,80,80,80,80,80,80,80,80,80,80,80,80,80,80,80,80,80,80,80,80,80,80,80,80,80,80,80,80,80,80,80,80,80,80,80],"card_choices":[{"not_picked":["Combust","Bloodletting"],"picked":"Whirlwind","floor":1.0},{"not_picked":["Searing Blow","True Grit"],"picked":"Battle Trance","floor":4.0},{"not_picked":["Fire Breathing","Headbutt"],"picked":"Armaments","floor":5.0},{"not_picked":["Bloodletting","Anger"],"picked":"Cleave","floor":7.0},{"not_picked":["Wild Strike","Clash"],"picked":"Fire Breathing","floor":8.0},{"not_picked":["Dual Wield","Dropkick"],"picked":"Double Tap","floor":11.0},{"not_picked":["Armaments","Havoc","Twin Strike"],"picked":"SKIP","floor":14.0},{"not_picked":["Offering","Berserk"],"picked":"Demon Form","floor":16.0},{"not_picked":["True Grit"],"picked":"SKIP","floor":18.0},{"not_picked":[],"picked":"Power Through","floor":23.0},{"not_picked":[],"picked":"Sword Boomerang","floor":29.0},{"not_picked":["Headbutt"],"picked":"SKIP","floor":31.0},{"not_picked":[],"picked":"Barricade","floor":33.0},{"not_picked":["Havoc"],"picked":"SKIP","floor":35.0},{"not_picked":[],"picked":"Warcry+1","floor":36.0}],"player_experience":148939,"relics_obtained":[{"floor":7.0,"key":"Happy Flower"},{"floor":9.0,"key":"Tiny Chest"},{"floor":11.0,"key":"Orichalcum"},{"floor":22.0,"key":"Dream Catcher"},{"floor":23.0,"key":"Eternal Feather"},{"floor":26.0,"key":"Regal Pillow"},{"floor":31.0,"key":"Ice Cream"}],"event_choices":[{"damage_healed":0.0,"max_hp_gain":0.0,"max_hp_loss":0.0,"gold_gain":0.0,"event_name":"Scrap Ooze","player_choice":"Success","floor":3.0,"gold_loss":0.0,"damage_taken":7.0,"relics_obtained":["Art of War"]},{"damage_healed":20.0,"max_hp_gain":0.0,"max_hp_loss":0.0,"gold_gain":0.0,"event_name":"The Cleric","player_choice":"Healed","floor":10.0,"gold_loss":35.0,"damage_taken":0.0},{"damage_healed":0.0,"max_hp_gain":0.0,"max_hp_loss":0.0,"gold_gain":0.0,"event_name":"Drug Dealer","player_choice":"Inject Mutagens","floor":19.0,"gold_loss":0.0,"damage_taken":0.0,"relics_obtained":["MutagenicStrength"]},{"damage_healed":0.0,"max_hp_gain":0.0,"max_hp_loss":0.0,"gold_gain":0.0,"event_name":"Match and Keep!","player_choice":"0 cards matched","floor":21.0,"gold_loss":0.0,"damage_taken":0.0,"cards_obtained":[]},{"damage_healed":0.0,"max_hp_gain":0.0,"max_hp_loss":0.0,"gold_gain":0.0,"event_name":"Duplicator","player_choice":"Copied","floor":27.0,"gold_loss":0.0,"damage_taken":0.0,"cards_obtained":["Demon Form"]}],"is_beta":false,"boss_relics":[{"not_picked":["Black Star","Sozu"],"picked":"Busted Crown"},{"not_picked":["Pandora\u0027s Box","Astrolabe"],"picked":"Philosopher\u0027s Stone"}],"items_purged_floors":[2,20],"is_endless":false,"potions_floor_spawned":[1,4,7,11,29],"killed_by":"Writhing Mass","ascension_level":8}}