{"host":"9op7xyky91xc1g6p","time":1613796759,"event":{"mods":["100% Spire Juice","Act Like it!","Astrologer","Bartender","BaseMod","Beaked The Cultist","Better Altar","Better Note","Better Sensory Stone","Better Skull","Better Third Choice","Better Vampires","Bossed Relics","BshForSts","CapriCore","Energized Spire","Gensokyo","Hallownest","Hermit","HololiveMod","Infinite Spire","Koishi","Magitek Elite","Marisa????????","Minty Spire (QoL Compilation)","Random Character Button","Remilia??????","Retaliation","Robot Space Explorer","Shade Mod","SpireExporter+","StSLib","The Animator","The Disciple","The Dragon Tamer","The Elementalist","The Hierophant","The Immortal","The Marked","The Mystic","The Poker Player","The Problem Sleuth","The Runesmith","The Spell Scribe","TheBandit","Trackpad","Yuyuko","??????REMEMod"],"gold_per_floor":[113,113,224,236,8,8,23,33,59,70,86,86,86,131,131,131,131],"floor_reached":16,"language":"ENG","playtime":2139,"items_purged":[],"score":117,"play_id":"c6824a7a-afcf-4b8a-8ab5-7d62a9fb996d","local_time":"20210219205239","is_ascension_mode":false,"campfire_choices":[{"floor":6,"key":"REST"},{"data":"SecondHand","floor":12,"key":"SMITH"},{"floor":15,"key":"REST"}],"circlet_count":0,"master_deck":["Rallentando","Largo","Moderato","Adagio","Strike_Br","Strike_Br","Strike_Br","Strike_Br","Defend_Br","Defend_Br","Defend_Br","Defend_Br","SecondHand+1","PatternShift+1","Writhe","Allegro","Facsimile+1","BeatsPerMinute","TickedOff","DaylightSavings","Echoward","BiteCommand","REME_LeechingPoison","HandsUpC","Parity"],"relics":["Chronometer","REME_ComplimentaryCards","SpringShield","War Paint","Lantern","Strawberry"],"acts_visited":["Hallownest:Greenpath"],"potions_floor_usage":[16],"damage_taken":[{"damage":8,"enemies":"Hallownest:2_MossCreeps","floor":1,"turns":8},{"damage":3,"enemies":"2_ Uuma","floor":4,"turns":7},{"damage":4,"enemies":"Hallownest:2_Baldur","floor":7,"turns":6},{"damage":36,"enemies":"Hallownest:1_Baldur_1_Crawlid_1_Warrior","floor":8,"turns":15},{"damage":0,"enemies":"Hallownest:monsterFoolEater","floor":10,"turns":6},{"damage":0,"enemies":"Hallownest:monsterAspidMother","floor":11,"turns":8},{"damage":69,"enemies":"Hallownest:BossBrokenVessel","floor":16,"turns":18}],"seed_played":"-8417005629442858097","potions_obtained":[{"floor":7,"key":"SpeedPotion"}],"is_trial":false,"path_per_floor":["M","?","?","M","$","R","M","M","T","M","M","R","?","T","R","B"],"character_chosen":"CHRONO_CLASS","items_purchased":["BeatsPerMinute","TickedOff","DaylightSavings"],"campfire_rested":2,"item_purchase_floors":[5,5,5],"current_hp_per_floor":[63,71,49,46,46,69,65,29,29,29,35,35,35,42,67,0,0],"gold":131,"neow_bonus":"TEN_PERCENT_HP_BONUS","is_daily":false,"chose_seed":false,"campfire_upgraded":1,"win_rate":0.0,"timestamp":1613796759,"path_taken":["M","?","?","M","$","R","M","M","T","M","?","R","?","?","R","BOSS"],"items_purchased_type":["Card","Card","Card"],"build_version":"2020-12-22","purchased_purges":0,"victory":false,"max_hp_per_floor":[71,79,79,79,79,79,79,79,79,79,79,79,79,86,86,86,86],"card_choices":[{"not_picked":["Recurrance","Cuckoo"],"picked":"Tempo","floor":1},{"not_picked":["CrunchTime","AlternateTimeline"],"picked":"Facsimile","floor":4},{"not_picked":["LockedTornado","WindUp"],"picked":"Echoward","floor":7},{"not_picked":["PrimeTime","AlternateTimeline"],"picked":"BiteCommand","floor":8},{"not_picked":["ExoVibe","AlternateTimeline"],"picked":"HandsUpC","floor":10},{"not_picked":["Facsimile","Echonomics"],"picked":"Parity","floor":11}],"player_experience":441697,"relics_obtained":[{"floor":9,"key":"War Paint"},{"floor":14,"key":"Strawberry"}],"event_choices":[{"damage_healed":0,"gold_gain":111,"player_choice":"RE GO ","damage_taken":25,"relics_obtained":["SpringShield"],"max_hp_gain":0,"max_hp_loss":0,"event_name":"betterSkull:BetterSkull","floor":3,"gold_loss":0,"cards_upgraded":[]}],"is_beta":false,"boss_relics":[],"items_purged_floors":[],"is_endless":false,"potions_floor_spawned":[7],"killed_by":"Hallownest:BossBrokenVessel","ascension_level":0}}