{"host":"lv7etzzgwahaenh9","time":1613793910,"event":{"mods":["AchievementEnabler","BaseMod","Colored Map","Colored Powertips","Highlight Path","Minty Spire (QoL Compilation)","Permanent Neow","Quick Restart","Random Character Button","StSLib"],"gold_per_floor":[113,123,123,123,138,138,154,184,238,253,253,310,328,362,362,362,362],"floor_reached":16,"language":"ENG","playtime":689,"items_purged":[],"score":162,"play_id":"839f8254-2290-4ca1-a99a-9a13d409ee38","local_time":"20210219200510","is_ascension_mode":true,"campfire_choices":[{"data":"Brilliance","floor":6.0,"key":"SMITH"},{"data":"Weave","floor":11.0,"key":"SMITH"},{"data":"DevaForm","floor":15,"key":"SMITH"}],"circlet_count":0,"master_deck":["Strike_P","Strike_P","Strike_P","Strike_P","Defend_P","Defend_P","Defend_P","Defend_P","Eruption","Vigilance","Brilliance+1","Weave+1","ThirdEye","Prostrate","ThirdEye","ThirdEye","Crescendo","EmptyFist","DevaForm+1"],"relics":["PureWater","Darkstone Periapt","Centennial Puzzle","Tiny Chest","The Courier"],"acts_visited":["Exordium"],"potions_floor_usage":[14,14,16],"damage_taken":[{"damage":2.0,"enemies":"Jaw Worm","floor":1.0,"turns":4.0},{"damage":0.0,"enemies":"Small Slimes","floor":2.0,"turns":2.0},{"damage":0.0,"enemies":"2 Louse","floor":5.0,"turns":2.0},{"damage":0.0,"enemies":"Exordium Wildlife","floor":7.0,"turns":5.0},{"damage":5.0,"enemies":"Lagavulin","floor":8.0,"turns":7.0},{"damage":0.0,"enemies":"Large Slime","floor":10.0,"turns":4.0},{"damage":0.0,"enemies":"2 Fungi Beasts","floor":13.0,"turns":3.0},{"damage":12,"enemies":"3 Sentries","floor":14,"turns":5},{"damage":41,"enemies":"Hexaghost","floor":16,"turns":10}],"seed_played":"-7994691403634148251","potions_obtained":[{"floor":2.0,"key":"LiquidMemories"},{"floor":8.0,"key":"AttackPotion"},{"floor":13.0,"key":"StancePotion"}],"is_trial":false,"path_per_floor":["M","M","?","?","M","R","M","E","T","M","R","?","M","E","R","B"],"character_chosen":"WATCHER","items_purchased":[],"campfire_rested":0,"item_purchase_floors":[],"current_hp_per_floor":[63,63,56,56,56,56,56,51,51,51,51,51,51,39,39,0,0],"gold":362,"neow_bonus":"THREE_RARE_CARDS","is_daily":false,"chose_seed":false,"campfire_upgraded":3,"win_rate":0.0,"timestamp":1613793910,"path_taken":["M","M","?","?","M","R","M","E","T","M","R","?","M","E","R","BOSS"],"items_purchased_type":[],"build_version":"2020-12-22","purchased_purges":0,"victory":false,"max_hp_per_floor":[65,65,65,65,65,65,65,65,65,65,65,65,65,65,65,65,65],"card_choices":[{"not_picked":["Scrawl","ConjureBlade"],"picked":"Brilliance","floor":0.0},{"not_picked":["EmptyFist","JustLucky"],"picked":"Weave","floor":1.0},{"not_picked":["DeceiveReality","CrushJoints"],"picked":"ThirdEye","floor":2.0},{"not_picked":["Worship","SashWhip"],"picked":"Prostrate","floor":5.0},{"not_picked":["Protect","EmptyMind"],"picked":"ThirdEye","floor":7.0},{"not_picked":["ClearTheMind","CrushJoints"],"picked":"ThirdEye","floor":8.0},{"not_picked":["SignatureMove","Adaptation"],"picked":"Crescendo","floor":10.0},{"not_picked":["Vengeance","EmptyBody"],"picked":"EmptyFist","floor":13.0},{"not_picked":["JustLucky","CutThroughFate"],"picked":"DevaForm","floor":14}],"player_experience":467853,"relics_obtained":[{"floor":8.0,"key":"Centennial Puzzle"},{"floor":9.0,"key":"Tiny Chest"},{"floor":14,"key":"The Courier"}],"event_choices":[{"damage_healed":0.0,"max_hp_gain":0.0,"max_hp_loss":0.0,"gold_gain":0.0,"event_name":"Scrap Ooze","player_choice":"Success","floor":3.0,"gold_loss":0.0,"damage_taken":7.0,"relics_obtained":["Darkstone Periapt"]},{"damage_healed":0.0,"max_hp_gain":0.0,"max_hp_loss":0.0,"gold_gain":0.0,"event_name":"Liars Game","player_choice":"Ignored","floor":4.0,"gold_loss":0.0,"damage_taken":0.0},{"damage_healed":0.0,"max_hp_gain":0.0,"max_hp_loss":0.0,"gold_gain":57.0,"event_name":"Golden Wing","player_choice":"Gained Gold","floor":12.0,"gold_loss":0.0,"damage_taken":0.0}],"is_beta":false,"boss_relics":[],"items_purged_floors":[],"is_endless":false,"potions_floor_spawned":[2,8,13],"killed_by":"Hexaghost","ascension_level":9}}