{"host":"me7pax5d7uwssv6n","time":1613834288,"event":{"mods":["Act Like it!","BaseMod","Gensokyo","Koishi","Minty Spire (QoL Compilation)","StSLib"],"gold_per_floor":[117,135,28,28,39,39,39,39,39,39,39,39,69,88,88,288,288],"floor_reached":16,"language":"ENG","playtime":1814,"items_purged":[],"score":98,"play_id":"c793d9ad-ddb7-4ce1-95f4-72e0dd641529","local_time":"20210220231808","is_ascension_mode":false,"campfire_choices":[{"data":"Koishi:ReflexRadar","floor":7,"key":"SMITH"},{"data":"Koishi:FourthEye","floor":10,"key":"SMITH"},{"data":"Koishi:HauntingSlash","floor":12,"key":"SMITH"},{"data":"Koishi:SuperEgo","floor":15,"key":"SMITH"}],"circlet_count":0,"master_deck":["Koishi:BasicStrike","Koishi:BasicStrike","Koishi:BasicStrike","Koishi:BasicDefend","Koishi:BasicDefend","Koishi:BasicDefend","Koishi:BasicDefend","Koishi:Provoke","Koishi:HauntingSlash+1","Koishi:PredatoryInstincts","Koishi:RacingHeart","Koishi:FourthEye+1","Koishi:ReflexRadar+1","Koishi:VengefulSpirit","Koishi:SuperEgo+1"],"relics":["Koishi:ImaginaryFriend","NeowsBlessing","Kunai","Gensokyo:OccultBall","Blood Vial","Frozen Eye","Ginger"],"acts_visited":["Exordium"],"potions_floor_usage":[13,13,16,16,16],"damage_taken":[{"damage":0,"enemies":"Gensokyo:3_Fairies","floor":1,"turns":2},{"damage":0,"enemies":"Gensokyo:Python","floor":2,"turns":1},{"damage":0,"enemies":"Gensokyo:Gryphon","floor":5,"turns":1},{"damage":6,"enemies":"Gensokyo:Mamizou","floor":13,"turns":12},{"damage":9,"enemies":"Gensokyo:Python_and_Kodama","floor":14,"turns":4},{"damage":72,"enemies":"Gensokyo:Reimu","floor":16,"turns":15}],"seed_played":"1149748820111229082","potions_obtained":[{"floor":5,"key":"EntropicBrew"},{"floor":13,"key":"Explosive Potion"}],"is_trial":false,"path_per_floor":["M","M","COS","?","M","?","R","?","T","R","?","R","E","M","R","B"],"character_chosen":"KOISHI","items_purchased":[],"campfire_rested":0,"item_purchase_floors":[],"current_hp_per_floor":[60,60,60,60,60,48,48,48,48,48,48,48,60,57,57,0,0],"gold":288,"neow_bonus":"THREE_ENEMY_KILL","is_daily":false,"chose_seed":false,"campfire_upgraded":4,"win_rate":0.0,"timestamp":1613834288,"path_taken":["M","M","COS","?","M","?","R","?","T","R","?","R","E","M","R","BOSS"],"items_purchased_type":[],"build_version":"2020-12-22","purchased_purges":0,"victory":false,"max_hp_per_floor":[60,60,60,60,60,60,60,60,60,60,60,60,60,60,60,60,60],"card_choices":[{"not_picked":["Koishi:StingingMind","Koishi:SpiritedAway"],"picked":"Koishi:PredatoryInstincts","floor":1},{"not_picked":["Koishi:HeartfeltFancy","Koishi:JumpScare"],"picked":"Koishi:RacingHeart","floor":2},{"not_picked":["Koishi:RorschachInDanmaku","Koishi:JumpScare"],"picked":"Koishi:FourthEye","floor":4},{"not_picked":["Koishi:SubconsciousSweep","Koishi:VengefulSpirit"],"picked":"Koishi:TremblingHands","floor":4},{"not_picked":["Koishi:SubconsciousSweep","Koishi:FidgetySnatcher"],"picked":"Koishi:ReflexRadar","floor":5},{"not_picked":["Koishi:DreadfulBlow","Koishi:SubterraneanRose"],"picked":"Koishi:VengefulSpirit","floor":13},{"not_picked":["Koishi:ParalyzingFear","Koishi:HeartfeltFancy"],"picked":"Koishi:SuperEgo","floor":14}],"player_experience":38918,"relics_obtained":[{"floor":13,"key":"Blood Vial"}],"event_choices":[],"is_beta":false,"boss_relics":[],"items_purged_floors":[],"is_endless":false,"potions_floor_spawned":[5,13],"killed_by":"Gensokyo:Reimu","ascension_level":0}}