{"host":"hbrjinenk1akq1dy","time":1613819812,"event":{"mods":["BaseMod","Colored Map","Colored Powertips","Highlight Path","Minty Spire (QoL Compilation)","Quick Restart","StSLib","SuperFastMode"],"gold_per_floor":[114,130,130,150,163,163,190,190,213,213,58,90,102,134,134,239,239,256,256,291,311,52,52,72,85,159,178,178,209,124,124,124,228,228,239,239,139,152,167,199,199,199,199,199,249,5,55,75,75,115],"floor_reached":51,"language":"ENG","playtime":3395,"items_purged":["Strike_R","Wild Strike+1"],"score":1088,"play_id":"b4ed6cb6-70f7-4598-96d6-3c7aba376b1c","local_time":"20210220191652","is_ascension_mode":true,"campfire_choices":[{"data":"Battle Trance","floor":6.0,"key":"SMITH"},{"data":"Battle Trance","floor":8.0,"key":"SMITH"},{"data":"Wild Strike","floor":10.0,"key":"SMITH"},{"data":"Fiend Fire","floor":15.0,"key":"SMITH"},{"data":"Flame Barrier","floor":23.0,"key":"SMITH"},{"data":"Shrug It Off","floor":28.0,"key":"SMITH"},{"floor":32.0,"key":"REST"},{"floor":42,"key":"REST"},{"floor":44,"key":"RECALL"},{"floor":49,"key":"REST"}],"circlet_count":0,"master_deck":["Strike_R+1","Strike_R+1","Strike_R+1","Defend_R+1","Defend_R+1","Defend_R+1","Defend_R+1","Bash+1","Battle Trance+1","Battle Trance+1","Fiend Fire+1","Brutality","Spot Weakness","Corruption","Blood for Blood","Flame Barrier+1","Shrug It Off+1","Dual Wield+1","Immolate+1","Offering+1","Carnage+1","Pommel Strike+1","Shockwave+1","HandOfGreed","Inflame","Flame Barrier+1"],"relics":["Snecko Eye","MealTicket","Vajra","Boot","Red Skull","SlaversCollar","Red Mask","Toxic Egg 2","Pantograph","Lantern","PreservedInsect","Fusion Hammer","Paper Frog","Mercury Hourglass","Mango","Bag of Marbles"],"acts_visited":["TheCity","TheBeyond"],"potions_floor_usage":[40],"damage_taken":[{"damage":0.0,"enemies":"Small Slimes","floor":1.0,"turns":2.0},{"damage":0.0,"enemies":"Cultist","floor":2.0,"turns":3.0},{"damage":0.0,"enemies":"2 Louse","floor":4.0,"turns":2.0},{"damage":0.0,"enemies":"Large Slime","floor":5.0,"turns":5.0},{"damage":34.0,"enemies":"3 Sentries","floor":7.0,"turns":9.0},{"damage":0.0,"enemies":"Gremlin Nob","floor":12.0,"turns":1.0},{"damage":0.0,"enemies":"Exordium Wildlife","floor":13.0,"turns":1.0},{"damage":17.0,"enemies":"Lagavulin","floor":14.0,"turns":3.0},{"damage":26.0,"enemies":"The Guardian","floor":16.0,"turns":5.0},{"damage":43.0,"enemies":"3 Byrds","floor":18.0,"turns":5.0},{"damage":0.0,"enemies":"Masked Bandits","floor":20.0,"turns":2.0},{"damage":0.0,"enemies":"Spheric Guardian","floor":21.0,"turns":1.0},{"damage":0.0,"enemies":"Snecko","floor":24.0,"turns":2.0},{"damage":6.0,"enemies":"Sentry and Sphere","floor":25.0,"turns":3.0},{"damage":0.0,"enemies":"Snake Plant","floor":27.0,"turns":2.0},{"damage":0.0,"enemies":"Gremlin Leader","floor":29.0,"turns":2.0},{"damage":30.0,"enemies":"Collector","floor":33.0,"turns":4.0},{"damage":13.0,"enemies":"3 Shapes","floor":35.0,"turns":2.0},{"damage":0,"enemies":"Orb Walker","floor":38,"turns":1},{"damage":0,"enemies":"4 Shapes","floor":39,"turns":1},{"damage":14,"enemies":"Giant Head","floor":40,"turns":6},{"damage":0,"enemies":"Mind Bloom Boss Battle","floor":45,"turns":1},{"damage":1,"enemies":"Reptomancer","floor":47,"turns":2},{"damage":0,"enemies":"Spire Growth","floor":48,"turns":1},{"damage":7,"enemies":"Donu and Deca","floor":50,"turns":3}],"seed_played":"-3056207312593158101","potions_obtained":[{"floor":2.0,"key":"BlessingOfTheForge"},{"floor":4.0,"key":"BlessingOfTheForge"},{"floor":5.0,"key":"BlessingOfTheForge"},{"floor":13.0,"key":"Ancient Potion"},{"floor":14.0,"key":"SkillPotion"},{"floor":48,"key":"AttackPotion"}],"is_trial":false,"path_per_floor":["M","M","?","M","M","R","E","R","T","R","$","E","M","E","R","B",null,"M","?","?","M","$","R","M","M","T","M","R","E","?","?","R","B",null,"M","?","$","M","M","E","?","R","T","R","?","$","E","M","R","B",null],"character_chosen":"IRONCLAD","items_purchased":["Fiend Fire","Toxic Egg 2","HandOfGreed","Inflame"],"campfire_rested":3,"item_purchase_floors":[11,22,46,46],"current_hp_per_floor":[72,72,72,72,72,72,38,38,38,38,53,53,53,36,36,10,63,20,20,20,20,35,35,35,29,29,29,29,29,29,29,53,48,72,59,59,74,74,74,60,60,80,80,80,94,94,93,93,94,87],"gold":115,"neow_bonus":"BOSS_RELIC","is_daily":false,"chose_seed":false,"campfire_upgraded":6,"win_rate":0.0,"timestamp":1613819812,"path_taken":["M","M","?","M","M","R","E","R","T","R","$","E","?","E","R","BOSS","M","?","?","M","$","R","M","M","T","M","R","E","?","?","R","BOSS","M","?","$","?","?","E","?","R","T","R","?","?","E","M","R","BOSS"],"items_purchased_type":["Card","Relic","Card","Card"],"build_version":"2020-12-22","purchased_purges":2,"victory":true,"max_hp_per_floor":[80,80,80,80,80,80,80,80,80,80,80,80,80,80,80,80,80,80,80,80,80,80,80,80,80,80,80,80,80,80,80,80,80,80,80,80,80,80,80,80,80,80,80,80,94,94,94,94,94,94],"card_choices":[{"not_picked":["Clash","Cleave","Sever Soul"],"picked":"SKIP","floor":1.0},{"not_picked":["Disarm","Entrench"],"picked":"Wild Strike","floor":2.0},{"not_picked":["Shrug It Off","Reckless Charge"],"picked":"Battle Trance","floor":4.0},{"not_picked":["Sword Boomerang","Armaments"],"picked":"Battle Trance","floor":5.0},{"not_picked":["Disarm","Flex","Clash"],"picked":"SKIP","floor":7.0},{"not_picked":["True Grit","Clash"],"picked":"Brutality","floor":12.0},{"not_picked":["Sentinel","Armaments"],"picked":"Spot Weakness","floor":13.0},{"not_picked":["Pommel Strike","Wild Strike","Flex"],"picked":"SKIP","floor":14.0},{"not_picked":["Feed","Berserk"],"picked":"Corruption","floor":16.0},{"not_picked":["Bloodletting","Iron Wave","Clash+1"],"picked":"SKIP","floor":18.0},{"not_picked":["Sever Soul","Flex+1"],"picked":"Flame Barrier","floor":20.0},{"not_picked":["Clash","Wild Strike"],"picked":"Shrug It Off","floor":21.0},{"not_picked":["Thunderclap","Hemokinesis","Whirlwind"],"picked":"SKIP","floor":24.0},{"not_picked":["Cleave","Headbutt"],"picked":"Dual Wield+1","floor":25.0},{"not_picked":["Pommel Strike","Perfected Strike+1","Thunderclap"],"picked":"SKIP","floor":27.0},{"not_picked":["Flex+1","Inflame+1"],"picked":"Immolate","floor":29.0},{"not_picked":["Juggernaut","Limit Break+1"],"picked":"Offering+1","floor":33.0},{"not_picked":["Havoc+1","Rage+1"],"picked":"Carnage+1","floor":35.0},{"not_picked":["Wild Strike","Headbutt"],"picked":"Pommel Strike+1","floor":38},{"not_picked":["Clothesline","Anger+1"],"picked":"Shockwave+1","floor":39},{"not_picked":["Havoc+1","Twin Strike+1","Disarm+1"],"picked":"SKIP","floor":40},{"not_picked":["Perfected Strike","Headbutt","Disarm+1"],"picked":"SKIP","floor":47},{"not_picked":["Body Slam","Second Wind+1"],"picked":"Flame Barrier+1","floor":48}],"player_experience":218804,"relics_obtained":[{"floor":7.0,"key":"MealTicket"},{"floor":9.0,"key":"Vajra"},{"floor":12.0,"key":"Boot"},{"floor":14.0,"key":"Red Skull"},{"floor":20.0,"key":"Red Mask"},{"floor":26.0,"key":"Pantograph"},{"floor":29.0,"key":"Lantern"},{"floor":40,"key":"Paper Frog"},{"floor":43,"key":"Mercury Hourglass"},{"floor":45,"key":"Mango"},{"floor":47,"key":"Bag of Marbles"}],"event_choices":[{"damage_healed":0.0,"max_hp_gain":0.0,"max_hp_loss":0.0,"gold_gain":0.0,"event_name":"Accursed Blacksmith","player_choice":"Forge","floor":3.0,"gold_loss":0.0,"damage_taken":0.0,"cards_upgraded":["Bash"]},{"damage_healed":0.0,"max_hp_gain":0.0,"max_hp_loss":0.0,"gold_gain":0.0,"event_name":"The Library","player_choice":"Read","floor":19.0,"gold_loss":0.0,"damage_taken":0.0,"cards_obtained":["Blood for Blood"]},{"damage_healed":0.0,"max_hp_gain":0.0,"max_hp_loss":0.0,"gold_gain":0.0,"event_name":"Masked Bandits","player_choice":"Fought Bandits","floor":20.0,"gold_loss":0.0,"damage_taken":0.0},{"damage_healed":0.0,"max_hp_gain":0.0,"max_hp_loss":0.0,"gold_gain":0.0,"event_name":"Addict","player_choice":"Obtained Relic","floor":30.0,"gold_loss":85.0,"damage_taken":0.0,"relics_obtained":["PreservedInsect"]},{"damage_healed":0.0,"max_hp_gain":0.0,"max_hp_loss":0.0,"gold_gain":0.0,"event_name":"Back to Basics","player_choice":"Simplicity","floor":31.0,"gold_loss":0.0,"damage_taken":0.0,"cards_upgraded":["Strike_R","Strike_R","Strike_R","Strike_R","Defend_R","Defend_R","Defend_R","Defend_R"]},{"damage_healed":0.0,"max_hp_gain":0.0,"max_hp_loss":0.0,"gold_gain":0.0,"event_name":"Upgrade Shrine","player_choice":"Upgraded","floor":36.0,"gold_loss":0.0,"damage_taken":0.0,"cards_upgraded":["Immolate"]},{"cards_removed":["Strike_R"],"damage_healed":0,"gold_gain":0,"player_choice":"Removed Attack","damage_taken":0,"max_hp_gain":0,"max_hp_loss":0,"event_name":"Falling","floor":41,"gold_loss":0},{"damage_healed":0,"gold_gain":0,"player_choice":"Fight","damage_taken":0,"max_hp_gain":0,"max_hp_loss":0,"event_name":"MindBloom","floor":45,"gold_loss":0}],"is_beta":false,"boss_relics":[{"not_picked":["Coffee Dripper","Runic Cube"],"picked":"SlaversCollar"},{"not_picked":["Pandora\u0027s Box","Astrolabe"],"picked":"Fusion Hammer"}],"items_purged_floors":[11,37],"is_endless":false,"potions_floor_spawned":[2,4,5,13,14,18,27,29,33,38,39,48],"ascension_level":6}}