{"host":"u0qetpmu4y58k1tf","time":1613799081,"event":{"mods":["100% Spire Juice","AchievementEnabler","Act Like it!","BaseMod","CapriCore","Colored Map","Colored Powertips","Hermit","Koishi","Marisa£¨Ùöéë¡¡Øª×âÞÞ£©","Minty Spire (QoL Compilation)","Quick Restart","Reliquary","Replay The Spire","StSLib","Td1madao Mod","The Bug Knight","The Cursed","The Dragon Tamer","The Gatherer","The Hierophant","The Immortal","The Jungle","The Runesmith","WarShipGirlsR/??á´Ò³R mod"],"gold_per_floor":[116,116,201,201,220,245,245,273,273,273,286,301,301,301],"floor_reached":13,"language":"KOR","playtime":718,"items_purged":[],"score":186,"play_id":"73d50ab9-3391-47ac-b840-84ed348fdbe5","local_time":"20210220143121","daily_mods":["Draft","Diverse","Colorless Cards","Heirloom","DeadlyEvents","Elite Swarm"],"is_ascension_mode":true,"campfire_choices":[{"data":"White Noise","floor":7,"key":"SMITH"},{"floor":10,"key":"REST"}],"circlet_count":0,"master_deck":["AscendersBane","Koishi:PhantomBarrier","Deflect","rmod:royalracing","rmod:robin","TheCursedMod:CursedShiv","DTMod:Hide","Deflect","Moonworks:CloudOfSeagulls","Moonworks:NicePresent","Moonworks:JonathanRush","Gatherer:AromaProtection","rmod:overbreakdown","Acrobatics","hermit:Coalescence","Gatherer:AromaProtection","Regret","Prepared","White Noise+1","TheCursedMod:Obscuration","TheCursedMod:VoidForm","Echo Form","TheCursedMod:SpitefulPlan"],"relics":["HollowMod:VesselMask","Turnip","Runesmith:Locket","Bag of Preparation","PrismaticShard","Replay:Ringing Soul","reliquary:ExpiredCoupon","HornCleat"],"acts_visited":["Exordium"],"potions_floor_usage":[13],"damage_taken":[{"damage":0,"enemies":"Small Slimes","floor":1,"turns":5},{"damage":6,"enemies":"2 Louse","floor":5,"turns":2},{"damage":2,"enemies":"Lagavulin","floor":6,"turns":9},{"damage":37,"enemies":"Gremlin Nob","floor":8,"turns":5},{"damage":18,"enemies":"Jaw Worm","floor":11,"turns":6},{"damage":10,"enemies":"3 Louse","floor":12,"turns":4},{"damage":31,"enemies":"3 Sentries","floor":13,"turns":4}],"seed_played":"-3716783078262318310","potions_obtained":[{"floor":1,"key":"Milkshake"},{"floor":11,"key":"Fire Potion"},{"floor":12,"key":"FairyPotion"}],"is_trial":true,"path_per_floor":["M","?","?","?","M","E","R","E","T","R","M","M","E"],"character_chosen":"THE_BUGKNIGHT","items_purchased":[],"campfire_rested":1,"item_purchase_floors":[],"current_hp_per_floor":[68,68,44,44,38,39,39,5,5,29,11,4,0,0],"gold":301,"neow_bonus":"","is_daily":false,"chose_seed":false,"campfire_upgraded":1,"win_rate":0.0,"timestamp":1613799081,"path_taken":["M","?","?","?","M","E","R","?","T","R","M","M","E"],"items_purchased_type":[],"build_version":"2020-12-22","purchased_purges":0,"victory":false,"max_hp_per_floor":[75,75,75,75,75,78,78,81,81,81,81,84,84,84],"card_choices":[{"not_picked":["Black Shadow","MokouMod:Stoke"],"picked":"Koishi:PhantomBarrier","floor":0},{"not_picked":["MokouMod:EternalBurstReactor","rmod:tearstotiara"],"picked":"Deflect","floor":0},{"not_picked":["IllusionStar","Koishi:UnconsciousUprising"],"picked":"rmod:royalracing","floor":0},{"not_picked":["Moonworks:Poppoformation","TheCursedMod:FleshFromBone"],"picked":"rmod:robin","floor":0},{"not_picked":["HollowMod:MonarchWings","GrandCross"],"picked":"TheCursedMod:CursedShiv","floor":0},{"not_picked":["HollowMod:Grubsong","Gatherer:Enchant"],"picked":"DTMod:Hide","floor":0},{"not_picked":["MokouMod:Firecracker","ReplayTheSpireMod:Uncanny Aura"],"picked":"Deflect","floor":0},{"not_picked":["Afterwards","Skim"],"picked":"Moonworks:CloudOfSeagulls","floor":0},{"not_picked":["StarBarrage","HollowMod:VengefulSpirit"],"picked":"Moonworks:NicePresent","floor":0},{"not_picked":["Runesmith:Repurpose","Hologram"],"picked":"Moonworks:JonathanRush","floor":0},{"not_picked":["MilkyWay","hermit:HighCaliber"],"picked":"Gatherer:AromaProtection","floor":0},{"not_picked":["Life Link","Gatherer:GatherMaterial"],"picked":"rmod:overbreakdown","floor":0},{"not_picked":["Koishi:SpiritedAway","GravityBeat"],"picked":"Acrobatics","floor":0},{"not_picked":["hermit:Headshot","MokouMod:BlazingComet"],"picked":"hermit:Coalescence","floor":0},{"not_picked":["Underhanded Strike","Runesmith:CraftMagma"],"picked":"Gatherer:AromaProtection","floor":0},{"not_picked":["MokouMod:ScorchingColumn","Dodge and Roll","Gatherer:Duplicator"],"picked":"SKIP","floor":1},{"not_picked":["Runesmith:CraftVitae","HollowMod:CloakDash"],"picked":"Prepared","floor":3},{"not_picked":["MentalFortress","Black Shadow"],"picked":"White Noise","floor":3},{"not_picked":["hierophant:AuricBeam","TheCursedMod:PrepareRite"],"picked":"TheCursedMod:Obscuration","floor":5},{"not_picked":["Secret Technique","rmod:u235"],"picked":"TheCursedMod:VoidForm","floor":6},{"not_picked":["Brilliance","Backup"],"picked":"Echo Form","floor":8},{"not_picked":["Moonworks:TacticalRetreat","hierophant:Shelter","Preloading"],"picked":"SKIP","floor":11},{"not_picked":["Runesmith:ShiftingStrike","ReplayGash"],"picked":"TheCursedMod:SpitefulPlan","floor":12}],"player_experience":178178,"relics_obtained":[{"floor":3,"key":"Bag of Preparation"},{"floor":6,"key":"Replay:Ringing Soul"},{"floor":8,"key":"reliquary:ExpiredCoupon"},{"floor":9,"key":"HornCleat"}],"event_choices":[{"damage_healed":0,"gold_gain":0,"player_choice":"Box","damage_taken":0,"relics_obtained":["Runesmith:Locket"],"max_hp_gain":0,"max_hp_loss":0,"event_name":"Big Fish","floor":2,"gold_loss":0,"cards_obtained":["Regret"]}],"is_beta":false,"boss_relics":[],"items_purged_floors":[],"is_endless":false,"potions_floor_spawned":[1,11,12],"killed_by":"3 Sentries","ascension_level":20}}