{"host":"b6kqr6ulwax9qd8q","time":1613794552,"event":{"mods":["BaseMod","Minty Spire (QoL Compilation)"],"gold_per_floor":[112,112,13,32,32,67,67,87,135,135,135,164,181,192,192,295,295,313,313,513,527,547,547,581,593,631,643,643],"floor_reached":27,"language":"ENG","playtime":1559,"items_purged":[],"score":409,"play_id":"6d1ed3a5-a6f8-484d-a4fb-16b1c7eb606d","local_time":"20210219231552","is_ascension_mode":true,"campfire_choices":[{"data":"Buffer","floor":7,"key":"SMITH"},{"data":"Machine Learning","floor":10,"key":"SMITH"},{"data":"Redo","floor":15,"key":"SMITH"},{"floor":23,"key":"REST"},{"floor":25,"key":"REST"}],"circlet_count":0,"master_deck":["Strike_B","Strike_B","Strike_B","Strike_B","Defend_B","Defend_B+1","Defend_B+1","Defend_B","Zap","Dualcast","Compile Driver","Machine Learning+1","Redo+1","Stack","Cold Snap","Buffer+1","Loop","Ball Lightning","Gash","Chaos","All For One","Static Discharge","Go for the Eyes","Leap","Ball Lightning","Coolheaded+1"],"relics":["Cracked Core","NeowsBlessing","StrikeDummy","Dream Catcher","PreservedInsect","Sundial","Black Star","Vajra","MawBank","Orichalcum"],"acts_visited":["Exordium","TheCity"],"potions_floor_usage":[22,22,24,24],"damage_taken":[{"damage":0,"enemies":"Small Slimes","floor":1,"turns":1},{"damage":0,"enemies":"Cultist","floor":4,"turns":1},{"damage":0,"enemies":"3 Sentries","floor":6,"turns":1},{"damage":2,"enemies":"Jaw Worm","floor":8,"turns":4},{"damage":0,"enemies":"Lagavulin","floor":12,"turns":6},{"damage":5,"enemies":"3 Louse","floor":13,"turns":2},{"damage":0,"enemies":"Exordium Thugs","floor":14,"turns":4},{"damage":0,"enemies":"Slime Boss","floor":16,"turns":8},{"damage":12,"enemies":"Chosen","floor":18,"turns":4},{"damage":17,"enemies":"3 Byrds","floor":21,"turns":6},{"damage":22,"enemies":"Shelled Parasite and Fungi","floor":22,"turns":7},{"damage":42,"enemies":"Slavers","floor":24,"turns":5},{"damage":27,"enemies":"Gremlin Leader","floor":27,"turns":4}],"seed_played":"7994241275013469642","potions_obtained":[{"floor":1,"key":"ColorlessPotion"},{"floor":14,"key":"Block Potion"},{"floor":18,"key":"LiquidBronze"},{"floor":22,"key":"Dexterity Potion"}],"is_trial":false,"path_per_floor":["M","?","$","M","T","E","R","M","T","R","?","E","M","M","R","B",null,"M","?","?","M","M","R","E","R","T","E"],"character_chosen":"DEFECT","items_purchased":["FocusPotion","Stack"],"campfire_rested":2,"item_purchase_floors":[3,3],"current_hp_per_floor":[75,75,75,75,75,75,75,73,73,73,58,58,53,53,53,53,75,63,63,63,46,24,46,4,26,26,0,0],"gold":643,"neow_bonus":"THREE_ENEMY_KILL","is_daily":false,"chose_seed":false,"campfire_upgraded":3,"win_rate":0.0,"timestamp":1613794552,"path_taken":["M","?","?","M","?","E","R","M","T","R","?","E","?","M","R","BOSS","M","?","?","M","?","R","E","R","T","E"],"items_purchased_type":["Potion","Card"],"build_version":"2020-12-22","purchased_purges":0,"victory":false,"max_hp_per_floor":[75,75,75,75,75,75,75,75,75,75,75,75,75,75,75,75,75,75,75,75,75,75,75,75,75,75,75,75],"card_choices":[{"not_picked":["Heatsinks","Double Energy"],"picked":"Compile Driver","floor":1},{"not_picked":["Steam","Compile Driver"],"picked":"Cold Snap","floor":4},{"not_picked":["Conserve Battery","Scrape"],"picked":"Buffer","floor":6},{"not_picked":["Compile Driver","Genetic Algorithm"],"picked":"Loop","floor":8},{"not_picked":["Hologram","Stack"],"picked":"Ball Lightning","floor":12},{"not_picked":["Sweeping Beam","Stack"],"picked":"Gash","floor":13},{"not_picked":["Hello World","Hologram"],"picked":"Chaos","floor":14},{"not_picked":["Echo Form","Machine Learning"],"picked":"All For One","floor":16},{"not_picked":["Redo","Rebound+1"],"picked":"Static Discharge","floor":18},{"not_picked":["Sweeping Beam+1","Rebound","FTL"],"picked":"SKIP","floor":21},{"not_picked":["Blizzard","Ball Lightning"],"picked":"Go for the Eyes","floor":22},{"not_picked":["Chill","Auto Shields"],"picked":"Leap","floor":23},{"not_picked":["Hologram","Rip and Tear"],"picked":"Ball Lightning","floor":24},{"not_picked":["Conserve Battery","Darkness"],"picked":"Coolheaded+1","floor":25}],"player_experience":616271,"relics_obtained":[{"floor":5,"key":"StrikeDummy"},{"floor":6,"key":"Dream Catcher"},{"floor":9,"key":"PreservedInsect"},{"floor":12,"key":"Sundial"},{"floor":24,"key":"Vajra"},{"floor":24,"key":"MawBank"},{"floor":26,"key":"Orichalcum"}],"event_choices":[{"damage_healed":0,"gold_gain":0,"player_choice":"2 cards matched","damage_taken":0,"max_hp_gain":0,"max_hp_loss":0,"event_name":"Match and Keep!","floor":2,"gold_loss":0,"cards_obtained":["Machine Learning","Redo"]},{"damage_healed":0,"gold_gain":0,"player_choice":"Entered Light","damage_taken":15,"max_hp_gain":0,"max_hp_loss":0,"event_name":"Shining Light","floor":11,"gold_loss":0,"cards_upgraded":["Defend_B","Defend_B"]},{"damage_healed":0,"gold_gain":0,"player_choice":"Ignored","damage_taken":0,"max_hp_gain":0,"max_hp_loss":0,"event_name":"Ghosts","floor":19,"gold_loss":0},{"damage_healed":0,"gold_gain":250,"player_choice":"Bet on Owner","damage_taken":0,"max_hp_gain":0,"max_hp_loss":0,"event_name":"The Joust","floor":20,"gold_loss":50}],"is_beta":false,"boss_relics":[{"not_picked":["Pandora\u0027s Box","Runic Pyramid"],"picked":"Black Star"}],"items_purged_floors":[],"is_endless":false,"potions_floor_spawned":[1,14,16,18,22],"killed_by":"Gremlin Leader","ascension_level":4}}