{"host":"oknzaotplmnl5xaf","time":1613784492,"event":{"mods":["BaseMod","Colored Map","Highlight Path","Minty Spire (QoL Compilation)","Permanent Neow","Quick Restart","Relic Stats"],"gold_per_floor":[118,128,178,190,204,239,239,256,256,284,303,303,24,35,35,112,112,126,126,146,9,29,64,64,99,99,99,114,140,158,73,73,147,147,162,45,59,74,93,126,126,160,160,174,174,174,13,13,13,13,13,13,13,13,41,41],"floor_reached":57,"language":"ENG","playtime":4003,"items_purged":["Strike_B","Defend_B","Defend_B"],"score":2818,"play_id":"f15e8070-d709-489f-ae55-06852ce7f004","local_time":"20210219202812","is_ascension_mode":true,"campfire_choices":[{"data":"Ball Lightning","floor":7,"key":"SMITH"},{"data":"Coolheaded","floor":12,"key":"SMITH"},{"data":"Defragment","floor":15,"key":"SMITH"},{"data":"Loop","floor":24,"key":"SMITH"},{"data":"Amplify","floor":27,"key":"SMITH"},{"data":"Hologram","floor":32,"key":"SMITH"},{"floor":41,"key":"RECALL"},{"floor":45,"key":"REST"},{"floor":49,"key":"REST"},{"floor":53,"key":"REST"}],"circlet_count":0,"master_deck":["AscendersBane","Defend_B","Defend_B","Zap","Dualcast","Conserve Battery","Ball Lightning+1","Glacier","Cold Snap","BootSequence","Steam Power","Streamline","Coolheaded+1","Defragment+1","Amplify+1","Rainbow+1","Biased Cognition+1","Turbo","Sweeping Beam","Loop+1","Hologram+1","Ball Lightning","Creative AI+1","Glacier","Capacitor+1","Coolheaded+1","Force Field","Skim+1","Consume+1","Defragment+1","Thinking Ahead","Defragment+1","Skim+1"],"relics":["Cracked Core","HornCleat","Mummified Hand","Potion Belt","Membership Card","Happy Flower","Astrolabe","Sling","Meat on the Bone","Orichalcum","Gremlin Horn","Eternal Feather","Frozen Egg 2","Fusion Hammer","Toy Ornithopter","Oddly Smooth Stone","Centennial Puzzle","Ornamental Fan"],"acts_visited":["Exordium","TheCity","TheBeyond","TheEnding"],"potions_floor_usage":[6,10,23,25,28,29,33,38,38,39,50,56,56],"damage_taken":[{"damage":1,"enemies":"Small Slimes","floor":1,"turns":4},{"damage":0,"enemies":"Cultist","floor":2,"turns":4},{"damage":7,"enemies":"Jaw Worm","floor":4,"turns":2},{"damage":9,"enemies":"Blue Slaver","floor":5,"turns":3},{"damage":16,"enemies":"Lagavulin","floor":6,"turns":10},{"damage":0,"enemies":"Looter","floor":8,"turns":3},{"damage":2,"enemies":"3 Sentries","floor":10,"turns":10},{"damage":4,"enemies":"Exordium Thugs","floor":11,"turns":6},{"damage":0,"enemies":"2 Fungi Beasts","floor":14,"turns":2},{"damage":2,"enemies":"The Guardian","floor":16,"turns":12},{"damage":8,"enemies":"Chosen","floor":18,"turns":4},{"damage":0,"enemies":"Shell Parasite","floor":20,"turns":6},{"damage":0,"enemies":"Centurion and Healer","floor":22,"turns":13},{"damage":12,"enemies":"Book of Stabbing","floor":23,"turns":5},{"damage":1,"enemies":"Gremlin Leader","floor":25,"turns":7},{"damage":1,"enemies":"Snake Plant","floor":28,"turns":3},{"damage":0,"enemies":"Book of Stabbing","floor":29,"turns":4},{"damage":13,"enemies":"Chosen and Byrds","floor":30,"turns":6},{"damage":34,"enemies":"Champ","floor":33,"turns":16},{"damage":0,"enemies":"Orb Walker","floor":35,"turns":5},{"damage":4,"enemies":"3 Shapes","floor":37,"turns":6},{"damage":11,"enemies":"Spire Growth","floor":38,"turns":5},{"damage":25,"enemies":"3 Darklings","floor":39,"turns":5},{"damage":21,"enemies":"Nemesis","floor":40,"turns":9},{"damage":0,"enemies":"Giant Head","floor":42,"turns":6},{"damage":0,"enemies":"Transient","floor":44,"turns":6},{"damage":56,"enemies":"Awakened One","floor":50,"turns":26},{"damage":1,"enemies":"Donu and Deca","floor":51,"turns":6},{"damage":4,"enemies":"Shield and Spear","floor":55,"turns":8},{"damage":26,"enemies":"The Heart","floor":56,"turns":11}],"seed_played":"-3322237669553685870","potions_obtained":[{"floor":2,"key":"LiquidBronze"},{"floor":5,"key":"Ancient Potion"},{"floor":8,"key":"Weak Potion"},{"floor":10,"key":"Block Potion"},{"floor":16,"key":"FocusPotion"},{"floor":18,"key":"DuplicationPotion"},{"floor":25,"key":"Block Potion"},{"floor":28,"key":"LiquidBronze"},{"floor":30,"key":"FocusPotion"},{"floor":33,"key":"DuplicationPotion"},{"floor":35,"key":"SteroidPotion"},{"floor":38,"key":"FocusPotion"},{"floor":44,"key":"EssenceOfDarkness"},{"floor":55,"key":"Dexterity Potion"}],"is_trial":false,"path_per_floor":["M","M","?","M","M","E","R","M","T","E","M","R","$","M","R","B",null,"M","$","M","$","M","E","R","E","T","R","M","E","M","?","R","B",null,"M","$","M","M","M","E","R","E","T","M","R","?","$","?","R","B","B",null,"R","$","E","B",null],"character_chosen":"DEFECT","items_purchased":["Membership Card","Happy Flower","Sling","Toy Ornithopter","Capacitor+1","Thinking Ahead"],"campfire_rested":3,"item_purchase_floors":[13,13,21,36,36,47],"current_hp_per_floor":[70,70,70,63,54,38,38,38,38,36,32,32,32,32,32,30,66,58,58,58,58,58,46,46,45,45,45,44,44,43,43,55,33,67,67,67,63,62,42,33,51,51,51,51,78,78,78,78,78,39,50,71,78,78,74,52],"gold":41,"neow_bonus":"TEN_PERCENT_HP_BONUS","is_daily":false,"chose_seed":false,"campfire_upgraded":6,"win_rate":0.0,"timestamp":1613784492,"path_taken":["M","M","?","M","M","E","R","M","T","E","?","R","$","?","R","BOSS","M","?","M","$","M","E","R","E","T","R","M","E","M","?","R","BOSS","M","$","M","M","M","E","R","E","T","M","R","?","$","?","R","BOSS","BOSS","R","$","E","BOSS"],"items_purchased_type":["Relic","Relic","Relic","Relic","Card","Card"],"build_version":"2020-12-22","purchased_purges":3,"victory":true,"max_hp_per_floor":[78,78,78,78,78,78,78,78,78,78,78,78,78,78,78,78,78,78,78,78,78,78,78,78,78,78,78,78,78,78,78,78,78,78,78,78,78,78,78,78,78,78,78,78,78,78,78,78,78,78,78,78,78,78,78,78],"relic_stats":{"Centennial Puzzle":[12],"Happy Flower":[57],"Gremlin Horn":[9,9],"counters":[30,212],"Mummified Hand":[158],"Ornamental Fan":[0],"Astrolabe":["Thunder Strike","Rainbow","Biased Cognition"],"Eternal Feather":55,"Orichalcum":[54],"obtain_stats":[{"Potion Belt":10,"Happy Flower":13,"Gremlin Horn":26,"Astrolabe":17,"Oddly Smooth Stone":40,"Eternal Feather":29,"Orichalcum":25,"Frozen Egg 2":31,"Sling":21,"Centennial Puzzle":42,"HornCleat":6,"Mummified Hand":9,"Ornamental Fan":55,"Fusion Hammer":34,"Membership Card":13,"Cracked Core":0,"Toy Ornithopter":36,"Meat on the Bone":23},{"Potion Belt":7,"Happy Flower":8,"Gremlin Horn":15,"Astrolabe":10,"Oddly Smooth Stone":24,"Eternal Feather":17,"Orichalcum":15,"Frozen Egg 2":18,"Sling":12,"Centennial Puzzle":25,"HornCleat":5,"Mummified Hand":6,"Ornamental Fan":29,"Fusion Hammer":19,"Membership Card":8,"Cracked Core":0,"Toy Ornithopter":20,"Meat on the Bone":14},{"Potion Belt":36,"Happy Flower":42,"Gremlin Horn":91,"Astrolabe":56,"Oddly Smooth Stone":150,"Eternal Feather":98,"Orichalcum":91,"Frozen Egg 2":104,"Sling":66,"Centennial Puzzle":156,"HornCleat":23,"Mummified Hand":26,"Ornamental Fan":201,"Fusion Hammer":120,"Membership Card":42,"Cracked Core":0,"Toy Ornithopter":125,"Meat on the Bone":84}],"Toy Ornithopter":24,"Meat on the Bone":60},"card_choices":[{"not_picked":["Leap","Storm"],"picked":"Conserve Battery","floor":1},{"not_picked":["Barrage","Capacitor"],"picked":"Ball Lightning","floor":2},{"not_picked":["Lockon","Reinforced Body"],"picked":"Glacier","floor":4},{"not_picked":["Rebound","Scrape"],"picked":"Cold Snap","floor":5},{"not_picked":["Force Field","Chaos"],"picked":"BootSequence","floor":6},{"not_picked":["Leap","Aggregate"],"picked":"Steam Power","floor":8},{"not_picked":["Redo","Undo"],"picked":"Streamline","floor":10},{"not_picked":["Barrage","Sweeping Beam"],"picked":"Coolheaded","floor":11},{"not_picked":["Redo","Hologram"],"picked":"Defragment","floor":14},{"not_picked":["Machine Learning","Buffer"],"picked":"Amplify","floor":16},{"not_picked":["Cold Snap","Sunder"],"picked":"Turbo","floor":18},{"not_picked":["Reprogram","Cold Snap"],"picked":"Sweeping Beam","floor":20},{"not_picked":["Tempest","Recycle","Sunder"],"picked":"SKIP","floor":22},{"not_picked":["Steam","Coolheaded"],"picked":"Loop","floor":23},{"not_picked":["Rebound","BootSequence"],"picked":"Hologram","floor":25},{"not_picked":["Gash","Go for the Eyes","Stack"],"picked":"SKIP","floor":28},{"not_picked":["Rainbow","Conserve Battery"],"picked":"Ball Lightning","floor":29},{"not_picked":["Hologram","Chaos","Conserve Battery"],"picked":"SKIP","floor":30},{"not_picked":["All For One","Buffer+1"],"picked":"Creative AI+1","floor":33},{"not_picked":["Go for the Eyes+1","Beam Cell"],"picked":"Glacier","floor":35},{"not_picked":["White Noise","Ball Lightning+1","Double Energy"],"picked":"SKIP","floor":37},{"not_picked":["Fusion","Gash"],"picked":"Coolheaded+1","floor":38},{"not_picked":["Rebound","Conserve Battery"],"picked":"Force Field","floor":39},{"not_picked":["Conserve Battery+1","Undo"],"picked":"Skim+1","floor":40},{"not_picked":["Darkness+1","Stack+1"],"picked":"Consume+1","floor":42},{"not_picked":["Compile Driver","Blizzard"],"picked":"Defragment+1","floor":44},{"not_picked":["Go for the Eyes","Streamline+1"],"picked":"Skim+1","floor":55}],"player_experience":1558589,"relics_obtained":[{"floor":6,"key":"HornCleat"},{"floor":9,"key":"Mummified Hand"},{"floor":10,"key":"Potion Belt"},{"floor":23,"key":"Meat on the Bone"},{"floor":25,"key":"Orichalcum"},{"floor":26,"key":"Gremlin Horn"},{"floor":29,"key":"Eternal Feather"},{"floor":40,"key":"Oddly Smooth Stone"},{"floor":42,"key":"Centennial Puzzle"},{"floor":55,"key":"Ornamental Fan"}],"event_choices":[{"damage_healed":0,"gold_gain":50,"player_choice":"Pray","damage_taken":0,"max_hp_gain":0,"max_hp_loss":0,"event_name":"Golden Shrine","floor":3,"gold_loss":0},{"damage_healed":0,"gold_gain":0,"player_choice":"Obtained Relic","damage_taken":0,"relics_obtained":["Frozen Egg 2"],"max_hp_gain":0,"max_hp_loss":0,"event_name":"Addict","floor":31,"gold_loss":85},{"cards_removed":["Thunder Strike"],"damage_healed":0,"gold_gain":0,"player_choice":"Removed Attack","damage_taken":0,"max_hp_gain":0,"max_hp_loss":0,"event_name":"Falling","floor":46,"gold_loss":0},{"damage_healed":0,"gold_gain":0,"player_choice":"Copied","damage_taken":0,"max_hp_gain":0,"max_hp_loss":0,"event_name":"Duplicator","floor":48,"gold_loss":0,"cards_obtained":["Defragment"]}],"is_beta":false,"boss_relics":[{"not_picked":["Ectoplasm","Sozu"],"picked":"Astrolabe"},{"not_picked":["FrozenCore","Pandora\u0027s Box"],"picked":"Fusion Hammer"}],"items_purged_floors":[13,21,47],"is_endless":false,"potions_floor_spawned":[2,5,8,10,16,18,25,28,30,33,35,37,38,44,55],"ascension_level":20}}