{"host":"udyc8f81k2jocuhg","time":1613826646,"event":{"mods":["2.2 Compatiblity","BaseMod","Better Third Choice","Colored Powertips","Conspire","Custom Start","GifTheSpireLib","Hermit","Minty Spire (QoL Compilation)","Permanent Neow","Quick Restart","Relic Filter","Relic Stats","Replay The Spire","Shop Mod","Spikes Relics","StSLib","Stuff the Spire"],"gold_per_floor":[119,136,155,170,7,7,33,45,45,45,45],"floor_reached":10,"language":"ENG","playtime":395,"items_purged":[],"score":176,"play_id":"1adf451c-6e15-4c22-8bfe-da79db898f57","local_time":"20210220141046","is_ascension_mode":true,"campfire_choices":[{"data":"ReplayTheSpireMod:From All Sides","floor":6.0,"key":"SMITH"}],"circlet_count":0,"master_deck":["AscendersBane","Strike_G","Strike_G","Strike_G","Strike_G","Strike_G","Defend_G","Defend_G","Defend_G","Defend_G","Defend_G","Survivor","Neutralize","CloudedMind","ReplayTheSpireMod:From All Sides+1","Well Laid Plans","Deflect","Malaise","Noxious Fumes"],"relics":["Ring of the Snake","conspire:TreasureMap","CrustySpines","Snake Skull"],"acts_visited":["Exordium"],"potions_floor_usage":[],"damage_taken":[{"damage":0.0,"enemies":"Cultist","floor":1.0,"turns":4.0},{"damage":1.0,"enemies":"2 Louse","floor":2.0,"turns":3.0},{"damage":8.0,"enemies":"Small Slimes","floor":3.0,"turns":5.0},{"damage":27.0,"enemies":"Exordium Thugs","floor":4.0,"turns":9.0},{"damage":0.0,"enemies":"Lagavulin","floor":7.0,"turns":6.0},{"damage":21,"enemies":"Exordium Wildlife","floor":8,"turns":5},{"damage":9,"enemies":"Gremlin Nob","floor":10,"turns":3}],"seed_played":"8835603483248793040","potions_obtained":[{"floor":2.0,"key":"SteroidPotion"},{"floor":3.0,"key":"Poison Potion"}],"is_trial":false,"path_per_floor":["M","M","M","M","$","R","E","M","T","E"],"character_chosen":"THE_SILENT","items_purchased":["conspire:TreasureMap"],"campfire_rested":0,"item_purchase_floors":[5],"current_hp_per_floor":[59,58,50,23,23,23,23,2,2,0,0],"gold":45,"neow_bonus":"THREE_RARE_CARDS","is_daily":false,"chose_seed":false,"campfire_upgraded":1,"win_rate":0.0,"timestamp":1613826646,"path_taken":["M","M","?","M","$","R","E","M","T","E"],"items_purchased_type":["Relic"],"build_version":"2020-12-22","purchased_purges":0,"victory":false,"max_hp_per_floor":[66,66,66,66,66,66,66,66,66,66,66],"relic_stats":{"counters":[7,35],"Snake Skull":[2],"obtain_stats":[{"conspire:TreasureMap":5,"Snake Skull":9,"CrustySpines":7,"Ring of the Snake":0},{"conspire:TreasureMap":4,"Snake Skull":6,"CrustySpines":5,"Ring of the Snake":0},{"conspire:TreasureMap":21,"Snake Skull":32,"CrustySpines":27,"Ring of the Snake":0}],"Ring of the Snake":[14]},"card_choices":[{"not_picked":["Adrenaline","StuffTheSpire:FinalStruggle"],"picked":"ReplayTheSpireMod:From All Sides","floor":0.0},{"not_picked":["Poisoned Stab","Blade Dance"],"picked":"Well Laid Plans","floor":1.0},{"not_picked":["Predator","Deadly Poison","StuffTheSpire:Python"],"picked":"SKIP","floor":2.0},{"not_picked":["Flying Knee","Sucker Punch"],"picked":"Deflect","floor":3.0},{"not_picked":["StuffTheSpire:Injection","StuffTheSpire:Python","Underhanded Strike"],"picked":"SKIP","floor":4.0},{"not_picked":["StuffTheSpire:Python","Flying Knee"],"picked":"Malaise","floor":7.0},{"not_picked":["Outmaneuver","Backflip"],"picked":"Noxious Fumes","floor":8}],"player_experience":2040823,"relics_obtained":[{"floor":7.0,"key":"CrustySpines"},{"floor":9,"key":"Snake Skull"}],"event_choices":[],"is_beta":false,"boss_relics":[],"items_purged_floors":[],"is_endless":false,"potions_floor_spawned":[2,3],"killed_by":"Gremlin Nob","ascension_level":17}}