{"host":"6fhkt7uh7k6h93g3","time":1613863039,"event":{"mods":["AchievementEnabler","Act Like it!","BaseMod","Better Note","BetterRewards","Colored Map","Hermit","Minty Spire (QoL Compilation)","Replay The Spire","StSLib"],"gold_per_floor":[116,116,134,153,153,153,208,108,190,224,240,115,115,133,133,237,237,250,190,190,201,201,201,31,31,31],"floor_reached":25,"language":"ENG","playtime":1764,"items_purged":["Strike_R","Strike_R","Strike_R"],"score":386,"play_id":"9c70dcdd-5cd3-4ac7-9c9d-decefa44f24d","local_time":"20210221001719","is_ascension_mode":true,"campfire_choices":[{"data":"Body Slam","floor":6,"key":"SMITH"},{"data":"Body Slam","floor":15,"key":"SMITH"},{"data":"Impervious","floor":23,"key":"SMITH"}],"circlet_count":0,"master_deck":["Strike_R","Defend_R","Defend_R","Defend_R","Shrug It Off","Body Slam+1","Hallucinations","Body Slam+1","Warcry","Impervious+1","Immolate","Delirium","Metallicize","Juggernaut+1"],"relics":["Burning Blood","Magic Flower","Happy Flower","Ring of Misfortune","ReplayTheSpireMod:Ring of Collecting","Potion Belt","Sundial","Ring of Panic","Replay:Wax Seal","Replay:Ancient Bell","Gremlin Food","Ornamental Fan","Calipers","Membership Card"],"acts_visited":["Exordium","TheCity"],"potions_floor_usage":[7,7,25],"damage_taken":[{"damage":1,"enemies":"Cultist","floor":1,"turns":5},{"damage":2,"enemies":"Jaw Worm","floor":3,"turns":4},{"damage":7,"enemies":"Small Slimes","floor":4,"turns":3},{"damage":13,"enemies":"Gremlin Nob","floor":7,"turns":3},{"damage":5,"enemies":"3 Sentries","floor":10,"turns":10},{"damage":5,"enemies":"Gremlin Gang","floor":11,"turns":5},{"damage":25,"enemies":"Large Slime","floor":14,"turns":6},{"damage":33,"enemies":"Slime Boss","floor":16,"turns":19},{"damage":0,"enemies":"Chosen","floor":18,"turns":3},{"damage":0,"enemies":"3 Byrds","floor":21,"turns":5},{"damage":180,"enemies":"Slavers","floor":25,"turns":3}],"seed_played":"-7133537522115384948","potions_obtained":[{"floor":1,"key":"ColorlessPotion"},{"floor":4,"key":"ColorlessPotion"},{"floor":11,"key":"SteroidPotion"}],"is_trial":false,"path_per_floor":["M","?","M","M","?","R","E","$","T","E","M","$","?","M","R","B",null,"M","?","?","M","?","R","$","E"],"character_chosen":"IRONCLAD","items_purchased":["Happy Flower","Shrug It Off","Body Slam","Membership Card","Fire Potion"],"campfire_rested":0,"item_purchase_floors":[0,0,0,24,24],"current_hp_per_floor":[80,80,80,80,80,80,80,80,80,80,80,80,80,64,64,40,70,79,79,79,80,80,80,80,0,0],"gold":31,"neow_bonus":"","is_daily":false,"chose_seed":false,"campfire_upgraded":3,"win_rate":0.0,"timestamp":1613863039,"path_taken":["M","?","M","M","?","R","E","$","T","E","?","$","?","?","R","BOSS","M","?","?","?","?","R","$","E"],"items_purchased_type":["Relic","Card","Card","Relic","Potion"],"build_version":"2020-12-22","purchased_purges":3,"victory":false,"max_hp_per_floor":[80,80,80,80,80,80,80,80,80,80,80,80,80,80,80,80,80,80,80,80,80,80,80,80,80,80],"card_choices":[{"not_picked":["Reckless Charge","Intimidate","Burning Pact"],"picked":"SKIP","floor":1},{"not_picked":["Replay:Undeath\u0027s Touch","Cleave"],"picked":"Body Slam","floor":3},{"not_picked":["Evolve","Abandon","Clothesline"],"picked":"SKIP","floor":4},{"not_picked":["ReplayTheSpireMod:Strike From Hell","Havoc"],"picked":"Warcry","floor":7},{"not_picked":["Replay:Undeath\u0027s Touch","Cleave","Dark Embrace"],"picked":"SKIP","floor":10},{"not_picked":["True Grit","Whirlwind"],"picked":"Impervious","floor":11},{"not_picked":["Wild Strike","Warcry","Heavy Blade"],"picked":"SKIP","floor":14},{"not_picked":["Eclipse","Reaper"],"picked":"Immolate","floor":16},{"not_picked":["AbeCurse","Replay:Hysterical Blindness"],"picked":"Clumsy","floor":17},{"not_picked":["Normality","Spreading Infection"],"picked":"Delirium","floor":17},{"not_picked":["Overencumbered","ReplayTheSpireMod:Splinters"],"picked":"ReplayTheSpireMod:Doomed","floor":17},{"not_picked":["Infernal Blade","Power Through"],"picked":"Metallicize","floor":18},{"not_picked":["Shrug It Off","ReplayTheSpireMod:Strike From Hell"],"picked":"Juggernaut","floor":21}],"player_experience":371676,"relics_obtained":[{"floor":2,"key":"Ring of Misfortune"},{"floor":2,"key":"ReplayTheSpireMod:Ring of Collecting"},{"floor":7,"key":"Potion Belt"},{"floor":9,"key":"Sundial"},{"floor":9,"key":"Ring of Panic"},{"floor":10,"key":"Replay:Wax Seal"}],"event_choices":[{"cards_removed":["Strike_R"],"damage_healed":0,"gold_gain":0,"player_choice":"Forget","damage_taken":0,"max_hp_gain":0,"max_hp_loss":0,"event_name":"Living Wall","floor":5,"gold_loss":0},{"cards_removed":["Bash"],"damage_healed":0,"gold_gain":0,"player_choice":"Offered Basic","damage_taken":0,"max_hp_gain":0,"max_hp_loss":0,"event_name":"Bonfire Elementals","floor":13,"gold_loss":0},{"cards_removed":["Clumsy"],"damage_healed":0,"gold_gain":0,"player_choice":"Purged","damage_taken":0,"max_hp_gain":0,"max_hp_loss":0,"event_name":"Purifier","floor":20,"gold_loss":0},{"damage_healed":0,"gold_gain":0,"player_choice":"Forge","damage_taken":0,"max_hp_gain":0,"max_hp_loss":0,"event_name":"Accursed Blacksmith","floor":22,"gold_loss":0,"cards_upgraded":["Juggernaut"]}],"is_beta":false,"boss_relics":[{"not_picked":["Snecko Eye","Runic Pyramid"],"picked":"Replay:Ancient Bell"},{"not_picked":["Regal Pillow","Strawberry"],"picked":"Gremlin Food"},{"not_picked":["The Courier","Darkstone Periapt"],"picked":"Ornamental Fan"},{"not_picked":["Gambling Chip","Unceasing Top"],"picked":"Calipers"}],"items_purged_floors":[0,8,12],"is_endless":false,"potions_floor_spawned":[1,4,11],"killed_by":"Slavers","ascension_level":5}}