{"host":"6qo42zgaknezulyg","time":1613821304,"event":{"mods":["2.2 Compatiblity","BaseMod","Better Altar","Colored Map","Faster Ascension Climbing","Highlight Path","Keyboard Shortcuts","Koishi","Minty Spire (QoL Compilation)","Permanent Neow","Quick Restart","StSLib","SuperFastMode"],"gold_per_floor":[111,261,261,25,41,41,41],"floor_reached":6,"language":"ENG","playtime":239,"items_purged":["Regret"],"score":68,"play_id":"fb4195ac-1608-4edc-b981-088c51f6ff1a","local_time":"20210220204144","is_ascension_mode":true,"campfire_choices":[],"circlet_count":0,"master_deck":["AscendersBane","Koishi:BasicStrike","Koishi:BasicStrike","Koishi:BasicStrike","Koishi:BasicStrike","Koishi:BasicDefend","Koishi:BasicDefend","Koishi:BasicDefend","Koishi:BasicDefend","Koishi:Provoke","Koishi:HauntingSlash","Koishi:EmbersOfLove","Doubt","Koishi:ConfinedInnocent","Koishi:Whimsy"],"relics":["Koishi:ImaginaryFriend","Torii","Lantern"],"acts_visited":["Exordium"],"potions_floor_usage":[],"damage_taken":[{"damage":2,"enemies":"Jaw Worm","floor":1,"turns":5},{"damage":1,"enemies":"2 Louse","floor":5,"turns":4},{"damage":4,"enemies":"Lagavulin","floor":6,"turns":5}],"seed_played":"3778463743342533025","potions_obtained":[{"floor":5,"key":"Fire Potion"}],"is_trial":false,"path_per_floor":["M","?","?","$","M","E"],"character_chosen":"KOISHI","items_purchased":["Koishi:ConfinedInnocent"],"campfire_rested":0,"item_purchase_floors":[4],"current_hp_per_floor":[51,51,51,51,51,47,47],"gold":41,"neow_bonus":"ONE_RARE_RELIC","is_daily":false,"chose_seed":true,"campfire_upgraded":0,"win_rate":0.0,"timestamp":1613821304,"path_taken":["M","?","?","$","M","E"],"items_purchased_type":["Card"],"build_version":"2020-12-22","purchased_purges":1,"victory":false,"max_hp_per_floor":[52,52,52,52,52,52,52],"card_choices":[{"not_picked":["Koishi:ParalyzingFear","Koishi:LastRemote"],"picked":"Koishi:EmbersOfLove","floor":1},{"not_picked":["Koishi:DNAsFlaw","Koishi:Vanish"],"picked":"Koishi:Whimsy","floor":5}],"player_experience":744166,"relics_obtained":[],"event_choices":[{"damage_healed":0,"gold_gain":150,"player_choice":"AGREE","damage_taken":0,"max_hp_gain":0,"max_hp_loss":0,"event_name":"Liars Game","floor":2,"gold_loss":0,"cards_obtained":["Doubt"]},{"damage_healed":0,"gold_gain":0,"player_choice":"Box","damage_taken":0,"relics_obtained":["Lantern"],"max_hp_gain":0,"max_hp_loss":0,"event_name":"Big Fish","floor":3,"gold_loss":0,"cards_obtained":["Regret"]}],"is_beta":false,"boss_relics":[],"items_purged_floors":[4],"is_endless":false,"potions_floor_spawned":[5],"killed_by":"Lagavulin","ascension_level":20}}