{"host":"8vqkh0x3c7vpgzzm","time":1613849258,"event":{"mods":["AchievementEnabler","BaseMod","Colored Map","Colored Powertips","Curses Come First","DeckTracker","Highlight Path","Minty Spire (QoL Compilation)","Permanent Neow","Quick Restart","Random Character Mod","Rare Cards Sparkle","Relic Sorter","Relic Stats","StSLib","SuperFastMode","Unceasing Turn Reminder","egg","everything is the same but u backflip on backflip"],"gold_per_floor":[12,22,22,38,12,12,12,12,12,12,30,30,30,73,73,172,172,197,27,77,101,101,101,101,101],"floor_reached":24,"language":"ENG","playtime":832,"items_purged":["Strike_G"],"score":374,"play_id":"4ec72037-5f23-4f36-98b4-25c621e91a95","local_time":"20210220202738","is_ascension_mode":true,"campfire_choices":[{"data":"Neutralize","floor":6,"key":"SMITH"},{"data":"Footwork","floor":8,"key":"SMITH"},{"data":"Blade Dance","floor":10,"key":"SMITH"},{"data":"Noxious Fumes","floor":15,"key":"SMITH"},{"floor":23,"key":"REST"}],"circlet_count":0,"master_deck":["AscendersBane","Strike_G","Strike_G+1","Strike_G","Strike_G","Defend_G","Defend_G","Defend_G","Defend_G+1","Survivor","Neutralize+1","Footwork+1","Backflip","Blade Dance+1","Quick Slash","Blade Dance","Noxious Fumes+1","Envenom","Footwork","Infinite Blades","PiercingWail","Acrobatics+1","Infinite Blades","PiercingWail"],"relics":["Ring of the Snake","Torii","Golden Idol","InkBottle","Ginger","HoveringKite"],"acts_visited":["Exordium","TheCity"],"potions_floor_usage":[16,21],"damage_taken":[{"damage":2,"enemies":"Jaw Worm","floor":1,"turns":5},{"damage":2,"enemies":"Cultist","floor":2,"turns":4},{"damage":7,"enemies":"Small Slimes","floor":4,"turns":5},{"damage":1,"enemies":"2 Fungi Beasts","floor":11,"turns":4},{"damage":2,"enemies":"3 Sentries","floor":14,"turns":8},{"damage":5,"enemies":"The Guardian","floor":16,"turns":11},{"damage":11,"enemies":"3 Byrds","floor":18,"turns":5},{"damage":28,"enemies":"Chosen","floor":21,"turns":5},{"damage":30,"enemies":"Slavers","floor":24,"turns":4}],"seed_played":"-3801693193559422014","potions_obtained":[{"floor":1,"key":"Block Potion"},{"floor":11,"key":"Ancient Potion"},{"floor":16,"key":"DistilledChaos"}],"is_trial":false,"path_per_floor":["M","M","?","M","$","R","$","R","T","R","M","?","?","E","R","B",null,"M","$","?","M","?","R","E"],"character_chosen":"THE_SILENT","items_purchased":["Quick Slash","Infinite Blades","PiercingWail"],"campfire_rested":1,"item_purchase_floors":[5,19,19],"current_hp_per_floor":[57,55,55,48,48,48,48,48,48,48,47,29,22,20,20,15,49,38,38,32,4,4,22,0,0],"gold":101,"neow_bonus":"ONE_RARE_RELIC","is_daily":false,"chose_seed":false,"campfire_upgraded":4,"win_rate":0.0,"timestamp":1613849258,"path_taken":["M","M","?","M","$","R","$","R","T","R","M","?","?","E","R","BOSS","M","$","?","?","?","R","E"],"items_purchased_type":["Card","Card","Card"],"build_version":"2020-12-22","purchased_purges":1,"victory":false,"max_hp_per_floor":[66,66,60,60,60,60,60,60,60,60,60,60,60,60,60,60,60,60,60,60,60,60,60,60,60],"relic_stats":{"Torii":37,"counters":[9,51],"Golden Idol":46,"HoveringKite":[3],"Ginger":[4],"obtain_stats":[{"Torii":0,"Golden Idol":3,"HoveringKite":17,"Ginger":14,"InkBottle":9,"Ring of the Snake":0},{"Torii":0,"Golden Idol":2,"HoveringKite":6,"Ginger":5,"InkBottle":3,"Ring of the Snake":0},{"Torii":0,"Golden Idol":9,"HoveringKite":37,"Ginger":26,"InkBottle":14,"Ring of the Snake":0}],"InkBottle":[19],"Ring of the Snake":[18]},"card_choices":[{"not_picked":["Dash","Slice"],"picked":"Footwork","floor":1},{"not_picked":["Deadly Poison","Dagger Throw"],"picked":"Backflip","floor":2},{"not_picked":["PiercingWail","Bouncing Flask"],"picked":"Blade Dance","floor":4},{"not_picked":["Reflex","Slice"],"picked":"Blade Dance","floor":11},{"not_picked":["Sucker Punch","Predator"],"picked":"Noxious Fumes","floor":14},{"not_picked":["Grand Finale","Storm of Steel"],"picked":"Envenom","floor":16},{"not_picked":["Dodge and Roll","Sucker Punch"],"picked":"Footwork","floor":18},{"not_picked":["PiercingWail","Sucker Punch"],"picked":"Acrobatics+1","floor":21}],"player_experience":591800,"relics_obtained":[{"floor":9,"key":"InkBottle"},{"floor":14,"key":"Ginger"}],"event_choices":[{"damage_healed":0,"gold_gain":0,"player_choice":"Lose Max HP","damage_taken":0,"relics_obtained":["Golden Idol"],"max_hp_gain":0,"max_hp_loss":6,"event_name":"Golden Idol","floor":3,"gold_loss":0},{"damage_healed":0,"gold_gain":0,"player_choice":"Entered Light","damage_taken":18,"max_hp_gain":0,"max_hp_loss":0,"event_name":"Shining Light","floor":12,"gold_loss":0,"cards_upgraded":["Defend_G","Strike_G"]},{"cards_removed":["Defend_G"],"damage_healed":0,"gold_gain":0,"player_choice":"Card Removal","damage_taken":7,"max_hp_gain":0,"max_hp_loss":0,"event_name":"Golden Wing","floor":13,"gold_loss":0},{"damage_healed":0,"gold_gain":50,"player_choice":"Touch","damage_taken":6,"max_hp_gain":0,"max_hp_loss":0,"event_name":"FaceTrader","floor":20,"gold_loss":0},{"damage_healed":0,"gold_gain":0,"player_choice":"2 cards matched","damage_taken":0,"max_hp_gain":0,"max_hp_loss":0,"event_name":"Match and Keep!","floor":22,"gold_loss":0,"cards_obtained":["Infinite Blades","PiercingWail"]}],"is_beta":false,"boss_relics":[{"not_picked":["Velvet Choker","Empty Cage"],"picked":"HoveringKite"}],"items_purged_floors":[19],"is_endless":false,"potions_floor_spawned":[1,11,16],"killed_by":"Slavers","ascension_level":19}}