{"host":"ywif2ugnepgiw45s","time":1613779216,"event":{"mods":["Act Like it!","BaseMod","Better Skull","Bossed Relics","Downfall","Elementarium","GifTheSpireLib","Hermit","Lobotomy","Minty Spire (QoL Compilation)","READ ME - Guardian Mod","Shade Mod","Shapeshifter Mod","Shop Mod","StSLib","The Cursed","The Exalted","The Jungle","The Servant 0.9.4"],"gold_per_floor":[110,110,123,123,48,48,48],"floor_reached":6,"language":"ENG","playtime":208,"items_purged":["StSShapeShifter:ShapeShifter_Strike"],"score":34,"play_id":"1337be5a-eeec-40fc-8f5f-d5b6179ca2b4","local_time":"20210219190016","is_ascension_mode":false,"campfire_choices":[],"circlet_count":0,"master_deck":["StSShapeShifter:ShapeShifter_Strike","StSShapeShifter:ShapeShifter_Strike","StSShapeShifter:ShapeShifter_Strike","StSShapeShifter:ShapeShifter_Strike","StSShapeShifter:ShapeShifter_Defend","StSShapeShifter:ShapeShifter_Defend","StSShapeShifter:ShapeShifter_Defend","StSShapeShifter:ShapeShifter_Defend","StSShapeShifter:ShapeShifter_Defend","StSShapeShifter:Tortoise_Form","StSShapeShifter:Lynx_Form","StSShapeShifter:Summon_Mountains","StSShapeShifter:Ensconce","StSShapeShifter:UnicornForm","StSShapeShifter:Bonk"],"relics":["StSShapeShifter:AnimalHeart","StSShapeShifter:TheShapeShiftersMagnolia"],"acts_visited":["Exordium"],"potions_floor_usage":[],"damage_taken":[{"damage":1,"enemies":"Small Slimes","floor":1,"turns":5},{"damage":9,"enemies":"2 Louse","floor":3,"turns":4},{"damage":34,"enemies":"Gremlin Nob","floor":6,"turns":5}],"seed_played":"-2278615840463941291","potions_obtained":[],"is_trial":false,"path_per_floor":["M","?","M","?","$","E"],"character_chosen":"SHAPESHIFTER","items_purchased":[],"campfire_rested":0,"item_purchase_floors":[],"current_hp_per_floor":[77,77,68,61,61,27,27],"gold":48,"neow_bonus":"THREE_RARE_CARDS","is_daily":false,"chose_seed":false,"campfire_upgraded":0,"win_rate":0.0,"timestamp":1613779216,"path_taken":["M","?","M","?","$","E"],"items_purchased_type":[],"build_version":"2020-12-22","purchased_purges":1,"victory":false,"max_hp_per_floor":[78,78,78,78,78,78,78],"card_choices":[{"not_picked":["StSShapeShifter:Blossom2","StSShapeShifter:RhinoCalfForm"],"picked":"StSShapeShifter:Summon_Mountains","floor":0},{"not_picked":["StSShapeShifter:FesteringBite","StSShapeShifter:OpportuneSwoop"],"picked":"StSShapeShifter:Ensconce","floor":1},{"not_picked":["StSShapeShifter:Sapling","StSShapeShifter:Roar"],"picked":"StSShapeShifter:Bonk","floor":3}],"player_experience":1815751,"relics_obtained":[],"event_choices":[{"cards_removed":["Pain"],"damage_healed":0,"gold_gain":0,"player_choice":"Card Removal","damage_taken":7,"max_hp_gain":0,"max_hp_loss":0,"event_name":"Golden Wing","floor":4,"gold_loss":0}],"is_beta":false,"boss_relics":[],"items_purged_floors":[5],"is_endless":false,"potions_floor_spawned":[],"killed_by":"Gremlin Nob","ascension_level":0}}