{"host":"eksvfr80mef7di1h","time":1613848269,"event":{"mods":["AchievementEnabler","BaseMod","Colored Map","Minty Spire (QoL Compilation)","StSLib","SuperFastMode"],"gold_per_floor":[117,117,134,144,144,144,175,192,218,218,228,238,257,268,268,371,371,391,401,419,344,344,374,473,500,500,500,514,116,116,141,141,239,239,254,254,254,273,323,356,46,46,46,61,61,73,106,119,119,119],"floor_reached":51,"language":"ENG","playtime":1316,"items_purged":["Strike_R"],"score":819,"play_id":"9c804238-b6c8-4041-90e3-c4e5ed31939d","local_time":"20210220201109","is_ascension_mode":false,"campfire_choices":[{"data":"Perfected Strike","floor":6,"key":"SMITH"},{"data":"Cleave","floor":10,"key":"SMITH"},{"data":"Uppercut","floor":15,"key":"SMITH"},{"data":"Inflame","floor":32,"key":"SMITH"},{"floor":49,"key":"REST"}],"circlet_count":0,"master_deck":["Strike_R+1","Strike_R+1","Strike_R+1","Strike_R+1","Defend_R+1","Defend_R+1","Defend_R+1","Defend_R+1","Bash","Thunderclap+1","Inflame+1","Perfected Strike+1","Wild Strike","Cleave+1","Offering+1","Pommel Strike+1","Uppercut+1","Offering+1","Whirlwind","Perfected Strike+1","Headbutt","Rupture+1","Exhume","Sword Boomerang+1"],"relics":["Burning Blood","NeowsBlessing","Red Skull","Strawberry","Busted Crown","Orichalcum","War Paint","Champion Belt","Enchiridion","Lee\u0027s Waffle","StrikeDummy","Self Forming Clay","SacredBark","Lizard Tail","Shuriken","Whetstone","Medical Kit","Letter Opener","Thread and Needle","Pen Nib"],"acts_visited":["Exordium","TheCity","TheBeyond"],"potions_floor_usage":[7,16,19,31,33,39,40,46,50],"damage_taken":[{"damage":0,"enemies":"2 Louse","floor":1,"turns":1},{"damage":0,"enemies":"Cultist","floor":3,"turns":1},{"damage":0,"enemies":"Jaw Worm","floor":4,"turns":1},{"damage":14,"enemies":"Gremlin Nob","floor":7,"turns":3},{"damage":10,"enemies":"Looter","floor":8,"turns":3},{"damage":12,"enemies":"Blue Slaver","floor":11,"turns":2},{"damage":1,"enemies":"3 Louse","floor":12,"turns":3},{"damage":8,"enemies":"Red Slaver","floor":13,"turns":2},{"damage":5,"enemies":"Looter","floor":14,"turns":2},{"damage":39,"enemies":"The Guardian","floor":16,"turns":5},{"damage":6,"enemies":"Spheric Guardian","floor":18,"turns":2},{"damage":11,"enemies":"Shell Parasite","floor":19,"turns":4},{"damage":6,"enemies":"Snake Plant","floor":20,"turns":2},{"damage":25,"enemies":"Gremlin Leader","floor":23,"turns":4},{"damage":16,"enemies":"Book of Stabbing","floor":25,"turns":3},{"damage":6,"enemies":"Shelled Parasite and Fungi","floor":28,"turns":2},{"damage":22,"enemies":"Slavers","floor":31,"turns":2},{"damage":33,"enemies":"Collector","floor":33,"turns":3},{"damage":12,"enemies":"3 Shapes","floor":35,"turns":2},{"damage":6,"enemies":"3 Darklings","floor":38,"turns":3},{"damage":12,"enemies":"Mind Bloom Boss Battle","floor":39,"turns":3},{"damage":12,"enemies":"Reptomancer","floor":40,"turns":2},{"damage":19,"enemies":"Sphere and 2 Shapes","floor":44,"turns":4},{"damage":20,"enemies":"Maw","floor":46,"turns":5},{"damage":27,"enemies":"Nemesis","floor":47,"turns":5},{"damage":12,"enemies":"Spire Growth","floor":48,"turns":2},{"damage":41,"enemies":"Time Eater","floor":50,"turns":5}],"seed_played":"-3541377928991010909","potions_obtained":[{"floor":3,"key":"SneckoOil"},{"floor":4,"key":"GamblersBrew"},{"floor":11,"key":"Ancient Potion"},{"floor":13,"key":"CultistPotion"},{"floor":18,"key":"Block Potion"},{"floor":20,"key":"FairyPotion"},{"floor":23,"key":"EssenceOfSteel"},{"floor":35,"key":"Energy Potion"},{"floor":38,"key":"Fruit Juice"},{"floor":39,"key":"Swift Potion"},{"floor":46,"key":"LiquidMemories"}],"is_trial":false,"path_per_floor":["M","?","M","M","$","R","E","M","T","R","M","M","M","M","R","B",null,"M","M","M","$","?","E","?","E","T","?","M","$","?","E","R","B",null,"M","?","?","M","?","E","$","?","T","M","T","M","E","M","R","B",null],"character_chosen":"IRONCLAD","items_purchased":["Lee\u0027s Waffle","StrikeDummy","Whetstone","Medical Kit"],"campfire_rested":1,"item_purchase_floors":[29,29,41,41],"current_hp_per_floor":[80,80,80,80,80,80,72,68,75,75,69,74,72,73,73,40,87,87,82,82,82,82,63,63,53,53,37,37,94,88,72,72,45,94,88,88,88,88,92,86,86,86,86,73,73,59,38,32,61,26],"gold":119,"neow_bonus":"THREE_ENEMY_KILL","is_daily":false,"chose_seed":false,"campfire_upgraded":4,"win_rate":0.0,"timestamp":1613848269,"path_taken":["M","?","M","?","?","R","E","M","T","R","M","M","M","M","R","BOSS","M","M","M","$","?","E","?","E","T","?","?","$","?","E","R","BOSS","M","?","?","M","?","E","$","?","T","M","?","M","E","?","R","BOSS"],"items_purchased_type":["Relic","Relic","Relic","Relic"],"build_version":"2020-12-22","purchased_purges":1,"victory":true,"max_hp_per_floor":[80,80,80,80,80,80,80,80,87,87,87,87,87,87,87,87,87,87,87,87,87,87,87,87,87,87,87,87,94,94,94,94,94,94,94,94,94,94,104,104,104,99,99,99,99,99,99,99,99,99],"card_choices":[{"not_picked":["Flex","Body Slam"],"picked":"Thunderclap","floor":1},{"not_picked":["True Grit","Iron Wave"],"picked":"Inflame","floor":3},{"not_picked":["Cleave","Armaments"],"picked":"Perfected Strike","floor":4},{"not_picked":["Metallicize","Headbutt"],"picked":"Wild Strike","floor":7},{"not_picked":["Thunderclap","True Grit"],"picked":"Cleave","floor":8},{"not_picked":["Twin Strike","Havoc"],"picked":"Offering","floor":11},{"not_picked":["Clash","Blood for Blood","Heavy Blade"],"picked":"SKIP","floor":12},{"not_picked":["Pummel","True Grit"],"picked":"Pommel Strike","floor":13},{"not_picked":["Disarm","Seeing Red"],"picked":"Uppercut","floor":14},{"not_picked":["Bludgeon","Limit Break"],"picked":"Offering","floor":16},{"not_picked":[],"picked":"Inflame","floor":18},{"not_picked":["Armaments"],"picked":"SKIP","floor":19},{"not_picked":[],"picked":"Whirlwind","floor":20},{"not_picked":["Body Slam"],"picked":"SKIP","floor":23},{"not_picked":["True Grit"],"picked":"SKIP","floor":25},{"not_picked":["Combust"],"picked":"SKIP","floor":28},{"not_picked":["Havoc+1"],"picked":"SKIP","floor":31},{"not_picked":[],"picked":"Perfected Strike+1","floor":35},{"not_picked":["Clash+1"],"picked":"SKIP","floor":38},{"not_picked":[],"picked":"Headbutt","floor":39},{"not_picked":[],"picked":"Rupture+1","floor":40},{"not_picked":["Sword Boomerang"],"picked":"SKIP","floor":44},{"not_picked":["Cleave"],"picked":"SKIP","floor":46},{"not_picked":[],"picked":"Exhume","floor":47},{"not_picked":[],"picked":"Sword Boomerang+1","floor":48}],"player_experience":168075,"relics_obtained":[{"floor":7,"key":"Red Skull"},{"floor":9,"key":"Strawberry"},{"floor":23,"key":"Orichalcum"},{"floor":25,"key":"War Paint"},{"floor":26,"key":"Champion Belt"},{"floor":27,"key":"Enchiridion"},{"floor":31,"key":"Self Forming Clay"},{"floor":39,"key":"Lizard Tail"},{"floor":40,"key":"Shuriken"},{"floor":43,"key":"Letter Opener"},{"floor":45,"key":"Thread and Needle"},{"floor":47,"key":"Pen Nib"}],"event_choices":[{"damage_healed":0,"gold_gain":0,"player_choice":"Ignored","damage_taken":0,"max_hp_gain":0,"max_hp_loss":0,"event_name":"NoteForYourself","floor":2,"gold_loss":0},{"damage_healed":0,"gold_gain":0,"player_choice":"Simplicity","damage_taken":0,"max_hp_gain":0,"max_hp_loss":0,"event_name":"Back to Basics","floor":22,"gold_loss":0,"cards_upgraded":["Strike_R","Strike_R","Strike_R","Strike_R","Defend_R","Defend_R","Defend_R","Defend_R"]},{"damage_healed":0,"gold_gain":99,"player_choice":"Stole From Cult","damage_taken":0,"max_hp_gain":0,"max_hp_loss":0,"event_name":"Nest","floor":24,"gold_loss":0},{"damage_healed":0,"gold_gain":0,"player_choice":"Obtained Book","damage_taken":16,"max_hp_gain":0,"max_hp_loss":0,"event_name":"Cursed Tome","floor":27,"gold_loss":0},{"damage_healed":0,"gold_gain":0,"player_choice":"","damage_taken":6,"max_hp_gain":0,"max_hp_loss":0,"event_name":"Knowing Skull","floor":30,"potions_obtained":[],"gold_loss":0,"cards_obtained":[]},{"damage_healed":0,"gold_gain":0,"player_choice":"Ignored","damage_taken":0,"max_hp_gain":0,"max_hp_loss":0,"event_name":"Tomb of Lord Red Mask","floor":36,"gold_loss":0},{"cards_removed":["Inflame"],"damage_healed":0,"gold_gain":0,"player_choice":"Removed Power","damage_taken":0,"max_hp_gain":0,"max_hp_loss":0,"event_name":"Falling","floor":37,"gold_loss":0},{"damage_healed":0,"gold_gain":0,"player_choice":"Fight","damage_taken":0,"max_hp_gain":0,"max_hp_loss":0,"event_name":"MindBloom","floor":39,"gold_loss":0},{"damage_healed":0,"gold_gain":0,"player_choice":"Max HP","damage_taken":0,"max_hp_gain":0,"max_hp_loss":5,"event_name":"Winding Halls","floor":42,"gold_loss":0}],"is_beta":false,"boss_relics":[{"not_picked":["Empty Cage","Astrolabe"],"picked":"Busted Crown"},{"not_picked":["Pandora\u0027s Box","Snecko Eye"],"picked":"SacredBark"}],"items_purged_floors":[21],"is_endless":false,"potions_floor_spawned":[3,4,11,13,18,20,23,28,35,38,39,46],"ascension_level":0}}