{"host":"n1v11un6j7y72mz7","time":1613823227,"event":{"mods":["Act Like it!","BaseMod","Downfall","Minty Spire (QoL Compilation)","Reliquary","StSLib","The Animator","Waifu the Spire"],"gold_per_floor":[117,15,35,35,35,79,79,44,44,68,68,82,82,101,120,120,120,251,251,266,266,281,206,37,37,68,87,111,59,59,59,59,59],"floor_reached":32,"language":"ZHS","playtime":1152,"items_purged":["Strike_G","Defend_G"],"score":351,"play_id":"5f10e6e1-0759-496a-b5df-01130571cf5f","local_time":"20210220201347","is_ascension_mode":true,"campfire_choices":[{"data":"Cloak And Dagger","floor":7,"key":"SMITH"},{"data":"Calculated Gamble","floor":9,"key":"SMITH"},{"data":"Neutralize","floor":11,"key":"SMITH"},{"data":"Well Laid Plans","floor":13,"key":"SMITH"},{"data":"Survivor","floor":16,"key":"SMITH"},{"data":"Backflip","floor":17,"key":"SMITH"},{"data":"Storm of Steel","floor":25,"key":"SMITH"},{"data":"Acrobatics","floor":31,"key":"SMITH"}],"circlet_count":0,"master_deck":["Defend_G","Defend_G","Defend_G","Defend_G","Survivor+1","Neutralize+1","Backstab","Cloak And Dagger+1","Infinite Blades","Grand Finale","Calculated Gamble+1","Well Laid Plans+1","Backflip+1","Storm of Steel+1","Terror+1","Flechettes+1","Corpse Explosion+1","Dagger Throw","Crippling Poison","Acrobatics+1"],"relics":["Ring of the Snake","NeowsBlessing","Golden Idol","reliquary:Vitrine","reliquary:PartyBalloon","Astrolabe","Eternal Feather","reliquary:WeakTea"],"acts_visited":["Exordium","TheCity"],"potions_floor_usage":[18,18,26],"damage_taken":[{"damage":0,"enemies":"Cultist","floor":1,"turns":1},{"damage":0,"enemies":"2 Louse","floor":3,"turns":1},{"damage":0,"enemies":"3 Sentries","floor":6,"turns":1},{"damage":1,"enemies":"Jaw Worm","floor":12,"turns":4},{"damage":7,"enemies":"Lots of Slimes","floor":14,"turns":5},{"damage":1,"enemies":"3 Louse","floor":15,"turns":3},{"damage":53,"enemies":"The Guardian","floor":18,"turns":15},{"damage":18,"enemies":"Spheric Guardian","floor":20,"turns":6},{"damage":1,"enemies":"Chosen","floor":22,"turns":4},{"damage":7,"enemies":"Gremlin Leader","floor":26,"turns":7},{"damage":8,"enemies":"Snake Plant","floor":27,"turns":4},{"damage":20,"enemies":"Book of Stabbing","floor":32,"turns":6}],"seed_played":"1526840495968855918","potions_obtained":[{"floor":14,"key":"FearPotion"},{"floor":15,"key":"Poison Potion"},{"floor":20,"key":"SkillPotion"}],"is_trial":false,"path_per_floor":["M","$","M","?","?","E","R","$","R","T","R","M","R","M","M","R","R","B",null,"M","?","M","$","$","R","E","M","T","$","?","R","E"],"character_chosen":"THE_SILENT","items_purchased":["Cloak And Dagger","Infinite Blades","Calculated Gamble","Crippling Poison","Acrobatics"],"campfire_rested":0,"item_purchase_floors":[2,2,8,24,29],"current_hp_per_floor":[70,70,70,65,65,65,65,65,65,65,65,64,64,57,56,56,56,3,50,32,32,31,31,31,31,24,16,16,16,16,28,8,8],"gold":59,"neow_bonus":"THREE_ENEMY_KILL","is_daily":false,"chose_seed":false,"campfire_upgraded":8,"win_rate":0.0,"timestamp":1613823227,"path_taken":["M","$","M","?","?","E","R","?","R","T","R","?","R","M","M","R","R","BOSS","M","?","M","?","$","R","E","M","T","$","?","R","E"],"items_purchased_type":["Card","Card","Card","Card","Card"],"build_version":"2020-12-22","purchased_purges":2,"victory":false,"max_hp_per_floor":[70,70,70,65,65,65,65,65,65,65,65,65,65,65,65,65,65,65,65,65,65,65,65,65,65,65,65,65,65,65,65,65,65],"card_choices":[{"not_picked":["Dodge and Roll","Dagger Throw"],"picked":"Backstab","floor":1},{"not_picked":["Backstab","Poisoned Stab","Riddle With Holes"],"picked":"SKIP","floor":3},{"not_picked":["Outmaneuver","Deflect"],"picked":"Grand Finale","floor":6},{"not_picked":["Bane","Poisoned Stab"],"picked":"Well Laid Plans","floor":12},{"not_picked":["Eviscerate","Predator"],"picked":"Backflip","floor":14},{"not_picked":["Dagger Spray","Deadly Poison","Deflect"],"picked":"SKIP","floor":15},{"not_picked":["Glass Knife","Unload"],"picked":"Storm of Steel","floor":18},{"not_picked":["Dash+1","Deadly Poison"],"picked":"Dagger Throw","floor":20},{"not_picked":["Eviscerate","Underhanded Strike","Sucker Punch+1"],"picked":"SKIP","floor":22},{"not_picked":["Dagger Spray","Bullet Time","Noxious Fumes"],"picked":"SKIP","floor":26},{"not_picked":["Dodge and Roll+1","Bouncing Flask","Bane"],"picked":"SKIP","floor":27}],"player_experience":225190,"relics_obtained":[{"floor":6,"key":"reliquary:Vitrine"},{"floor":10,"key":"reliquary:PartyBalloon"},{"floor":26,"key":"Eternal Feather"},{"floor":28,"key":"reliquary:WeakTea"}],"event_choices":[{"damage_healed":0,"gold_gain":0,"player_choice":"Lose Max HP","damage_taken":0,"relics_obtained":["Golden Idol"],"max_hp_gain":0,"max_hp_loss":5,"event_name":"Golden Idol","floor":4,"gold_loss":0},{"damage_healed":0,"gold_gain":0,"player_choice":"Leave","damage_taken":0,"max_hp_gain":0,"max_hp_loss":0,"event_name":"The Cleric","floor":5,"gold_loss":0},{"damage_healed":0,"gold_gain":0,"player_choice":"0 cards matched","damage_taken":0,"max_hp_gain":0,"max_hp_loss":0,"event_name":"Match and Keep!","floor":21,"gold_loss":0,"cards_obtained":[]}],"is_beta":false,"boss_relics":[{"not_picked":["Coffee Dripper","Runic Dome"],"picked":"Astrolabe"}],"items_purged_floors":[23,24],"is_endless":false,"potions_floor_spawned":[14,15,20],"killed_by":"Book of Stabbing","ascension_level":5}}