{"host":"cd7awanv0x2msn9z","time":1613847787,"event":{"mods":["BaseMod","Downfall","Minty Spire (QoL Compilation)","Replay The Spire","StSLib","SuperFastMode"],"gold_per_floor":[109,109,128,59,59,91,91,91,114,139,139,139,139,150,150,249,249,268,250,30,30,30],"floor_reached":21,"language":"ZHS","playtime":3260,"items_purged":["Delirium"],"score":247,"play_id":"429f6b71-f30e-4147-9cd4-5bc8205d18f5","local_time":"20210221030307","is_ascension_mode":true,"campfire_choices":[{"data":"Blade Dance","floor":7.0,"key":"SMITH"},{"data":"Bane","floor":11.0,"key":"SMITH"},{"data":"Neutralize","floor":13.0,"key":"SMITH"},{"data":"Catalyst","floor":15.0,"key":"SMITH"}],"circlet_count":0,"master_deck":["Strike_G","Strike_G","Strike_G","Strike_G","Strike_G","Defend_G","Defend_G","Defend_G","Defend_G","Defend_G","Survivor","Neutralize+1","Hidden Blade+1","Blade Dance+1","Bane+1","Catalyst+1","CurseOfTheBell","Sneak Up","Finisher"],"relics":["Ring of the Snake","NeowsBlessing","ReplayTheSpireMod:CursedCoin","Vajra","Eternal Feather","Ring of Fangs","ReplayTheSpireMod:Ring of Addiction","SacredBark","Potion Belt","Happy Flower","MealTicket","Calling Bell","Pocketwatch","Bronze Scales","Replay:Bottled Steam","Sling"],"acts_visited":["Exordium","TheCity"],"potions_floor_usage":[],"damage_taken":[{"damage":0.0,"enemies":"2 Louse","floor":1.0,"turns":1.0},{"damage":0.0,"enemies":"Cultist","floor":3.0,"turns":1.0},{"damage":0.0,"enemies":"3 Sentries","floor":6.0,"turns":1.0},{"damage":24.0,"enemies":"Lagavulin","floor":10.0,"turns":6.0},{"damage":8.0,"enemies":"Small Slimes","floor":14.0,"turns":2.0},{"damage":23.0,"enemies":"Fading Forest","floor":16.0,"turns":7.0},{"damage":45,"enemies":"Shell Parasite","floor":18,"turns":8},{"damage":17,"enemies":"2 Thieves","floor":19,"turns":4},{"damage":23,"enemies":"Cultist and Chosen","floor":21,"turns":5}],"seed_played":"4710340632550176643","potions_obtained":[{"floor":2.0,"key":"Doom Potion"},{"floor":2.0,"key":"AttackPotion"},{"floor":2.0,"key":"Explosive Potion"},{"floor":8.0,"key":"PowerPotion"},{"floor":8.0,"key":"Adrenaline Potion"},{"floor":8.0,"key":"BlessingOfTheForge"},{"floor":14.0,"key":"AttackPotion"}],"is_trial":false,"path_per_floor":["M","?","M","$","?","E","R","?","T","E","R","?","R","M","R","B",null,"M","M","$","M"],"character_chosen":"THE_SILENT","items_purchased":["ReplayTheSpireMod:CursedCoin","Vajra","Sling","Guardian:BlockOnCardUsePotion"],"campfire_rested":0,"item_purchase_floors":[4,4,20,20],"current_hp_per_floor":[70,70,70,70,70,70,70,70,70,46,55,55,64,56,65,52,68,23,6,21,0,0],"gold":30,"neow_bonus":"THREE_ENEMY_KILL","is_daily":false,"chose_seed":false,"campfire_upgraded":4,"win_rate":0.0,"timestamp":1613847787,"path_taken":["M","?","?","$","?","E","R","?","T","E","R","?","R","M","R","BOSS","M","?","$","M"],"items_purchased_type":["Relic","Relic","Relic","Potion"],"build_version":"2020-12-22","purchased_purges":1,"victory":false,"max_hp_per_floor":[70,70,70,70,70,70,70,70,70,70,70,70,70,68,68,68,68,68,68,68,66,66],"card_choices":[{"not_picked":["Dagger Throw","Acrobatics"],"picked":"Hidden Blade","floor":1.0},{"not_picked":["Poisoned Stab","Eviscerate","Dodge and Roll"],"picked":"SKIP","floor":3.0},{"not_picked":["Outmaneuver","Bane"],"picked":"Blade Dance","floor":6.0},{"not_picked":["Bullet Time","Blade Dance"],"picked":"Bane","floor":10.0},{"not_picked":["Sneak Up","Dagger Throw"],"picked":"Catalyst","floor":14.0},{"not_picked":["Acrobatics","Choke+1"],"picked":"Sneak Up","floor":18},{"not_picked":["Hidden Blade","Well Laid Plans"],"picked":"Finisher","floor":19}],"player_experience":90543,"relics_obtained":[{"floor":6.0,"key":"Eternal Feather"},{"floor":8.0,"key":"Ring of Fangs"},{"floor":8.0,"key":"ReplayTheSpireMod:Ring of Addiction"},{"floor":8.0,"key":"SacredBark"},{"floor":8.0,"key":"Potion Belt"},{"floor":9.0,"key":"Happy Flower"},{"floor":10.0,"key":"MealTicket"},{"floor":17.0,"key":"Pocketwatch"},{"floor":17.0,"key":"Bronze Scales"},{"floor":17.0,"key":"Replay:Bottled Steam"}],"event_choices":[{"damage_healed":0.0,"max_hp_gain":0.0,"max_hp_loss":0.0,"gold_gain":0.0,"event_name":"Lab","player_choice":"Got Potions","floor":2.0,"gold_loss":0.0,"damage_taken":0.0},{"damage_healed":0.0,"max_hp_gain":0.0,"max_hp_loss":0.0,"gold_gain":0.0,"event_name":"Living Wall","player_choice":"Grow","floor":5.0,"gold_loss":0.0,"damage_taken":0.0,"cards_upgraded":["Hidden Blade"]},{"cards_removed":["Hallucinations"],"damage_healed":0.0,"max_hp_gain":0.0,"max_hp_loss":0.0,"gold_gain":0.0,"event_name":"Purifier","player_choice":"Purged","floor":12.0,"gold_loss":0.0,"damage_taken":0.0}],"is_beta":false,"boss_relics":[{"not_picked":["Runic Pyramid","Kintsugi"],"picked":"Calling Bell"}],"items_purged_floors":[4],"is_endless":false,"potions_floor_spawned":[3,14],"killed_by":"Cultist and Chosen","ascension_level":1}}