{"host":"32dedufnxebqtmo3","time":1613805627,"event":{"mods":["AchievementEnabler","Act Like it!","BaseMod","Better Third Choice","Card Filter","Clockwork Mod","Colored Powertips","Defuse TimeMaze Blight","GifTheSpireLib","Minty Spire (QoL Compilation)","Permanent Neow","Relic Filter","Relic Stats","Remove Card Discount Mod","Ruina","Shapeshifter Mod","Shop Mod","StSLib","The Cursed","Unceasing Turn Reminder"],"gold_per_floor":[113,66,81,94,112,146,158,5,5,5,5,37,53,65,65,161,161,174,185,199,45,64,64,89,105,105,120,120,152,152,152,152,251,251,261,279,279,289,304,304,304,335,335,350,350,142,142,192,192,192],"floor_reached":51,"language":"ENG","playtime":5091,"items_purged":["StSShapeShifter:ShapeShifter_Strike","StSShapeShifter:ShapeShifter_Strike","StSShapeShifter:ShapeShifter_Strike","StSShapeShifter:Lynx_Form","StSShapeShifter:Tortoise_Form","StSShapeShifter:ShapeShifter_Strike","StSShapeShifter:ShapeShifter_Strike","StSShapeShifter:StormGryphonForm","StSShapeShifter:EmbraceTheCycle+1","StSShapeShifter:Garden+1"],"score":756,"play_id":"dfa4909e-92d8-4f82-b776-833a9bf21665","local_time":"20210219232027","is_ascension_mode":false,"campfire_choices":[{"data":"StSShapeShifter:VineHandcuffs","floor":10.0,"key":"SMITH"},{"data":"StSShapeShifter:Evolution","floor":15.0,"key":"SMITH"},{"data":"StSShapeShifter:ReplenishingNectar","floor":23.0,"key":"SMITH"},{"data":"StSShapeShifter:BaskInBloom","floor":28.0,"key":"SMITH"},{"data":"StSShapeShifter:Garden","floor":30.0,"key":"SMITH"},{"floor":32.0,"key":"REST"},{"data":"StSShapeShifter:RockSlide","floor":40,"key":"SMITH"},{"data":"StSShapeShifter:BurstingSpore","floor":45,"key":"SMITH"},{"data":"StSShapeShifter:VineHandcuffs","floor":49,"key":"SMITH"}],"circlet_count":0,"master_deck":["StSShapeShifter:ShapeShifter_Defend","StSShapeShifter:ShapeShifter_Defend","StSShapeShifter:ShapeShifter_Defend","StSShapeShifter:ShapeShifter_Defend","StSShapeShifter:ShapeShifter_Defend","StSShapeShifter:WolfForm+1","StSShapeShifter:BladeOfGrass","StSShapeShifter:VineHandcuffs+1","StSShapeShifter:BurstingSpore+1","StSShapeShifter:Evolution+1","StSShapeShifter:BloomingSlash","StSShapeShifter:RockSlide+1","StSShapeShifter:RitualOfTheElders","StSShapeShifter:ReplenishingNectar+1","Madness+1","StSShapeShifter:BaskInBloom+1","Madness+1","Madness","Madness","StSShapeShifter:BurstingSpore","StSShapeShifter:VineHandcuffs+1"],"relics":["StSShapeShifter:AnimalHeart","StSShapeShifter:TheShapeShiftersMagnolia","Kunai","Akabeko","StSShapeShifter:BeastkeepersGift","Unceasing Top","StSShapeShifter:WristwrapsOfDiscovery","Runic Pyramid","Medical Kit","Tiny Chest","StSShapeShifter:LoyalLobster","Bag of Preparation","Sozu","Regal Pillow","Sundial","Bag of Marbles","HornCleat","Bird Faced Urn"],"acts_visited":["Exordium","Exordium","TheBeyond"],"potions_floor_usage":[39,50,50],"damage_taken":[{"damage":0.0,"enemies":"Small Slimes","floor":1.0,"turns":3.0},{"damage":1.0,"enemies":"Cultist","floor":3.0,"turns":4.0},{"damage":6.0,"enemies":"Jaw Worm","floor":4.0,"turns":6.0},{"damage":10.0,"enemies":"Looter","floor":5.0,"turns":4.0},{"damage":45.0,"enemies":"Lagavulin","floor":6.0,"turns":9.0},{"damage":2.0,"enemies":"3 Louse","floor":7.0,"turns":4.0},{"damage":22.0,"enemies":"Gremlin Nob","floor":12.0,"turns":5.0},{"damage":3.0,"enemies":"Exordium Thugs","floor":13.0,"turns":4.0},{"damage":9.0,"enemies":"Gremlin Gang","floor":14.0,"turns":6.0},{"damage":32.0,"enemies":"The Guardian","floor":16.0,"turns":9.0},{"damage":15.0,"enemies":"ruina:BadWolf","floor":18.0,"turns":5.0},{"damage":23.0,"enemies":"ruina:2_Scarecrows","floor":19.0,"turns":5.0},{"damage":38.0,"enemies":"ruina:KnightOfDespair","floor":20.0,"turns":7.0},{"damage":31.0,"enemies":"ruina:3_Scarecrows","floor":22.0,"turns":4.0},{"damage":27.0,"enemies":"ruina:ServantOfWrath","floor":24.0,"turns":6.0},{"damage":10.0,"enemies":"ruina:KingOfGreed","floor":25.0,"turns":8.0},{"damage":63.0,"enemies":"ruina:KnightOfDespair","floor":27.0,"turns":7.0},{"damage":66.0,"enemies":"ruina:Mountain","floor":29.0,"turns":8.0},{"damage":42.0,"enemies":"ruina:Red_and_Wolf","floor":33.0,"turns":9.0},{"damage":45.0,"enemies":"3 Shapes","floor":35.0,"turns":6.0},{"damage":13,"enemies":"Orb Walker","floor":36,"turns":5},{"damage":32,"enemies":"Writhing Mass","floor":38,"turns":6},{"damage":49,"enemies":"4 Shapes","floor":39,"turns":4},{"damage":50,"enemies":"Nemesis","floor":42,"turns":7},{"damage":77,"enemies":"Sphere and 2 Shapes","floor":44,"turns":6},{"damage":10,"enemies":"Mind Bloom Boss Battle","floor":48,"turns":5},{"damage":54,"enemies":"Time Eater","floor":50,"turns":10}],"seed_played":"6787498588104072204","potions_obtained":[{"floor":3.0,"key":"LiquidBronze"},{"floor":4.0,"key":"SpeedPotion"},{"floor":5.0,"key":"Strength Potion"},{"floor":13.0,"key":"Energy Potion"},{"floor":19.0,"key":"ColorlessPotion"},{"floor":20.0,"key":"Strength Potion"},{"floor":25.0,"key":"StSShapeShifter:PolyBeastPotion"},{"floor":29.0,"key":"SkillPotion"},{"floor":33.0,"key":"Regen Potion"}],"is_trial":false,"path_per_floor":["M","$","M","M","M","E","M","$","T","R","?","E","M","M","R","B",null,"M","M","M","$","M","R","E","M","T","M","R","E","R","?","R","B",null,"M","M","?","M","M","R","?","E","T","M","R","$","T","?","R","B",null],"character_chosen":"SHAPESHIFTER","items_purchased":["StSShapeShifter:BladeOfGrass","Akabeko","Medical Kit","StSShapeShifter:BurstingSpore","Bag of Marbles"],"campfire_rested":1,"item_purchase_floors":[2,8,21,46,46],"current_hp_per_floor":[85,85,85,84,82,64,76,76,76,76,76,81,85,85,85,85,85,87,85,82,82,67,67,92,95,95,75,75,71,71,42,71,101,101,103,105,92,107,85,85,75,102,102,68,68,68,68,115,115,117],"gold":192,"neow_bonus":"TEN_PERCENT_HP_BONUS","is_daily":false,"chose_seed":false,"campfire_upgraded":8,"win_rate":0.0,"timestamp":1613805627,"path_taken":["M","$","M","M","M","E","M","$","T","R","?","E","M","M","R","BOSS","M","M","M","$","?","R","E","M","T","M","R","E","R","?","R","BOSS","M","M","?","M","M","R","?","E","T","M","R","$","?","?","R","BOSS"],"items_purchased_type":["Card","Relic","Relic","Card","Relic"],"build_version":"2020-12-22","purchased_purges":10,"victory":true,"max_hp_per_floor":[85,85,85,85,85,85,85,85,85,85,85,85,85,85,85,85,85,87,89,91,91,91,91,93,95,95,97,97,99,99,99,99,101,101,103,105,105,107,109,109,109,111,111,113,113,113,113,115,115,117],"relic_stats":{"Sozu":3,"Regal Pillow":0,"counters":[27,162],"Sundial":[6],"Bird Faced Urn":[2],"Tiny Chest":1,"Bag of Preparation":[18],"Kunai":[49],"Medical Kit":[29],"obtain_stats":[{"StSShapeShifter:TheShapeShiftersMagnolia":0,"Regal Pillow":42,"StSShapeShifter:AnimalHeart":0,"StSShapeShifter:LoyalLobster":26,"Bag of Preparation":29,"Medical Kit":21,"Akabeko":8,"Sozu":34,"Frozen Eye":19,"HornCleat":47,"Sundial":43,"Bird Faced Urn":48,"StSShapeShifter:WristwrapsOfDiscovery":12,"Tiny Chest":24,"Bag of Marbles":46,"Kunai":6,"Unceasing Top":11,"StSShapeShifter:BeastkeepersGift":9,"Runic Pyramid":17},{"StSShapeShifter:TheShapeShiftersMagnolia":0,"Regal Pillow":24,"StSShapeShifter:AnimalHeart":0,"StSShapeShifter:LoyalLobster":16,"Bag of Preparation":18,"Medical Kit":13,"Akabeko":6,"Sozu":19,"Frozen Eye":11,"HornCleat":25,"Sundial":24,"Bird Faced Urn":26,"StSShapeShifter:WristwrapsOfDiscovery":7,"Tiny Chest":15,"Bag of Marbles":25,"Kunai":5,"Unceasing Top":6,"StSShapeShifter:BeastkeepersGift":6,"Runic Pyramid":10},{"StSShapeShifter:TheShapeShiftersMagnolia":0,"Regal Pillow":141,"StSShapeShifter:AnimalHeart":0,"StSShapeShifter:LoyalLobster":89,"Bag of Preparation":104,"Medical Kit":71,"Akabeko":30,"Sozu":113,"Frozen Eye":59,"HornCleat":147,"Sundial":141,"Bird Faced Urn":152,"StSShapeShifter:WristwrapsOfDiscovery":35,"Tiny Chest":81,"Bag of Marbles":147,"Kunai":26,"Unceasing Top":30,"StSShapeShifter:BeastkeepersGift":30,"Runic Pyramid":54}],"Unceasing Top":[85]},"card_choices":[{"not_picked":["StSShapeShifter:PoisonIvy","StSShapeShifter:WaspSwarmForm"],"picked":"StSShapeShifter:WolfForm","floor":1.0},{"not_picked":["StSShapeShifter:VileMushroom","StSShapeShifter:PoisonIvy","StSShapeShifter:MonkeyForm"],"picked":"SKIP","floor":3.0},{"not_picked":["StSShapeShifter:ThornToss","StSShapeShifter:DiverseSpirit"],"picked":"StSShapeShifter:VineHandcuffs","floor":4.0},{"not_picked":["StSShapeShifter:EmbraceTheCycle","StSShapeShifter:CosmicShifter"],"picked":"StSShapeShifter:BurstingSpore","floor":5.0},{"not_picked":["StSShapeShifter:Sapling","StSShapeShifter:Efflorescence"],"picked":"StSShapeShifter:Evolution","floor":6.0},{"not_picked":["StSShapeShifter:SunflowerShuriken","StSShapeShifter:PoisonIvy"],"picked":"StSShapeShifter:BloomingSlash","floor":7.0},{"not_picked":["StSShapeShifter:MagicMushrooms","StSShapeShifter:Earthquake","StSShapeShifter:Mystical_Branch"],"picked":"SKIP","floor":12.0},{"not_picked":["StSShapeShifter:MonkeyForm","StSShapeShifter:FlowerShield","StSShapeShifter:FesteringBite"],"picked":"SKIP","floor":13.0},{"not_picked":["StSShapeShifter:AdaptiveStrikes","StSShapeShifter:BloomingSlash"],"picked":"StSShapeShifter:RockSlide","floor":14.0},{"not_picked":["StSShapeShifter:Summer","StSShapeShifter:MammothForm"],"picked":"StSShapeShifter:RitualOfTheElders","floor":16.0},{"not_picked":["StSShapeShifter:OwlForm","StSShapeShifter:MonkeyForm","StSShapeShifter:DeerForm"],"picked":"SKIP","floor":18.0},{"not_picked":["StSShapeShifter:OwlForm","StSShapeShifter:AdaptiveStrikes+1","StSShapeShifter:PoisonIvy"],"picked":"SKIP","floor":19.0},{"not_picked":["StSShapeShifter:SunflowerShuriken","StSShapeShifter:BulwarkOfDiscovery"],"picked":"StSShapeShifter:ReplenishingNectar","floor":20.0},{"not_picked":["StSShapeShifter:AdaptiveStrikes","StSShapeShifter:Roar+1"],"picked":"StSShapeShifter:GoldenBerries","floor":22.0},{"not_picked":["StSShapeShifter:SunflowerShuriken","StSShapeShifter:AdaptiveStrikes","StSShapeShifter:MagicMushrooms"],"picked":"SKIP","floor":24.0},{"not_picked":["StSShapeShifter:EagleForm+1","StSShapeShifter:ShiftingStrike","StSShapeShifter:VileMushroom"],"picked":"SKIP","floor":25.0},{"not_picked":["StSShapeShifter:SunflowerShuriken","StSShapeShifter:Rabid+1"],"picked":"StSShapeShifter:BaskInBloom","floor":27.0},{"not_picked":["StSShapeShifter:OwlForm","StSShapeShifter:BaskInBloom"],"picked":"StSShapeShifter:Garden","floor":29.0},{"not_picked":["StSShapeShifter:FlowerShield","StSShapeShifter:Guard","StSShapeShifter:HippoForm"],"picked":"SKIP","floor":35.0},{"not_picked":["StSShapeShifter:RockSlide","StSShapeShifter:BearForm+1","StSShapeShifter:FesteringBite+1"],"picked":"SKIP","floor":36},{"not_picked":["StSShapeShifter:Flood","StSShapeShifter:MonkeyForm"],"picked":"StSShapeShifter:EmbraceTheCycle+1","floor":38},{"not_picked":["StSShapeShifter:ShiftingStrike+1","StSShapeShifter:Bonk+1","StSShapeShifter:BloomingSlash+1"],"picked":"SKIP","floor":39},{"not_picked":["StSShapeShifter:Rest","StSShapeShifter:Guard","StSShapeShifter:BloomingSlash+1"],"picked":"SKIP","floor":42},{"not_picked":["StSShapeShifter:FallingLeaves","StSShapeShifter:FlowerShield","StSShapeShifter:MultiSpiritedStrike"],"picked":"SKIP","floor":44},{"not_picked":["StSShapeShifter:FesteringBite","StSShapeShifter:OpportuneSwoop+1"],"picked":"StSShapeShifter:VineHandcuffs","floor":48}],"player_experience":727183,"relics_obtained":[{"floor":6.0,"key":"Kunai"},{"floor":9.0,"key":"StSShapeShifter:BeastkeepersGift"},{"floor":12.0,"key":"StSShapeShifter:WristwrapsOfDiscovery"},{"floor":24.0,"key":"Tiny Chest"},{"floor":26.0,"key":"StSShapeShifter:LoyalLobster"},{"floor":29.0,"key":"Bag of Preparation"},{"floor":42,"key":"Regal Pillow"},{"floor":43,"key":"Sundial"},{"floor":47,"key":"HornCleat"},{"floor":48,"key":"Bird Faced Urn"}],"event_choices":[{"damage_healed":0.0,"max_hp_gain":0.0,"max_hp_loss":0.0,"gold_gain":0.0,"event_name":"WeMeetAgain","player_choice":"Gave Potion","floor":11.0,"gold_loss":0.0,"damage_taken":0.0,"relics_obtained":["Unceasing Top"]},{"damage_healed":0,"gold_gain":0,"player_choice":"Embrace Madness","damage_taken":13,"max_hp_gain":0,"max_hp_loss":0,"event_name":"Winding Halls","floor":37,"gold_loss":0,"cards_obtained":["Madness","Madness"]},{"damage_healed":0,"gold_gain":0,"player_choice":"Fight","damage_taken":0,"max_hp_gain":0,"max_hp_loss":0,"event_name":"MindBloom","floor":48,"gold_loss":0}],"is_beta":false,"boss_relics":[{"not_picked":["Velvet Choker","Coffee Dripper"],"picked":"Runic Pyramid"},{"not_picked":["Fusion Hammer","Pandora\u0027s Box"],"picked":"Sozu"}],"items_purged_floors":[2,8,8,8,8,21,21,46,46,46],"is_endless":false,"potions_floor_spawned":[3,4,5,13,19,20,25,29,33,39,42,48],"ascension_level":0}}