{"host":"a5lz0e76zb3fcwkm","time":1613811893,"event":{"mods":["AchievementEnabler","BaseMod","Colored Map","Colored Powertips","Minty Spire (QoL Compilation)","StSLib","SuperFastMode"],"gold_per_floor":[109,129,141,154,154,154,167,167,194,209,134,134,146,160,160,232,232,247,247,266,266,191,191,191,191],"floor_reached":24,"language":"KOR","playtime":481,"items_purged":["Defend_B"],"score":480,"play_id":"9c9c91f7-b648-47d8-8b16-a294d683b212","local_time":"20210220180453","is_ascension_mode":true,"campfire_choices":[{"data":"Turbo","floor":6.0,"key":"SMITH"},{"data":"Zap","floor":12.0,"key":"SMITH"},{"data":"Capacitor","floor":15.0,"key":"SMITH"},{"data":"Buffer","floor":23,"key":"SMITH"}],"circlet_count":0,"master_deck":["AscendersBane","Strike_B","Strike_B","Strike_B","Defend_B","Defend_B","Defend_B","Zap+1","Dualcast+1","Electrodynamics","Coolheaded","Glacier","Coolheaded","Turbo+1","Reboot","Capacitor+1","Buffer+1"],"relics":["Cracked Core","Omamori","Coffee Dripper","Strawberry"],"acts_visited":["Exordium","TheCity"],"potions_floor_usage":[],"damage_taken":[{"damage":1.0,"enemies":"Cultist","floor":1.0,"turns":3.0},{"damage":5.0,"enemies":"Small Slimes","floor":2.0,"turns":3.0},{"damage":0.0,"enemies":"2 Louse","floor":3.0,"turns":2.0},{"damage":8.0,"enemies":"Large Slime","floor":4.0,"turns":6.0},{"damage":0.0,"enemies":"Exordium Wildlife","floor":7.0,"turns":2.0},{"damage":0.0,"enemies":"Blue Slaver","floor":10.0,"turns":2.0},{"damage":0.0,"enemies":"Exordium Thugs","floor":13.0,"turns":3.0},{"damage":5.0,"enemies":"Red Slaver","floor":14.0,"turns":4.0},{"damage":0.0,"enemies":"Slime Boss","floor":16.0,"turns":8.0},{"damage":13.0,"enemies":"Chosen","floor":18.0,"turns":5.0},{"damage":12.0,"enemies":"3 Byrds","floor":20.0,"turns":3.0},{"damage":18,"enemies":"Book of Stabbing","floor":24,"turns":6}],"seed_played":"-1894408334050149371","potions_obtained":[{"floor":1.0,"key":"SkillPotion"},{"floor":2.0,"key":"SneckoOil"},{"floor":5.0,"key":"LiquidMemories"},{"floor":5.0,"key":"Energy Potion"},{"floor":7.0,"key":"DuplicationPotion"},{"floor":14.0,"key":"PowerPotion"},{"floor":16.0,"key":"CultistPotion"},{"floor":18.0,"key":"LiquidBronze"}],"is_trial":false,"path_per_floor":["M","M","M","M","?","R","M","?","T","M","$","R","M","M","R","B",null,"M","?","M","?","?","R","E"],"character_chosen":"DEFECT","items_purchased":[],"campfire_rested":0,"item_purchase_floors":[],"current_hp_per_floor":[45,40,40,32,32,32,32,32,32,32,32,32,32,27,27,27,60,47,54,42,42,42,42,24,24],"gold":191,"neow_bonus":"THREE_RARE_CARDS","is_daily":false,"chose_seed":false,"campfire_upgraded":4,"win_rate":0.0,"timestamp":1613811893,"path_taken":["M","?","M","M","?","R","?","?","T","?","$","R","?","M","R","BOSS","M","?","M","?","?","R","E"],"items_purchased_type":[],"build_version":"2020-12-22","purchased_purges":1,"victory":false,"max_hp_per_floor":[71,71,71,71,71,71,71,71,71,71,71,71,71,71,71,71,71,71,78,78,78,78,78,78,78],"card_choices":[{"not_picked":["Rainbow","Creative AI"],"picked":"Electrodynamics","floor":0.0},{"not_picked":["Scrape","Beam Cell"],"picked":"Coolheaded","floor":1.0},{"not_picked":["Tempest","Gash"],"picked":"Glacier","floor":2.0},{"not_picked":["Melter","Hologram"],"picked":"Coolheaded","floor":3.0},{"not_picked":["Gash","Leap"],"picked":"Turbo","floor":4.0},{"not_picked":["Static Discharge","Streamline"],"picked":"Reboot","floor":7.0},{"not_picked":["Chill","Coolheaded"],"picked":"Capacitor","floor":10.0},{"not_picked":["Conserve Battery","Gash","Tempest"],"picked":"SKIP","floor":13.0},{"not_picked":["Conserve Battery","Rebound","Turbo"],"picked":"SKIP","floor":14.0},{"not_picked":["Electrodynamics","Machine Learning"],"picked":"Buffer","floor":16.0},{"not_picked":["Chill","Cold Snap","Aggregate"],"picked":"SKIP","floor":18.0},{"not_picked":["Gash","Rebound+1","Go for the Eyes"],"picked":"SKIP","floor":20.0}],"player_experience":1908133,"relics_obtained":[{"floor":9.0,"key":"Omamori"}],"event_choices":[{"damage_healed":0.0,"max_hp_gain":0.0,"max_hp_loss":0.0,"gold_gain":0.0,"event_name":"Lab","player_choice":"Got Potions","floor":5.0,"gold_loss":0.0,"damage_taken":0.0},{"damage_healed":0.0,"max_hp_gain":0.0,"max_hp_loss":0.0,"gold_gain":0.0,"event_name":"Upgrade Shrine","player_choice":"Upgraded","floor":8.0,"gold_loss":0.0,"damage_taken":0.0,"cards_upgraded":["Dualcast"]},{"damage_healed":0.0,"max_hp_gain":0.0,"max_hp_loss":0.0,"gold_gain":0.0,"event_name":"Addict","player_choice":"Stole Relic","floor":19.0,"gold_loss":0.0,"damage_taken":0.0,"relics_obtained":["Strawberry"],"cards_obtained":["Shame"]},{"damage_healed":0,"gold_gain":0,"player_choice":"Ignored","damage_taken":0,"max_hp_gain":0,"max_hp_loss":0,"event_name":"Cursed Tome","floor":21,"gold_loss":0},{"cards_removed":["Strike_B"],"damage_healed":0,"gold_gain":0,"player_choice":"Gave Gold","damage_taken":0,"max_hp_gain":0,"max_hp_loss":0,"event_name":"Beggar","floor":22,"gold_loss":75}],"is_beta":false,"boss_relics":[{"not_picked":["Runic Pyramid","Fusion Hammer"],"picked":"Coffee Dripper"}],"items_purged_floors":[11],"is_endless":false,"potions_floor_spawned":[1,2,7,14,16,18],"killed_by":"Book of Stabbing","ascension_level":20}}