{"host":"n08mv44ohivl39d9","time":1613799242,"event":{"mods":["BaseMod","Bestiary","Highlight Path","Minty Spire (QoL Compilation)","Relic Stats"],"gold_per_floor":[114,133,3,14,26,26,58,58,128,156,173,206,221,26,26,103,103,117,136,156,156,81,81,81,94,120,146,146,161,211,246,258,341,353,384,408,432,456,332,369,381,418,430,442,470,499,125,154,154,154,154,154,154,16,43,43],"floor_reached":57,"language":"ENG","playtime":10613,"items_purged":["Strike_B","Strike_B"],"score":3108,"play_id":"7434e190-58d9-4ea1-b214-0aab25191b95","local_time":"20210219233402","is_ascension_mode":true,"campfire_choices":[{"floor":6,"key":"REST"},{"data":"Defragment","floor":8,"key":"SMITH"},{"data":"Apotheosis","floor":15,"key":"SMITH"},{"data":"Ghostly","floor":24,"key":"SMITH"},{"data":"Ghostly","floor":28,"key":"SMITH"},{"data":"Ghostly","floor":32,"key":"SMITH"},{"floor":41,"key":"RECALL"},{"data":"Loop","floor":44,"key":"SMITH"},{"data":"Seek","floor":49,"key":"SMITH"},{"data":"Amplify","floor":53,"key":"SMITH"}],"circlet_count":0,"master_deck":["AscendersBane","Strike_B","Strike_B","Defend_B","Defend_B","Defend_B","Defend_B","Zap","Dualcast","Glacier","Rebound","Melter","Defragment+1","Beam Cell","Doom and Gloom","Aggregate","Hologram","Apotheosis+1","Core Surge","Conserve Battery","Sunder","Ghostly+1","Ghostly+1","Ghostly+1","RitualDagger","Steam","Loop+1","BootSequence","Cold Snap+1","Electrodynamics","Redo+1","Capacitor","Defragment+1","Barrage+1","Seek+1","Amplify+1","Coolheaded","Hologram","Loop"],"relics":["SacredBark","Lizard Tail","InkBottle","Oddly Smooth Stone","Letter Opener","Runic Pyramid","Molten Egg 2","MawBank","Cursed Key","Boot","Mummified Hand","Unceasing Top","HornCleat","Blood Vial"],"acts_visited":["Exordium","TheCity","TheBeyond","TheEnding"],"potions_floor_usage":[7,12,16,19,27,31,33,33,37,45,51,56,56],"damage_taken":[{"damage":2,"enemies":"Cultist","floor":1,"turns":4},{"damage":7,"enemies":"Jaw Worm","floor":2,"turns":4},{"damage":10,"enemies":"Small Slimes","floor":4,"turns":2},{"damage":20,"enemies":"Gremlin Gang","floor":5,"turns":7},{"damage":1,"enemies":"Lagavulin","floor":7,"turns":8},{"damage":8,"enemies":"3 Sentries","floor":10,"turns":17},{"damage":0,"enemies":"Large Slime","floor":11,"turns":6},{"damage":8,"enemies":"Gremlin Nob","floor":12,"turns":3},{"damage":6,"enemies":"Lots of Slimes","floor":13,"turns":4},{"damage":21,"enemies":"Slime Boss","floor":16,"turns":4},{"damage":0,"enemies":"Spheric Guardian","floor":18,"turns":2},{"damage":16,"enemies":"2 Thieves","floor":19,"turns":4},{"damage":0,"enemies":"Cultist and Chosen","floor":20,"turns":5},{"damage":10,"enemies":"Centurion and Healer","floor":25,"turns":6},{"damage":11,"enemies":"Book of Stabbing","floor":27,"turns":8},{"damage":0,"enemies":"Sentry and Sphere","floor":29,"turns":4},{"damage":0,"enemies":"Gremlin Leader","floor":31,"turns":3},{"damage":6,"enemies":"Collector","floor":33,"turns":13},{"damage":0,"enemies":"3 Shapes","floor":35,"turns":3},{"damage":0,"enemies":"Orb Walker","floor":36,"turns":4},{"damage":0,"enemies":"Spire Growth","floor":37,"turns":4},{"damage":0,"enemies":"Maw","floor":38,"turns":9},{"damage":15,"enemies":"Giant Head","floor":40,"turns":9},{"damage":0,"enemies":"Nemesis","floor":42,"turns":7},{"damage":4,"enemies":"Transient","floor":45,"turns":6},{"damage":0,"enemies":"Jaw Worm Horde","floor":46,"turns":6},{"damage":0,"enemies":"Giant Head","floor":48,"turns":8},{"damage":0,"enemies":"Donu and Deca","floor":50,"turns":13},{"damage":24,"enemies":"Awakened One","floor":51,"turns":18},{"damage":0,"enemies":"Shield and Spear","floor":55,"turns":8},{"damage":3,"enemies":"The Heart","floor":56,"turns":9}],"seed_played":"-6507660891531215","potions_obtained":[{"floor":7,"key":"Dexterity Potion"},{"floor":10,"key":"EssenceOfDarkness"},{"floor":11,"key":"AttackPotion"},{"floor":16,"key":"PowerPotion"},{"floor":18,"key":"GamblersBrew"},{"floor":27,"key":"DuplicationPotion"},{"floor":29,"key":"ColorlessPotion"},{"floor":31,"key":"Fire Potion"},{"floor":33,"key":"DistilledChaos"},{"floor":40,"key":"Weak Potion"},{"floor":46,"key":"DistilledChaos"},{"floor":48,"key":"FairyPotion"}],"is_trial":false,"path_per_floor":["M","M","$","M","M","R","E","R","T","E","M","E","M","$","R","B",null,"M","M","M","?","$","?","R","M","T","E","R","M","?","E","R","B",null,"M","M","M","M","?","E","R","E","T","R","M","M","$","E","R","B","B",null,"R","$","E","B",null],"character_chosen":"DEFECT","items_purchased":["FearPotion","Melter","Apotheosis","Seek","EntropicBrew","Swift Potion","Coolheaded","Hologram"],"campfire_rested":1,"item_purchase_floors":[3,3,14,47,47,54,54,54],"current_hp_per_floor":[62,55,55,45,25,46,45,45,45,37,37,29,23,23,23,2,54,54,38,38,35,35,29,29,19,19,8,8,8,8,8,8,2,27,27,27,27,27,27,12,12,12,12,12,8,8,8,8,8,8,5,28,28,28,28,27],"gold":43,"neow_bonus":"BOSS_RELIC","is_daily":false,"chose_seed":false,"campfire_upgraded":8,"win_rate":0.0,"timestamp":1613799242,"path_taken":["M","M","$","?","M","R","E","R","T","E","M","E","M","$","R","BOSS","M","M","M","?","$","?","R","M","T","E","R","M","?","E","R","BOSS","M","M","?","M","?","E","R","E","T","R","?","M","$","E","R","BOSS","BOSS","R","$","E","BOSS"],"items_purchased_type":["Potion","Card","Card","Card","Potion","Potion","Card","Card"],"build_version":"2020-12-22","purchased_purges":2,"victory":true,"max_hp_per_floor":[71,71,71,71,71,71,71,71,71,71,71,71,71,71,71,71,71,71,71,71,35,35,35,35,35,35,35,35,35,35,35,35,35,35,35,35,35,35,35,35,35,35,35,35,35,35,35,35,35,35,35,35,35,35,35,35],"relic_stats":{"Blood Vial":2,"Lizard Tail":0,"counters":[31,208],"Mummified Hand":[54],"Letter Opener":[320],"MawBank":192,"Cursed Key":0,"Boot":[40],"obtain_stats":[{"SacredBark":0,"Oddly Smooth Stone":10,"Letter Opener":12,"MawBank":31,"Cursed Key":34,"Boot":39,"Blood Vial":55,"Lizard Tail":7,"HornCleat":48,"Mummified Hand":40,"Molten Egg 2":27,"Cracked Core":0,"InkBottle":9,"Unceasing Top":42,"Runic Pyramid":17},{"SacredBark":0,"Oddly Smooth Stone":6,"Letter Opener":8,"MawBank":17,"Cursed Key":18,"Boot":22,"Blood Vial":30,"Lizard Tail":5,"HornCleat":27,"Mummified Hand":23,"Molten Egg 2":15,"Cracked Core":0,"InkBottle":5,"Unceasing Top":24,"Runic Pyramid":10},{"SacredBark":0,"Oddly Smooth Stone":42,"Letter Opener":51,"MawBank":91,"Cursed Key":104,"Boot":124,"Blood Vial":199,"Lizard Tail":25,"HornCleat":160,"Mummified Hand":133,"Molten Egg 2":84,"Cracked Core":0,"InkBottle":25,"Unceasing Top":140,"Runic Pyramid":59}],"InkBottle":[69],"Unceasing Top":[0]},"card_choices":[{"not_picked":["Streamline","Recycle"],"picked":"Glacier","floor":1},{"not_picked":["Hologram","Redo"],"picked":"Rebound","floor":2},{"not_picked":["Static Discharge","Sweeping Beam"],"picked":"Defragment","floor":4},{"not_picked":["Gash","Rebound","Leap"],"picked":"SKIP","floor":5},{"not_picked":["Undo","Streamline"],"picked":"Beam Cell","floor":7},{"not_picked":["Streamline","Cold Snap"],"picked":"Doom and Gloom","floor":10},{"not_picked":["Steam","Fusion"],"picked":"Aggregate","floor":11},{"not_picked":["Redo","Coolheaded","Hello World"],"picked":"SKIP","floor":12},{"not_picked":["Redo","Coolheaded","Hello World"],"picked":"SKIP","floor":12},{"not_picked":["Steam Power","Stack"],"picked":"Hologram","floor":13},{"not_picked":["Machine Learning","Fission"],"picked":"Core Surge","floor":16},{"not_picked":["Redo","Coolheaded"],"picked":"Conserve Battery","floor":18},{"not_picked":["Self Repair","Turbo+1"],"picked":"Sunder","floor":19},{"not_picked":["Redo","Fusion","Static Discharge"],"picked":"SKIP","floor":20},{"not_picked":["Gash","Rebound"],"picked":"Steam","floor":25},{"not_picked":["Rebound+1","Coolheaded"],"picked":"Loop","floor":27},{"not_picked":["Blizzard+1","Skim"],"picked":"BootSequence","floor":29},{"not_picked":["Stack","Meteor Strike+1"],"picked":"Cold Snap+1","floor":31},{"not_picked":["Core Surge+1","Amplify"],"picked":"Electrodynamics","floor":33},{"not_picked":["Force Field","Steam+1"],"picked":"Redo+1","floor":35},{"not_picked":["Beam Cell+1","Compile Driver+1","Cold Snap+1"],"picked":"SKIP","floor":36},{"not_picked":["Rebound+1","Conserve Battery"],"picked":"Capacitor","floor":37},{"not_picked":["Redo+1","BootSequence","Auto Shields"],"picked":"SKIP","floor":38},{"not_picked":["Gash+1","Seek"],"picked":"Defragment+1","floor":40},{"not_picked":["Cold Snap+1","Hello World"],"picked":"Barrage+1","floor":42},{"not_picked":["Steam","Leap","Undo"],"picked":"SKIP","floor":45},{"not_picked":["Gash+1","Streamline+1","Lockon+1"],"picked":"SKIP","floor":46},{"not_picked":["Hello World+1","Heatsinks"],"picked":"Amplify","floor":48},{"not_picked":["Turbo","Loop","Darkness"],"picked":"SKIP","floor":55},{"not_picked":["Turbo","Darkness"],"picked":"Loop","floor":55}],"player_experience":1472513,"relics_obtained":[{"floor":7,"key":"Lizard Tail"},{"floor":9,"key":"InkBottle"},{"floor":10,"key":"Oddly Smooth Stone"},{"floor":12,"key":"Letter Opener"},{"floor":27,"key":"Molten Egg 2"},{"floor":31,"key":"MawBank"},{"floor":40,"key":"Mummified Hand"},{"floor":42,"key":"Unceasing Top"},{"floor":48,"key":"HornCleat"},{"floor":55,"key":"Blood Vial"}],"event_choices":[{"damage_healed":0,"gold_gain":0,"player_choice":"Became a Ghost","damage_taken":0,"max_hp_gain":0,"max_hp_loss":36,"event_name":"Ghosts","floor":21,"gold_loss":0,"cards_obtained":["Ghostly","Ghostly","Ghostly"]},{"damage_healed":0,"gold_gain":0,"player_choice":"Joined the Cult","damage_taken":6,"max_hp_gain":0,"max_hp_loss":0,"event_name":"Nest","floor":23,"gold_loss":0,"cards_obtained":["RitualDagger"]},{"damage_healed":0,"gold_gain":100,"player_choice":"Bet on Murderer","damage_taken":0,"max_hp_gain":0,"max_hp_loss":0,"event_name":"The Joust","floor":30,"gold_loss":50},{"damage_healed":0,"gold_gain":0,"player_choice":"Paid Gold","damage_taken":0,"relics_obtained":["Boot"],"max_hp_gain":0,"max_hp_loss":0,"event_name":"WeMeetAgain","floor":39,"gold_loss":136}],"is_beta":false,"boss_relics":[{"not_picked":["Inserter","Philosopher\u0027s Stone"],"picked":"Runic Pyramid"},{"not_picked":["Tiny House","Snecko Eye"],"picked":"Cursed Key"}],"items_purged_floors":[22,47],"is_endless":false,"potions_floor_spawned":[7,10,11,16,18,27,29,31,33,40,46,48,55],"ascension_level":20}}