{"host":"1poy056mauca3bbh","time":1613796382,"event":{"mods":["Ascension Unlocker","BaseMod","Bestiary","Block Reminder","Colored Map","Colored Powertips","Curses Come First","Highlight Path","Minty Spire (QoL Compilation)","Permanent Neow","Quick Restart","Rare Cards Sparkle","Relic Stats","Smile Girya","StSLib","UnlockEverythingMod"],"gold_per_floor":[117,136,7,7,18,18,36,36,90,116,160,183,195,132,144,156,156],"floor_reached":16,"language":"ENG","playtime":937,"items_purged":["Strike_G"],"score":204,"play_id":"a84e5c64-9b0a-40fd-bd8f-fe956c34bdfd","local_time":"20210219234622","is_ascension_mode":true,"campfire_choices":[{"data":"Prepared","floor":6.0,"key":"SMITH"},{"floor":8.0,"key":"REST"},{"floor":13.0,"key":"REST"},{"floor":15,"key":"REST"}],"circlet_count":0,"master_deck":["AscendersBane","Strike_G","Strike_G","Defend_G","Defend_G","Defend_G","Survivor","Neutralize","Bouncing Flask+1","Grand Finale+1","Crippling Poison+1","Acrobatics","Noxious Fumes","Acrobatics","Prepared+1","Footwork","Grand Finale","Acrobatics","Backflip"],"relics":["Astrolabe","PreservedInsect","MawBank","WingedGreaves"],"acts_visited":["Exordium"],"potions_floor_usage":[16,16],"damage_taken":[{"damage":3.0,"enemies":"Cultist","floor":1.0,"turns":4.0},{"damage":1.0,"enemies":"2 Louse","floor":2.0,"turns":4.0},{"damage":4.0,"enemies":"Jaw Worm","floor":5.0,"turns":3.0},{"damage":16.0,"enemies":"Red Slaver","floor":7.0,"turns":6.0},{"damage":35.0,"enemies":"Large Slime","floor":10.0,"turns":7.0},{"damage":7.0,"enemies":"3 Sentries","floor":11.0,"turns":2.0},{"damage":4.0,"enemies":"Blue Slaver","floor":12.0,"turns":4.0},{"damage":53,"enemies":"Slime Boss","floor":16,"turns":9}],"seed_played":"5224254274628292339","potions_obtained":[{"floor":10.0,"key":"GhostInAJar"},{"floor":12.0,"key":"Explosive Potion"}],"is_trial":false,"path_per_floor":["M","M","$","T","M","R","M","R","T","M","E","M","R","?","R","B"],"character_chosen":"THE_SILENT","items_purchased":["Acrobatics"],"campfire_rested":3,"item_purchase_floors":[3],"current_hp_per_floor":[56,55,55,55,51,51,35,54,54,19,12,8,27,27,46,0,0],"gold":156,"neow_bonus":"BOSS_RELIC","is_daily":false,"chose_seed":false,"campfire_upgraded":1,"win_rate":0.0,"timestamp":1613796382,"path_taken":["M","M","$","?","M","R","?","R","T","M","E","M","R","?","R","BOSS"],"items_purchased_type":["Card"],"build_version":"2020-12-22","purchased_purges":1,"victory":false,"max_hp_per_floor":[66,66,66,66,66,66,66,66,66,66,66,66,66,66,66,66,66],"relic_stats":{"counters":[8,39],"Astrolabe":["Bouncing Flask","Grand Finale","Crippling Poison"],"PreservedInsect":33,"MawBank":84,"obtain_stats":[{"Astrolabe":0,"PreservedInsect":4,"WingedGreaves":11,"MawBank":9,"Ring of the Snake":0},{"Astrolabe":0,"PreservedInsect":2,"WingedGreaves":6,"MawBank":4,"Ring of the Snake":0},{"Astrolabe":0,"PreservedInsect":8,"WingedGreaves":26,"MawBank":17,"Ring of the Snake":0}]},"card_choices":[{"not_picked":["Deflect","Setup"],"picked":"Acrobatics","floor":1.0},{"not_picked":["Dagger Spray","Cloak And Dagger"],"picked":"Noxious Fumes","floor":2.0},{"not_picked":["Dagger Throw","Flying Knee"],"picked":"Prepared","floor":5.0},{"not_picked":["Crippling Poison","Deflect"],"picked":"Footwork","floor":7.0},{"not_picked":["Expertise","Predator"],"picked":"Grand Finale","floor":10.0},{"not_picked":["Poisoned Stab","Riddle With Holes"],"picked":"Acrobatics","floor":11.0},{"not_picked":["Slice","Blade Dance"],"picked":"Backflip","floor":12.0}],"player_experience":163517,"relics_obtained":[{"floor":4.0,"key":"PreservedInsect"},{"floor":9.0,"key":"MawBank"},{"floor":11.0,"key":"WingedGreaves"}],"event_choices":[{"cards_removed":["Strike_G"],"damage_healed":0.0,"max_hp_gain":0.0,"max_hp_loss":0.0,"gold_gain":0.0,"event_name":"The Cleric","player_choice":"Card Removal","floor":14.0,"gold_loss":75.0,"damage_taken":0.0}],"is_beta":false,"boss_relics":[],"items_purged_floors":[3],"is_endless":false,"potions_floor_spawned":[10,12],"killed_by":"Slime Boss","ascension_level":20}}