{"host":"kn32u0f2pym5bozc","time":1613814127,"event":{"mods":["2.2 Compatiblity","BaseMod","Better Third Choice","Decade(???)","Minty Spire (QoL Compilation)","Permanent Neow","Relic Stats","StSLib","The Animator"],"gold_per_floor":[126,141,154,170,270,316,316,329,329,329,340,375,388,408,408,408,408],"floor_reached":16,"language":"ENG","playtime":1231,"items_purged":[],"score":174,"play_id":"642fadb9-1011-437c-bb38-49dca5c267f4","local_time":"20210220044207","is_ascension_mode":true,"campfire_choices":[{"floor":7.0,"key":"REST"},{"data":"animator:Hakurou","floor":10.0,"key":"SMITH"},{"data":"animator:Benimaru","floor":15.0,"key":"SMITH"}],"circlet_count":0,"master_deck":["AscendersBane","animator:Strike_TenSura","animator:Defend_TenSura","animator:Strike","animator:Strike","animator:Defend","animator:Defend","animator:Defend","animator:Benimaru+1","animator:Shuna","animator:Shalltear","animator:Souei","animator:Ara","animator:Viivi","animator:Hakurou+1","animator:MetalKnight","animator:Sebas","animator:YaoHaDucy","animator:Souei","animator:Spearman","animator:Shuna"],"relics":["animator:LivingPicture","animator:TheMissingPiece","animator:PurgingStone","PreservedInsect","Art of War","Strawberry"],"acts_visited":["Exordium"],"potions_floor_usage":[16],"damage_taken":[{"damage":0.0,"enemies":"2 Louse","floor":1.0,"turns":4.0},{"damage":0.0,"enemies":"Cultist","floor":2.0,"turns":4.0},{"damage":2.0,"enemies":"Jaw Worm","floor":3.0,"turns":5.0},{"damage":5.0,"enemies":"Blue Slaver","floor":4.0,"turns":4.0},{"damage":37.0,"enemies":"3 Sentries","floor":6.0,"turns":9.0},{"damage":4.0,"enemies":"Lots of Slimes","floor":8.0,"turns":4.0},{"damage":6.0,"enemies":"2 Fungi Beasts","floor":11.0,"turns":5.0},{"damage":12.0,"enemies":"Gremlin Nob","floor":12.0,"turns":4.0},{"damage":0.0,"enemies":"Exordium Thugs","floor":13.0,"turns":5.0},{"damage":2.0,"enemies":"Gremlin Gang","floor":14.0,"turns":5.0},{"damage":25,"enemies":"Slime Boss","floor":16,"turns":6}],"seed_played":"-8615746956765517828","potions_obtained":[{"floor":1.0,"key":"Ancient Potion"},{"floor":4.0,"key":"SpeedPotion"},{"floor":8.0,"key":"BlessingOfTheForge"},{"floor":12.0,"key":"SkillPotion"},{"floor":13.0,"key":"Energy Potion"}],"is_trial":false,"path_per_floor":["M","M","M","M","?","E","R","M","T","R","M","E","M","M","R","B"],"character_chosen":"THE_ANIMATOR","items_purchased":[],"campfire_rested":1,"item_purchase_floors":[],"current_hp_per_floor":[59,59,57,53,53,16,36,32,32,32,26,21,21,19,19,0,0],"gold":408,"neow_bonus":"TRANSFORM_CARD","is_daily":false,"chose_seed":false,"campfire_upgraded":2,"win_rate":0.0,"timestamp":1613814127,"path_taken":["M","M","M","M","?","E","R","M","T","R","M","E","M","?","R","BOSS"],"items_purchased_type":[],"build_version":"2020-12-22","purchased_purges":0,"victory":false,"max_hp_per_floor":[66,66,66,67,67,67,67,67,67,67,67,74,74,74,74,74,74],"relic_stats":{"counters":[11,55],"PreservedInsect":22,"Art of War":[0],"obtain_stats":[{"animator:PurgingStone":0,"animator:TheMissingPiece":0,"Strawberry":12,"animator:LivingPicture":0,"PreservedInsect":6,"Art of War":9},{"animator:PurgingStone":0,"animator:TheMissingPiece":0,"Strawberry":8,"animator:LivingPicture":0,"PreservedInsect":5,"Art of War":6},{"animator:PurgingStone":0,"animator:TheMissingPiece":0,"Strawberry":39,"animator:LivingPicture":0,"PreservedInsect":26,"Art of War":30}]},"card_choices":[{"not_picked":["animator:DolaStephanie","animator:Darkness"],"picked":"animator:Souei","floor":1.0},{"not_picked":["animator:Konayuki","animator:Geryuganshoop"],"picked":"animator:Ara","floor":2.0},{"not_picked":["animator:YaoHaDucy","animator:LeleiLaLalena"],"picked":"animator:Viivi","floor":3.0},{"not_picked":["animator:Shion","animator:GazelDwargon"],"picked":"animator:Hakurou","floor":4.0},{"not_picked":["animator:Priestess","animator:HiiragiShinya"],"picked":"animator:MetalKnight","floor":6.0},{"not_picked":["animator:DolaCouronne","animator:Mitsuba"],"picked":"animator:Sebas","floor":8.0},{"not_picked":["animator:Vanir","animator:Guren"],"picked":"animator:YaoHaDucy","floor":11.0},{"not_picked":["animator:Hakurou","animator:Shion"],"picked":"animator:Souei","floor":12.0},{"not_picked":["animator:Aqua","animator:Mitsurugi"],"picked":"animator:Spearman","floor":13.0},{"not_picked":["animator:Shalltear","animator:LizardPriest"],"picked":"animator:Shuna","floor":14.0}],"player_experience":950733,"relics_obtained":[{"floor":6.0,"key":"PreservedInsect"},{"floor":9.0,"key":"Art of War"},{"floor":12.0,"key":"Strawberry"}],"event_choices":[{"damage_healed":0.0,"max_hp_gain":0.0,"max_hp_loss":0.0,"gold_gain":100.0,"event_name":"Golden Shrine","player_choice":"Pray","floor":5.0,"gold_loss":0.0,"damage_taken":0.0}],"is_beta":false,"boss_relics":[],"items_purged_floors":[],"is_endless":false,"potions_floor_spawned":[1,4,8,12,13],"killed_by":"Slime Boss","ascension_level":10}}