{"host":"vrsxkkch9ccrec7k","time":1613803285,"event":{"mods":["Act Like it!","BaseMod","Bestiary","Better Altar","Better Match","Better Note","Better Sensory Stone","Better Skull","Better Third Choice","Better Vampires","Downfall","Minty Spire (QoL Compilation)","Permanent Neow","Relic Stats","Spicy Shops","StSLib"],"gold_per_floor":[109,136,155,171,19,46,46,73,141,141,52,79,95,95,95,173,173,190,190,240,240,240,240,5,32,56,89,189,189,189,208,208,282,282,302,14,26,40,55,82,93,93,145,177,10,28,28,28,28,28],"floor_reached":51,"language":"ENG","playtime":3371,"items_purged":["Strike_G","Strike_G"],"score":1505,"play_id":"22095674-5c06-4238-b969-08835e3c5416","local_time":"20210220014125","is_ascension_mode":true,"campfire_choices":[{"floor":7,"key":"REST"},{"data":"Storm of Steel","floor":10,"key":"SMITH"},{"floor":15,"key":"REST"},{"data":"Neutralize","floor":23,"key":"SMITH"},{"floor":30,"key":"REST"},{"data":"Leg Sweep","floor":32,"key":"SMITH"},{"floor":42,"key":"REST"},{"data":"Accuracy","floor":47,"key":"SMITH"},{"floor":49,"key":"REST"}],"circlet_count":0,"master_deck":["AscendersBane","Defend_G","Defend_G","Defend_G","Defend_G","Defend_G","Survivor","Neutralize+1","Storm of Steel+1","Flying Knee","Blade Dance","All Out Attack","Dagger Throw","PiercingWail","Accuracy","Dagger Spray","Escape Plan","Die Die Die","Backflip+1","Slice","Well Laid Plans","downfall:Bewildered","Acrobatics","Leg Sweep+1","Bullet Time","CurseOfTheBell","Accuracy+1","Skewer","Riddle With Holes","Crippling Poison+1","PiercingWail","Outmaneuver+1"],"relics":["Ring of the Snake","bronze:BronzeIdol","Bronze Scales","champ:DuelingGlove","Gremlin Horn","Juzu Bracelet","Snecko Eye","sneckomod:BabySnecko","Medical Kit","TungstenRod","Toy Ornithopter","Blood Vial","hexamod:Sixitude","Paper Crane","Calling Bell","Art of War","Slimebound:PreparedRelic","StoneCalendar","PreservedInsect","Orichalcum","Oddly Smooth Stone","Pear","Vajra"],"acts_visited":["Exordium","TheCity","TheBeyond"],"potions_floor_usage":[8,8,16,28,28,39,39,44,48,50,50],"damage_taken":[{"damage":0,"enemies":"Cultist","floor":1,"turns":3},{"damage":3,"enemies":"2 Louse","floor":3,"turns":5},{"damage":1,"enemies":"Small Slimes","floor":4,"turns":6},{"damage":26,"enemies":"Gremlin Nob","floor":6,"turns":4},{"damage":12,"enemies":"Lagavulin","floor":8,"turns":5},{"damage":20,"enemies":"3 Sentries","floor":12,"turns":7},{"damage":0,"enemies":"2 Fungi Beasts","floor":13,"turns":2},{"damage":23,"enemies":"The Guardian","floor":16,"turns":12},{"damage":3,"enemies":"3 Byrds","floor":18,"turns":3},{"damage":9,"enemies":"Book of Stabbing","floor":25,"turns":4},{"damage":0,"enemies":"Gremlin Leader","floor":27,"turns":6},{"damage":9,"enemies":"Colosseum Slavers","floor":28,"turns":3},{"damage":15,"enemies":"Colosseum Nobs","floor":28,"turns":4},{"damage":4,"enemies":"2 Thieves","floor":31,"turns":2},{"damage":17,"enemies":"Champ","floor":33,"turns":14},{"damage":0,"enemies":"3 Shapes","floor":35,"turns":1},{"damage":0,"enemies":"Orb Walker","floor":37,"turns":2},{"damage":0,"enemies":"Sphere and 2 Shapes","floor":38,"turns":2},{"damage":34,"enemies":"Spire Growth","floor":39,"turns":6},{"damage":0,"enemies":"Reptomancer","floor":40,"turns":3},{"damage":26,"enemies":"Transient","floor":41,"turns":6},{"damage":17,"enemies":"Giant Head","floor":44,"turns":6},{"damage":0,"enemies":"Sphere and 2 Shapes","floor":46,"turns":3},{"damage":70,"enemies":"Time Eater","floor":50,"turns":12}],"seed_played":"2860760263947671783","potions_obtained":[{"floor":3,"key":"ColorlessPotion"},{"floor":6,"key":"SteroidPotion"},{"floor":8,"key":"Strength Potion"},{"floor":16,"key":"hexamod:SoulburnPotion"},{"floor":33,"key":"ColorlessPotion"},{"floor":38,"key":"Block Potion"},{"floor":41,"key":"Swift Potion"},{"floor":44,"key":"champ:CounterPotion"},{"floor":48,"key":"Fruit Juice"},{"floor":48,"key":"Weak Potion"}],"is_trial":false,"path_per_floor":["M","T","M","M","$","E","R","E","T","R","$","E","M","?","R","B",null,"M","?","?","?","?","R","$","E","T","E","?","?","R","M","R","B",null,"M","$","M","M","M","E","M","R","T","E","$","M","R","?","R","B",null],"character_chosen":"THE_SILENT","items_purchased":["All Out Attack","Accuracy","Medical Kit","SkillPotion","PreservedInsect","Accuracy","Block Potion","Vajra"],"campfire_rested":5,"item_purchase_floors":[5,11,24,24,36,36,36,45],"current_hp_per_floor":[59,59,56,55,55,29,48,36,36,36,36,16,16,16,35,12,53,50,50,50,50,50,50,50,41,41,41,31,32,51,49,49,34,58,60,60,62,64,32,34,10,29,29,29,29,31,31,41,65,7],"gold":28,"neow_bonus":"TRANSFORM_CARD","is_daily":false,"chose_seed":false,"campfire_upgraded":4,"win_rate":0.0,"timestamp":1613803285,"path_taken":["M","?","M","M","$","E","R","E","T","R","$","E","M","?","R","BOSS","M","?","?","?","?","R","$","E","T","E","?","?","R","M","R","BOSS","M","?","M","M","M","E","M","R","T","E","$","M","R","?","R","BOSS"],"items_purchased_type":["Card","Card","Relic","Potion","Relic","Card","Potion","Relic"],"build_version":"2020-12-22","purchased_purges":2,"victory":true,"max_hp_per_floor":[66,66,66,66,66,66,66,66,66,66,66,66,66,66,66,66,66,66,66,66,66,66,66,66,66,66,66,66,66,66,66,66,66,66,66,66,66,66,66,66,66,66,66,76,76,76,76,81,81,81],"relic_stats":{"Gremlin Horn":[22,25],"counters":[24,121],"StoneCalendar":[52],"PreservedInsect":191,"Juzu Bracelet":3,"Orichalcum":[42],"Medical Kit":[2],"Blood Vial":26,"Bronze Scales":[280],"Snecko Eye":[162,180,167,156],"Art of War":[6],"obtain_stats":[{"champ:DuelingGlove":8,"Pear":44,"Gremlin Horn":9,"hexamod:Sixitude":28,"Oddly Smooth Stone":43,"Vajra":45,"StoneCalendar":34,"PreservedInsect":36,"Juzu Bracelet":12,"Paper Crane":28,"Orichalcum":40,"Medical Kit":24,"bronze:BronzeIdol":2,"Blood Vial":27,"Calling Bell":34,"sneckomod:BabySnecko":22,"Bronze Scales":6,"Snecko Eye":17,"Slimebound:PreparedRelic":34,"Art of War":34,"TungstenRod":25,"Toy Ornithopter":26,"Ring of the Snake":0},{"champ:DuelingGlove":5,"Pear":22,"Gremlin Horn":5,"hexamod:Sixitude":13,"Oddly Smooth Stone":21,"Vajra":22,"StoneCalendar":15,"PreservedInsect":16,"Juzu Bracelet":6,"Paper Crane":13,"Orichalcum":20,"Medical Kit":9,"bronze:BronzeIdol":1,"Blood Vial":11,"Calling Bell":15,"sneckomod:BabySnecko":9,"Bronze Scales":4,"Snecko Eye":8,"Slimebound:PreparedRelic":15,"Art of War":15,"TungstenRod":10,"Toy Ornithopter":10,"Ring of the Snake":0},{"champ:DuelingGlove":23,"Pear":106,"Gremlin Horn":23,"hexamod:Sixitude":64,"Oddly Smooth Stone":100,"Vajra":106,"StoneCalendar":80,"PreservedInsect":81,"Juzu Bracelet":30,"Paper Crane":64,"Orichalcum":94,"Medical Kit":47,"bronze:BronzeIdol":3,"Blood Vial":57,"Calling Bell":80,"sneckomod:BabySnecko":47,"Bronze Scales":18,"Snecko Eye":44,"Slimebound:PreparedRelic":80,"Art of War":80,"TungstenRod":51,"Toy Ornithopter":51,"Ring of the Snake":0}],"TungstenRod":29,"Toy Ornithopter":30,"Ring of the Snake":[48]},"card_choices":[{"not_picked":["Outmaneuver","Distraction","Underhanded Strike"],"picked":"SKIP","floor":1},{"not_picked":["Prepared","Cloak And Dagger"],"picked":"Flying Knee","floor":3},{"not_picked":["Acrobatics","Terror"],"picked":"Blade Dance","floor":4},{"not_picked":["Underhanded Strike","Terror"],"picked":"Dagger Throw","floor":6},{"not_picked":["Poisoned Stab","Outmaneuver"],"picked":"PiercingWail","floor":8},{"not_picked":["Reflex","PiercingWail"],"picked":"Dagger Spray","floor":12},{"not_picked":["Eviscerate","Bane"],"picked":"Escape Plan","floor":13},{"not_picked":["Night Terror","Tools of the Trade"],"picked":"Die Die Die","floor":16},{"not_picked":["Poisoned Stab","Setup"],"picked":"Backflip+1","floor":18},{"not_picked":["Sucker Punch","Well Laid Plans","Cloak And Dagger"],"picked":"SKIP","floor":25},{"not_picked":["Cloak And Dagger","Bane"],"picked":"Acrobatics","floor":27},{"not_picked":["Bane","Escape Plan"],"picked":"Leg Sweep","floor":31},{"not_picked":["Adrenaline","Unload"],"picked":"Bullet Time","floor":33},{"not_picked":["Slice","Deflect+1","Flying Knee+1"],"picked":"SKIP","floor":35},{"not_picked":["Die Die Die","Deadly Poison"],"picked":"Skewer","floor":37},{"not_picked":["Poisoned Stab+1","Dagger Spray","Dodge and Roll"],"picked":"SKIP","floor":38},{"not_picked":["Deflect","Distraction"],"picked":"Riddle With Holes","floor":39},{"not_picked":["Well Laid Plans+1","Quick Slash"],"picked":"Crippling Poison+1","floor":40},{"not_picked":["Dagger Throw","Blade Dance","Die Die Die"],"picked":"SKIP","floor":41},{"not_picked":["Dagger Spray","Flying Knee"],"picked":"PiercingWail","floor":44},{"not_picked":["Cloak And Dagger","Masterful Stab+1"],"picked":"Outmaneuver+1","floor":46}],"player_experience":1973871,"relics_obtained":[{"floor":2,"key":"bronze:BronzeIdol"},{"floor":6,"key":"Bronze Scales"},{"floor":8,"key":"champ:DuelingGlove"},{"floor":9,"key":"Gremlin Horn"},{"floor":12,"key":"Juzu Bracelet"},{"floor":25,"key":"TungstenRod"},{"floor":26,"key":"Toy Ornithopter"},{"floor":27,"key":"Blood Vial"},{"floor":28,"key":"hexamod:Sixitude"},{"floor":28,"key":"Paper Crane"},{"floor":34,"key":"Art of War"},{"floor":34,"key":"Slimebound:PreparedRelic"},{"floor":34,"key":"StoneCalendar"},{"floor":40,"key":"Orichalcum"},{"floor":43,"key":"Oddly Smooth Stone"},{"floor":44,"key":"Pear"}],"event_choices":[{"damage_healed":0,"gold_gain":0,"player_choice":"Ignored","damage_taken":95,"max_hp_gain":0,"max_hp_loss":0,"event_name":"betterThird:BetterSerpent","floor":14,"gold_loss":0},{"damage_healed":0,"gold_gain":0,"cards_transformed":["Strike_G","Strike_G"],"player_choice":"Became Test Subject","damage_taken":0,"max_hp_gain":0,"max_hp_loss":0,"event_name":"Drug Dealer","floor":19,"gold_loss":0,"cards_obtained":["Slice","Well Laid Plans"]},{"damage_healed":0,"gold_gain":50,"player_choice":"Steal","damage_taken":0,"max_hp_gain":0,"max_hp_loss":0,"event_name":"betterThird:BetterNest","floor":20,"gold_loss":0},{"damage_healed":0,"gold_gain":0,"player_choice":"Fight","damage_taken":0,"max_hp_gain":0,"max_hp_loss":0,"event_name":"Colosseum","floor":28,"gold_loss":0},{"damage_healed":0,"gold_gain":0,"player_choice":"Fought Nobs","damage_taken":0,"max_hp_gain":0,"max_hp_loss":0,"event_name":"Colosseum","floor":28,"gold_loss":0},{"damage_healed":1,"gold_gain":0,"player_choice":"LEAVE ","damage_taken":0,"relics_obtained":[],"max_hp_gain":0,"max_hp_loss":0,"event_name":"betterSkull:BetterSkull","floor":29,"gold_loss":0,"cards_upgraded":[]},{"damage_healed":0,"gold_gain":0,"player_choice":"Got Potions","damage_taken":0,"max_hp_gain":0,"max_hp_loss":0,"event_name":"Lab","floor":48,"gold_loss":0}],"is_beta":false,"boss_relics":[{"not_picked":["Empty Cage","Fusion Hammer"],"picked":"Snecko Eye"},{"not_picked":["Tiny House","Velvet Choker"],"picked":"Calling Bell"}],"items_purged_floors":[5,24],"is_endless":false,"potions_floor_spawned":[3,6,8,16,28,33,38,41,44],"ascension_level":19}}