{"host":"pl1fbpkom0aq337f","time":1613819128,"event":{"mods":["AchievementEnabler","BaseMod","Colored Map","Minty Spire (QoL Compilation)"],"gold_per_floor":[117,131,142,142,158,184,184,217,217,241,166,177,17,67,67,77,77,153,153,140,158,207,224,224,224,249,299,299,299,299],"floor_reached":29,"language":"ENG","playtime":1034,"items_purged":["Strike_B"],"score":545,"play_id":"4eb0a930-5aa9-46bc-98fc-c3b9c0a57da2","local_time":"20210220120528","is_ascension_mode":true,"campfire_choices":[{"data":"Go for the Eyes","floor":7,"key":"SMITH"},{"data":"Genetic Algorithm","floor":15,"key":"SMITH"},{"floor":17,"key":"REST"}],"circlet_count":0,"master_deck":["AscendersBane","Strike_B","Strike_B","Strike_B","Defend_B","Defend_B+1","Defend_B","Defend_B","Zap","Dualcast","Mayhem","Undo","Go for the Eyes+1","Conserve Battery","Compile Driver","Ball Lightning","Genetic Algorithm+1","Self Repair","Biased Cognition","Hologram+1","Consume","Echo Form"],"relics":["Cracked Core","FaceOfCleric","Cables","InkBottle","Matryoshka","Regal Pillow","Bronze Scales","Runic Capacitor","Philosopher\u0027s Stone","Orichalcum","War Paint","Strawberry","Kunai"],"acts_visited":["Exordium","TheCity"],"potions_floor_usage":[6,8,18,23,26,26,26,29],"damage_taken":[{"damage":12,"enemies":"Jaw Worm","floor":1,"turns":3},{"damage":6,"enemies":"Cultist","floor":2,"turns":4},{"damage":0,"enemies":"Small Slimes","floor":3,"turns":4},{"damage":6,"enemies":"Red Slaver","floor":5,"turns":4},{"damage":15,"enemies":"Lagavulin","floor":6,"turns":7},{"damage":15,"enemies":"Gremlin Nob","floor":8,"turns":4},{"damage":1,"enemies":"Blue Slaver","floor":12,"turns":3},{"damage":2,"enemies":"Large Slime","floor":16,"turns":5},{"damage":0,"enemies":"Slime Boss","floor":18,"turns":6},{"damage":24,"enemies":"2 Thieves","floor":20,"turns":4},{"damage":10,"enemies":"Spheric Guardian","floor":21,"turns":3},{"damage":17,"enemies":"Shelled Parasite and Fungi","floor":23,"turns":6},{"damage":16,"enemies":"Slavers","floor":26,"turns":2},{"damage":34,"enemies":"Sentry and Sphere","floor":29,"turns":3}],"seed_played":"-666001540075261679","potions_obtained":[{"floor":3,"key":"ColorlessPotion"},{"floor":5,"key":"FearPotion"},{"floor":8,"key":"EssenceOfSteel"},{"floor":16,"key":"ColorlessPotion"},{"floor":18,"key":"EntropicBrew"},{"floor":26,"key":"AttackPotion"}],"is_trial":false,"path_per_floor":["M","M","M","?","M","E","R","E","T","T","$","M","$","?","R","M","R","B",null,"M","M","T","M","?","?","E","?","T","M"],"character_chosen":"DEFECT","items_purchased":["Runic Capacitor"],"campfire_rested":1,"item_purchase_floors":[13],"current_hp_per_floor":[52,46,46,46,41,27,27,13,13,13,13,13,13,13,13,19,54,62,68,52,50,50,41,41,41,33,33,33,0,0],"gold":299,"neow_bonus":"RANDOM_COLORLESS_2","is_daily":false,"chose_seed":false,"campfire_upgraded":2,"win_rate":0.0,"timestamp":1613819128,"path_taken":["M","M","M","?","?","E","R","E","T","T","$","M","$","?","R","M","R","BOSS","M","M","?","M","?","?","E","?","?","M"],"items_purchased_type":["Relic"],"build_version":"2020-12-22","purchased_purges":1,"victory":false,"max_hp_per_floor":[64,64,64,64,65,66,66,67,67,67,67,68,68,68,68,69,69,70,70,71,72,72,73,73,73,81,81,81,81,81],"card_choices":[{"not_picked":["Panache","Thinking Ahead"],"picked":"Mayhem","floor":0},{"not_picked":["Redo","Streamline"],"picked":"Undo","floor":1},{"not_picked":["Aggregate","Hyperbeam"],"picked":"Go for the Eyes","floor":2},{"not_picked":["Leap","Sweeping Beam"],"picked":"Conserve Battery","floor":3},{"not_picked":["Chill","Go for the Eyes"],"picked":"Compile Driver","floor":5},{"not_picked":["Leap","Hologram"],"picked":"Ball Lightning","floor":6},{"not_picked":["Coolheaded","Conserve Battery"],"picked":"Genetic Algorithm","floor":8},{"not_picked":["Coolheaded","Aggregate"],"picked":"Self Repair","floor":12},{"not_picked":["Steam","Redo","Sunder"],"picked":"SKIP","floor":16},{"not_picked":["Reboot","All For One"],"picked":"Biased Cognition","floor":18},{"not_picked":["Gash","Beam Cell"],"picked":"Hologram","floor":20},{"not_picked":["Tempest","Cold Snap"],"picked":"Consume","floor":21},{"not_picked":["FTL","Reinforced Body","Go for the Eyes"],"picked":"SKIP","floor":23},{"not_picked":["Reinforced Body","Stack","Redo+1"],"picked":"SKIP","floor":26}],"player_experience":478594,"relics_obtained":[{"floor":6,"key":"Cables"},{"floor":8,"key":"InkBottle"},{"floor":9,"key":"Matryoshka"},{"floor":10,"key":"Regal Pillow"},{"floor":10,"key":"Bronze Scales"},{"floor":22,"key":"Orichalcum"},{"floor":22,"key":"War Paint"},{"floor":26,"key":"Strawberry"},{"floor":28,"key":"Kunai"}],"event_choices":[{"damage_healed":0,"gold_gain":0,"player_choice":"Trade","damage_taken":0,"relics_obtained":["FaceOfCleric"],"max_hp_gain":0,"max_hp_loss":0,"event_name":"FaceTrader","floor":4,"gold_loss":0},{"damage_healed":0,"gold_gain":50,"player_choice":"Pray","damage_taken":0,"max_hp_gain":0,"max_hp_loss":0,"event_name":"Golden Shrine","floor":14,"gold_loss":0},{"damage_healed":0,"gold_gain":0,"player_choice":"Read","damage_taken":0,"max_hp_gain":0,"max_hp_loss":0,"event_name":"The Library","floor":24,"gold_loss":0,"cards_obtained":["Echo Form"]},{"damage_healed":0,"gold_gain":0,"player_choice":"Ignored","damage_taken":0,"max_hp_gain":0,"max_hp_loss":0,"event_name":"Vampires","floor":25,"gold_loss":0},{"damage_healed":0,"gold_gain":50,"player_choice":"Stole From Cult","damage_taken":0,"max_hp_gain":0,"max_hp_loss":0,"event_name":"Nest","floor":27,"gold_loss":0}],"is_beta":false,"boss_relics":[{"not_picked":["Tiny House","Ectoplasm"],"picked":"Philosopher\u0027s Stone"}],"items_purged_floors":[11],"is_endless":false,"potions_floor_spawned":[3,5,8,16,18,20,26],"killed_by":"Sentry and Sphere","ascension_level":16}}