{"host":"r0earp1tzo6y5weu","time":1613843928,"event":{"mods":["AchievementEnabler","Act Like it!","BaseMod","Colored Map","Colored Powertips","Googly Eyes","Highlight Path","Minty Spire (QoL Compilation)","Quick Restart","StSLib","The Poker Player"],"gold_per_floor":[17,317,492,492,492,519,594,606,606,149,172,183,195,229,229,324,324,335,346,546,146,158,193,193,206,279,289,68,68,86,98,98,201,201,218,218,65,1064,375,401,401,415,415,415,415,415],"floor_reached":44,"language":"ENG","playtime":9226,"items_purged":["Normality"],"score":615,"play_id":"e81b7ce9-01a5-4f0f-9de0-69ba246db470","local_time":"20210220185848","is_ascension_mode":true,"metric_token":722,"campfire_choices":[{"data":"PokerPlayerMod:ItsShowtime","floor":15.0,"key":"SMITH"},{"floor":24.0,"key":"RECALL"},{"floor":29.0,"key":"REST"},{"data":"PokerPlayerMod:FakeSymbols","floor":32.0,"key":"SMITH"}],"circlet_count":0,"master_deck":["PokerPlayerMod:Diamond2","PokerPlayerMod:Diamond3","PokerPlayerMod:Diamond4","PokerPlayerMod:Diamond5","PokerPlayerMod:Spade5","PokerPlayerMod:Spade3","PokerPlayerMod:Spade4","PokerPlayerMod:Club2","PokerPlayerMod:Heart2","PokerPlayerMod:TrumpStrike","PokerPlayerMod:BadJoker+1","PokerPlayerMod:Mulligan+1","PokerPlayerMod:Duplicate+1","PokerPlayerMod:Club3","PokerPlayerMod:ItsShowtime+1","PokerPlayerMod:Club6","PokerPlayerMod:Heart9","PokerPlayerMod:Diamond7","PokerPlayerMod:WildCard","PokerPlayerMod:Manipulation+1","PokerPlayerMod:Diamond6","PokerPlayerMod:Diamond8","PokerPlayerMod:DamnStraight","PokerPlayerMod:ClubShade","PokerPlayerMod:Diamond9","PokerPlayerMod:Club4","PokerPlayerMod:Sharpen","PokerPlayerMod:FakeSymbols+1","PokerPlayerMod:Diamond7","PokerPlayerMod:Diamond10+","PokerPlayerMod:TheDieIsCast","Doubt"],"relics":["PokerPlayerMod:DeckCase","Old Coin","Ancient Tea Set","Mercury Hourglass","PokerPlayerMod:PenAndEraser","War Paint","Vajra","Kunai","Astrolabe","Pear","Potion Belt","PokerPlayerMod:BottledPoker","Frozen Eye","Black Star","PokerPlayerMod:PendantOfEscape","PokerPlayerMod:Splitter","Strange Spoon","TungstenRod","Pen Nib","Bronze Scales"],"acts_visited":["Exordium","TheCity","TheBeyond"],"potions_floor_usage":[42],"damage_taken":[{"damage":0.0,"enemies":"Cultist","floor":1.0,"turns":2.0},{"damage":20.0,"enemies":"Lagavulin","floor":6.0,"turns":5.0},{"damage":0.0,"enemies":"Small Slimes","floor":8.0,"turns":1.0},{"damage":0.0,"enemies":"Jaw Worm","floor":12.0,"turns":2.0},{"damage":0.0,"enemies":"Large Slime","floor":13.0,"turns":2.0},{"damage":0.0,"enemies":"Gremlin Nob","floor":14.0,"turns":2.0},{"damage":26.0,"enemies":"Hexaghost","floor":16.0,"turns":8.0},{"damage":0.0,"enemies":"Spheric Guardian","floor":18.0,"turns":1.0},{"damage":12.0,"enemies":"Chosen","floor":19.0,"turns":3.0},{"damage":11.0,"enemies":"3 Cultists","floor":22.0,"turns":4.0},{"damage":41.0,"enemies":"Slavers","floor":23.0,"turns":3.0},{"damage":12.0,"enemies":"Centurion and Healer","floor":25.0,"turns":3.0},{"damage":12.0,"enemies":"Cultist and Chosen","floor":27.0,"turns":2.0},{"damage":24.0,"enemies":"Snake Plant","floor":30.0,"turns":3.0},{"damage":0.0,"enemies":"Shelled Parasite and Fungi","floor":31.0,"turns":1.0},{"damage":45.0,"enemies":"Champ","floor":33.0,"turns":8.0},{"damage":0.0,"enemies":"3 Shapes","floor":35.0,"turns":1.0},{"damage":65.0,"enemies":"Reptomancer","floor":40.0,"turns":7.0},{"damage":10,"enemies":"Orb Walker","floor":42,"turns":2},{"damage":14,"enemies":"Maw","floor":44,"turns":4}],"seed_played":"-3627460811292920326","potions_obtained":[{"floor":1.0,"key":"LiquidMemories"},{"floor":12.0,"key":"SteroidPotion"},{"floor":14.0,"key":"Explosive Potion"},{"floor":18.0,"key":"Block Potion"},{"floor":22.0,"key":"Explosive Potion"},{"floor":30.0,"key":"Fire Potion"},{"floor":31.0,"key":"Fire Potion"}],"is_trial":false,"path_per_floor":["M","T","?","?","?","E","?","M","T","$","T","M","M","E","R","B",null,"M","M","?","$","M","E","R","M","T","M","$","R","M","M","R","B",null,"M","?","$","?","$","E","?","M","T","M"],"character_chosen":"THE_POKER_PLAYER","items_purchased":["PokerPlayerMod:PenAndEraser","War Paint","PokerPlayerMod:Heart9","PokerPlayerMod:ClubShade","Pear","PokerPlayerMod:Diamond9","PokerPlayerMod:FakeSymbols","Frozen Eye","PokerPlayerMod:PendantOfEscape","PokerPlayerMod:Splitter","Strange Spoon","TungstenRod"],"campfire_rested":1,"item_purchase_floors":[10,10,10,21,21,21,28,28,37,39,39,39],"current_hp_per_floor":[52,52,52,52,45,29,18,18,18,18,18,43,52,52,52,26,52,52,52,52,62,51,26,26,42,42,30,30,48,37,37,37,17,62,62,62,62,62,62,14,14,4,4,0,0,0],"gold":415,"neow_bonus":"THREE_RARE_CARDS","is_daily":false,"chose_seed":false,"campfire_upgraded":2,"win_rate":0.0,"timestamp":1613843928,"path_taken":["M","?","?","?","?","E","?","?","T","$","?","M","M","E","R","BOSS","M","M","?","?","M","E","R","M","T","?","$","R","M","M","R","BOSS","M","?","$","?","$","E","?","?","T","M"],"items_purchased_type":["Relic","Relic","Card","Card","Relic","Card","Card","Relic","Relic","Relic","Relic","Relic"],"build_version":"2020-12-22","purchased_purges":1,"victory":false,"max_hp_per_floor":[52,52,52,52,52,52,52,52,52,52,52,52,52,52,52,52,52,52,52,52,62,62,62,62,62,62,62,62,62,62,62,62,62,62,62,62,62,62,62,62,62,62,62,62,62,62],"card_choices":[{"not_picked":["PokerPlayerMod:WasteCollection","PokerPlayerMod:StackedDeck"],"picked":"PokerPlayerMod:Duplicate","floor":0.0},{"not_picked":["PokerPlayerMod:DartThrow","PokerPlayerMod:Spade4"],"picked":"PokerPlayerMod:Club3","floor":1.0},{"not_picked":["PokerPlayerMod:Heart4","PokerPlayerMod:ClubDance"],"picked":"PokerPlayerMod:ItsShowtime","floor":6.0},{"not_picked":["PokerPlayerMod:Diamond5","PokerPlayerMod:Spade1"],"picked":"PokerPlayerMod:Club3","floor":8.0},{"not_picked":["PokerPlayerMod:Fold","PokerPlayerMod:DiamondStrike","PokerPlayerMod:Diamond1"],"picked":"SKIP","floor":12.0},{"not_picked":["PokerPlayerMod:CloakAndDiamond","PokerPlayerMod:Club6"],"picked":"PokerPlayerMod:Diamond7","floor":13.0},{"not_picked":["PokerPlayerMod:Diamond1","PokerPlayerMod:Diamond2","PokerPlayerMod:SpadeStrike"],"picked":"SKIP","floor":14.0},{"not_picked":["PokerPlayerMod:Diamond8","PokerPlayerMod:StackedDeck"],"picked":"PokerPlayerMod:WildCard","floor":16.0},{"not_picked":["PokerPlayerMod:Diamond1","PokerPlayerMod:Overdeal"],"picked":"PokerPlayerMod:DamnStraight","floor":18.0},{"not_picked":["PokerPlayerMod:Diamond6","PokerPlayerMod:Diamond1","PokerPlayerMod:CardBurn"],"picked":"SKIP","floor":19.0},{"not_picked":["PokerPlayerMod:Spade1","PokerPlayerMod:DiamondStrike+1","PokerPlayerMod:Spade4"],"picked":"SKIP","floor":22.0},{"not_picked":["PokerPlayerMod:CardPrinter","PokerPlayerMod:FillThePot"],"picked":"PokerPlayerMod:Club4","floor":23.0},{"not_picked":["PokerPlayerMod:Spade4","PokerPlayerMod:RiskyBet","PokerPlayerMod:FlyingCard"],"picked":"SKIP","floor":25.0},{"not_picked":["PokerPlayerMod:ClubDance+1","PokerPlayerMod:ClubsClub"],"picked":"PokerPlayerMod:Sharpen","floor":27.0},{"not_picked":["PokerPlayerMod:JackOfSpades","PokerPlayerMod:ClubShade"],"picked":"PokerPlayerMod:Diamond7","floor":30.0},{"not_picked":["PokerPlayerMod:Diamond5","PokerPlayerMod:RiskyBet","PokerPlayerMod:Club1"],"picked":"SKIP","floor":31.0},{"not_picked":["PokerPlayerMod:ChangeRules","PokerPlayerMod:Club8"],"picked":"PokerPlayerMod:Diamond10+","floor":33.0},{"not_picked":["PokerPlayerMod:Spade3","PokerPlayerMod:JackOfSpades+1","PokerPlayerMod:Club4"],"picked":"SKIP","floor":35.0},{"not_picked":["PokerPlayerMod:Raise","PokerPlayerMod:Diamond3"],"picked":"PokerPlayerMod:TheDieIsCast","floor":40.0},{"not_picked":["PokerPlayerMod:Diamond1","PokerPlayerMod:Diamond4","PokerPlayerMod:Spade3"],"picked":"SKIP","floor":42}],"player_experience":342969,"relics_obtained":[{"floor":2.0,"key":"Old Coin"},{"floor":6.0,"key":"Ancient Tea Set"},{"floor":9.0,"key":"Mercury Hourglass"},{"floor":11.0,"key":"Vajra"},{"floor":14.0,"key":"Kunai"},{"floor":23.0,"key":"Potion Belt"},{"floor":26.0,"key":"PokerPlayerMod:BottledPoker"},{"floor":40.0,"key":"Pen Nib"},{"floor":40.0,"key":"Bronze Scales"}],"event_choices":[{"damage_healed":0.0,"max_hp_gain":0.0,"max_hp_loss":0.0,"gold_gain":175.0,"event_name":"Liars Game","player_choice":"AGREE","floor":3.0,"gold_loss":0.0,"damage_taken":0.0,"cards_obtained":["Doubt"]},{"damage_healed":0.0,"max_hp_gain":0.0,"max_hp_loss":0.0,"gold_gain":0.0,"event_name":"Living Wall","player_choice":"Grow","floor":4.0,"gold_loss":0.0,"damage_taken":0.0,"cards_upgraded":["PokerPlayerMod:Duplicate"]},{"cards_removed":["Doubt"],"damage_healed":0.0,"max_hp_gain":0.0,"max_hp_loss":0.0,"gold_gain":0.0,"event_name":"Golden Wing","player_choice":"Card Removal","floor":5.0,"gold_loss":0.0,"damage_taken":7.0},{"damage_healed":0.0,"max_hp_gain":0.0,"max_hp_loss":0.0,"gold_gain":75.0,"event_name":"World of Goop","player_choice":"Gather Gold","floor":7.0,"gold_loss":0.0,"damage_taken":11.0},{"damage_healed":0.0,"max_hp_gain":0.0,"max_hp_loss":0.0,"gold_gain":250.0,"event_name":"The Joust","player_choice":"Bet on Owner","floor":20.0,"gold_loss":50.0,"damage_taken":0.0},{"damage_healed":0.0,"max_hp_gain":0.0,"max_hp_loss":0.0,"gold_gain":0.0,"event_name":"Tomb of Lord Red Mask","player_choice":"Ignored","floor":36.0,"gold_loss":0.0,"damage_taken":0.0},{"damage_healed":0.0,"max_hp_gain":0.0,"max_hp_loss":0.0,"gold_gain":999.0,"event_name":"MindBloom","player_choice":"Gold","floor":38.0,"gold_loss":0.0,"damage_taken":0.0,"cards_obtained":["Normality","Normality"]},{"damage_healed":0.0,"max_hp_gain":0.0,"max_hp_loss":0.0,"gold_gain":0.0,"cards_transformed":["Normality"],"event_name":"Transmorgrifier","player_choice":"Transformed","floor":41.0,"gold_loss":0.0,"damage_taken":0.0,"cards_obtained":["Doubt"]}],"is_beta":false,"boss_relics":[{"not_picked":["Fusion Hammer","Coffee Dripper"],"picked":"Astrolabe"},{"not_picked":["Calling Bell","Philosopher\u0027s Stone"],"picked":"Black Star"}],"items_purged_floors":[39],"is_endless":false,"potions_floor_spawned":[1,12,14,18,22,30,31],"killed_by":"Maw","ascension_level":3}}