{"host":"3twtdwjpiqhvvn5s","time":1613841801,"event":{"mods":["AchievementEnabler","Act Like it!","Aspiration","BaseMod","BetterRewards","Colored Map","Colored Powertips","Downfall","Duelist Mod","Friendly Minions","GifTheSpireLib","Hermit","Hubris","Infinite Spire","Jorbs\u0027s Wanderer Trilogy","Koishi","KomeijiMod","Marisa????????","Minty Spire (QoL Compilation)","Quick Restart","Rare Cards Sparkle","Replay The Spire","Shop Mod","StSLib","Td1madao Mod","The Administrix","The Animator","The Bug Knight","The Caster","The Cursed","The Disciple","The Hierophant","The Necromancer","The Poker Player","The Runesmith","The Servant 0.9.4"],"gold_per_floor":[109,109,109,126,126,137,167,167,216,216,234,244,271,282,282,377,377,377,377,377],"floor_reached":18,"language":"ENG","playtime":4298,"items_purged":[],"score":222,"play_id":"6be6f39d-858f-447d-ba8f-770db373f1cd","local_time":"20210220112321","daily_mods":["Shiny","downfall:Jewelcrafting","DeadlyEvents"],"is_ascension_mode":false,"campfire_choices":[{"floor":8.0,"key":"REST"},{"data":"Guardian:ConstructionForm","floor":10.0,"key":"SMITH"},{"floor":15.0,"key":"REST"}],"circlet_count":0,"master_deck":["Guardian:StasisStrike","Guardian:StasisField","Guardian:ConstructionForm+1","Guardian:BaubleBeam","Guardian:FastForward","Guardian:HyperBeam_Guardian","Guardian:ExploitGems","Guardian:AncientConstruct","Guardian:TimeSifter","Guardian:SphericShield","Guardian:RevengeProtocol","Guardian:ExploitGems","Guardian:ExploitGems","Guardian:Gem_Synthetic"],"relics":["Chronometer","Guardian:PickAxe","bronze:AnalyticalCore","Blue Candle","infinitespire:Cubic Diamond","hubris:GlazedTorus","Slimebound:StickyStick","Anchor","Runic Pyramid"],"acts_visited":["Exordium","TheCity"],"potions_floor_usage":[],"damage_taken":[{"damage":0.0,"enemies":"Small Slimes","floor":1.0,"turns":3.0},{"damage":0.0,"enemies":"2 Louse","floor":4.0,"turns":3.0},{"damage":14.0,"enemies":"Jaw Worm","floor":6.0,"turns":6.0},{"damage":24.0,"enemies":"Lagavulin","floor":7.0,"turns":7.0},{"damage":19.0,"enemies":"Exordium Thugs","floor":11.0,"turns":6.0},{"damage":10.0,"enemies":"Looter","floor":12.0,"turns":3.0},{"damage":20.0,"enemies":"Gremlin Nob","floor":13.0,"turns":3.0},{"damage":1.0,"enemies":"Lots of Slimes","floor":14.0,"turns":5.0},{"damage":0.0,"enemies":"Slime Boss","floor":16.0,"turns":8.0},{"damage":0,"enemies":"Chosen","floor":18,"turns":2}],"seed_played":"-3845191247574060811","potions_obtained":[{"floor":1.0,"key":"Guardian:StasisDiscoveryPotion"},{"floor":6.0,"key":"Block Potion"},{"floor":12.0,"key":"SteroidPotion"},{"floor":14.0,"key":"Fire Potion"},{"floor":16.0,"key":"BlessingOfTheForge"}],"is_trial":true,"path_per_floor":["M","?","?","M","?","M","E","R","T","R","M","M","E","M","R","B",null,"M"],"character_chosen":"GUARDIAN","items_purchased":[],"campfire_rested":2,"item_purchase_floors":[],"current_hp_per_floor":[80,75,75,75,75,61,37,61,61,61,42,32,12,11,35,35,80,80,80,80],"gold":377,"neow_bonus":"","is_daily":false,"chose_seed":false,"campfire_upgraded":1,"win_rate":0.0,"timestamp":1613841801,"path_taken":["M","?","?","M","?","?","?","R","T","R","M","?","E","M","R","BOSS","M"],"items_purchased_type":[],"build_version":"2020-12-22","purchased_purges":0,"victory":false,"max_hp_per_floor":[80,80,80,80,80,80,80,80,80,80,80,80,80,80,80,80,80,80,80,80],"card_choices":[{"not_picked":["Guardian:Planning","Guardian:ArmoredProtocol","Guardian:Gem_Yellow"],"picked":"SKIP","floor":1.0},{"not_picked":["Guardian:PolyBeam","Guardian:PrimingBeam","Guardian:TemporalStrike"],"picked":"SKIP","floor":4.0},{"not_picked":["Guardian:Harden","Guardian:Gem_Lightblue","Guardian:FloatingOrbs"],"picked":"SKIP","floor":6.0},{"not_picked":["Guardian:Planning","Guardian:SentryBeam","Guardian:ChargeCore"],"picked":"SKIP","floor":7.0},{"not_picked":["Guardian:PolyBeam","Guardian:Repulse","Guardian:TemporalShield"],"picked":"SKIP","floor":11.0},{"not_picked":["Guardian:PrimingBeam","Guardian:Incinerate","Guardian:Gem_White"],"picked":"SKIP","floor":12.0},{"not_picked":["Guardian:Preprogram","Guardian:DonusPower","Guardian:Planning"],"picked":"SKIP","floor":13.0},{"not_picked":["Guardian:PrimingBeam","Guardian:SpikerProtocol","Guardian:TemporalShield"],"picked":"SKIP","floor":14.0},{"not_picked":["Guardian:Gem_Orange","Guardian:ConstructionForm"],"picked":"Guardian:Gem_Synthetic","floor":16.0}],"player_experience":3317123,"relics_obtained":[{"floor":7.0,"key":"hubris:GlazedTorus"},{"floor":9.0,"key":"Slimebound:StickyStick"},{"floor":13.0,"key":"Anchor"}],"event_choices":[],"is_beta":false,"boss_relics":[{"not_picked":["aspiration:RitualDagger","hubris:Backtick"],"picked":"Runic Pyramid"}],"items_purged_floors":[],"is_endless":false,"potions_floor_spawned":[1,6,12,14,16],"killed_by":"Chosen","ascension_level":0}}