{"host":"sfkslwp4t49i7lrt","time":1613820427,"event":{"mods":["100% Spire Juice","Act Like it!","BaseMod","Bestiary","Block Reminder","Downfall","Friendly Minions","Gensokyo","Highlight Path","Jorbs\u0027s Wanderer Trilogy","Lobotomy","Marisa????????","Minty Spire (QoL Compilation)","Relic Stats","Spire Arcade","StSLib","The Servant 0.9.4","Wide Potions","everything is the same but u backflip on backflip","slay the spire mod where everything is the same but ironclad has a cowboy hat"],"gold_per_floor":[117,135,135,149,149,149,40,40,40,40,69,69,84,114,114,209,209,219,219,219,219,219,219,219,219],"floor_reached":24,"language":"ENG","playtime":880,"items_purged":["Strike_G"],"score":225,"play_id":"832ed7d5-6c69-4f9f-a155-b0331641480d","local_time":"20210220182707","is_ascension_mode":false,"campfire_choices":[{"data":"Blade Dance","floor":6,"key":"SMITH"},{"data":"Crippling Poison","floor":10,"key":"SMITH"},{"floor":15,"key":"REST"},{"data":"Dodge and Roll","floor":23,"key":"SMITH"}],"circlet_count":0,"master_deck":["Strike_G","Strike_G","Strike_G","Strike_G","Defend_G","Defend_G","Defend_G","Defend_G","Defend_G","Survivor","Neutralize","Dodge and Roll+1","Crippling Poison+1","PiercingWail","Blade Dance+1","Acrobatics","All Out Attack","Blur","LittleHelper","Poisoned Stab","Bouncing Flask","Unload","Noxious Fumes","Gensokyo:AllTheWorldsEvil"],"relics":["Ring of the Snake","CogitoBucket","Pear","White Beast Statue","Question Card","Singing Bowl","Coffee Dripper","HellTrain","Tingsha","Frozen Eye"],"acts_visited":["Gensokyo:Gensokyo","Gensokyo:Gensokyoer"],"potions_floor_usage":[11,11,18],"damage_taken":[{"damage":4,"enemies":"Gensokyo:2_Kodama","floor":1,"turns":4},{"damage":0,"enemies":"Gensokyo:3_Fairies","floor":2,"turns":6},{"damage":0,"enemies":"Gensokyo:Gryphon","floor":4,"turns":4},{"damage":6,"enemies":"Gensokyo:Mamizou","floor":11,"turns":9},{"damage":3,"enemies":"Gensokyo:2_Rabbits","floor":13,"turns":4},{"damage":14,"enemies":"Gensokyo:Aya","floor":14,"turns":5},{"damage":24,"enemies":"Gensokyo:Kokoro","floor":16,"turns":11},{"damage":44,"enemies":"Gensokyo:2_Gloops","floor":18,"turns":7}],"seed_played":"-8301812098472596835","potions_obtained":[{"floor":2,"key":"GamblersBrew"},{"floor":4,"key":"Swift Potion"},{"floor":11,"key":"ColorlessPotion"},{"floor":16,"key":"PowerPotion"},{"floor":18,"key":"Explosive Potion"}],"is_trial":false,"path_per_floor":["M","M","?","M","?","R","$","?","T","R","E","?","M","E","R","B",null,"M","?","?","?","T","R","E"],"character_chosen":"THE_SILENT","items_purchased":["All Out Attack"],"campfire_rested":1,"item_purchase_floors":[7],"current_hp_per_floor":[66,66,66,66,66,66,66,61,61,61,55,55,52,38,62,38,80,36,36,41,41,41,41,0,0],"gold":219,"neow_bonus":"","is_daily":false,"chose_seed":false,"campfire_upgraded":3,"win_rate":0.0,"timestamp":1613820427,"path_taken":["M","M","?","?","?","R","$","?","T","R","E","?","M","E","R","BOSS","M","?","?","?","?","R","E"],"items_purchased_type":["Card"],"build_version":"2020-12-22","purchased_purges":1,"victory":false,"max_hp_per_floor":[70,70,70,70,70,70,70,80,80,80,80,80,80,80,80,80,80,80,80,85,85,85,85,85,85],"relic_stats":{"Singing Bowl":0,"counters":[10,56],"Tingsha":[12],"Question Card":9,"obtain_stats":[{"Frozen Eye":24,"CogitoBucket":0,"Pear":8,"Singing Bowl":14,"Tingsha":22,"Coffee Dripper":17,"HellTrain":18,"Question Card":11,"White Beast Statue":9,"Ring of the Snake":0},{"Frozen Eye":9,"CogitoBucket":0,"Pear":3,"Singing Bowl":6,"Tingsha":9,"Coffee Dripper":7,"HellTrain":9,"Question Card":4,"White Beast Statue":3,"Ring of the Snake":0},{"Frozen Eye":51,"CogitoBucket":0,"Pear":14,"Singing Bowl":32,"Tingsha":51,"Coffee Dripper":43,"HellTrain":51,"Question Card":23,"White Beast Statue":14,"Ring of the Snake":0}],"Ring of the Snake":[20]},"card_choices":[{"not_picked":["Concentrate","Outmaneuver"],"picked":"Dodge and Roll","floor":1},{"not_picked":["Acrobatics","Poisoned Stab"],"picked":"Crippling Poison","floor":2},{"not_picked":["Quick Slash","Reflex"],"picked":"PiercingWail","floor":3},{"not_picked":["Underhanded Strike","Well Laid Plans"],"picked":"Blade Dance","floor":3},{"not_picked":["Bane","Outmaneuver"],"picked":"Acrobatics","floor":4},{"not_picked":["Predator","Expertise"],"picked":"Blur","floor":11},{"not_picked":["HeroicMonk","CherryBlossoms"],"picked":"LittleHelper","floor":11},{"not_picked":["Blade Dance","Choke","Predator"],"picked":"Poisoned Stab","floor":13},{"not_picked":["Reflex","Prepared","Cloak And Dagger"],"picked":"Bouncing Flask","floor":14},{"not_picked":["Die Die Die","Venomology","A Thousand Cuts"],"picked":"Unload","floor":16},{"not_picked":["Envenom","Distraction","Bane+1"],"picked":"Noxious Fumes","floor":18}],"player_experience":481695,"relics_obtained":[{"floor":9,"key":"White Beast Statue"},{"floor":11,"key":"Question Card"},{"floor":14,"key":"Singing Bowl"},{"floor":22,"key":"Tingsha"}],"event_choices":[],"is_beta":false,"boss_relics":[{"not_picked":["Fusion Hammer","Astrolabe"],"picked":"Coffee Dripper"}],"items_purged_floors":[7],"is_endless":false,"potions_floor_spawned":[2,4,11,13,14,16,18],"killed_by":"Gensokyo:Koishi","ascension_level":0}}