{"host":"s0nrlal5fls38heo","time":1613857441,"event":{"mods":["AchievementEnabler","BaseMod","Colored Powertips","Dark Map","Displayed Cursed Tome","Downfall","Faster Ascension Climbing","GifTheSpireLib","Minty Spire (QoL Compilation)","Permanent Neow","Rare Cards Sparkle","Relic Filter Mod","StSLib"],"gold_per_floor":[99,155,169,180,192,192,218,231,261,277,304,29,29,54,73,172,172,172,172,190,190,190,130,153,168,188,518,536,564,564,596,614,716,716,616,630,648,648,666,0,52,52,84,84,84,2,2,35,55,55],"floor_reached":51,"language":"ENG","playtime":3927,"items_purged":["Guardian:Strike_Guardian","downfall:Aged"],"score":1426,"play_id":"fe5cdd53-2d79-44a3-ac55-b50086c5b8ef","local_time":"20210220224401","is_ascension_mode":true,"campfire_choices":[{"data":"Guardian:CompilePackage","floor":1.0,"key":"SMITH"},{"data":"Guardian:TemporalShield","floor":6.0,"key":"SMITH"},{"data":"expansioncontent:StudyTheSpire","floor":13.0,"key":"SMITH"},{"data":"Guardian:TimeCapacitor","floor":18.0,"key":"SMITH"},{"data":"Guardian:FloatingOrbs","floor":30.0,"key":"SMITH"},{"floor":35.0,"key":"RECALL"},{"floor":45,"key":"REST"}],"circlet_count":0,"master_deck":["AscendersBane","Guardian:Defend_Guardian","Guardian:Defend_Guardian","Guardian:Defend_Guardian","Guardian:Defend_Guardian","Guardian:CurlUp","Guardian:TwinSlam","Guardian:CompilePackage+1","Guardian:TimeCapacitor+1","Guardian:ShieldSpikes","Guardian:TemporalStrike","Guardian:TemporalShield+1","Guardian:Recover","Guardian:BaubleBeam","Guardian:Recover","Guardian:Planning","expansioncontent:StudyTheSpire+1","Guardian:HyperBeam_Guardian+1","Guardian:TemporalStrike+1","Guardian:GatlingBeam+1","Guardian:CompilePackage+1","Guardian:StasisEngine+1","Guardian:StasisField+1","Guardian:TimeCapacitor+1","expansioncontent:StudyTheSpire+1","Guardian:FloatingOrbs+1","Guardian:ShieldCharger","Guardian:ChargeUp","Guardian:StasisEngine","Guardian:ArmoredProtocol","Guardian:StasisField","Guardian:Planning+1","expansioncontent:QuickStudy","Guardian:FloatingOrbs","Guardian:ExploitGems+1","expansioncontent:AwakenDeath","expansioncontent:InvincibleStrength","expansioncontent:PrepareCrush+1","Guardian:BronzeOrb+1","expansioncontent:QuickStudy+1"],"relics":["Guardian:ModeShifter","Bird Faced Urn","Pen Nib","Gambling Chip","Molten Egg 2","Sundial","Astrolabe","Shuriken","Anchor","Old Coin","Mummified Hand","Bag of Preparation","Fusion Hammer","downfall:HeartBlessingGreen","Guardian:StasisEgg","CaptainsWheel","Toxic Egg 2","Ornamental Fan","Strawberry"],"acts_visited":["Exordium","TheCity","TheBeyond"],"potions_floor_usage":[43,46],"damage_taken":[{"damage":8.0,"enemies":"Gremlin Nob","floor":2.0,"turns":4.0},{"damage":8.0,"enemies":"2 Louse","floor":3.0,"turns":4.0},{"damage":0.0,"enemies":"Small Slimes","floor":4.0,"turns":1.0},{"damage":5.0,"enemies":"Cultist","floor":5.0,"turns":5.0},{"damage":1.0,"enemies":"downfall:LooterAlt","floor":8.0,"turns":7.0},{"damage":8.0,"enemies":"Lagavulin","floor":9.0,"turns":10.0},{"damage":0.0,"enemies":"Exordium Wildlife","floor":10.0,"turns":4.0},{"damage":22.0,"enemies":"Gremlin Nob","floor":11.0,"turns":6.0},{"damage":0.0,"enemies":"downfall:FleeingMerchant","floor":12.0,"turns":4.0},{"damage":15.0,"enemies":"3 Sentries","floor":14.0,"turns":8.0},{"damage":13.0,"enemies":"Large Slime","floor":15.0,"turns":11.0},{"damage":5.0,"enemies":"WA_ARCHETYPE_RETAIN","floor":16.0,"turns":10.0},{"damage":4.0,"enemies":"Spheric Guardian","floor":20.0,"turns":5.0},{"damage":5.0,"enemies":"downfall:FleeingMerchant","floor":23.0,"turns":4.0},{"damage":0.0,"enemies":"3 Byrds","floor":25.0,"turns":4.0},{"damage":15.0,"enemies":"Sentry and Sphere","floor":26.0,"turns":14.0},{"damage":18.0,"enemies":"Slavers","floor":27.0,"turns":6.0},{"damage":12.0,"enemies":"Snake Plant","floor":28.0,"turns":7.0},{"damage":3.0,"enemies":"Gremlin Leader","floor":29.0,"turns":7.0},{"damage":14.0,"enemies":"Slavers","floor":31.0,"turns":4.0},{"damage":0.0,"enemies":"Centurion and Healer","floor":32.0,"turns":3.0},{"damage":0.0,"enemies":"SI_MIRROR_ARCHETYPE","floor":33.0,"turns":7.0},{"damage":0.0,"enemies":"3 Darklings","floor":36.0,"turns":6.0},{"damage":0.0,"enemies":"Orb Walker","floor":37.0,"turns":4.0},{"damage":8.0,"enemies":"Transient","floor":39.0,"turns":5.0},{"damage":0.0,"enemies":"downfall:FleeingMerchant","floor":40.0,"turns":4.0},{"damage":50,"enemies":"Reptomancer","floor":43,"turns":8},{"damage":0,"enemies":"downfall:FleeingMerchant","floor":46,"turns":4},{"damage":0,"enemies":"Giant Head","floor":48,"turns":6},{"damage":0,"enemies":"4 Shapes","floor":49,"turns":4},{"damage":10,"enemies":"IC_BLOCK_ARCHETYPE","floor":50,"turns":6}],"seed_played":"3267926498979462538","potions_obtained":[{"floor":3.0,"key":"Guardian:BlockOnCardUsePotion"},{"floor":4.0,"key":"Fruit Juice"},{"floor":5.0,"key":"Block Potion"},{"floor":10.0,"key":"SkillPotion"},{"floor":11.0,"key":"SpeedPotion"},{"floor":16.0,"key":"Guardian:StasisDiscoveryPotion"},{"floor":25.0,"key":"FearPotion"},{"floor":28.0,"key":"EntropicBrew"},{"floor":39.0,"key":"Regen Potion"},{"floor":49,"key":"Ancient Potion"}],"is_trial":false,"path_per_floor":["R","?","M","M","M","R","T","M","E","M","E","$","R","E","M","B",null,"R","?","M","?","T","$","T","M","M","E","M","E","R","E","M","B",null,"R","M","M","?","M","$","T","?","E","?","R","$","?","E","M","B",null],"character_chosen":"GUARDIAN","items_purchased":["expansioncontent:StudyTheSpire","Guardian:ShieldCharger","expansioncontent:QuickStudy","CaptainsWheel","Guardian:FloatingOrbs","expansioncontent:QuickStudy","Ornamental Fan"],"campfire_rested":1,"item_purchase_floors":[12,23,40,40,40,46,46],"current_hp_per_floor":[72,64,62,67,66,66,66,69,63,65,45,49,49,52,51,54,77,77,77,81,81,81,85,85,85,85,75,77,85,85,79,85,85,85,85,85,85,85,85,85,85,85,76,66,85,85,85,92,92,92],"gold":55,"neow_bonus":"ONE_RANDOM_RARE_CARD","is_daily":false,"chose_seed":false,"campfire_upgraded":5,"win_rate":0.0,"timestamp":1613857441,"path_taken":["R","?","M","M","M","R","T","M","E","M","E","$","R","E","M","BOSS","R","?","?","?","?","$","T","M","M","E","M","E","R","E","M","BOSS","R","M","M","?","M","$","T","?","E","?","R","$","?","E","M","BOSS"],"items_purchased_type":["Card","Card","Card","Relic","Card","Card","Relic"],"build_version":"2020-12-22","purchased_purges":2,"victory":true,"max_hp_per_floor":[80,80,80,85,85,85,85,85,85,85,85,85,85,85,85,85,85,85,85,85,85,85,85,85,85,85,85,85,85,85,85,85,85,85,85,85,85,85,85,85,85,85,85,85,85,85,85,92,92,92],"card_choices":[{"not_picked":["Guardian:Gem_Red","Guardian:TemporalShield"],"picked":"Guardian:TimeCapacitor","floor":2.0},{"not_picked":["Guardian:Suspension","Guardian:VentSteam"],"picked":"Guardian:ShieldSpikes","floor":3.0},{"not_picked":["Guardian:Preprogram","Guardian:Suspension"],"picked":"Guardian:TemporalStrike","floor":4.0},{"not_picked":["Guardian:Gem_Cyan","Guardian:TemporalStrike"],"picked":"Guardian:TemporalShield","floor":5.0},{"not_picked":["Guardian:ChargeCore","Guardian:TemporalShield"],"picked":"Guardian:Recover","floor":8.0},{"not_picked":["Guardian:StasisStrike","Guardian:ShieldCharger"],"picked":"Guardian:BaubleBeam","floor":9.0},{"not_picked":["Guardian:Gem_Red","Guardian:Gem_Cyan"],"picked":"Guardian:Gem_White","floor":10.0},{"not_picked":["Guardian:ChargeUp","Guardian:Preprogram"],"picked":"Guardian:Recover","floor":11.0},{"not_picked":["Guardian:ShieldCharger","Guardian:TemporalStrike+1"],"picked":"Guardian:Planning","floor":12.0},{"not_picked":["Guardian:Planning","Guardian:ShieldCharger"],"picked":"Guardian:HyperBeam_Guardian+1","floor":14.0},{"not_picked":["Guardian:Gem_Green","Guardian:RollAttack+1"],"picked":"Guardian:TemporalStrike+1","floor":15.0},{"not_picked":["Guardian:HyperBeam_Guardian+1","Guardian:FastForward"],"picked":"Guardian:GatlingBeam+1","floor":16.0},{"not_picked":["Guardian:RollAttack+1","Guardian:ShieldSpikes","Guardian:Gem_Lightblue"],"picked":"SKIP","floor":20.0},{"not_picked":["Guardian:Suspension","Guardian:FuturePlans"],"picked":"Guardian:FloatingOrbs","floor":23.0},{"not_picked":["Guardian:PrismaticBarrier+1","Guardian:Preprogram","Guardian:BronzeArmor"],"picked":"SKIP","floor":25.0},{"not_picked":["Guardian:Recover","Guardian:PrismaticBarrier"],"picked":"Guardian:ChargeUp","floor":26.0},{"not_picked":["Guardian:Gem_Red","Guardian:PrismaticBeam+1"],"picked":"Guardian:StasisEngine","floor":27.0},{"not_picked":["Guardian:Gem_Crimson","Guardian:FloatingOrbs"],"picked":"Guardian:ArmoredProtocol","floor":28.0},{"not_picked":["Guardian:PrimingBeam+1","Guardian:RollAttack+1"],"picked":"Guardian:StasisField","floor":29.0},{"not_picked":["Guardian:Gem_Lightblue","Guardian:HyperBeam_Guardian+1","Guardian:Gem_Green"],"picked":"SKIP","floor":31.0},{"not_picked":["Guardian:Gem_Lightblue","Guardian:Suspension","Guardian:ShieldCharger"],"picked":"SKIP","floor":32.0},{"not_picked":["Guardian:PrimingBeam+1","Guardian:TemporalShield"],"picked":"Guardian:Planning+1","floor":36.0},{"not_picked":["Guardian:Preprogram+1","Guardian:WalkerClaw+1"],"picked":"Guardian:FierceBash+1","floor":37.0},{"not_picked":["Guardian:Incinerate+1","Guardian:Recover","Guardian:Gem_Lightblue"],"picked":"SKIP","floor":39.0},{"not_picked":["Guardian:RollAttack+1","Guardian:TemporalShield","Guardian:PrismaticBarrier"],"picked":"SKIP","floor":40.0},{"not_picked":["Guardian:Gem_Green","Guardian:Harden+1"],"picked":"Guardian:ExploitGems+1","floor":43},{"not_picked":["expansioncontent:HyperBeam","expansioncontent:Hexaburn"],"picked":"expansioncontent:AwakenDeath","floor":44},{"not_picked":["expansioncontent:Hexaburn","expansioncontent:AwakenDeath"],"picked":"expansioncontent:InvincibleStrength","floor":44},{"not_picked":["expansioncontent:YouAreMine","expansioncontent:HyperBeam"],"picked":"expansioncontent:PrepareCrush","floor":44},{"not_picked":["Guardian:Suspension+1","Guardian:BronzeArmor+1"],"picked":"Guardian:BronzeOrb+1","floor":46},{"not_picked":["Guardian:ChargeCore+1","Guardian:VentSteam+1","Guardian:RefractedBeam+1"],"picked":"SKIP","floor":48},{"not_picked":["Guardian:Preprogram+1","Guardian:Emergency+1","Guardian:Gem_Fragmented"],"picked":"SKIP","floor":49}],"player_experience":49553,"relics_obtained":[{"floor":2.0,"key":"Bird Faced Urn"},{"floor":7.0,"key":"Pen Nib"},{"floor":9.0,"key":"Gambling Chip"},{"floor":11.0,"key":"Molten Egg 2"},{"floor":14.0,"key":"Sundial"},{"floor":22.0,"key":"Shuriken"},{"floor":24.0,"key":"Anchor"},{"floor":27.0,"key":"Old Coin"},{"floor":29.0,"key":"Mummified Hand"},{"floor":31.0,"key":"Bag of Preparation"},{"floor":43,"key":"Toxic Egg 2"},{"floor":48,"key":"Strawberry"}],"event_choices":[{"cards_removed":["Guardian:FierceBash"],"damage_healed":0,"gold_gain":0,"player_choice":"Removed Attack","damage_taken":0,"max_hp_gain":0,"max_hp_loss":0,"event_name":"Falling","floor":47,"gold_loss":0}],"is_beta":false,"boss_relics":[{"not_picked":["Cursed Key","Snecko Eye"],"picked":"Astrolabe"},{"not_picked":["Velvet Choker","Calling Bell"],"picked":"Fusion Hammer"}],"items_purged_floors":[12,40],"is_endless":false,"potions_floor_spawned":[3,4,5,10,11,16,25,26,28,39,49],"ascension_level":12}}