{"host":"rjfefv2ruvigm2gb","time":1613793826,"event":{"mods":["Act Like it!","AlwaysNeverKeys","BaseMod","Better Note","Better Third Choice","BetterRewards","Block Reminder","Bossed Relics","Colored Map","Colored Powertips","Conspire","Curses Come First","Displayed Cursed Tome","Downfall","Fox Events","GifTheSpireLib","Gold Saver","Googly Eyes","Highlight Path","Hubris","Ironclad Rager","Minty Spire (QoL Compilation)","Monster B Gone","Permanent Neow","Poor People Problems","Quick Restart","Relic Filter","Relic Stats","Reliquary","Replay The Spire","Retaliation","Ruina","Shop Mod","Small Relic Pack","Spire Arcade","StS++","StSLib","Stuff the Spire","SuperFastMode","The Blue Laboratory","Transform Curses","Uncapped","Virulent Crown"],"gold_per_floor":[735,749,762,762,206,206,206,226,241,341,341,371,383,401,411,513,513,513,524,542,542,542,542],"floor_reached":21,"language":"ENG","playtime":1922,"items_purged":[],"score":275,"play_id":"1c367310-801f-4a23-9d1d-7e53a7b3f0b0","local_time":"20210219220346","is_ascension_mode":true,"campfire_choices":[{"data":"bronze:Replicate","floor":1.0,"key":"SMITH"},{"data":"bronze:InfiniteBeams","floor":11.0,"key":"SMITH"},{"data":"bronze:Mutator","floor":18,"key":"SMITH"}],"circlet_count":0,"master_deck":["AscendersBane","bronze:Strike","bronze:Strike","bronze:Strike","bronze:Defend","bronze:Defend","bronze:Defend","bronze:Defend","bronze:Replicate+1","bronze:Goto+1","bronze:Branch","bronze:MaxOutput","bronze:ForLoop","bronze:BuggyMess","bronze:BuggyMess","bronze:InfiniteBeams+1","bronze:FindAndReplace+1","bronze:BuggyMess+1","bronze:MaxOutput","Pride","bronze:Mutator+1","bronze:FineTuning+1"],"relics":["bronze:BronzeCore","downfall:HeartBlessingGreen","downfall:HeartBlessingRed","downfall:HeartBlessingBlue","DollysMirror","Anchor","hubris:PeanutButter","Toxic Egg 2","White Beast Statue","hubris:BundleOfHerbs","Cursed Key"],"acts_visited":["Exordium","TheCity"],"potions_floor_usage":[16,16,16,19,21],"damage_taken":[{"damage":0.0,"enemies":"Cultist","floor":2.0,"turns":4.0},{"damage":4.0,"enemies":"Small Slimes","floor":3.0,"turns":3.0},{"damage":0.0,"enemies":"downfall:FleeingMerchant","floor":5.0,"turns":4.0},{"damage":0.0,"enemies":"Jaw Worm","floor":8.0,"turns":2.0},{"damage":0.0,"enemies":"Red Slaver","floor":9.0,"turns":4.0},{"damage":17.0,"enemies":"downfall:LadyInBlue","floor":10.0,"turns":10.0},{"damage":3.0,"enemies":"3 Sentries","floor":12.0,"turns":5.0},{"damage":0.0,"enemies":"Blue Slaver","floor":13.0,"turns":3.0},{"damage":0.0,"enemies":"2 Fungi Beasts","floor":14.0,"turns":4.0},{"damage":4.0,"enemies":"Lots of Slimes","floor":15.0,"turns":4.0},{"damage":8,"enemies":"WA_ARCHETYPE_RETAIN","floor":16,"turns":5},{"damage":12,"enemies":"downfall:LooterAlt2","floor":19,"turns":5},{"damage":12,"enemies":"Shell Parasite","floor":20,"turns":5},{"damage":40,"enemies":"Shelled Parasite and Fungi","floor":21,"turns":5}],"seed_played":"4221056253437316480","potions_obtained":[{"floor":3.0,"key":"blueLaboratory:PhilterOfMotion"},{"floor":8.0,"key":"Fire Potion"},{"floor":10.0,"key":"Guardian:BlockOnCardUsePotion"},{"floor":10.0,"key":"Doom Potion"},{"floor":10.0,"key":"BlessingOfTheForge"},{"floor":12.0,"key":"Adrenaline Potion"},{"floor":13.0,"key":"blueLaboratory:ExaltedPotion"},{"floor":14.0,"key":"blueLaboratory:BottleOfRum"},{"floor":16,"key":"blueLaboratory:AbyssPotion"},{"floor":19,"key":"Energy Potion"},{"floor":20,"key":"blueLaboratory:Moonshine"}],"is_trial":false,"path_per_floor":["R_BF","M","M","?","$","?","T","M","M","?","R","E","M","M","M","B",null,"R","M","M","M"],"character_chosen":"THE_AUTOMATON","items_purchased":["DollysMirror","Anchor","hubris:PeanutButter"],"campfire_rested":0,"item_purchase_floors":[5,5,5],"current_hp_per_floor":[73,73,69,69,69,69,69,69,69,52,52,49,49,49,45,37,64,64,52,40,0,0,0],"gold":542,"neow_bonus":"TWO_FIFTY_GOLD","is_daily":false,"chose_seed":false,"campfire_upgraded":3,"win_rate":0.0,"timestamp":1613793826,"path_taken":["R_BF","M","?","?","?","?","T","M","M","?","R","E","M","M","M","BOSS","R","M","M","?"],"items_purchased_type":["Relic","Relic","Relic"],"build_version":"2020-12-22","purchased_purges":0,"victory":false,"max_hp_per_floor":[73,73,73,73,73,73,73,73,73,73,73,73,73,73,73,73,73,73,73,73,73,73,73],"relic_stats":{"counters":[14,63],"Cursed Key":0,"obtain_stats":[{"Anchor":5,"bronze:BronzeCore":0,"downfall:HeartBlessingRed":1,"downfall:HeartBlessingBlue":1,"DollysMirror":5,"downfall:HeartBlessingGreen":1,"hubris:PeanutButter":5,"hubris:BundleOfHerbs":12,"Toxic Egg 2":7,"Cursed Key":17,"White Beast Statue":10},{"Anchor":3,"bronze:BronzeCore":0,"downfall:HeartBlessingRed":0,"downfall:HeartBlessingBlue":0,"DollysMirror":3,"downfall:HeartBlessingGreen":0,"hubris:PeanutButter":3,"hubris:BundleOfHerbs":7,"Toxic Egg 2":3,"Cursed Key":11,"White Beast Statue":6},{"Anchor":11,"bronze:BronzeCore":0,"downfall:HeartBlessingRed":0,"downfall:HeartBlessingBlue":0,"DollysMirror":11,"downfall:HeartBlessingGreen":0,"hubris:PeanutButter":11,"hubris:BundleOfHerbs":32,"Toxic Egg 2":11,"Cursed Key":48,"White Beast Statue":27}]},"card_choices":[{"not_picked":["bronze:WhirlingStrike","bronze:NullPointer"],"picked":"bronze:Branch","floor":2.0},{"not_picked":["bronze:Shield","bronze:Constructor"],"picked":"bronze:MaxOutput","floor":3.0},{"not_picked":["bronze:Return","bronze:Allocate"],"picked":"bronze:BuggyMess","floor":5.0},{"not_picked":["bronze:Deprecate+1","bronze:BitShift+1","bronze:WildBeam"],"picked":"SKIP","floor":8.0},{"not_picked":["bronze:Constructor+1","bronze:OilSpill"],"picked":"bronze:InfiniteBeams","floor":9.0},{"not_picked":["bronze:Constructor+1","bronze:Invalidate+1"],"picked":"bronze:FindAndReplace+1","floor":10.0},{"not_picked":["bronze:CutThrough","bronze:WhirlingStrike","bronze:Philosophize+1"],"picked":"SKIP","floor":12.0},{"not_picked":["bronze:Invalidate+1","bronze:WhirlingStrike"],"picked":"bronze:BuggyMess+1","floor":13.0},{"not_picked":["bronze:Allocate+1","bronze:DelayedGuard+1","bronze:CloningBeam"],"picked":"SKIP","floor":14.0},{"not_picked":["bronze:ForceShield+1","bronze:Branch"],"picked":"bronze:MaxOutput","floor":15.0},{"not_picked":["bronze:BurnOut","bronze:RecursiveStrike"],"picked":"bronze:Mutator","floor":16},{"not_picked":["bronze:Turbo+1","bronze:CutThrough"],"picked":"bronze:FineTuning+1","floor":19},{"not_picked":["bronze:BitShift+1","bronze:CutThrough","bronze:WhirlingStrike"],"picked":"SKIP","floor":20}],"player_experience":1140881,"relics_obtained":[{"floor":7.0,"key":"Toxic Egg 2"},{"floor":10.0,"key":"White Beast Statue"},{"floor":12.0,"key":"hubris:BundleOfHerbs"}],"event_choices":[],"is_beta":false,"boss_relics":[{"not_picked":["reliquary:Ember","expansioncontent:StudyCardRelic"],"picked":"Cursed Key"}],"items_purged_floors":[],"is_endless":false,"potions_floor_spawned":[3,8,10,12,13,14,15,16,19,20],"killed_by":"Shelled Parasite and Fungi","ascension_level":10}}