{"host":"d52brwsy6af8zvaq","time":1613857688,"event":{"mods":["AchievementEnabler","BaseMod","Bestiary","Highlight Path","Minty Spire (QoL Compilation)","Quick Restart","Relic Stats","ojb\u0027s Better Paths Mod"],"gold_per_floor":[118,193,211,228,240,270,270,307,307,331,331,358,380,380,380],"floor_reached":14,"language":"ENG","playtime":479,"items_purged":[],"score":208,"play_id":"d1019248-eb1c-4080-9308-ea5328071d15","local_time":"20210220144808","is_ascension_mode":true,"campfire_choices":[{"floor":7.0,"key":"REST"},{"floor":11.0,"key":"REST"}],"circlet_count":0,"master_deck":["AscendersBane","Strike_B","Strike_B","Strike_B","Defend_B","Defend_B","Defend_B","Defend_B","Zap","Dualcast","Rainbow","Leap","Coolheaded","Defragment","FTL","Melter","FTL","Ball Lightning","Streamline","Cold Snap"],"relics":["Cracked Core","Akabeko","CeramicFish","Strawberry"],"acts_visited":[],"potions_floor_usage":[],"damage_taken":[{"damage":5.0,"enemies":"Small Slimes","floor":1.0,"turns":4.0},{"damage":7.0,"enemies":"Jaw Worm","floor":3.0,"turns":4.0},{"damage":0.0,"enemies":"Cultist","floor":4.0,"turns":2.0},{"damage":0.0,"enemies":"2 Fungi Beasts","floor":5.0,"turns":3.0},{"damage":12.0,"enemies":"3 Sentries","floor":6.0,"turns":9.0},{"damage":49.0,"enemies":"Gremlin Nob","floor":8.0,"turns":5.0},{"damage":0.0,"enemies":"Looter","floor":10.0,"turns":2.0},{"damage":9.0,"enemies":"Red Slaver","floor":12.0,"turns":3.0},{"damage":7.0,"enemies":"Exordium Wildlife","floor":13.0,"turns":3.0},{"damage":19,"enemies":"3 Sentries","floor":14,"turns":2}],"seed_played":"648217364077457705","potions_obtained":[{"floor":1.0,"key":"Fire Potion"},{"floor":3.0,"key":"Block Potion"},{"floor":6.0,"key":"Block Potion"},{"floor":13.0,"key":"Strength Potion"}],"is_trial":false,"path_per_floor":["M","?","M","M","M","E","R","E","T","M","R","M","M","E"],"character_chosen":"DEFECT","items_purchased":[],"campfire_rested":2,"item_purchase_floors":[],"current_hp_per_floor":[59,48,41,41,41,29,50,1,8,8,31,22,15,0,0],"gold":380,"neow_bonus":"TRANSFORM_CARD","is_daily":false,"chose_seed":false,"campfire_upgraded":0,"win_rate":0.0,"timestamp":1613857688,"path_taken":["M","?","M","M","M","E","R","E","T","M","R","M","M","E"],"items_purchased_type":[],"build_version":"2020-12-22","purchased_purges":0,"victory":false,"max_hp_per_floor":[71,71,71,71,71,71,71,71,78,78,78,78,78,78,78],"relic_stats":{"counters":[10,37],"CeramicFish":36,"obtain_stats":[{"CeramicFish":8,"Strawberry":9,"Cracked Core":0,"Akabeko":6},{"CeramicFish":6,"Strawberry":6,"Cracked Core":0,"Akabeko":5},{"CeramicFish":27,"Strawberry":27,"Cracked Core":0,"Akabeko":22}]},"card_choices":[{"not_picked":["Darkness","Storm"],"picked":"Leap","floor":1.0},{"not_picked":["Streamline","Consume"],"picked":"Coolheaded","floor":3.0},{"not_picked":["Hello World","Barrage"],"picked":"Defragment","floor":4.0},{"not_picked":["Barrage","Conserve Battery"],"picked":"FTL","floor":5.0},{"not_picked":["Compile Driver","Steam Power"],"picked":"Melter","floor":6.0},{"not_picked":["Barrage","Turbo"],"picked":"FTL","floor":8.0},{"not_picked":["Stack","Beam Cell"],"picked":"Ball Lightning","floor":10.0},{"not_picked":["Lockon","Rebound"],"picked":"Streamline","floor":12.0},{"not_picked":["Ball Lightning","Turbo"],"picked":"Cold Snap","floor":13.0}],"player_experience":2321302,"relics_obtained":[{"floor":6.0,"key":"Akabeko"},{"floor":8.0,"key":"CeramicFish"},{"floor":9.0,"key":"Strawberry"}],"event_choices":[{"damage_healed":0.0,"max_hp_gain":0.0,"max_hp_loss":0.0,"gold_gain":75.0,"event_name":"World of Goop","player_choice":"Gather Gold","floor":2.0,"gold_loss":0.0,"damage_taken":11.0}],"is_beta":false,"boss_relics":[],"items_purged_floors":[],"is_endless":false,"potions_floor_spawned":[1,3,6,13],"killed_by":"3 Sentries","ascension_level":20}}