{"host":"c4445pi3lkcwywew","time":1613857730,"event":{"mods":["AchievementEnabler","BaseMod","Bestiary","Block Reminder","Card Forge","Colored Map","Downfall","Hubris","Minty Spire (QoL Compilation)","Permanent Neow","Replay The Spire","Shop Mod","StSLib"],"gold_per_floor":[112,112,573,591,591,591,616,616,616,447,447,466,499,674,674,771,771,782,782,657,670,687,537,537,385,385,403,422,422,453,469,469,566,566,585,463,463,515,815,815,815,900,968,968,997,997,1008,1008,1008,1008,1008,1008,794,828,828],"floor_reached":56,"language":"ENG","playtime":5182,"items_purged":["Defend_R","Iron Wave","Bash","Iron Wave","Iron Wave","Iron Wave"],"score":1447,"play_id":"084ee464-e42b-453a-a0a2-fa2cea267d65","local_time":"20210220154850","is_ascension_mode":false,"campfire_choices":[{"data":"Enlightenment","floor":6.0,"key":"SMITH"},{"data":"Body Slam","floor":8.0,"key":"SMITH"},{"data":"Battle Trance","floor":11.0,"key":"SMITH"},{"data":"Flame Barrier","floor":15.0,"key":"SMITH"},{"data":"Impervious","floor":24,"key":"SMITH"},{"data":"Immolate","floor":29,"key":"SMITH"},{"data":"Flame Barrier","floor":32,"key":"SMITH"},{"data":"Fire Breathing","floor":40,"key":"SMITH"},{"data":"Fire Breathing","floor":46,"key":"SMITH"},{"floor":49,"key":"RECALL"},{"data":"Iron Wave","floor":52,"key":"SMITH"}],"circlet_count":0,"master_deck":["Flame Barrier+1","Iron Wave+1","Enlightenment+1","Shrug It Off","Sickly","Barricade","Battle Trance+1","Doubt","Impervious+1","Immolate+1","Flame Barrier+1","Fire Breathing+1","CurseOfTheBell","CurseOfTheBell","Body Slam+1","Fire Breathing+1","Exhume"],"relics":["Burning Blood","Hammer of Thor","Seething Fire","Anvil of the Gods","Replay:WaspNest","Ring of Misfortune","CaptainsWheel","Eternal Feather","Toy Ornithopter","bronze:MakeshiftBattery","hubris:CuriousFeather","ReplayTheSpireMod:Lightbulb","Runic Dome","Prayer Wheel","downfall:ExtraCursedBell","Juzu Bracelet","hubris:CrystalStatue","Old Coin","Garlic","Frozen Eye","MerchantsRug","Letter Opener"],"acts_visited":["Exordium","TheCity","TheBeyond","TheEnding"],"potions_floor_usage":[33,55,55],"damage_taken":[{"damage":1.0,"enemies":"2 Louse","floor":1.0,"turns":4.0},{"damage":1.0,"enemies":"Cultist","floor":4.0,"turns":3.0},{"damage":0.0,"enemies":"3 Sentries","floor":7.0,"turns":10.0},{"damage":0.0,"enemies":"Jaw Worm","floor":12.0,"turns":1.0},{"damage":1.0,"enemies":"Gremlin Nob","floor":13.0,"turns":3.0},{"damage":0.0,"enemies":"Hexaghost","floor":16.0,"turns":6.0},{"damage":2.0,"enemies":"Shell Parasite","floor":18.0,"turns":3.0},{"damage":0,"enemies":"Chosen","floor":21,"turns":3},{"damage":0,"enemies":"Snecko","floor":22,"turns":5},{"damage":0,"enemies":"3 Cultists","floor":27,"turns":4},{"damage":0,"enemies":"Snake Plant","floor":28,"turns":3},{"damage":11,"enemies":"Slavers","floor":30,"turns":4},{"damage":0,"enemies":"Cultist and Chosen","floor":31,"turns":3},{"damage":0,"enemies":"Automaton","floor":33,"turns":8},{"damage":0,"enemies":"3 Darklings","floor":35,"turns":3},{"damage":4,"enemies":"2 Orb Walkers","floor":38,"turns":4},{"damage":0,"enemies":"Nemesis","floor":45,"turns":3},{"damage":0,"enemies":"Orb Walker","floor":47,"turns":3},{"damage":0,"enemies":"Time Eater","floor":50,"turns":5},{"damage":0,"enemies":"Shield and Spear","floor":54,"turns":4},{"damage":38,"enemies":"The Heart","floor":55,"turns":7}],"seed_played":"-2145804376361933547","potions_obtained":[{"floor":1.0,"key":"Fire Potion"},{"floor":4.0,"key":"ColorlessPotion"},{"floor":16.0,"key":"AttackPotion"},{"floor":30,"key":"Dexterity Potion"},{"floor":35,"key":"DuplicationPotion"},{"floor":45,"key":"Dexterity Potion"}],"is_trial":false,"path_per_floor":["M","?","$","M","?","R","E","R","T","$","R","M","E","?","R","B",null,"M","?","$","M","M","$","R","$","T","M","M","R","E","M","R","B",null,"M","$","?","?","?","R","?","?","T","$","E","R","M","?","R","B",null,"R","$","E","B",null],"character_chosen":"IRONCLAD","items_purchased":["Replay:WaspNest","Enlightenment","Battle Trance","Membership Card","Fire Breathing","Frozen Eye","MerchantsRug"],"campfire_rested":0,"item_purchase_floors":[3,3,10,25,36,53,53],"current_hp_per_floor":[80,80,80,80,80,80,80,80,80,80,80,80,80,80,80,80,80,80,80,80,80,80,80,80,80,80,80,80,80,75,80,80,80,80,80,80,80,80,80,80,80,48,48,48,54,63,69,69,78,80,80,80,80,80,48],"gold":828,"neow_bonus":"RANDOM_EVENT","is_daily":false,"chose_seed":false,"campfire_upgraded":10,"win_rate":0.0,"timestamp":1613857730,"path_taken":["M","?","$","?","?","R","E","R","T","$","R","M","E","?","R","BOSS","M","?","$","M","M","$","R","$","T","M","M","R","E","M","R","BOSS","M","$","?","?","?","R","?","?","T","$","E","R","M","?","R","BOSS","R","$","E","BOSS"],"items_purchased_type":["Relic","Card","Card","Relic","Card","Relic","Relic"],"build_version":"2020-12-22","purchased_purges":6,"victory":true,"max_hp_per_floor":[80,80,80,80,80,80,80,80,80,80,80,80,80,80,80,80,80,80,80,80,80,80,80,80,80,80,80,80,80,80,80,80,80,80,80,80,80,80,80,80,80,80,80,80,80,80,80,80,80,80,80,80,80,80,80],"card_choices":[{"not_picked":["Sever Soul","Body Slam"],"picked":"Flame Barrier","floor":1.0},{"not_picked":["Heavy Blade","Clothesline"],"picked":"Shrug It Off","floor":4.0},{"not_picked":["Sword Boomerang","Pommel Strike"],"picked":"Barricade","floor":7.0},{"not_picked":["Havoc","Burning Pact","Whirlwind"],"picked":"SKIP","floor":12.0},{"not_picked":["Headbutt","Twin Strike","ReplayTheSpireMod:Limb From Limb"],"picked":"SKIP","floor":13.0},{"not_picked":["Barricade","Corruption"],"picked":"Impervious","floor":16.0},{"not_picked":["Inflame+1","Headbutt","Battle Trance"],"picked":"SKIP","floor":18.0},{"not_picked":["Hemokinesis","Cleave","Armaments"],"picked":"SKIP","floor":21},{"not_picked":["Rage","Dark Embrace+1","Pommel Strike"],"picked":"SKIP","floor":22},{"not_picked":["Sever Soul","Run Through+1","Replay:Undeath\u0027s Touch"],"picked":"SKIP","floor":27},{"not_picked":["Hemokinesis","Run Through"],"picked":"Immolate","floor":28},{"not_picked":["Armaments","hubris:SharpeningStone+1"],"picked":"Flame Barrier","floor":30},{"not_picked":["Headbutt","hubris:SharpeningStone","Run Through"],"picked":"SKIP","floor":31},{"not_picked":["Clothesline","Dropkick+1","Perfected Strike"],"picked":"SKIP","floor":35},{"not_picked":["Cleave+1","ReplayTheSpireMod:LeadingStrike+1"],"picked":"Fire Breathing","floor":42},{"not_picked":["Massacre","Flex+1","Second Wind"],"picked":"SKIP","floor":45},{"not_picked":["ReplayTheSpireMod:Strike From Hell","Pommel Strike+1","Clothesline"],"picked":"SKIP","floor":47},{"not_picked":["Shrug It Off+1","Twin Strike+1","Sword Boomerang+1"],"picked":"SKIP","floor":47},{"not_picked":["Havoc","Blood for Blood"],"picked":"Exhume","floor":54}],"player_experience":191870,"relics_obtained":[{"floor":5.0,"key":"Ring of Misfortune"},{"floor":7.0,"key":"CaptainsWheel"},{"floor":9.0,"key":"Eternal Feather"},{"floor":13.0,"key":"Toy Ornithopter"},{"floor":26,"key":"hubris:CuriousFeather"},{"floor":30,"key":"ReplayTheSpireMod:Lightbulb"},{"floor":38,"key":"Prayer Wheel"},{"floor":39,"key":"Juzu Bracelet"},{"floor":39,"key":"hubris:CrystalStatue"},{"floor":39,"key":"Old Coin"},{"floor":45,"key":"Garlic"},{"floor":54,"key":"Letter Opener"}],"event_choices":[{"cards_removed":["Strike_R"],"damage_healed":0.0,"max_hp_gain":0.0,"max_hp_loss":0.0,"gold_gain":0.0,"event_name":"NoteForYourself","player_choice":"Took Card","floor":2.0,"gold_loss":0.0,"damage_taken":0.0,"cards_obtained":["Iron Wave"]},{"damage_healed":0.0,"max_hp_gain":0.0,"max_hp_loss":0.0,"gold_gain":175.0,"event_name":"Liars Game","player_choice":"AGREE","floor":14.0,"gold_loss":0.0,"damage_taken":0.0,"cards_obtained":["Doubt"]},{"damage_healed":0.0,"max_hp_gain":0.0,"max_hp_loss":0.0,"gold_gain":0.0,"event_name":"Ghosts","player_choice":"Ignored","floor":19.0,"gold_loss":0.0,"damage_taken":0.0},{"damage_healed":0,"gold_gain":0,"player_choice":"Ignored","damage_taken":0,"max_hp_gain":0,"max_hp_loss":0,"event_name":"Tomb of Lord Red Mask","floor":37,"gold_loss":0},{"damage_healed":0,"gold_gain":0,"player_choice":"Fight","damage_taken":0,"max_hp_gain":0,"max_hp_loss":0,"event_name":"Mysterious Sphere","floor":38,"gold_loss":0},{"cards_removed":["Body Slam"],"damage_healed":0,"gold_gain":0,"player_choice":"Removed Attack","damage_taken":0,"max_hp_gain":0,"max_hp_loss":0,"event_name":"Falling","floor":41,"gold_loss":0},{"damage_healed":0,"gold_gain":0,"player_choice":"Got Potions","damage_taken":0,"max_hp_gain":0,"max_hp_loss":0,"event_name":"Lab","floor":48,"gold_loss":0}],"is_beta":false,"boss_relics":[{"not_picked":["hubris:HollowSoul","SacredBark"],"picked":"bronze:MakeshiftBattery"},{"not_picked":["Tiny House","Astrolabe"],"picked":"Runic Dome"}],"items_purged_floors":[3,10,20,23,36,53],"is_endless":false,"potions_floor_spawned":[1,4,16,22,30,31,35,45],"ascension_level":0}}