{"host":"h3ogdo6no3ehk88q","time":1613837621,"event":{"mods":["AchievementEnabler","BaseMod","Minty Spire (QoL Compilation)","StSLib","SuperFastMode"],"gold_per_floor":[109,184,146,146,146,177,188,201,248,274,274,274,308,308,338,351,368,368,368,440,440,450,460,460,479,491,491,506,506,531,531,456,475,51,67,67,143,143,155,170,170,187,204,204,234,234,234,258,283,294,341,22,39,39,39,39,39,39,0,33,33,33],"floor_reached":61,"language":"ENG","playtime":1758,"items_purged":[],"score":1234,"play_id":"c231eaff-a37c-42f2-841e-7ffd6408e358","local_time":"20210220111341","is_ascension_mode":true,"campfire_choices":[{"data":"True Grit","floor":11.0,"key":"SMITH"},{"data":"Bash","floor":14.0,"key":"SMITH"},{"data":"Clothesline","floor":18.0,"key":"SMITH"},{"data":"Hemokinesis","floor":19.0,"key":"SMITH"},{"floor":27,"key":"REST"},{"data":"Demon Form","floor":31,"key":"SMITH"},{"floor":36,"key":"REST"},{"floor":44,"key":"RECALL"},{"floor":46,"key":"REST"},{"floor":54,"key":"REST"},{"floor":55,"key":"REST"},{"floor":58,"key":"REST"}],"circlet_count":0,"master_deck":["AscendersBane","Strike_R","Strike_R","Strike_R","Defend_R+1","Defend_R","Defend_R+1","Defend_R","Bash+1","Sword Boomerang","Hemokinesis+1","Clothesline+1","True Grit+1","Twin Strike","Battle Trance","Demon Form+1","Shockwave","Whirlwind","Flame Barrier+1","Discovery+1","True Grit+1","Reaper","Flame Barrier+1","Sentinel+1","True Grit+1","Impervious+1","Disarm+1","Feel No Pain","Shockwave+1","Shrug It Off+1","Dark Embrace","Sentinel+1"],"relics":["Burning Blood","NeowsBlessing","Tiny Chest","War Paint","Bag of Marbles","Bag of Preparation","Red Skull","Boot","SlaversCollar","Meat on the Bone","Toxic Egg 2","Happy Flower","Regal Pillow","Oddly Smooth Stone","Fusion Hammer","Mummified Hand","Dream Catcher","Juzu Bracelet","Mango","Nunchaku","Strange Spoon","Lantern"],"acts_visited":["Exordium","TheCity","TheBeyond","TheEnding"],"potions_floor_usage":[26,26,28,43,53,61],"damage_taken":[{"damage":0.0,"enemies":"2 Louse","floor":1.0,"turns":1.0},{"damage":0.0,"enemies":"Gremlin Nob","floor":6.0,"turns":1.0},{"damage":0.0,"enemies":"Small Slimes","floor":7.0,"turns":1.0},{"damage":6.0,"enemies":"Jaw Worm","floor":8.0,"turns":3.0},{"damage":13.0,"enemies":"Lagavulin","floor":13.0,"turns":5.0},{"damage":19.0,"enemies":"Gremlin Nob","floor":15.0,"turns":4.0},{"damage":14.0,"enemies":"Lots of Slimes","floor":16.0,"turns":3.0},{"damage":7.0,"enemies":"Blue Slaver","floor":17.0,"turns":4.0},{"damage":34.0,"enemies":"The Guardian","floor":20.0,"turns":8.0},{"damage":4,"enemies":"Chosen","floor":22,"turns":4},{"damage":17,"enemies":"Shell Parasite","floor":23,"turns":7},{"damage":45,"enemies":"3 Cultists","floor":25,"turns":5},{"damage":19,"enemies":"Cultist and Chosen","floor":26,"turns":5},{"damage":38,"enemies":"Sentry and Sphere","floor":28,"turns":6},{"damage":11,"enemies":"Snake Plant","floor":33,"turns":4},{"damage":13,"enemies":"Snecko","floor":35,"turns":4},{"damage":56,"enemies":"Collector","floor":37,"turns":7},{"damage":32,"enemies":"Orb Walker","floor":39,"turns":5},{"damage":32,"enemies":"3 Shapes","floor":40,"turns":7},{"damage":34,"enemies":"Sphere and 2 Shapes","floor":42,"turns":6},{"damage":12,"enemies":"Maw","floor":43,"turns":8},{"damage":41,"enemies":"Nemesis","floor":45,"turns":9},{"damage":2,"enemies":"Mind Bloom Boss Battle","floor":49,"turns":5},{"damage":38,"enemies":"3 Darklings","floor":50,"turns":5},{"damage":40,"enemies":"Transient","floor":53,"turns":5},{"damage":53,"enemies":"Time Eater","floor":56,"turns":10},{"damage":78,"enemies":"Shield and Spear","floor":60,"turns":10},{"damage":56,"enemies":"The Heart","floor":61,"turns":5}],"seed_played":"-6550359865634737132","potions_obtained":[{"floor":7.0,"key":"Swift Potion"},{"floor":8.0,"key":"Energy Potion"},{"floor":13.0,"key":"SneckoOil"},{"floor":26,"key":"Regen Potion"},{"floor":37,"key":"SteroidPotion"},{"floor":39,"key":"Block Potion"},{"floor":43,"key":"HeartOfIron"}],"is_trial":false,"path_per_floor":["M","?","$","?","?","E","M","M","T","T","R","?","E","R","E","M","M","R","R","B",null,"M","M","T","M","M","R","M","T","T","R","?","M","$","M","R","B",null,"M","M","T","M","M","R","E","R","T","T","?","M","T","$","M","R","R","B",null,"R","$","E","B"],"character_chosen":"IRONCLAD","items_purchased":["Hemokinesis","Regal Pillow","Oddly Smooth Stone","Discovery+1","True Grit+1","Impervious+1","Disarm+1","Strange Spoon","Dark Embrace"],"campfire_rested":6,"item_purchase_floors":[3,34,34,34,34,52,52,52,59],"current_hp_per_floor":[74,63,63,68,61,67,73,73,73,73,73,73,66,66,53,45,44,44,44,16,64,66,55,55,28,27,51,40,40,40,40,40,47,47,52,80,42,71,51,55,55,51,69,69,80,80,80,80,94,76,76,76,63,94,94,65,87,94,94,39,0,0],"gold":33,"neow_bonus":"THREE_ENEMY_KILL","is_daily":false,"chose_seed":false,"campfire_upgraded":5,"win_rate":0.0,"timestamp":1613837621,"path_taken":["M","?","$","?","?","E","?","?","T","T","R","?","E","R","E","M","M","R","R","BOSS","M","M","?","M","?","R","M","?","T","R","?","M","$","M","R","BOSS","M","M","?","M","M","R","E","R","T","T","?","M","?","$","M","R","R","BOSS","R","$","E","BOSS"],"items_purchased_type":["Card","Relic","Relic","Card","Card","Card","Card","Relic","Card"],"build_version":"2020-12-22","purchased_purges":0,"victory":false,"max_hp_per_floor":[75,75,75,80,80,80,80,80,80,80,80,80,80,80,80,80,80,80,80,80,80,80,80,80,80,80,80,80,80,80,80,80,80,80,80,80,80,80,80,80,80,80,80,80,80,80,80,80,94,94,94,94,94,94,94,94,94,94,94,94,94,94],"card_choices":[{"not_picked":["Pommel Strike","Searing Blow"],"picked":"Sword Boomerang","floor":1.0},{"not_picked":["Sword Boomerang","Seeing Red","Bloodletting"],"picked":"SKIP","floor":6.0},{"not_picked":["Fire Breathing","Warcry"],"picked":"Clothesline","floor":7.0},{"not_picked":["Shrug It Off","Pommel Strike"],"picked":"True Grit","floor":8.0},{"not_picked":["Havoc","Pommel Strike"],"picked":"Battle Trance","floor":13.0},{"not_picked":["Sword Boomerang","Clothesline","Reckless Charge"],"picked":"SKIP","floor":15.0},{"not_picked":["Clothesline","Warcry","Evolve"],"picked":"SKIP","floor":16.0},{"not_picked":["Evolve","True Grit","Thunderclap"],"picked":"SKIP","floor":17.0},{"not_picked":["Exhume","Impervious"],"picked":"Demon Form","floor":20.0},{"not_picked":["Headbutt","Iron Wave","Armaments"],"picked":"SKIP","floor":22},{"not_picked":["True Grit","Evolve","Thunderclap+1"],"picked":"SKIP","floor":23},{"not_picked":["Sentinel","Feel No Pain"],"picked":"Shockwave","floor":25},{"not_picked":["Armaments","Burning Pact"],"picked":"Whirlwind","floor":26},{"not_picked":["Searing Blow","Burning Pact","Reckless Charge"],"picked":"SKIP","floor":28},{"not_picked":["Twin Strike","Warcry+1"],"picked":"Flame Barrier+1","floor":33},{"not_picked":["Flex+1","Blood for Blood","True Grit+1"],"picked":"SKIP","floor":35},{"not_picked":["Fiend Fire","Feed"],"picked":"Reaper","floor":37},{"not_picked":["Armaments+1","Heavy Blade","Spot Weakness+1"],"picked":"SKIP","floor":39},{"not_picked":["Perfected Strike","Bloodletting+1","Carnage+1"],"picked":"SKIP","floor":40},{"not_picked":["Power Through+1","Anger","Evolve"],"picked":"SKIP","floor":42},{"not_picked":["Rupture","Pommel Strike"],"picked":"Flame Barrier+1","floor":43},{"not_picked":["Metallicize","Dark Embrace"],"picked":"Sentinel+1","floor":45},{"not_picked":["Dual Wield+1","Wild Strike"],"picked":"True Grit+1","floor":50},{"not_picked":["Headbutt+1","Iron Wave"],"picked":"Feel No Pain","floor":53},{"not_picked":["Flex+1","Thunderclap"],"picked":"Shockwave+1","floor":54},{"not_picked":["Rage+1","Double Tap+1"],"picked":"Shrug It Off+1","floor":58},{"not_picked":["Brutality","Clash+1"],"picked":"Sentinel+1","floor":60}],"player_experience":872491,"relics_obtained":[{"floor":6.0,"key":"War Paint"},{"floor":9.0,"key":"Bag of Marbles"},{"floor":10.0,"key":"Bag of Preparation"},{"floor":13.0,"key":"Red Skull"},{"floor":15.0,"key":"Boot"},{"floor":24,"key":"Meat on the Bone"},{"floor":29,"key":"Toxic Egg 2"},{"floor":30,"key":"Happy Flower"},{"floor":41,"key":"Mummified Hand"},{"floor":45,"key":"Dream Catcher"},{"floor":48,"key":"Juzu Bracelet"},{"floor":49,"key":"Mango"},{"floor":51,"key":"Nunchaku"},{"floor":60,"key":"Lantern"}],"event_choices":[{"damage_healed":0.0,"max_hp_gain":0.0,"max_hp_loss":0.0,"gold_gain":75.0,"event_name":"World of Goop","player_choice":"Gather Gold","floor":2.0,"gold_loss":0.0,"damage_taken":11.0},{"damage_healed":0.0,"max_hp_gain":5.0,"max_hp_loss":0.0,"gold_gain":0.0,"event_name":"Big Fish","player_choice":"Donut","floor":4.0,"gold_loss":0.0,"damage_taken":0.0},{"damage_healed":0.0,"max_hp_gain":0.0,"max_hp_loss":0.0,"gold_gain":0.0,"event_name":"Scrap Ooze","player_choice":"Success","floor":5.0,"gold_loss":0.0,"damage_taken":7.0,"relics_obtained":["Tiny Chest"]},{"damage_healed":0.0,"max_hp_gain":0.0,"max_hp_loss":0.0,"gold_gain":0.0,"cards_transformed":["Strike_R"],"event_name":"Transmorgrifier","player_choice":"Transformed","floor":12.0,"gold_loss":0.0,"damage_taken":0.0,"cards_obtained":["Twin Strike"]},{"cards_removed":["Strike_R"],"damage_healed":0,"gold_gain":0,"player_choice":"Gave Gold","damage_taken":0,"max_hp_gain":0,"max_hp_loss":0,"event_name":"Beggar","floor":32,"gold_loss":75},{"damage_healed":0,"gold_gain":0,"player_choice":"Fight","damage_taken":0,"max_hp_gain":0,"max_hp_loss":0,"event_name":"MindBloom","floor":49,"gold_loss":0}],"is_beta":false,"boss_relics":[{"not_picked":["Busted Crown","Cursed Key"],"picked":"SlaversCollar"},{"not_picked":["Black Blood","Runic Dome"],"picked":"Fusion Hammer"}],"items_purged_floors":[],"is_endless":false,"potions_floor_spawned":[7,8,13,17,25,26,37,39,43,49],"killed_by":"The Heart","ascension_level":14}}