{"host":"3c8x8j1h2jyrixpf","time":1613782633,"event":{"mods":["BaseMod","Colored Powertips","Highlight Path","Minty Spire (QoL Compilation)","StSLib"],"gold_per_floor":[112,187,187,207,220,258,258,293,369,392,392,392,392,436,436,517,517,540,560,606,705,723,723,752,793,793,793,812,855,876,903,903,990,990,1010,239,255,255,276,276,292,322,346,346,380,405,405,445,445,445,445],"floor_reached":50,"language":"ENG","playtime":2414,"items_purged":["Strike_R"],"score":949,"play_id":"761c77cf-d893-44bb-ba14-a1a1992bc1f2","local_time":"20210219185713","is_ascension_mode":true,"campfire_choices":[{"data":"Inflame","floor":7,"key":"SMITH"},{"data":"Combust","floor":11,"key":"SMITH"},{"floor":13,"key":"REST"},{"data":"Sword Boomerang","floor":15,"key":"SMITH"},{"data":"Berserk","floor":23,"key":"SMITH"},{"data":"Offering","floor":27,"key":"SMITH"},{"floor":32,"key":"DIG"},{"data":"The Bomb","floor":40,"key":"SMITH"},{"floor":44,"key":"RECALL"},{"data":"Bludgeon","floor":49,"key":"SMITH"}],"circlet_count":0,"master_deck":["AscendersBane","Strike_R","Strike_R","Strike_R","Defend_R","Defend_R","Defend_R","Defend_R","Bash","Sword Boomerang+1","Combust+1","Wild Strike","Inflame+1","Shrug It Off","Offering+1","Feed","Headbutt+1","Ghostly Armor+1","Reaper","Armaments+1","Pommel Strike","Clothesline","Pommel Strike+1","Reaper","Flame Barrier","Immolate","Disarm","The Bomb+1","Parasite","Heavy Blade+1","Bludgeon+1"],"relics":["Burning Blood","Lizard Tail","Turnip","CeramicFish","Bag of Marbles","Meat on the Bone","Art of War","Coffee Dripper","Bag of Preparation","Shovel","Kunai","Question Card","The Courier","Snecko Eye","Eternal Feather","Bronze Scales","Sundial","Ginger","Dream Catcher","Blood Vial"],"acts_visited":["Exordium","TheCity","TheBeyond"],"potions_floor_usage":[6,10,18,22,25,29,30,39,42,45,48],"damage_taken":[{"damage":4,"enemies":"Small Slimes","floor":1,"turns":4},{"damage":2,"enemies":"Jaw Worm","floor":4,"turns":4},{"damage":3,"enemies":"Cultist","floor":5,"turns":3},{"damage":14,"enemies":"Gremlin Nob","floor":6,"turns":3},{"damage":37,"enemies":"3 Sentries","floor":8,"turns":6},{"damage":6,"enemies":"Exordium Thugs","floor":10,"turns":2},{"damage":17,"enemies":"Gremlin Nob","floor":14,"turns":3},{"damage":47,"enemies":"The Guardian","floor":16,"turns":10},{"damage":20,"enemies":"3 Byrds","floor":18,"turns":4},{"damage":6,"enemies":"Spheric Guardian","floor":19,"turns":3},{"damage":0,"enemies":"Snake Plant","floor":22,"turns":1},{"damage":22,"enemies":"Centurion and Healer","floor":24,"turns":5},{"damage":37,"enemies":"Slavers","floor":25,"turns":5},{"damage":35,"enemies":"3 Cultists","floor":28,"turns":6},{"damage":70,"enemies":"Gremlin Leader","floor":29,"turns":6},{"damage":23,"enemies":"Snake Plant","floor":30,"turns":5},{"damage":12,"enemies":"Snecko","floor":31,"turns":4},{"damage":42,"enemies":"Champ","floor":33,"turns":13},{"damage":6,"enemies":"Orb Walker","floor":35,"turns":3},{"damage":12,"enemies":"3 Darklings","floor":37,"turns":3},{"damage":28,"enemies":"Writhing Mass","floor":39,"turns":6},{"damage":14,"enemies":"Sphere and 2 Shapes","floor":41,"turns":3},{"damage":45,"enemies":"Nemesis","floor":42,"turns":7},{"damage":9,"enemies":"Mind Bloom Boss Battle","floor":45,"turns":5},{"damage":39,"enemies":"Reptomancer","floor":48,"turns":7},{"damage":103,"enemies":"Awakened One","floor":50,"turns":12}],"seed_played":"-2517330341760256050","potions_obtained":[{"floor":1,"key":"DistilledChaos"},{"floor":8,"key":"ColorlessPotion"},{"floor":16,"key":"EntropicBrew"},{"floor":18,"key":"AttackPotion"},{"floor":28,"key":"SneckoOil"},{"floor":29,"key":"DuplicationPotion"},{"floor":33,"key":"SpeedPotion"},{"floor":38,"key":"HeartOfIron"},{"floor":42,"key":"Fire Potion"},{"floor":45,"key":"DuplicationPotion"}],"is_trial":false,"path_per_floor":["M","?","?","M","M","E","R","E","T","M","R","?","R","E","R","B",null,"M","M","T","?","M","R","M","E","T","R","M","E","M","M","R","B",null,"M","$","M","?","M","R","M","E","T","R","?","T","?","E","R","B"],"character_chosen":"IRONCLAD","items_purchased":["Flame Barrier","Immolate","Eternal Feather","Bronze Scales","Disarm","DistilledChaos","The Bomb"],"campfire_rested":1,"item_purchase_floors":[36,36,36,36,36,36,36],"current_hp_per_floor":[72,61,49,53,56,48,48,17,17,29,29,29,50,51,51,22,60,49,49,49,49,55,55,54,49,49,49,47,56,56,62,62,46,72,81,81,81,81,62,80,75,48,48,66,67,67,67,57,75,0,0],"gold":445,"neow_bonus":"ONE_RARE_RELIC","is_daily":false,"chose_seed":false,"campfire_upgraded":7,"win_rate":0.0,"timestamp":1613782633,"path_taken":["M","?","?","M","?","E","R","E","T","M","R","?","R","E","R","BOSS","M","?","?","?","M","R","M","E","T","R","M","E","M","M","R","BOSS","M","$","M","?","M","R","?","E","T","R","?","?","?","E","R","BOSS"],"items_purchased_type":["Card","Card","Relic","Relic","Card","Potion","Card"],"build_version":"2020-12-22","purchased_purges":1,"victory":false,"max_hp_per_floor":[72,72,72,72,72,72,72,72,72,72,72,72,72,72,72,72,72,75,75,75,75,75,75,78,78,78,78,81,81,81,81,81,81,81,81,81,81,81,81,81,84,84,84,84,88,88,88,91,91,91,91],"card_choices":[{"not_picked":["Metallicize","Warcry"],"picked":"Sword Boomerang","floor":1},{"not_picked":["Havoc","Iron Wave"],"picked":"Combust","floor":4},{"not_picked":["Sentinel","Sever Soul"],"picked":"Wild Strike","floor":5},{"not_picked":["Fire Breathing","Perfected Strike"],"picked":"Inflame","floor":6},{"not_picked":["Feel No Pain","Havoc"],"picked":"Berserk","floor":8},{"not_picked":["Anger","Thunderclap"],"picked":"Shrug It Off","floor":10},{"not_picked":["Anger","Wild Strike"],"picked":"Offering","floor":14},{"not_picked":["Demon Form","Fiend Fire"],"picked":"Feed","floor":16},{"not_picked":["Flex","Armaments"],"picked":"Headbutt+1","floor":18},{"not_picked":["Anger","Havoc"],"picked":"Ghostly Armor+1","floor":19},{"not_picked":["Body Slam","Flex+1","Twin Strike"],"picked":"SKIP","floor":22},{"not_picked":["Flex+1","Disarm+1"],"picked":"Reaper","floor":24},{"not_picked":["Infernal Blade+1","Iron Wave+1"],"picked":"Armaments+1","floor":25},{"not_picked":["Feel No Pain","Warcry","Metallicize"],"picked":"SKIP","floor":28},{"not_picked":["Sentinel+1","Cleave"],"picked":"Pommel Strike","floor":29},{"not_picked":["Feel No Pain","Dropkick","Havoc"],"picked":"Clothesline","floor":30},{"not_picked":["Searing Blow","Combust","Thunderclap"],"picked":"Pommel Strike+1","floor":31},{"not_picked":["Brutality","Bludgeon","Impervious"],"picked":"Reaper","floor":33},{"not_picked":["Wild Strike","Perfected Strike","Pommel Strike","Clash"],"picked":"SKIP","floor":35},{"not_picked":["Headbutt","Iron Wave+1","Perfected Strike","Clash"],"picked":"SKIP","floor":37},{"not_picked":["Clash","Pommel Strike","Headbutt","Searing Blow"],"picked":"SKIP","floor":39},{"not_picked":["Headbutt+1","Spot Weakness","Clothesline","Inflame"],"picked":"SKIP","floor":41},{"not_picked":["Spot Weakness","Flex","Seeing Red","Fire Breathing"],"picked":"SKIP","floor":42},{"not_picked":["Rampage","Body Slam","Dropkick"],"picked":"Heavy Blade+1","floor":45},{"not_picked":["Pummel","Dropkick","Reckless Charge+1"],"picked":"Bludgeon","floor":48}],"player_experience":273483,"relics_obtained":[{"floor":6,"key":"CeramicFish"},{"floor":8,"key":"Bag of Marbles"},{"floor":9,"key":"Meat on the Bone"},{"floor":14,"key":"Art of War"},{"floor":20,"key":"Bag of Preparation"},{"floor":25,"key":"Shovel"},{"floor":26,"key":"Kunai"},{"floor":29,"key":"Question Card"},{"floor":32,"key":"The Courier"},{"floor":42,"key":"Sundial"},{"floor":45,"key":"Ginger"},{"floor":46,"key":"Dream Catcher"},{"floor":48,"key":"Blood Vial"}],"event_choices":[{"damage_healed":0,"gold_gain":75,"player_choice":"Gather Gold","damage_taken":11,"max_hp_gain":0,"max_hp_loss":0,"event_name":"World of Goop","floor":2,"gold_loss":0},{"damage_healed":0,"gold_gain":0,"player_choice":"Success","damage_taken":12,"relics_obtained":["Turnip"],"max_hp_gain":0,"max_hp_loss":0,"event_name":"Scrap Ooze","floor":3,"gold_loss":0},{"cards_removed":["Strike_R"],"damage_healed":0,"gold_gain":0,"player_choice":"Purged","damage_taken":0,"max_hp_gain":0,"max_hp_loss":0,"event_name":"Purifier","floor":12,"gold_loss":0},{"damage_healed":0,"gold_gain":99,"player_choice":"Stole From Cult","damage_taken":0,"max_hp_gain":0,"max_hp_loss":0,"event_name":"Nest","floor":21,"gold_loss":0},{"damage_healed":0,"gold_gain":0,"player_choice":"Got Potions","damage_taken":0,"max_hp_gain":0,"max_hp_loss":0,"event_name":"Lab","floor":38,"gold_loss":0},{"damage_healed":0,"gold_gain":0,"player_choice":"Fight","damage_taken":0,"max_hp_gain":0,"max_hp_loss":0,"event_name":"MindBloom","floor":45,"gold_loss":0},{"cards_removed":["Berserk"],"damage_healed":0,"gold_gain":0,"player_choice":"Removed Power","damage_taken":0,"max_hp_gain":0,"max_hp_loss":0,"event_name":"Falling","floor":47,"gold_loss":0}],"is_beta":false,"boss_relics":[{"not_picked":["Mark of Pain","Astrolabe"],"picked":"Coffee Dripper"},{"not_picked":["Empty Cage","Philosopher\u0027s Stone"],"picked":"Snecko Eye"}],"items_purged_floors":[36],"is_endless":false,"potions_floor_spawned":[1,8,16,18,28,29,33,42,45],"killed_by":"Awakened One","ascension_level":13}}