{"host":"Pascal","time":1613859263,"event":{"mods":["BaseMod","Googly Eyes","Minty Spire (QoL Compilation)","Permanent Neow","Relic Stats","StSLib"],"gold_per_floor":[113,113,130,55,66,66,84,259,284,30,43,43,62,12,12,12,12],"floor_reached":16,"language":"ENG","playtime":1039,"items_purged":["Regret","Doubt"],"score":120,"play_id":"c1162e2e-8698-4e8a-9b07-b22f116aa858","local_time":"20210220231423","is_ascension_mode":true,"campfire_choices":[{"data":"Corruption","floor":6,"key":"SMITH"},{"data":"Dark Embrace","floor":12,"key":"SMITH"},{"data":"Rampage","floor":15,"key":"SMITH"}],"circlet_count":0,"master_deck":["Strike_R","Strike_R","Strike_R","Strike_R","Defend_R","Defend_R","Defend_R","Defend_R","Bash","Corruption+1","Feel No Pain","Anger","Dark Embrace+1","Rampage+1"],"relics":["Burning Blood","Red Skull","Pen Nib"],"acts_visited":["Exordium"],"potions_floor_usage":[13,16],"damage_taken":[{"damage":14,"enemies":"Cultist","floor":1,"turns":5},{"damage":9,"enemies":"Small Slimes","floor":3,"turns":4},{"damage":10,"enemies":"Jaw Worm","floor":5,"turns":5},{"damage":11,"enemies":"Blue Slaver","floor":7,"turns":4},{"damage":15,"enemies":"Exordium Wildlife","floor":11,"turns":5},{"damage":0,"enemies":"2 Fungi Beasts","floor":13,"turns":3},{"damage":58,"enemies":"The Guardian","floor":16,"turns":7}],"seed_played":"-2411617557038119251","potions_obtained":[{"floor":1,"key":"AttackPotion"},{"floor":11,"key":"SkillPotion"}],"is_trial":false,"path_per_floor":["M","?","M","$","M","R","M","?","T","$","M","R","M","?","R","B"],"character_chosen":"IRONCLAD","items_purchased":["Dark Embrace","Rampage"],"campfire_rested":0,"item_purchase_floors":[10,10],"current_hp_per_floor":[64,64,61,61,57,57,52,52,52,52,43,43,49,49,49,0,0],"gold":12,"neow_bonus":"THREE_RARE_CARDS","is_daily":false,"chose_seed":false,"campfire_upgraded":3,"win_rate":0.0,"timestamp":1613859263,"path_taken":["M","?","M","$","M","R","M","?","T","$","?","R","M","?","R","BOSS"],"items_purchased_type":["Card","Card"],"build_version":"2020-12-18","purchased_purges":2,"victory":false,"max_hp_per_floor":[72,72,72,72,72,72,72,72,72,72,72,72,72,72,72,72,72],"relic_stats":{"counters":[7,33],"Pen Nib":[3],"obtain_stats":[{"Pen Nib":9,"Burning Blood":0,"Red Skull":2},{"Pen Nib":4,"Burning Blood":0,"Red Skull":1},{"Pen Nib":18,"Burning Blood":0,"Red Skull":5}],"Burning Blood":36},"card_choices":[{"not_picked":["Exhume","Juggernaut"],"picked":"Corruption","floor":0},{"not_picked":["Dual Wield","Dark Embrace"],"picked":"Feel No Pain","floor":1},{"not_picked":["Pummel","Headbutt","Perfected Strike"],"picked":"SKIP","floor":3},{"not_picked":["Sword Boomerang","Burning Pact"],"picked":"Anger","floor":5},{"not_picked":["True Grit","Headbutt","Dual Wield"],"picked":"SKIP","floor":7},{"not_picked":["Heavy Blade","Disarm","Dual Wield"],"picked":"SKIP","floor":11},{"not_picked":["Sword Boomerang","Warcry","Bloodletting"],"picked":"SKIP","floor":13}],"player_experience":181084,"relics_obtained":[{"floor":9,"key":"Pen Nib"}],"event_choices":[{"damage_healed":0,"gold_gain":0,"player_choice":"Box","damage_taken":0,"relics_obtained":["Red Skull"],"max_hp_gain":0,"max_hp_loss":0,"event_name":"Big Fish","floor":2,"gold_loss":0,"cards_obtained":["Regret"]},{"damage_healed":0,"gold_gain":175,"player_choice":"AGREE","damage_taken":0,"max_hp_gain":0,"max_hp_loss":0,"event_name":"Liars Game","floor":8,"gold_loss":0,"cards_obtained":["Doubt"]},{"cards_removed":["Strike_R"],"damage_healed":0,"gold_gain":0,"player_choice":"Card Removal","damage_taken":0,"max_hp_gain":0,"max_hp_loss":0,"event_name":"The Cleric","floor":14,"gold_loss":50}],"is_beta":true,"boss_relics":[],"items_purged_floors":[4,10],"is_endless":false,"potions_floor_spawned":[1,11],"killed_by":"The Guardian","ascension_level":6}}