{"host":"p7cjtxxrilhp4dw7","time":1613805740,"event":{"mods":["BaseMod","Block Reminder","Colored Map","Curses Come First","Downfall","Highlight Path","Minty Spire (QoL Compilation)","StSLib"],"gold_per_floor":[114,129,229,184,184,214,229,229,229,229,244,244,244,259,259,359,359,374,389,389,389,404,434,434,449,449,476,476,506,521,536,536,636,636,651,666,366,366,381,411,411,461,486,516,531,531,546,590,590,590],"floor_reached":51,"language":"ENG","playtime":6785,"items_purged":[],"score":822,"play_id":"cf4cba98-260e-43ca-933b-ab61c80e02ea","local_time":"20210220002220","daily_mods":["Allstar","Colorless Cards","Terminal"],"is_ascension_mode":false,"campfire_choices":[{"data":"champ:StanceDance","floor":8,"key":"SMITH"},{"data":"champ:Taunt","floor":10,"key":"SMITH"},{"data":"champ:EnchantSword","floor":13,"key":"SMITH"},{"data":"Panacea","floor":15,"key":"SMITH"},{"data":"Discovery","floor":24,"key":"SMITH"},{"data":"champ:RisingSlash","floor":28,"key":"SMITH"},{"data":"champ:UltimateStance","floor":32,"key":"SMITH"},{"data":"Apotheosis","floor":41,"key":"SMITH"},{"data":"champ:ArenaPreparation","floor":46,"key":"SMITH"},{"data":"Metamorphosis","floor":49,"key":"SMITH"}],"circlet_count":0,"master_deck":["champ:Strike","champ:Strike","champ:Defend","champ:Defend","champ:Defend","champ:Execute","champ:Taunt+1","Good Instincts","Finesse","Deep Breath","Master of Strategy","Master of Strategy","champ:ArenaPreparation+1","champ:BladeFlurry","Panacea+1","champ:StanceDance+1","champ:RisingSlash+1","champ:EnchantSword+1","champ:VampiricStrike","Discovery+1","champ:PerfectedStrike+1","champ:FancyFootwork+1","Metamorphosis+1","champ:UltimateStance+1","champ:ShieldWall","Apotheosis+1","Parasite","champ:PerfectedStrike","champ:Endure"],"relics":["champ:ChampionCrown","CloakClasp","Pen Nib","champ:FightingForDummies","champ:PowerArmor","Incense Burner","Kunai","Red Mask","Slimebound:StickyStick","Empty Cage","hexamod:Sixitude","Strawberry","CaptainsWheel","champ:DefensiveTrainingManual","Letter Opener","FossilizedHelix"],"acts_visited":["Exordium","TheCity","TheBeyond"],"potions_floor_usage":[18,23,33,42,44,50,50],"damage_taken":[{"damage":10,"enemies":"Cultist","floor":1,"turns":3},{"damage":15,"enemies":"Jaw Worm","floor":2,"turns":3},{"damage":42,"enemies":"Jaw Worm","floor":3,"turns":8},{"damage":41,"enemies":"3 Sentries","floor":6,"turns":6},{"damage":5,"enemies":"Small Slimes","floor":7,"turns":4},{"damage":30,"enemies":"Looter","floor":11,"turns":2},{"damage":30,"enemies":"2 Fungi Beasts","floor":14,"turns":2},{"damage":30,"enemies":"Hexaghost","floor":16,"turns":7},{"damage":5,"enemies":"Spheric Guardian","floor":18,"turns":2},{"damage":10,"enemies":"Chosen","floor":19,"turns":4},{"damage":10,"enemies":"Snecko","floor":22,"turns":5},{"damage":30,"enemies":"Slavers","floor":23,"turns":5},{"damage":15,"enemies":"Snake Plant","floor":25,"turns":1},{"damage":15,"enemies":"Masked Bandits","floor":27,"turns":3},{"damage":39,"enemies":"Gremlin Leader","floor":29,"turns":8},{"damage":20,"enemies":"Cultist and Chosen","floor":30,"turns":5},{"damage":34,"enemies":"Centurion and Healer","floor":31,"turns":4},{"damage":35,"enemies":"Collector","floor":33,"turns":6},{"damage":40,"enemies":"3 Shapes","floor":35,"turns":3},{"damage":0,"enemies":"Orb Walker","floor":36,"turns":2},{"damage":40,"enemies":"Writhing Mass","floor":39,"turns":5},{"damage":14,"enemies":"Nemesis","floor":40,"turns":6},{"damage":5,"enemies":"Mind Bloom Boss Battle","floor":42,"turns":4},{"damage":27,"enemies":"Giant Head","floor":44,"turns":7},{"damage":60,"enemies":"Maw","floor":45,"turns":5},{"damage":26,"enemies":"Jaw Worm Horde","floor":47,"turns":3},{"damage":15,"enemies":"2 Orb Walkers","floor":48,"turns":4},{"damage":59,"enemies":"Time Eater","floor":50,"turns":11}],"seed_played":"3618718455484561711","potions_obtained":[{"floor":5,"key":"champ:OpenerPotion"},{"floor":5,"key":"BlessingOfTheForge"},{"floor":5,"key":"champ:TechniquePotion"},{"floor":6,"key":"champ:UltimateStancePotion"},{"floor":18,"key":"EssenceOfSteel"},{"floor":29,"key":"Dexterity Potion"},{"floor":33,"key":"LiquidBronze"},{"floor":42,"key":"Fruit Juice"},{"floor":47,"key":"champ:TechniquePotion"},{"floor":48,"key":"hexamod:SoulburnPotion"}],"is_trial":false,"path_per_floor":["M","M","?","$","?","E","M","R","T","R","M","$","R","M","R","B",null,"M","M","?","$","M","E","R","M","T","?","R","E","M","M","R","B",null,"M","M","$","?","M","E","R","?","T","E","M","R","M","?","R","B",null],"character_chosen":"THE_CHAMP","items_purchased":["champ:StanceDance","hexamod:Sixitude"],"campfire_rested":0,"item_purchase_floors":[4,37],"current_hp_per_floor":[88,87,70,70,70,69,69,69,69,69,69,69,69,69,69,69,72,71,70,57,57,57,57,57,57,57,57,57,38,38,54,54,54,60,59,58,57,56,55,61,60,64,63,61,61,60,59,58,57,25],"gold":590,"neow_bonus":"","is_daily":true,"chose_seed":false,"campfire_upgraded":10,"win_rate":0.0,"timestamp":1613805740,"path_taken":["M","M","?","$","?","E","M","R","T","R","?","$","R","M","R","BOSS","M","?","?","$","M","E","R","M","T","?","R","E","M","M","R","BOSS","M","M","$","?","M","E","R","?","T","E","M","R","M","?","R","BOSS"],"items_purchased_type":["Card","Relic"],"build_version":"2020-12-22","purchased_purges":0,"victory":true,"max_hp_per_floor":[88,87,86,85,84,83,82,81,80,79,78,77,76,75,74,73,72,71,70,74,73,72,71,70,69,68,67,66,65,64,63,62,61,60,59,58,57,56,55,61,60,64,63,62,61,60,59,58,57,56],"card_choices":[{"not_picked":["champ:CrownThrow","champ:Haymaker"],"picked":"champ:ArenaPreparation","floor":1},{"not_picked":["champ:AdrenalArmor","champ:Circumvent"],"picked":"champ:BladeFlurry","floor":2},{"not_picked":["champ:EnGarde","Madness"],"picked":"Panacea","floor":3},{"not_picked":["champ:TornadoPunch","champ:PreciseThrust","champ:DefensiveStyle"],"picked":"SKIP","floor":6},{"not_picked":["champ:PerfectedStrike","champ:PreciseThrust"],"picked":"champ:RisingSlash","floor":7},{"not_picked":["champ:BerserkersShout","champ:BladeFlurry"],"picked":"champ:EnchantSword","floor":11},{"not_picked":["champ:Haymaker","champ:CrownThrow","champ:HeartStrike"],"picked":"SKIP","floor":14},{"not_picked":["champ:SteelEdge","champ:EnchantCrown"],"picked":"champ:VampiricStrike","floor":16},{"not_picked":["champ:ShieldSigil","champ:GutPunch"],"picked":"Discovery","floor":18},{"not_picked":["champ:FanOfKnives","champ:Shatter"],"picked":"champ:PerfectedStrike+1","floor":19},{"not_picked":["champ:DefensiveShout+1","Mind Blast+1"],"picked":"champ:FancyFootwork+1","floor":22},{"not_picked":["champ:FaceSlap+1","Enlightenment","champ:FanOfKnives"],"picked":"SKIP","floor":23},{"not_picked":["champ:FaceSlap+1","Enlightenment","champ:FanOfKnives"],"picked":"SKIP","floor":23},{"not_picked":["champ:AdrenalArmor","champ:CrownThrow","champ:BerserkersShout"],"picked":"SKIP","floor":25},{"not_picked":["champ:FanOfKnives","champ:TornadoPunch"],"picked":"Metamorphosis","floor":27},{"not_picked":["champ:AdrenalArmor","champ:Circumvent"],"picked":"champ:UltimateStance","floor":29},{"not_picked":["Dramatic Entrance","champ:FanOfKnives"],"picked":"champ:ShieldWall","floor":30},{"not_picked":["champ:AdrenalArmor+1","champ:FancyFootwork","champ:DeathBlow"],"picked":"SKIP","floor":31},{"not_picked":["Mayhem","champ:EnchantSword"],"picked":"Apotheosis","floor":33},{"not_picked":["champ:FocusedDefense","champ:BladeFlurry+1","champ:BerserkersShout+1"],"picked":"SKIP","floor":35},{"not_picked":["champ:FanOfKnives","champ:CrookedStrike","champ:EndlessRage+1"],"picked":"SKIP","floor":36},{"not_picked":["champ:FanOfKnives","champ:EnGarde+1","champ:CrownThrow"],"picked":"SKIP","floor":39},{"not_picked":["Finesse+1","champ:BringItOn","champ:Lariat"],"picked":"SKIP","floor":40},{"not_picked":["Finesse+1","champ:BringItOn","champ:Lariat"],"picked":"SKIP","floor":40},{"not_picked":["Secret Weapon","champ:EnGarde","champ:StrikeOfGenius"],"picked":"SKIP","floor":44},{"not_picked":["Enlightenment","Blind+1","champ:HeartStrike"],"picked":"SKIP","floor":45},{"not_picked":["champ:BladeFlurry","champ:Haymaker"],"picked":"champ:PerfectedStrike","floor":47},{"not_picked":["PanicButton+1","Dramatic Entrance+1"],"picked":"champ:Endure","floor":48}],"player_experience":848418,"relics_obtained":[{"floor":3,"key":"CloakClasp"},{"floor":6,"key":"Pen Nib"},{"floor":9,"key":"champ:FightingForDummies"},{"floor":23,"key":"Incense Burner"},{"floor":26,"key":"Kunai"},{"floor":27,"key":"Red Mask"},{"floor":29,"key":"Slimebound:StickyStick"},{"floor":40,"key":"Strawberry"},{"floor":42,"key":"CaptainsWheel"},{"floor":43,"key":"champ:DefensiveTrainingManual"},{"floor":44,"key":"Letter Opener"},{"floor":48,"key":"FossilizedHelix"}],"event_choices":[{"damage_healed":0,"gold_gain":0,"player_choice":"Got Potions","damage_taken":0,"max_hp_gain":0,"max_hp_loss":0,"event_name":"Lab","floor":5,"gold_loss":0},{"damage_healed":0,"gold_gain":0,"player_choice":"Shed Blood","damage_taken":18,"max_hp_gain":5,"max_hp_loss":0,"event_name":"Forgotten Altar","floor":20,"gold_loss":0},{"damage_healed":0,"gold_gain":0,"player_choice":"Fought Bandits","damage_taken":0,"max_hp_gain":0,"max_hp_loss":0,"event_name":"Masked Bandits","floor":27,"gold_loss":0},{"cards_removed":["champ:Strike"],"damage_healed":0,"gold_gain":0,"player_choice":"Removed Attack","damage_taken":0,"max_hp_gain":0,"max_hp_loss":0,"event_name":"Falling","floor":38,"gold_loss":0},{"damage_healed":0,"gold_gain":0,"player_choice":"Fight","damage_taken":0,"max_hp_gain":0,"max_hp_loss":0,"event_name":"MindBloom","floor":42,"gold_loss":0},{"damage_healed":0,"gold_gain":0,"player_choice":"Fight","damage_taken":0,"max_hp_gain":0,"max_hp_loss":0,"event_name":"Mysterious Sphere","floor":48,"gold_loss":0}],"is_beta":false,"boss_relics":[{"not_picked":["Runic Pyramid","Fusion Hammer"],"picked":"champ:PowerArmor"},{"not_picked":["Runic Dome","Pandora\u0027s Box"],"picked":"Empty Cage"}],"items_purged_floors":[],"is_endless":false,"potions_floor_spawned":[6,7,11,14,18,22,29,33,35,36,42,47,48],"ascension_level":0}}