{"host":"8g24zuco0epbjwbo","time":1613798354,"event":{"mods":["Act Like it!","Aspiration","Bard","BaseMod","Beaked The Cultist","Hermit","Hubris","Infinite Spire","Minty Spire (QoL Compilation)","Relic Stats","Reliquary","Replay The Spire","Small Relic Pack","Spire Arcade","StSLib","The Blue Laboratory","The Construct","The IronCluck","The Judge","The Jungle","The Runesmith","[IsaacMod]????"],"gold_per_floor":[112,127,18,18,31,57,57,86,86,115,115,125,125,73,73,176,176,186,186,186,201,248,248,274,287,299,340,352,413,425,497,509,652,664,731,743,817,856,868,868],"floor_reached":39,"language":"ENG","playtime":1803,"items_purged":[],"score":1586,"play_id":"7c51ba0f-b170-415f-88c0-34e4fec17db6","local_time":"20210220001914","is_ascension_mode":true,"campfire_choices":[{"data":"TalkToTheHand","floor":7.0,"key":"SMITH"},{"data":"Replay:DivineShield","floor":13.0,"key":"SMITH"},{"data":"Eruption","floor":15.0,"key":"SMITH"},{"data":"TalkToTheHand","floor":23.0,"key":"SMITH"},{"data":"TalkToTheHand","floor":32,"key":"SMITH"}],"circlet_count":0,"master_deck":["Strike_P+1","Strike_P","Strike_P","Defend_P+1","Defend_P","Defend_P","Eruption+1","Vigilance","Replay:DivineShield+1","Wallop","TalkToTheHand+1","Halt+1","Protect+1","FlurryOfBlows","WheelKick","LessonLearned","Indignation+1","TalkToTheHand+1","TalkToTheHand+1","Wish+1","Wireheading","CommonCold","WindmillStrike","SandsOfTime","BowlingBash","WindmillStrike+1","MentalFortress","DeusExMachina","SashWhip+1","ConjureBlade","Wallop+1","FollowUp"],"relics":["PureWater","HushsDoor","Void","WordoMod:Effigy","Counterbalance","Bag of Marbles","MoneyPower","Ornamental Fan","Gambling Chip","aspiration:FutureDiary","Damocles","reliquary:TridentHead","ReplayTheSpireMod:Ring of Sloth","Ring of Panic","aspiration:HummingbirdHeart","aspiration:Lifesprig","D4","hubris:DeckOfHolding","MawBank","Pen Nib","hubris:Towel","hubris:FunFungus","Pear","Replay:Baseball","ChampionBelt","Vajra","reliquary:IvoryTrinket","relicPack:OneForAll","Runesmith:Locket","BlankCard","Replay:Purple Gloves","infinitespire:Satchel"],"acts_visited":["Exordium","TheCity","TheBeyond"],"potions_floor_usage":[37,39],"damage_taken":[{"damage":0.0,"enemies":"Cultist","floor":1.0,"turns":2.0},{"damage":0.0,"enemies":"Jaw Worm","floor":2.0,"turns":6.0},{"damage":0.0,"enemies":"2 Louse","floor":5.0,"turns":3.0},{"damage":27.0,"enemies":"Lagavulin","floor":6.0,"turns":10.0},{"damage":29.0,"enemies":"Gremlin Nob","floor":8.0,"turns":4.0},{"damage":0.0,"enemies":"Lagavulin","floor":10.0,"turns":8.0},{"damage":0.0,"enemies":"Blue Slaver","floor":12.0,"turns":3.0},{"damage":0.0,"enemies":"Hexaghost","floor":16.0,"turns":9.0},{"damage":0.0,"enemies":"2 Thieves","floor":18.0,"turns":3.0},{"damage":0.0,"enemies":"Shell Parasite","floor":21.0,"turns":1.0},{"damage":0.0,"enemies":"Centurion and Healer","floor":22.0,"turns":5.0},{"damage":0.0,"enemies":"Book of Stabbing","floor":24.0,"turns":2.0},{"damage":0.0,"enemies":"Shelled Parasite and Fungi","floor":25.0,"turns":2.0},{"damage":0.0,"enemies":"Slavers","floor":27.0,"turns":3.0},{"damage":0.0,"enemies":"Chosen and Byrds","floor":29.0,"turns":2.0},{"damage":0,"enemies":"Replay:Snechameleon","floor":31,"turns":4},{"damage":0,"enemies":"Collector","floor":33,"turns":5},{"damage":10,"enemies":"Nemesis","floor":35,"turns":8},{"damage":0,"enemies":"Reptomancer","floor":37,"turns":3},{"damage":9,"enemies":"Giant Head","floor":38,"turns":6},{"damage":6,"enemies":"hubris:Merchant","floor":39,"turns":2}],"seed_played":"-4242926826224477869","potions_obtained":[{"floor":10.0,"key":"Energy Potion"},{"floor":12.0,"key":"blueLaboratory:AbyssPotion"},{"floor":16.0,"key":"Toxic Potion"},{"floor":29,"key":"Ambrosia"}],"is_trial":false,"path_per_floor":["M","M","$","?","M","E","R","E","T","E","?","M","R","$","R","B",null,"M","?","?","M","M","R","E","M","T","E","?","M","?","E","R","B",null,"M","?","M","M","$"],"character_chosen":"WATCHER","items_purchased":["TalkToTheHand","Halt+1","TalkToTheHand","Damocles"],"campfire_rested":0,"item_purchase_floors":[3,3,14,17],"current_hp_per_floor":[72,72,72,72,72,45,45,16,16,16,16,16,16,16,16,16,62,62,56,56,56,56,56,56,56,56,56,56,56,56,72,72,72,72,66,66,67,63,0,0],"gold":868,"neow_bonus":"NOSTALGIA","is_daily":false,"chose_seed":false,"campfire_upgraded":5,"win_rate":0.0,"timestamp":1613798354,"path_taken":["M","?","$","?","M","E","R","E","T","E","?","?","R","$","R","BOSS","M","?","?","M","M","R","E","?","T","E","?","M","?","E","R","BOSS","M","?","M","M","$"],"items_purchased_type":["Card","Card","Card","Relic"],"build_version":"2020-12-22","purchased_purges":0,"victory":false,"max_hp_per_floor":[72,72,72,72,72,72,72,72,72,72,72,72,72,72,72,72,62,62,62,62,62,62,62,62,62,62,62,62,62,62,72,72,72,72,72,72,72,72,72,72],"relic_stats":{"counters":[21,91],"Ornamental Fan":[140],"Gambling Chip":[37],"Pen Nib":[6],"MawBank":168,"obtain_stats":[{"Damocles":17,"reliquary:IvoryTrinket":35,"aspiration:Lifesprig":22,"WordoMod:Effigy":0,"Vajra":35,"Runesmith:Locket":37,"Replay:Purple Gloves":38,"Smiling Mask":26,"relicPack:OneForAll":36,"reliquary:TridentHead":18,"ChampionBelt":34,"Gambling Chip":10,"hubris:DeckOfHolding":24,"hubris:FunFungus":29,"Void":0,"aspiration:FutureDiary":17,"Ring of Panic":20,"reliquary:SharkskinSheath":27,"KeepersGift":0,"Pear":31,"aspiration:Nostalgia":0,"Counterbalance":4,"ReplayTheSpireMod:Ring of Sloth":20,"Pen Nib":27,"MoneyPower":8,"aspiration:HummingbirdHeart":21,"hubris:Towel":28,"MawBank":25,"D4":24,"Replay:Baseball":31,"Ornamental Fan":9,"infinitespire:Satchel":38,"Bag of Marbles":6,"PureWater":0,"BlankCard":37,"HushsDoor":0},{"Damocles":8,"reliquary:IvoryTrinket":18,"aspiration:Lifesprig":11,"WordoMod:Effigy":0,"Vajra":18,"Runesmith:Locket":19,"Replay:Purple Gloves":20,"Smiling Mask":13,"relicPack:OneForAll":18,"reliquary:TridentHead":9,"ChampionBelt":17,"Gambling Chip":6,"hubris:DeckOfHolding":12,"hubris:FunFungus":15,"Void":0,"aspiration:FutureDiary":8,"Ring of Panic":9,"reliquary:SharkskinSheath":14,"KeepersGift":0,"Pear":16,"aspiration:Nostalgia":0,"Counterbalance":2,"ReplayTheSpireMod:Ring of Sloth":9,"Pen Nib":14,"MoneyPower":5,"aspiration:HummingbirdHeart":10,"hubris:Towel":14,"MawBank":13,"D4":12,"Replay:Baseball":16,"Ornamental Fan":5,"infinitespire:Satchel":20,"Bag of Marbles":4,"PureWater":0,"BlankCard":19,"HushsDoor":0},{"Damocles":45,"reliquary:IvoryTrinket":80,"aspiration:Lifesprig":54,"WordoMod:Effigy":0,"Vajra":80,"Runesmith:Locket":83,"Replay:Purple Gloves":89,"Smiling Mask":58,"relicPack:OneForAll":80,"reliquary:TridentHead":48,"ChampionBelt":72,"Gambling Chip":33,"hubris:DeckOfHolding":56,"hubris:FunFungus":63,"Void":0,"aspiration:FutureDiary":45,"Ring of Panic":48,"reliquary:SharkskinSheath":61,"KeepersGift":0,"Pear":67,"aspiration:Nostalgia":0,"Counterbalance":8,"ReplayTheSpireMod:Ring of Sloth":48,"Pen Nib":61,"MoneyPower":25,"aspiration:HummingbirdHeart":49,"hubris:Towel":61,"MawBank":58,"D4":56,"Replay:Baseball":67,"Ornamental Fan":25,"infinitespire:Satchel":89,"Bag of Marbles":21,"PureWater":0,"BlankCard":83,"HushsDoor":0}]},"card_choices":[{"not_picked":["CrushJoints","SignatureMove"],"picked":"Replay:DivineShield","floor":1.0},{"not_picked":["ClearTheMind","Replay:Vibes"],"picked":"Wallop","floor":2.0},{"not_picked":["FlyingSleeves","EmptyMind"],"picked":"Protect","floor":5.0},{"not_picked":["Worship","Replay:AtTheReady"],"picked":"FlurryOfBlows","floor":6.0},{"not_picked":["JustLucky","EmptyBody"],"picked":"WheelKick","floor":8.0},{"not_picked":["TalkToTheHand","WreathOfFlame"],"picked":"LessonLearned","floor":10.0},{"not_picked":["Prostrate","Replay:AtTheReady","PathToVictory"],"picked":"SKIP","floor":12.0},{"not_picked":["Devotion","Alpha"],"picked":"Wish","floor":16.0},{"not_picked":["FlurryOfBlows","Replay:Anticipation"],"picked":"Wireheading","floor":18.0},{"not_picked":["Halt","Vengeance"],"picked":"WindmillStrike","floor":21.0},{"not_picked":["WindmillStrike","Prostrate"],"picked":"SandsOfTime","floor":22.0},{"not_picked":["FlyingSleeves","Replay:Vibes","Halt+1"],"picked":"SKIP","floor":24.0},{"not_picked":["WreathOfFlame","Replay:Battleflow"],"picked":"BowlingBash","floor":25.0},{"not_picked":["Vengeance","FlyingSleeves+1"],"picked":"WindmillStrike+1","floor":27.0},{"not_picked":["PathToVictory+1","FlyingSleeves"],"picked":"MentalFortress","floor":29},{"not_picked":["WaveOfTheHand","Meditate"],"picked":"SashWhip+1","floor":31},{"not_picked":["Omniscience","Replay:AllIn"],"picked":"ConjureBlade","floor":33},{"not_picked":["Halt","PathToVictory","Pray+1"],"picked":"SKIP","floor":35},{"not_picked":["FearNoEvil","Fasting2+1"],"picked":"Wallop+1","floor":37},{"not_picked":["Replay:BluntJabs","Prostrate"],"picked":"FollowUp","floor":38}],"player_experience":434825,"relics_obtained":[{"floor":4.0,"key":"Counterbalance"},{"floor":6.0,"key":"Bag of Marbles"},{"floor":8.0,"key":"MoneyPower"},{"floor":9.0,"key":"Ornamental Fan"},{"floor":10.0,"key":"Gambling Chip"},{"floor":18.0,"key":"reliquary:TridentHead"},{"floor":20.0,"key":"ReplayTheSpireMod:Ring of Sloth"},{"floor":20.0,"key":"Ring of Panic"},{"floor":21.0,"key":"aspiration:HummingbirdHeart"},{"floor":22.0,"key":"aspiration:Lifesprig"},{"floor":24.0,"key":"D4"},{"floor":24.0,"key":"hubris:DeckOfHolding"},{"floor":25.0,"key":"MawBank"},{"floor":26.0,"key":"Smiling Mask"},{"floor":27.0,"key":"Pen Nib"},{"floor":27.0,"key":"reliquary:SharkskinSheath"},{"floor":29,"key":"hubris:FunFungus"},{"floor":31,"key":"Pear"},{"floor":31,"key":"Replay:Baseball"},{"floor":35,"key":"Vajra"},{"floor":35,"key":"reliquary:IvoryTrinket"},{"floor":37,"key":"Runesmith:Locket"},{"floor":37,"key":"BlankCard"},{"floor":38,"key":"Replay:Purple Gloves"},{"floor":38,"key":"infinitespire:Satchel"}],"event_choices":[{"damage_healed":0.0,"max_hp_gain":0.0,"max_hp_loss":0.0,"gold_gain":0.0,"cards_transformed":["Strike_P"],"event_name":"Living Wall","player_choice":"Change","floor":11.0,"gold_loss":0.0,"damage_taken":0.0,"cards_obtained":["Indignation"]},{"damage_healed":0.0,"max_hp_gain":0.0,"max_hp_loss":0.0,"gold_gain":0.0,"event_name":"Wheel of Change","player_choice":"Damaged","floor":19.0,"gold_loss":0.0,"damage_taken":6.0},{"damage_healed":0,"gold_gain":0,"cards_transformed":["Defend_P"],"player_choice":"Transformed","damage_taken":0,"max_hp_gain":0,"max_hp_loss":0,"event_name":"Transmorgrifier","floor":30,"gold_loss":0,"cards_obtained":["DeusExMachina"]}],"is_beta":false,"boss_relics":[{"not_picked":["Runic Dome","Runesmith:UraniumAnvil"],"picked":"aspiration:FutureDiary"},{"not_picked":[]},{"not_picked":["Coffee Dripper","reliquary:RustamsPendant"],"picked":"ChampionBelt"},{"not_picked":[]}],"items_purged_floors":[],"is_endless":false,"potions_floor_spawned":[10,12,16,18,21,24,29],"killed_by":"hubris:Merchant","ascension_level":20}}