{"host":"g907ck67u7c3hrs6","time":1613799748,"event":{"mods":["BaseMod","Colored Map","DeckTracker","Force Act Four","Highlight Path","Keyboard Shortcuts","Minty Spire (QoL Compilation)","Permanent Neow","Say the Spire","SuperFastMode"],"gold_per_floor":[109,124,143,157,177,203,234,269,318,352,83,83,118,147,147,223,223,243,243,143,143,166,199,228,256,327,355,388,417,447,475,475,547,597,609,609,609,396,396,431,431,431,458,308,308,337,337,369,369,369,369,369,369,23,57,57],"floor_reached":57,"language":"KOR","playtime":1957,"items_purged":["Doubt","Writhe","Pain","Normality","Decay"],"score":3768,"play_id":"3f3f056a-7f37-40a9-a8ea-8bf15b40102f","local_time":"20210220144228","daily_mods":["SealedDeck","Heirloom","Time Dilation","Flight","DeadlyEvents","Cursed Run","Elite Swarm"],"is_ascension_mode":true,"campfire_choices":[{"data":"Apotheosis","floor":12,"key":"SMITH"},{"data":"Scrape","floor":15,"key":"SMITH"},{"floor":32,"key":"REST"},{"data":"Clumsy","floor":41,"key":"PURGE"},{"data":"Steam","floor":42,"key":"PURGE"},{"data":"Fusion","floor":45,"key":"PURGE"},{"floor":47,"key":"RECALL"},{"data":"Turbo","floor":49,"key":"PURGE"},{"data":"Normality","floor":53,"key":"PURGE"}],"circlet_count":0,"master_deck":["AscendersBane","Aggregate","Self Repair","Double Energy","Heatsinks+1","Gash+1","Gash+1","Defragment","Glacier","Gash","Beam Cell","Reboot","Scrape+1","Steam Power","Electrodynamics","All For One","Buffer","Apotheosis+1","Core Surge","Echo Form","Consume","Skim","Machine Learning","Echo Form","All For One","Echo Form","Seek","Discovery","Secret Technique","Discovery","Capacitor","Creative AI","Seek","Reboot","Regret"],"relics":["Cursed Key","Darkstone Periapt","Du-Vu Doll","Prayer Wheel","DataDisk","MealTicket","Dream Catcher","Regal Pillow","Calipers","Potion Belt","Whetstone","Fusion Hammer","MutagenicStrength","Anchor","Symbiotic Virus","Pear","Blood Vial","InkBottle","Omamori","Strawberry","Vajra","Shuriken","Mercury Hourglass","Tiny House","Peace Pipe","Mummified Hand","Unceasing Top","Happy Flower","Nunchaku"],"acts_visited":["Exordium","TheCity","TheBeyond","TheEnding"],"potions_floor_usage":[56,56],"damage_taken":[{"damage":0,"enemies":"Jaw Worm","floor":1,"turns":4},{"damage":0,"enemies":"2 Louse","floor":2,"turns":3},{"damage":10,"enemies":"Small Slimes","floor":3,"turns":4},{"damage":4,"enemies":"Red Slaver","floor":4,"turns":4},{"damage":6,"enemies":"2 Fungi Beasts","floor":5,"turns":2},{"damage":0,"enemies":"Lagavulin","floor":6,"turns":4},{"damage":41,"enemies":"3 Sentries","floor":7,"turns":6},{"damage":20,"enemies":"Gremlin Nob","floor":8,"turns":4},{"damage":0,"enemies":"Lagavulin","floor":10,"turns":3},{"damage":0,"enemies":"Gremlin Nob","floor":13,"turns":3},{"damage":0,"enemies":"Lagavulin","floor":14,"turns":5},{"damage":0,"enemies":"The Guardian","floor":16,"turns":3},{"damage":22,"enemies":"2 Thieves","floor":18,"turns":2},{"damage":10,"enemies":"Gremlin Leader","floor":23,"turns":5},{"damage":5,"enemies":"Slavers","floor":24,"turns":2},{"damage":0,"enemies":"Gremlin Leader","floor":25,"turns":3},{"damage":3,"enemies":"Book of Stabbing","floor":27,"turns":2},{"damage":35,"enemies":"Gremlin Leader","floor":28,"turns":3},{"damage":25,"enemies":"Book of Stabbing","floor":29,"turns":4},{"damage":0,"enemies":"Gremlin Leader","floor":30,"turns":3},{"damage":8,"enemies":"Book of Stabbing","floor":31,"turns":2},{"damage":24,"enemies":"Champ","floor":33,"turns":3},{"damage":3,"enemies":"3 Darklings","floor":35,"turns":2},{"damage":3,"enemies":"Giant Head","floor":40,"turns":4},{"damage":43,"enemies":"Reptomancer","floor":46,"turns":4},{"damage":11,"enemies":"Nemesis","floor":48,"turns":3},{"damage":51,"enemies":"Time Eater","floor":50,"turns":5},{"damage":18,"enemies":"Donu and Deca","floor":51,"turns":4},{"damage":6,"enemies":"Shield and Spear","floor":55,"turns":4},{"damage":129,"enemies":"The Heart","floor":56,"turns":4}],"seed_played":"2618377361724986234","potions_obtained":[{"floor":1,"key":"Swift Potion"},{"floor":2,"key":"GamblersBrew"},{"floor":3,"key":"PowerPotion"},{"floor":24,"key":"LiquidMemories"},{"floor":25,"key":"DistilledChaos"}],"is_trial":true,"path_per_floor":["M","M","M","M","M","E","E","E","T","E","$","R","E","E","R","B",null,"M","?","$","?","T","E","E","E","T","E","E","E","E","E","R","B",null,"M","?","?","$","$","E","R","R","T","$","R","E","R","E","R","B","B",null,"R","$","E","B",null],"character_chosen":"DEFECT","items_purchased":["Apotheosis","Capacitor","Happy Flower"],"campfire_rested":1,"item_purchase_floors":[11,38,54],"current_hp_per_floor":[71,71,68,71,71,71,37,24,30,37,52,52,52,59,59,65,79,67,67,82,82,88,85,90,99,105,105,97,84,93,87,112,88,111,110,100,117,117,117,117,117,117,123,123,123,90,90,88,88,65,62,117,117,132,135,22],"gold":57,"neow_bonus":"","is_daily":false,"chose_seed":false,"campfire_upgraded":2,"win_rate":0.0,"timestamp":1613799748,"path_taken":["M","M","M","M","M","E","E","E","T","E","$","R","E","E","R","BOSS","M","?","$","?","?","E","E","E","T","E","E","E","?","E","R","BOSS","M","?","?","$","$","E","R","R","T","$","R","E","R","E","R","BOSS","BOSS","R","$","E","BOSS"],"items_purchased_type":["Card","Card","Relic"],"build_version":"2020-12-22","purchased_purges":5,"victory":true,"max_hp_per_floor":[71,71,71,71,71,71,71,71,77,77,77,77,77,77,77,83,83,83,83,83,83,89,89,99,99,105,105,112,112,112,112,112,112,117,117,117,117,117,117,117,117,117,123,123,123,123,123,123,123,129,135,135,135,135,135,141],"card_choices":[{"not_picked":["Ball Lightning","Compile Driver"],"picked":"Gash","floor":1},{"not_picked":["Hello World","Hologram"],"picked":"Beam Cell","floor":1},{"not_picked":["Recycle","Stack","Ball Lightning"],"picked":"SKIP","floor":2},{"not_picked":["Cold Snap","Steam","Doom and Gloom"],"picked":"SKIP","floor":2},{"not_picked":["Go for the Eyes","Beam Cell"],"picked":"Reboot","floor":3},{"not_picked":["Beam Cell","Stack","Rebound"],"picked":"SKIP","floor":3},{"not_picked":["Cold Snap","Sunder"],"picked":"Scrape","floor":4},{"not_picked":["Compile Driver","Redo","Reprogram"],"picked":"SKIP","floor":4},{"not_picked":["Redo","Compile Driver"],"picked":"Steam Power","floor":5},{"not_picked":["Coolheaded","Storm"],"picked":"Steam","floor":5},{"not_picked":["Thunder Strike","All For One"],"picked":"Electrodynamics","floor":6},{"not_picked":["Rainbow","Amplify","Multi-Cast"],"picked":"SKIP","floor":7},{"not_picked":["Rainbow","Amplify","Multi-Cast"],"picked":"SKIP","floor":7},{"not_picked":["Machine Learning","Seek"],"picked":"All For One","floor":8},{"not_picked":["Hyperbeam","Multi-Cast"],"picked":"Buffer","floor":10},{"not_picked":["Meteor Strike","Hyperbeam","Thunder Strike"],"picked":"SKIP","floor":13},{"not_picked":["Hyperbeam","Fission"],"picked":"Core Surge","floor":14},{"not_picked":["Reboot","Multi-Cast"],"picked":"Echo Form","floor":16},{"not_picked":["White Noise+1","Tempest"],"picked":"Consume","floor":18},{"not_picked":["Self Repair","Stack+1","Cold Snap"],"picked":"SKIP","floor":18},{"not_picked":["Reboot","Biased Cognition"],"picked":"Machine Learning","floor":23},{"not_picked":["Buffer","Biased Cognition"],"picked":"Echo Form","floor":24},{"not_picked":["Biased Cognition","Machine Learning","Fission"],"picked":"SKIP","floor":25},{"not_picked":["Buffer","Meteor Strike"],"picked":"All For One","floor":27},{"not_picked":["Electrodynamics","Seek"],"picked":"Echo Form","floor":28},{"not_picked":["Amplify","All For One","Buffer"],"picked":"SKIP","floor":29},{"not_picked":["Machine Learning","Thunder Strike","Rainbow"],"picked":"SKIP","floor":30},{"not_picked":["Biased Cognition","Multi-Cast","Machine Learning"],"picked":"SKIP","floor":31},{"not_picked":["All For One","Thunder Strike"],"picked":"Seek","floor":33},{"not_picked":["Darkness","Ball Lightning","Sweeping Beam"],"picked":"SKIP","floor":35},{"not_picked":["Fusion","Ball Lightning+1","Rainbow"],"picked":"SKIP","floor":35},{"not_picked":["Good Instincts","Forethought"],"picked":"Discovery","floor":36},{"not_picked":["Deep Breath","Dramatic Entrance"],"picked":"Secret Technique","floor":36},{"not_picked":["Forethought","Mind Blast"],"picked":"Discovery","floor":36},{"not_picked":["Buffer","Core Surge","Fission"],"picked":"SKIP","floor":40},{"not_picked":["Seek","Amplify"],"picked":"Creative AI","floor":46},{"not_picked":["Meteor Strike","Electrodynamics"],"picked":"Seek","floor":48},{"not_picked":["Rainbow","Hyperbeam"],"picked":"Reboot","floor":55}],"player_experience":328371,"relics_obtained":[{"floor":6,"key":"DataDisk"},{"floor":7,"key":"MealTicket"},{"floor":8,"key":"Dream Catcher"},{"floor":9,"key":"Regal Pillow"},{"floor":10,"key":"Calipers"},{"floor":13,"key":"Potion Belt"},{"floor":14,"key":"Whetstone"},{"floor":22,"key":"Anchor"},{"floor":23,"key":"Symbiotic Virus"},{"floor":24,"key":"Pear"},{"floor":25,"key":"Blood Vial"},{"floor":26,"key":"InkBottle"},{"floor":27,"key":"Omamori"},{"floor":28,"key":"Strawberry"},{"floor":29,"key":"Vajra"},{"floor":30,"key":"Shuriken"},{"floor":31,"key":"Mercury Hourglass"},{"floor":40,"key":"Peace Pipe"},{"floor":46,"key":"Mummified Hand"},{"floor":48,"key":"Unceasing Top"},{"floor":55,"key":"Nunchaku"}],"event_choices":[{"damage_healed":0,"gold_gain":0,"player_choice":"Read","damage_taken":0,"max_hp_gain":0,"max_hp_loss":0,"event_name":"The Library","floor":19,"gold_loss":0,"cards_obtained":["Skim"]},{"damage_healed":0,"gold_gain":0,"player_choice":"Inject Mutagens","damage_taken":0,"relics_obtained":["MutagenicStrength"],"max_hp_gain":0,"max_hp_loss":0,"event_name":"Drug Dealer","floor":21,"gold_loss":0},{"damage_healed":0,"gold_gain":0,"player_choice":"Memory 3","damage_taken":10,"max_hp_gain":0,"max_hp_loss":0,"event_name":"SensoryStone","floor":36,"gold_loss":0},{"damage_healed":23,"gold_gain":0,"player_choice":"Writhe","damage_taken":0,"max_hp_gain":0,"max_hp_loss":0,"event_name":"Winding Halls","floor":37,"gold_loss":0,"cards_obtained":["Writhe"]}],"is_beta":false,"boss_relics":[{"not_picked":["Inserter","Velvet Choker"],"picked":"Fusion Hammer"},{"not_picked":["Philosopher\u0027s Stone","Astrolabe"],"picked":"Tiny House"}],"items_purged_floors":[11,20,38,44,54],"is_endless":false,"potions_floor_spawned":[1,2,3,8,10,24,25,28,30,33,40,46],"ascension_level":20}}