{"host":"08xvxt5w1s7zc7e5","time":1613790718,"event":{"mods":["AchievementEnabler","BaseMod","DeckTracker","Minty Spire (QoL Compilation)","Quick Restart","StSLib","SuperFastMode"],"gold_per_floor":[110,127,202,218,106,119,97,109,136,150,150,150,150,176,176,176,176],"floor_reached":16,"language":"KOR","playtime":728,"items_purged":["Strike_G"],"score":143,"play_id":"2cfd540d-ba89-4ded-bf98-1c25ec7703d2","local_time":"20210220121158","is_ascension_mode":true,"campfire_choices":[{"data":"Neutralize","floor":11,"key":"SMITH"},{"data":"Footwork","floor":13,"key":"SMITH"},{"data":"Malaise","floor":15,"key":"SMITH"}],"circlet_count":0,"master_deck":["Strike_G","Strike_G","Strike_G","Strike_G","Defend_G","Defend_G","Defend_G","Defend_G","Defend_G","Survivor","Neutralize+1","Cloak And Dagger","Escape Plan","Backflip","Footwork+1","Poisoned Stab","Deflect","Tactician","Malaise+1"],"relics":["Ring of the Snake","NeowsBlessing","Smiling Mask","Centennial Puzzle","Oddly Smooth Stone"],"acts_visited":["Exordium"],"potions_floor_usage":[14],"damage_taken":[{"damage":0.0,"enemies":"Cultist","floor":1.0,"turns":1.0},{"damage":0.0,"enemies":"Small Slimes","floor":2.0,"turns":1.0},{"damage":0.0,"enemies":"Jaw Worm","floor":4.0,"turns":1.0},{"damage":8.0,"enemies":"3 Louse","floor":6.0,"turns":5.0},{"damage":0,"enemies":"Blue Slaver","floor":8,"turns":6},{"damage":11,"enemies":"2 Fungi Beasts","floor":10,"turns":5},{"damage":8,"enemies":"Gremlin Nob","floor":14,"turns":4},{"damage":17,"enemies":"The Guardian","floor":16,"turns":10}],"seed_played":"-7506391524839699610","potions_obtained":[{"floor":4.0,"key":"EssenceOfSteel"},{"floor":10,"key":"AttackPotion"},{"floor":14,"key":"Weak Potion"}],"is_trial":false,"path_per_floor":["M","M","?","M","$","M","$","M","T","M","R","?","R","E","R","B"],"character_chosen":"THE_SILENT","items_purchased":["Footwork","Deflect"],"campfire_rested":0,"item_purchase_floors":[5,7],"current_hp_per_floor":[63,63,56,56,56,48,48,48,48,37,37,25,25,17,17,0,0],"gold":176,"neow_bonus":"THREE_ENEMY_KILL","is_daily":false,"chose_seed":false,"campfire_upgraded":3,"win_rate":0.0,"timestamp":1613790718,"path_taken":["M","M","?","M","$","M","?","?","T","M","R","?","R","E","R","BOSS"],"items_purchased_type":["Card","Card"],"build_version":"2020-12-22","purchased_purges":1,"victory":false,"max_hp_per_floor":[70,70,70,70,70,70,70,70,70,70,70,70,70,70,70,70,70],"card_choices":[{"not_picked":["Slice","Endless Agony"],"picked":"Cloak And Dagger","floor":1.0},{"not_picked":["Sucker Punch","Heel Hook"],"picked":"Escape Plan","floor":2.0},{"not_picked":["Flying Knee","Bouncing Flask"],"picked":"Backflip","floor":4.0},{"not_picked":["Outmaneuver","Underhanded Strike"],"picked":"Poisoned Stab","floor":6.0},{"not_picked":["Outmaneuver","Concentrate"],"picked":"Tactician","floor":8},{"not_picked":["Blade Dance","Poisoned Stab","Sucker Punch"],"picked":"SKIP","floor":10},{"not_picked":["Concentrate","Quick Slash"],"picked":"Malaise","floor":14}],"player_experience":393018,"relics_obtained":[{"floor":9,"key":"Smiling Mask"},{"floor":14,"key":"Oddly Smooth Stone"}],"event_choices":[{"damage_healed":0.0,"max_hp_gain":0.0,"max_hp_loss":0.0,"gold_gain":75.0,"event_name":"FaceTrader","player_choice":"Touch","floor":3.0,"gold_loss":0.0,"damage_taken":7.0},{"damage_healed":0,"gold_gain":0,"player_choice":"Success","damage_taken":12,"relics_obtained":["Centennial Puzzle"],"max_hp_gain":0,"max_hp_loss":0,"event_name":"Scrap Ooze","floor":12,"gold_loss":0}],"is_beta":false,"boss_relics":[],"items_purged_floors":[5],"is_endless":false,"potions_floor_spawned":[4,10,14],"killed_by":"The Guardian","ascension_level":8}}