{"host":"l2lylj0omvglf5x0","time":1613818301,"event":{"mods":["2.2 Compatiblity","BaseMod","Bestiary","Block Reminder","Colored Map","Colored Powertips","Curses Come First","Highlight Path","Keyboard Shortcuts","Minty Spire (QoL Compilation)","Relic Sorter","Relic Stats","Slay the Relics Exporter","StSLib","SuperFastMode"],"gold_per_floor":[116,129,129,139,155,182,182,39,114,84,84,84,110,124,124,124,124],"floor_reached":16,"language":"ENG","playtime":596,"items_purged":[],"score":171,"play_id":"1bd6a7d5-0528-4063-bea0-73aa03b3e2f0","local_time":"20210220115141","is_ascension_mode":true,"campfire_choices":[{"data":"Armaments","floor":7,"key":"SMITH"},{"floor":11,"key":"REST"},{"floor":15,"key":"REST"}],"circlet_count":0,"master_deck":["AscendersBane","Strike_R","Strike_R","Strike_R","Strike_R","Strike_R","Defend_R","Defend_R+1","Defend_R","Defend_R","Bash","Dual Wield","Combust","Regret","True Grit","Armaments+1","Limit Break+1","Heavy Blade","Sentinel+1"],"relics":["Burning Blood","Du-Vu Doll","Gambling Chip","MealTicket","Orichalcum","Toxic Egg 2","War Paint","Happy Flower"],"acts_visited":["Exordium"],"potions_floor_usage":[13,14],"damage_taken":[{"damage":9,"enemies":"Small Slimes","floor":1,"turns":4},{"damage":21,"enemies":"Jaw Worm","floor":2,"turns":4},{"damage":3,"enemies":"2 Louse","floor":4,"turns":2},{"damage":13,"enemies":"Large Slime","floor":5,"turns":5},{"damage":39,"enemies":"Gremlin Nob","floor":6,"turns":4},{"damage":12,"enemies":"Looter","floor":10,"turns":4},{"damage":28,"enemies":"3 Sentries","floor":13,"turns":7},{"damage":2,"enemies":"Gremlin Gang","floor":14,"turns":3},{"damage":60,"enemies":"Slime Boss","floor":16,"turns":5}],"seed_played":"593139065863598419","potions_obtained":[{"floor":1,"key":"Ancient Potion"},{"floor":2,"key":"SkillPotion"},{"floor":6,"key":"Energy Potion"},{"floor":14,"key":"Explosive Potion"}],"is_trial":false,"path_per_floor":["M","M","?","M","M","E","R","$","T","M","R","T","E","M","R","B"],"character_chosen":"IRONCLAD","items_purchased":["Orichalcum"],"campfire_rested":2,"item_purchase_floors":[8],"current_hp_per_floor":[69,54,54,57,50,17,17,32,32,26,47,47,25,29,50,0,0],"gold":124,"neow_bonus":"ONE_RARE_RELIC","is_daily":false,"chose_seed":false,"campfire_upgraded":1,"win_rate":0.0,"timestamp":1613818301,"path_taken":["M","M","?","M","M","E","R","$","T","M","R","?","E","M","R","BOSS"],"items_purchased_type":["Relic"],"build_version":"2020-12-22","purchased_purges":0,"victory":false,"max_hp_per_floor":[72,72,72,72,72,72,72,72,72,72,72,72,72,72,72,72,72],"relic_stats":{"Happy Flower":[2],"counters":[9,38],"Gambling Chip":[12],"MealTicket":15,"Orichalcum":[54],"War Paint":["Defend_R","Limit Break"],"obtain_stats":[{"Du-Vu Doll":0,"Happy Flower":13,"Gambling Chip":3,"MealTicket":6,"Orichalcum":8,"Toxic Egg 2":9,"War Paint":12,"Burning Blood":0},{"Du-Vu Doll":0,"Happy Flower":7,"Gambling Chip":2,"MealTicket":5,"Orichalcum":5,"Toxic Egg 2":5,"War Paint":6,"Burning Blood":0},{"Du-Vu Doll":0,"Happy Flower":30,"Gambling Chip":8,"MealTicket":19,"Orichalcum":19,"Toxic Egg 2":19,"War Paint":23,"Burning Blood":0}],"Burning Blood":48},"card_choices":[{"not_picked":["Searing Blow","Clothesline"],"picked":"Dual Wield","floor":1},{"not_picked":["Warcry","Shrug It Off"],"picked":"Combust","floor":2},{"not_picked":["Sword Boomerang","Headbutt"],"picked":"True Grit","floor":4},{"not_picked":["Iron Wave","Rampage"],"picked":"Armaments","floor":5},{"not_picked":["Searing Blow","Shockwave"],"picked":"Limit Break","floor":6},{"not_picked":["Armaments+1","Iron Wave"],"picked":"Heavy Blade","floor":10},{"not_picked":["Clothesline","Warcry+1","Armaments+1"],"picked":"SKIP","floor":13},{"not_picked":["Body Slam","Reckless Charge"],"picked":"Sentinel+1","floor":14}],"player_experience":1001230,"relics_obtained":[{"floor":6,"key":"MealTicket"},{"floor":9,"key":"Toxic Egg 2"},{"floor":12,"key":"War Paint"},{"floor":13,"key":"Happy Flower"}],"event_choices":[{"damage_healed":0,"gold_gain":0,"player_choice":"Box","damage_taken":0,"relics_obtained":["Gambling Chip"],"max_hp_gain":0,"max_hp_loss":0,"event_name":"Big Fish","floor":3,"gold_loss":0,"cards_obtained":["Regret"]}],"is_beta":false,"boss_relics":[],"items_purged_floors":[],"is_endless":false,"potions_floor_spawned":[1,2,6,14],"killed_by":"Slime Boss","ascension_level":11}}