{"host":"iv24d026eac8pm4e","time":1613862798,"event":{"mods":["BaseMod","Minty Spire (QoL Compilation)"],"gold_per_floor":[367,4,14,34,34,34,62,62,115,215,215,232,247,280,280,359,359,378,395,405,421,8,8,8,8],"floor_reached":24,"language":"ENG","playtime":1226,"items_purged":["Strike_G","Regret"],"score":416,"play_id":"43cebed1-f74f-42f9-9285-fcfe0afd90fa","local_time":"20210220151318","is_ascension_mode":true,"campfire_choices":[{"data":"Cloak And Dagger","floor":6.0,"key":"SMITH"},{"data":"Neutralize","floor":8.0,"key":"SMITH"},{"data":"Blade Dance","floor":11.0,"key":"SMITH"},{"data":"Blade Dance","floor":15.0,"key":"SMITH"},{"data":"After Image","floor":23,"key":"SMITH"}],"circlet_count":0,"master_deck":["AscendersBane","Strike_G","Strike_G","Strike_G","Strike_G","Defend_G","Defend_G","Defend_G","Defend_G","Defend_G","Survivor","Neutralize+1","Cloak And Dagger+1","Dagger Spray","Blade Dance+1","Blade Dance+1","PiercingWail","Dodge and Roll","Corpse Explosion","Storm of Steel","Accuracy","PiercingWail","After Image+1","Finisher+1"],"relics":["Ring of the Snake","Shuriken","Snake Skull","HornCleat","Anchor","Blood Vial","Sozu","Molten Egg 2"],"acts_visited":["Exordium","TheCity"],"potions_floor_usage":[],"damage_taken":[{"damage":4.0,"enemies":"2 Louse","floor":1.0,"turns":3.0},{"damage":0.0,"enemies":"Jaw Worm","floor":3.0,"turns":5.0},{"damage":0.0,"enemies":"Cultist","floor":4.0,"turns":4.0},{"damage":8.0,"enemies":"3 Sentries","floor":7.0,"turns":6.0},{"damage":3.0,"enemies":"Exordium Thugs","floor":12.0,"turns":3.0},{"damage":0.0,"enemies":"2 Fungi Beasts","floor":13.0,"turns":2.0},{"damage":14.0,"enemies":"Lagavulin","floor":14.0,"turns":5.0},{"damage":14.0,"enemies":"Hexaghost","floor":16.0,"turns":8.0},{"damage":3.0,"enemies":"Shell Parasite","floor":18.0,"turns":4.0},{"damage":0.0,"enemies":"2 Thieves","floor":19.0,"turns":2.0},{"damage":5.0,"enemies":"Chosen and Byrds","floor":20.0,"turns":5.0},{"damage":27.0,"enemies":"Sentry and Sphere","floor":21.0,"turns":6.0},{"damage":37,"enemies":"Slavers","floor":24,"turns":3}],"seed_played":"8840105164875836198","potions_obtained":[{"floor":3.0,"key":"FearPotion"},{"floor":4.0,"key":"GamblersBrew"},{"floor":13.0,"key":"Dexterity Potion"}],"is_trial":false,"path_per_floor":["M","$","M","M","?","R","E","R","T","?","R","M","M","E","R","B",null,"M","M","M","M","$","R","E"],"character_chosen":"THE_SILENT","items_purchased":["Shuriken","Molten Egg 2","Finisher+1"],"campfire_rested":0,"item_purchase_floors":[2,22,22],"current_hp_per_floor":[55,55,55,55,55,55,47,47,47,47,47,44,44,30,30,18,50,49,51,48,23,23,23,0,0],"gold":8,"neow_bonus":"TWO_FIFTY_GOLD","is_daily":false,"chose_seed":false,"campfire_upgraded":5,"win_rate":0.0,"timestamp":1613862798,"path_taken":["M","$","M","M","?","R","E","R","T","?","R","M","M","E","R","BOSS","M","?","M","M","$","R","E"],"items_purchased_type":["Relic","Relic","Card"],"build_version":"2020-12-22","purchased_purges":2,"victory":false,"max_hp_per_floor":[60,60,60,60,60,60,60,60,60,60,60,60,60,60,60,60,60,60,60,60,60,60,60,60,60],"card_choices":[{"not_picked":["Dagger Throw","Backflip"],"picked":"Cloak And Dagger","floor":1.0},{"not_picked":["Quick Slash","Setup"],"picked":"Dagger Spray","floor":3.0},{"not_picked":["Slice","Deflect"],"picked":"Blade Dance","floor":4.0},{"not_picked":["Endless Agony","Unload"],"picked":"Blade Dance","floor":7.0},{"not_picked":["Outmaneuver","Distraction"],"picked":"PiercingWail","floor":12.0},{"not_picked":["Underhanded Strike","Deadly Poison"],"picked":"Dodge and Roll","floor":13.0},{"not_picked":["Slice","Dodge and Roll"],"picked":"Corpse Explosion","floor":14.0},{"not_picked":["Grand Finale","Night Terror"],"picked":"Storm of Steel","floor":16.0},{"not_picked":["Deadly Poison+1","Riddle With Holes","Prepared"],"picked":"SKIP","floor":18.0},{"not_picked":["Calculated Gamble","Cloak And Dagger"],"picked":"Accuracy","floor":19.0},{"not_picked":["Flying Knee","Quick Slash"],"picked":"PiercingWail","floor":20.0},{"not_picked":["Bane","Dagger Spray"],"picked":"After Image","floor":21.0}],"player_experience":2537043,"relics_obtained":[{"floor":7.0,"key":"HornCleat"},{"floor":9.0,"key":"Anchor"},{"floor":14.0,"key":"Blood Vial"}],"event_choices":[{"damage_healed":0.0,"max_hp_gain":0.0,"max_hp_loss":0.0,"gold_gain":0.0,"event_name":"Big Fish","player_choice":"Box","floor":5.0,"gold_loss":0.0,"damage_taken":0.0,"relics_obtained":["Snake Skull"],"cards_obtained":["Regret"]},{"damage_healed":0.0,"max_hp_gain":0.0,"max_hp_loss":0.0,"gold_gain":100.0,"event_name":"Wheel of Change","player_choice":"Gold","floor":10.0,"gold_loss":0.0,"damage_taken":0.0}],"is_beta":false,"boss_relics":[{"not_picked":["Tiny House","Fusion Hammer"],"picked":"Sozu"}],"items_purged_floors":[2,22],"is_endless":false,"potions_floor_spawned":[3,4,13,18,19],"killed_by":"Slavers","ascension_level":20}}