{"host":"28bpuzdckreop5i0","time":1613852728,"event":{"mods":["BaseMod","Downfall","Minty Spire (QoL Compilation)","Relic Stats","Shop Mod","StSLib"],"gold_per_floor":[99,118,143,162,177,177,177,205,224,13,31,31,131,141,159,159,159,159],"floor_reached":16,"language":"ENG","playtime":815,"items_purged":[],"score":114,"play_id":"a84a6c5b-60c7-4436-9f66-f70520e92594","local_time":"20210220142528","is_ascension_mode":true,"campfire_choices":[{"data":"champ:Taunt","floor":1,"key":"SMITH"},{"data":"champ:HeartStrike","floor":6,"key":"SMITH"}],"circlet_count":0,"master_deck":["champ:Strike","champ:Strike","champ:Strike","champ:Strike","champ:Defend","champ:Defend","champ:Defend","champ:Defend","champ:Execute","champ:Taunt+1","champ:HeartStrike+1","champ:Shatter","champ:BerserkerStyle","champ:AdrenalArmor","champ:GutPunch","champ:FocusedBerserking","champ:BerserkersShout","Finesse","champ:StanceDance","champ:Encircle","champ:FanOfKnives"],"relics":["champ:ChampionCrown","hexamod:BolsterEngine","hexamod:CandleOfCauterizing","Blood Vial","CloakClasp"],"acts_visited":["Exordium"],"potions_floor_usage":[8,10,16],"damage_taken":[{"damage":12,"enemies":"Cultist","floor":2,"turns":4},{"damage":23,"enemies":"Jaw Worm","floor":4,"turns":5},{"damage":10,"enemies":"2 Louse","floor":5,"turns":3},{"damage":37,"enemies":"3 Sentries","floor":8,"turns":7},{"damage":42,"enemies":"Lots of Slimes","floor":9,"turns":6},{"damage":39,"enemies":"downfall:FleeingMerchant","floor":10,"turns":4},{"damage":33,"enemies":"2 Fungi Beasts","floor":11,"turns":2},{"damage":68,"enemies":"2 Fungi Beasts","floor":13,"turns":6},{"damage":41,"enemies":"3 Louse","floor":14,"turns":4},{"damage":33,"enemies":"Blue Slaver","floor":15,"turns":3},{"damage":39,"enemies":"DF_ARCHETYPE_STREAMLINE","floor":16,"turns":4}],"seed_played":"8569587392565527510","potions_obtained":[{"floor":4,"key":"Explosive Potion"},{"floor":9,"key":"SneckoOil"},{"floor":13,"key":"champ:TechniquePotion"},{"floor":14,"key":"Dexterity Potion"}],"is_trial":false,"path_per_floor":["R","M","T","M","M","R","T","E","M","$","M","?","?","M","M","B"],"character_chosen":"THE_CHAMP","items_purchased":["champ:FocusedBerserking","champ:BerserkersShout","Finesse"],"campfire_rested":0,"item_purchase_floors":[10,10,10],"current_hp_per_floor":[99,97,97,84,74,74,74,57,54,51,53,58,42,33,35,0,0,0],"gold":159,"neow_bonus":"TEN_PERCENT_HP_BONUS","is_daily":false,"chose_seed":false,"campfire_upgraded":2,"win_rate":0.0,"timestamp":1613852728,"path_taken":["R","M","?","M","M","R","T","E","M","$","M","?","?","M","M","BOSS"],"items_purchased_type":["Card","Card","Card"],"build_version":"2020-12-22","purchased_purges":0,"victory":false,"max_hp_per_floor":[99,99,99,99,99,99,99,99,99,99,99,104,104,104,104,104,104,104],"relic_stats":{"Blood Vial":14,"counters":[11,48],"CloakClasp":[14],"obtain_stats":[{"Blood Vial":8,"hexamod:CandleOfCauterizing":7,"champ:ChampionCrown":0,"CloakClasp":13,"hexamod:BolsterEngine":3},{"Blood Vial":4,"hexamod:CandleOfCauterizing":3,"champ:ChampionCrown":0,"CloakClasp":8,"hexamod:BolsterEngine":1},{"Blood Vial":19,"hexamod:CandleOfCauterizing":12,"champ:ChampionCrown":0,"CloakClasp":37,"hexamod:BolsterEngine":4}]},"card_choices":[{"not_picked":["champ:FaceSlap","champ:Circumvent"],"picked":"champ:HeartStrike","floor":2},{"not_picked":["champ:FlashCut","champ:PreciseThrust"],"picked":"champ:Shatter","floor":4},{"not_picked":["champ:FlashCut","champ:EndlessRage"],"picked":"champ:BerserkerStyle","floor":5},{"not_picked":["champ:Shatter","champ:SkillfulDodge","champ:Haymaker"],"picked":"SKIP","floor":8},{"not_picked":["champ:EndlessRage","champ:CrownThrow"],"picked":"champ:AdrenalArmor","floor":9},{"not_picked":["champ:DefensiveShout","champ:FlashCut"],"picked":"champ:GutPunch","floor":10},{"not_picked":["champ:CrownThrow","champ:DancingMaster","champ:StanceDance"],"picked":"SKIP","floor":11},{"not_picked":["champ:CrownThrow","champ:DancingMaster"],"picked":"champ:StanceDance","floor":11},{"not_picked":["champ:BringItOn","champ:StanceDance"],"picked":"champ:Encircle","floor":13},{"not_picked":["champ:BladeFlurry","champ:Duel"],"picked":"champ:FanOfKnives","floor":14},{"not_picked":["champ:Shatter","champ:BladeFlurry","champ:DefensiveStyle"],"picked":"SKIP","floor":15}],"player_experience":1006154,"relics_obtained":[{"floor":3,"key":"hexamod:BolsterEngine"},{"floor":7,"key":"hexamod:CandleOfCauterizing"},{"floor":8,"key":"Blood Vial"},{"floor":13,"key":"CloakClasp"}],"event_choices":[{"damage_healed":0,"gold_gain":0,"player_choice":"Donut","damage_taken":0,"max_hp_gain":5,"max_hp_loss":0,"event_name":"Big Fish","floor":12,"gold_loss":0}],"is_beta":false,"boss_relics":[],"items_purged_floors":[],"is_endless":false,"potions_floor_spawned":[4,9,13,14],"killed_by":"DF_ARCHETYPE_STREAMLINE","ascension_level":2}}