{"host":"x5w9zppki4gdwvc7","time":1613793894,"event":{"mods":["AchievementEnabler","BaseMod","Colored Powertips","DeckTracker","Minty Spire (QoL Compilation)","SuperFastMode"],"gold_per_floor":[117,131,150,160,179,214,214,233,233,253,253,264,264,299,299,403,403,414,394,394,404,404,404,433,451,475,475,475,475],"floor_reached":28,"language":"ENG","playtime":1722,"items_purged":[],"score":254,"play_id":"71e85880-4e72-4d2b-9f8f-df8873e6cd47","local_time":"20210220050454","is_ascension_mode":false,"campfire_choices":[{"data":"Machine Learning","floor":7.0,"key":"SMITH"},{"data":"Genetic Algorithm","floor":11.0,"key":"SMITH"},{"data":"Recycle","floor":15.0,"key":"SMITH"},{"data":"Streamline","floor":23.0,"key":"SMITH"},{"data":"Buffer","floor":27.0,"key":"SMITH"}],"circlet_count":0,"master_deck":["Strike_B","Strike_B","Strike_B","Strike_B","Defend_B","Defend_B","Defend_B","Defend_B","Zap","Dualcast","Conserve Battery","Sweeping Beam","FTL","Go for the Eyes","Machine Learning+1","Recycle+1","Genetic Algorithm+1","Undo","Buffer+1","Streamline+1","Gash"],"relics":["Cracked Core","Blood Vial","Ice Cream","PreservedInsect","Inserter","Mummified Hand","Cables","Peace Pipe","Lantern"],"acts_visited":["Exordium","TheCity"],"potions_floor_usage":[],"damage_taken":[{"damage":1.0,"enemies":"2 Louse","floor":1.0,"turns":2.0},{"damage":0.0,"enemies":"Cultist","floor":2.0,"turns":4.0},{"damage":3.0,"enemies":"Small Slimes","floor":3.0,"turns":3.0},{"damage":5.0,"enemies":"3 Louse","floor":4.0,"turns":2.0},{"damage":0.0,"enemies":"Exordium Wildlife","floor":5.0,"turns":3.0},{"damage":35.0,"enemies":"Lagavulin","floor":6.0,"turns":7.0},{"damage":7.0,"enemies":"Red Slaver","floor":8.0,"turns":3.0},{"damage":9.0,"enemies":"Blue Slaver","floor":10.0,"turns":3.0},{"damage":8.0,"enemies":"Exordium Thugs","floor":12.0,"turns":5.0},{"damage":38.0,"enemies":"Gremlin Nob","floor":14.0,"turns":5.0},{"damage":16.0,"enemies":"Hexaghost","floor":16.0,"turns":14.0},{"damage":11.0,"enemies":"Chosen","floor":18.0,"turns":8.0},{"damage":22.0,"enemies":"2 Thieves","floor":19.0,"turns":4.0},{"damage":13.0,"enemies":"Snecko","floor":21.0,"turns":8.0},{"damage":20.0,"enemies":"Slavers","floor":24.0,"turns":4.0},{"damage":19.0,"enemies":"Sentry and Sphere","floor":25.0,"turns":6.0},{"damage":5,"enemies":"Gremlin Leader","floor":28,"turns":2}],"seed_played":"-658388810397078846","potions_obtained":[{"floor":1.0,"key":"LiquidBronze"},{"floor":2.0,"key":"GamblersBrew"},{"floor":4.0,"key":"AttackPotion"},{"floor":8.0,"key":"EssenceOfSteel"},{"floor":19.0,"key":"SteroidPotion"},{"floor":21.0,"key":"Dexterity Potion"}],"is_trial":false,"path_per_floor":["M","M","M","M","M","E","R","M","T","M","R","M","?","E","R","B",null,"M","M","?","M","T","R","E","M","T","R","E"],"character_chosen":"DEFECT","items_purchased":[],"campfire_rested":0,"item_purchase_floors":[],"current_hp_per_floor":[74,74,71,66,66,31,31,26,26,19,19,13,85,47,47,33,85,74,54,54,43,43,43,25,8,8,8,5,5],"gold":475,"neow_bonus":"ONE_RANDOM_RARE_CARD","is_daily":false,"chose_seed":false,"campfire_upgraded":5,"win_rate":0.0,"timestamp":1613793894,"path_taken":["M","M","M","M","M","E","R","M","T","M","R","M","?","E","R","BOSS","M","M","?","?","?","R","E","?","T","R","E"],"items_purchased_type":[],"build_version":"2020-12-22","purchased_purges":0,"victory":false,"max_hp_per_floor":[75,75,75,75,75,75,75,75,75,75,75,75,85,85,85,85,85,85,85,85,85,85,85,85,85,85,85,85,85],"card_choices":[{"not_picked":["Force Field","Beam Cell"],"picked":"Conserve Battery","floor":1.0},{"not_picked":["Conserve Battery","White Noise"],"picked":"Sweeping Beam","floor":2.0},{"not_picked":["Stack","Doom and Gloom"],"picked":"FTL","floor":3.0},{"not_picked":["Steam","Conserve Battery"],"picked":"Go for the Eyes","floor":4.0},{"not_picked":["Steam","Redo","Recycle"],"picked":"SKIP","floor":5.0},{"not_picked":["Aggregate","Barrage"],"picked":"Machine Learning","floor":6.0},{"not_picked":["Reinforced Body","Sweeping Beam"],"picked":"Recycle","floor":8.0},{"not_picked":["Stack","Streamline"],"picked":"Genetic Algorithm","floor":10.0},{"not_picked":["Reinforced Body","Rebound","Sweeping Beam"],"picked":"SKIP","floor":12.0},{"not_picked":["Ball Lightning","Darkness"],"picked":"Undo","floor":14.0},{"not_picked":["Machine Learning","Biased Cognition"],"picked":"Buffer","floor":16.0},{"not_picked":["Barrage","Undo","Sweeping Beam"],"picked":"SKIP","floor":18.0},{"not_picked":["Recycle","Hologram","Doom and Gloom"],"picked":"SKIP","floor":19.0},{"not_picked":["Turbo+1","Stack"],"picked":"Streamline","floor":21.0},{"not_picked":["Compile Driver","Sweeping Beam","Barrage"],"picked":"SKIP","floor":24.0},{"not_picked":["Tempest+1","Streamline+1"],"picked":"Gash","floor":25.0}],"player_experience":696532,"relics_obtained":[{"floor":6.0,"key":"Blood Vial"},{"floor":9.0,"key":"Ice Cream"},{"floor":14.0,"key":"PreservedInsect"},{"floor":22.0,"key":"Cables"},{"floor":24.0,"key":"Peace Pipe"},{"floor":26.0,"key":"Lantern"}],"event_choices":[{"cards_removed":["Fission"],"damage_healed":62.0,"max_hp_gain":10.0,"max_hp_loss":0.0,"gold_gain":0.0,"event_name":"Bonfire Elementals","player_choice":"Offered Rare","floor":13.0,"gold_loss":0.0,"damage_taken":0.0},{"damage_healed":0.0,"max_hp_gain":0.0,"max_hp_loss":0.0,"gold_gain":0.0,"event_name":"WeMeetAgain","player_choice":"Gave Potion","floor":20.0,"gold_loss":0.0,"damage_taken":0.0,"relics_obtained":["Mummified Hand"]}],"is_beta":false,"boss_relics":[{"not_picked":["SacredBark","Ectoplasm"],"picked":"Inserter"}],"items_purged_floors":[],"is_endless":false,"potions_floor_spawned":[1,2,4,8,19,21],"killed_by":"Gremlin Leader","ascension_level":0}}