{"host":"3jpcvpprzj9sjffh","time":1613805776,"event":{"mods":["AchievementEnabler","BaseMod","Colored Map","Minty Spire (QoL Compilation)","Rare Cards Sparkle","SuperFastMode","everything is the same but u backflip on backflip"],"gold_per_floor":[109,127,146,1,17,17,51,51,51,51,68,68,68,32,32,132,132,148,164,32,47,65,65,91,103,141,153,165,165],"floor_reached":28,"language":"KOR","playtime":1268,"items_purged":[],"score":238,"play_id":"6f248345-d3a6-42a6-9ec4-62ac9fafd48f","local_time":"20210220162256","is_ascension_mode":false,"campfire_choices":[{"floor":6.0,"key":"REST"},{"floor":8.0,"key":"REST"},{"floor":12,"key":"REST"},{"data":"Shockwave","floor":15,"key":"SMITH"},{"floor":23,"key":"REST"},{"floor":25,"key":"REST"},{"floor":27,"key":"RECALL"}],"circlet_count":0,"master_deck":["Strike_R","Strike_R","Strike_R","Strike_R","Strike_R","Defend_R","Defend_R","Defend_R","Defend_R","Bash","Violence","Bloodletting","Evolve","Second Wind","Dropkick","Uppercut","Sever Soul","Shockwave+1","Berserk","Rage","Rampage+1","Finesse","Warcry","Cleave","Anger","Blood for Blood+1"],"relics":["Burning Blood","Centennial Puzzle","Meat on the Bone","StrikeDummy","Philosopher\u0027s Stone","MawBank","Anchor"],"acts_visited":["Exordium","TheCity"],"potions_floor_usage":[11,16,24],"damage_taken":[{"damage":16.0,"enemies":"Cultist","floor":1.0,"turns":5.0},{"damage":13.0,"enemies":"Jaw Worm","floor":2.0,"turns":3.0},{"damage":7.0,"enemies":"2 Louse","floor":3.0,"turns":2.0},{"damage":21.0,"enemies":"Large Slime","floor":5.0,"turns":7.0},{"damage":31.0,"enemies":"Lagavulin","floor":7.0,"turns":7.0},{"damage":12,"enemies":"Gremlin Gang","floor":11,"turns":4},{"damage":61,"enemies":"The Guardian","floor":16,"turns":14},{"damage":15,"enemies":"Chosen","floor":18,"turns":2},{"damage":16,"enemies":"Shell Parasite","floor":19,"turns":4},{"damage":20,"enemies":"Snecko","floor":21,"turns":5},{"damage":27,"enemies":"Chosen and Byrds","floor":22,"turns":6},{"damage":44,"enemies":"Book of Stabbing","floor":24,"turns":6},{"damage":60,"enemies":"Sentry and Sphere","floor":28,"turns":5}],"seed_played":"-6972433674333925507","potions_obtained":[{"floor":2.0,"key":"Explosive Potion"},{"floor":5.0,"key":"SkillPotion"},{"floor":7.0,"key":"Block Potion"},{"floor":19,"key":"SneckoOil"},{"floor":24,"key":"SkillPotion"}],"is_trial":false,"path_per_floor":["M","M","M","$","M","R","E","R","T","?","M","R","?","$","R","B",null,"M","M","$","M","M","R","E","R","T","R","M"],"character_chosen":"IRONCLAD","items_purchased":["Centennial Puzzle","Shockwave","Finesse","Warcry"],"campfire_rested":5,"item_purchase_floors":[4,14,20,20],"current_hp_per_floor":[46,39,38,38,23,47,22,46,46,34,40,64,64,64,64,21,80,71,61,61,47,38,62,36,60,60,60,0,0],"gold":165,"neow_bonus":"RANDOM_COLORLESS_2","is_daily":false,"chose_seed":false,"campfire_upgraded":1,"win_rate":0.0,"timestamp":1613805776,"path_taken":["M","M","M","$","M","R","E","R","T","?","M","R","?","$","R","BOSS","M","?","$","M","M","R","E","R","T","R","?"],"items_purchased_type":["Relic","Card","Card","Card"],"build_version":"2020-12-22","purchased_purges":0,"victory":false,"max_hp_per_floor":[80,80,80,80,80,80,80,80,80,80,80,80,80,80,80,80,80,80,80,80,80,80,80,80,80,80,80,80,80],"card_choices":[{"not_picked":["Secret Weapon","Transmutation"],"picked":"Violence","floor":0.0},{"not_picked":["Perfected Strike","Pommel Strike"],"picked":"Bloodletting","floor":1.0},{"not_picked":["Cleave","Flex"],"picked":"Evolve","floor":2.0},{"not_picked":["Entrench","Pommel Strike"],"picked":"Second Wind","floor":3.0},{"not_picked":["Clash","Bloodletting"],"picked":"Dropkick","floor":5.0},{"not_picked":["Seeing Red","Armaments"],"picked":"Uppercut","floor":7.0},{"not_picked":["Heavy Blade","Hemokinesis"],"picked":"Sever Soul","floor":11},{"not_picked":["Reaper","Juggernaut"],"picked":"Berserk","floor":16},{"not_picked":["Havoc+1","Reckless Charge+1"],"picked":"Rage","floor":18},{"not_picked":["Armaments","Warcry+1"],"picked":"Rampage+1","floor":19},{"not_picked":["True Grit","Twin Strike"],"picked":"Cleave","floor":21},{"not_picked":["Clothesline","Whirlwind"],"picked":"Anger","floor":22},{"not_picked":["Flex","Feed"],"picked":"Blood for Blood+1","floor":24}],"player_experience":340848,"relics_obtained":[{"floor":7.0,"key":"Meat on the Bone"},{"floor":24,"key":"MawBank"},{"floor":26,"key":"Anchor"}],"event_choices":[{"damage_healed":0.0,"max_hp_gain":0.0,"max_hp_loss":0.0,"gold_gain":0.0,"event_name":"Scrap Ooze","player_choice":"Success","floor":10.0,"gold_loss":0.0,"damage_taken":12.0,"relics_obtained":["StrikeDummy"]},{"damage_healed":0,"gold_gain":0,"player_choice":"Ignored","damage_taken":0,"max_hp_gain":0,"max_hp_loss":0,"event_name":"NoteForYourself","floor":13,"gold_loss":0}],"is_beta":false,"boss_relics":[{"not_picked":["Pandora\u0027s Box","SacredBark"],"picked":"Philosopher\u0027s Stone"}],"items_purged_floors":[],"is_endless":false,"potions_floor_spawned":[2,5,7,19,24],"killed_by":"Sentry and Sphere","ascension_level":0}}