{"host":"9b7hrp48q3pna783","time":1613811414,"event":{"mods":["BaseMod","Colored Map","Colored Powertips","Highlight Path","Minty Spire (QoL Compilation)","Relic Stats"],"gold_per_floor":[113,113,127,141,155,155,186,186,238,413,413,5,24,49,49,154,204,217,217,217,229,249,276,176,176,176,91,118,118,118],"floor_reached":29,"language":"ENG","playtime":1222,"items_purged":["Strike_R","Strike_R"],"score":298,"play_id":"854711f5-70fe-455b-ab07-f914a9724015","local_time":"20210220035654","is_ascension_mode":true,"campfire_choices":[{"data":"Bash","floor":6,"key":"SMITH"},{"data":"Warcry","floor":8,"key":"SMITH"},{"data":"Cleave","floor":11,"key":"SMITH"},{"data":"Warcry","floor":15,"key":"SMITH"},{"data":"Limit Break","floor":25,"key":"SMITH"}],"circlet_count":0,"master_deck":["Strike_R+1","Strike_R+1","Defend_R","Defend_R","Defend_R","Bash+1","Cleave+1","Feel No Pain","Warcry+1","Berserk+1","Whirlwind+1","Seeing Red","Inflame+1","Warcry+1","Limit Break+1","Battle Trance","Evolve+1","Thunderclap+1","Heavy Blade"],"relics":["Burning Blood","Omamori","Frozen Egg 2","Red Skull","Vajra","Strawberry","Tiny House","MealTicket","Toy Ornithopter","Potion Belt","Whetstone"],"acts_visited":["Exordium","TheCity"],"potions_floor_usage":[7,7,16,18,28,29],"damage_taken":[{"damage":12,"enemies":"Jaw Worm","floor":1,"turns":2},{"damage":6,"enemies":"Cultist","floor":3,"turns":3},{"damage":14,"enemies":"2 Louse","floor":4,"turns":3},{"damage":16,"enemies":"Looter","floor":5,"turns":4},{"damage":18,"enemies":"Gremlin Nob","floor":7,"turns":5},{"damage":12,"enemies":"Gremlin Gang","floor":13,"turns":2},{"damage":6,"enemies":"3 Sentries","floor":14,"turns":2},{"damage":36,"enemies":"Hexaghost","floor":16,"turns":7},{"damage":7,"enemies":"3 Byrds","floor":18,"turns":4},{"damage":17,"enemies":"Shell Parasite","floor":21,"turns":4},{"damage":45,"enemies":"Snake Plant","floor":22,"turns":4},{"damage":23,"enemies":"Gremlin Leader","floor":23,"turns":3},{"damage":40,"enemies":"Slavers","floor":28,"turns":3},{"damage":41,"enemies":"Shelled Parasite and Fungi","floor":29,"turns":2}],"seed_played":"1784120366690025598","potions_obtained":[{"floor":3,"key":"Ancient Potion"},{"floor":4,"key":"Swift Potion"},{"floor":5,"key":"Weak Potion"},{"floor":17,"key":"ColorlessPotion"},{"floor":22,"key":"Ancient Potion"},{"floor":23,"key":"SpeedPotion"},{"floor":28,"key":"AttackPotion"}],"is_trial":false,"path_per_floor":["M","?","M","M","M","R","E","R","T","?","R","$","M","E","R","B",null,"M","?","?","M","M","E","$","R","T","?","E","M"],"character_chosen":"IRONCLAD","items_purchased":["Vajra","Whirlwind","Seeing Red","Inflame+1"],"campfire_rested":0,"item_purchase_floors":[12,12,12,12],"current_hp_per_floor":[74,74,74,66,56,56,44,44,44,44,44,44,38,45,45,15,92,91,91,91,80,41,24,39,39,39,39,10,0,0],"gold":118,"neow_bonus":"RANDOM_COMMON_RELIC","is_daily":false,"chose_seed":false,"campfire_upgraded":5,"win_rate":0.0,"timestamp":1613811414,"path_taken":["M","?","M","?","M","R","E","R","T","?","R","$","M","E","R","BOSS","M","?","?","?","M","E","$","R","T","?","E","M"],"items_purchased_type":["Relic","Card","Card","Card"],"build_version":"2020-12-22","purchased_purges":2,"victory":false,"max_hp_per_floor":[80,80,80,80,80,80,80,80,80,80,80,80,80,87,87,87,92,92,92,92,92,92,92,92,92,92,92,92,92,92],"relic_stats":{"counters":[14,48],"MealTicket":15,"Whetstone":["Strike_R","Whirlwind"],"obtain_stats":[{"Potion Belt":27,"Tiny House":17,"Strawberry":14,"Vajra":12,"MealTicket":23,"Omamori":0,"Whetstone":28,"Frozen Egg 2":7,"Burning Blood":0,"Red Skull":9,"Toy Ornithopter":26},{"Potion Belt":12,"Tiny House":8,"Strawberry":7,"Vajra":5,"MealTicket":12,"Omamori":0,"Whetstone":13,"Frozen Egg 2":5,"Burning Blood":0,"Red Skull":5,"Toy Ornithopter":12},{"Potion Belt":43,"Tiny House":28,"Strawberry":21,"Vajra":17,"MealTicket":43,"Omamori":0,"Whetstone":46,"Frozen Egg 2":17,"Burning Blood":0,"Red Skull":17,"Toy Ornithopter":43}],"Burning Blood":78,"Toy Ornithopter":10},"card_choices":[{"not_picked":["Twin Strike","Headbutt"],"picked":"Cleave","floor":1},{"not_picked":["Perfected Strike","True Grit"],"picked":"Feel No Pain","floor":3},{"not_picked":["Combust","Ghostly Armor","Thunderclap"],"picked":"SKIP","floor":4},{"not_picked":["Flex","Wild Strike"],"picked":"Warcry","floor":5},{"not_picked":["Pummel","Thunderclap"],"picked":"Berserk+1","floor":7},{"not_picked":["Twin Strike","Iron Wave","Shrug It Off"],"picked":"SKIP","floor":13},{"not_picked":["Wild Strike","Dropkick"],"picked":"Warcry","floor":14},{"not_picked":["Brutality+1","Feed"],"picked":"Limit Break","floor":16},{"not_picked":["Flex","Thunderclap+1"],"picked":"Battle Trance","floor":18},{"not_picked":["Wild Strike","Clothesline","Clash"],"picked":"SKIP","floor":21},{"not_picked":["Inflame+1","Hemokinesis"],"picked":"Thunderclap+1","floor":22},{"not_picked":["Inflame+1","Thunderclap"],"picked":"Heavy Blade","floor":23},{"not_picked":["Twin Strike+1","Carnage","Body Slam+1"],"picked":"SKIP","floor":28}],"player_experience":162645,"relics_obtained":[{"floor":7,"key":"Frozen Egg 2"},{"floor":9,"key":"Red Skull"},{"floor":14,"key":"Strawberry"},{"floor":23,"key":"MealTicket"},{"floor":26,"key":"Toy Ornithopter"},{"floor":28,"key":"Whetstone"}],"event_choices":[{"cards_removed":["Strike_R"],"damage_healed":0,"gold_gain":0,"player_choice":"Offered Basic","damage_taken":0,"max_hp_gain":0,"max_hp_loss":0,"event_name":"Bonfire Elementals","floor":2,"gold_loss":0},{"damage_healed":0,"gold_gain":175,"player_choice":"AGREE","damage_taken":0,"max_hp_gain":0,"max_hp_loss":0,"event_name":"Liars Game","floor":10,"gold_loss":0,"cards_obtained":["Doubt"]},{"damage_healed":0,"gold_gain":0,"player_choice":"Ignored","damage_taken":0,"max_hp_gain":0,"max_hp_loss":0,"event_name":"Vampires","floor":19,"gold_loss":0},{"damage_healed":0,"gold_gain":0,"cards_transformed":["Defend_R"],"player_choice":"Transformed","damage_taken":0,"max_hp_gain":0,"max_hp_loss":0,"event_name":"Transmorgrifier","floor":20,"gold_loss":0,"cards_obtained":["Evolve"]},{"damage_healed":0,"gold_gain":0,"player_choice":"Obtained Relic","damage_taken":0,"relics_obtained":["Potion Belt"],"max_hp_gain":0,"max_hp_loss":0,"event_name":"Addict","floor":27,"gold_loss":85}],"is_beta":false,"boss_relics":[{"not_picked":["Runic Dome","Sozu"],"picked":"Tiny House"}],"items_purged_floors":[12,24],"is_endless":false,"potions_floor_spawned":[3,4,5,22,23,28],"killed_by":"Shelled Parasite and Fungi","ascension_level":2}}