{"host":"ueef25wtkg2eer3h","time":1613850484,"event":{"mods":["AchievementEnabler","BaseMod","Colored Map","Colored Powertips","DeckTracker","Displayed Cursed Tome","Googly Eyes","Highlight Path","Minty Spire (QoL Compilation)","Slay the Relics Exporter","StSLib"],"gold_per_floor":[111,111,131,151,170,170,180,60,60,60,78,78,91,91,91,196,196,216,233,233,42,42,42,77,95,95,28,58,76,99,99,99],"floor_reached":31,"language":"ENG","playtime":1404,"items_purged":[],"score":452,"play_id":"bcfb9923-a170-4f66-a3bf-63dbc0755837","local_time":"20210220204804","is_ascension_mode":true,"campfire_choices":[{"data":"Double Energy","floor":6,"key":"SMITH"},{"data":"Static Discharge","floor":10,"key":"SMITH"},{"floor":15,"key":"REST"},{"data":"Hologram","floor":23,"key":"SMITH"}],"circlet_count":0,"master_deck":["AscendersBane","Defend_B","Defend_B","Defend_B","Defend_B","Zap","Dualcast","Cold Snap","Double Energy+1","Sweeping Beam","Hologram+1","Coolheaded","Static Discharge+1","Barrage","White Noise","Buffer","Recycle+1","Chill","Bite","Bite","Bite","Bite","Bite","Self Repair","Fusion","Go for the Eyes+1","Static Discharge","Turbo","Gash"],"relics":["Cracked Core","NeowsBlessing","Strawberry","Bottled Tornado","Runic Pyramid","DataDisk","Nloth\u0027s Gift","Gremlin Horn","Symbiotic Virus","Mercury Hourglass","Anchor"],"acts_visited":["Exordium","TheCity"],"potions_floor_usage":[13,24,28,31],"damage_taken":[{"damage":0,"enemies":"Jaw Worm","floor":1,"turns":1},{"damage":0,"enemies":"Cultist","floor":3,"turns":1},{"damage":0,"enemies":"2 Louse","floor":4,"turns":1},{"damage":3,"enemies":"Large Slime","floor":5,"turns":5},{"damage":2,"enemies":"Exordium Wildlife","floor":7,"turns":2},{"damage":3,"enemies":"Blue Slaver","floor":11,"turns":3},{"damage":17,"enemies":"Gremlin Gang","floor":13,"turns":3},{"damage":27,"enemies":"The Guardian","floor":16,"turns":9},{"damage":16,"enemies":"Spheric Guardian","floor":18,"turns":5},{"damage":10,"enemies":"Chosen","floor":19,"turns":3},{"damage":21,"enemies":"Gremlin Leader","floor":24,"turns":7},{"damage":31,"enemies":"Centurion and Healer","floor":25,"turns":5},{"damage":22,"enemies":"Slavers","floor":28,"turns":4},{"damage":18,"enemies":"Shelled Parasite and Fungi","floor":29,"turns":3},{"damage":14,"enemies":"Snake Plant","floor":31,"turns":1}],"seed_played":"8360364478623184899","potions_obtained":[{"floor":3,"key":"SmokeBomb"},{"floor":4,"key":"SpeedPotion"},{"floor":11,"key":"Fire Potion"},{"floor":13,"key":"Explosive Potion"},{"floor":24,"key":"SpeedPotion"},{"floor":29,"key":"ColorlessPotion"}],"is_trial":false,"path_per_floor":["M","?","M","M","M","R","M","$","T","R","M","?","M","?","R","B",null,"M","M","?","$","?","R","E","M","T","$","E","M","T","M"],"character_chosen":"DEFECT","items_purchased":["Static Discharge","Barrage","DataDisk","Self Repair","Static Discharge"],"campfire_rested":1,"item_purchase_floors":[8,8,21,21,27],"current_hp_per_floor":[68,50,50,50,47,47,45,45,45,45,42,35,18,18,42,15,65,49,39,39,39,39,39,47,33,33,33,21,14,14,0,0],"gold":99,"neow_bonus":"THREE_ENEMY_KILL","is_daily":false,"chose_seed":false,"campfire_upgraded":3,"win_rate":0.0,"timestamp":1613850484,"path_taken":["M","?","M","M","M","R","M","$","T","R","M","?","M","?","R","BOSS","M","?","?","?","?","R","E","?","T","$","E","M","?","M"],"items_purchased_type":["Card","Card","Relic","Card","Card"],"build_version":"2020-12-22","purchased_purges":0,"victory":false,"max_hp_per_floor":[75,82,82,82,82,82,82,82,82,82,82,82,82,82,82,82,82,82,82,57,57,57,57,57,57,57,57,57,57,57,57,57],"card_choices":[{"not_picked":["Redo","Reprogram"],"picked":"Cold Snap","floor":1},{"not_picked":["Reinforced Body","Conserve Battery"],"picked":"Double Energy","floor":3},{"not_picked":["Go for the Eyes","Cold Snap"],"picked":"Sweeping Beam","floor":4},{"not_picked":["Blizzard","Meteor Strike"],"picked":"Hologram","floor":5},{"not_picked":["Recycle","Chaos"],"picked":"Coolheaded","floor":7},{"not_picked":["BootSequence","Barrage","Blizzard"],"picked":"SKIP","floor":11},{"not_picked":["Gash","Steam"],"picked":"White Noise","floor":13},{"not_picked":["Amplify","Seek"],"picked":"Buffer","floor":16},{"not_picked":["Auto Shields","Force Field"],"picked":"Recycle+1","floor":18},{"not_picked":["Leap","Gash"],"picked":"Chill","floor":19},{"not_picked":["Buffer","Conserve Battery"],"picked":"Fusion","floor":24},{"not_picked":["Hologram","Coolheaded"],"picked":"Go for the Eyes+1","floor":25},{"not_picked":["Reinforced Body+1","Reboot"],"picked":"Turbo","floor":28},{"not_picked":["Streamline","FTL"],"picked":"Gash","floor":29}],"player_experience":299384,"relics_obtained":[{"floor":9,"key":"Bottled Tornado"},{"floor":24,"key":"Gremlin Horn"},{"floor":26,"key":"Symbiotic Virus"},{"floor":28,"key":"Mercury Hourglass"},{"floor":30,"key":"Anchor"}],"event_choices":[{"damage_healed":0,"gold_gain":0,"player_choice":"Success","damage_taken":25,"relics_obtained":["Strawberry"],"max_hp_gain":0,"max_hp_loss":0,"event_name":"Scrap Ooze","floor":2,"gold_loss":0},{"cards_removed":["Strike_B"],"damage_healed":0,"gold_gain":0,"player_choice":"Card Removal","damage_taken":7,"max_hp_gain":0,"max_hp_loss":0,"event_name":"Golden Wing","floor":12,"gold_loss":0},{"damage_healed":0,"gold_gain":0,"player_choice":"Gave Potion","damage_taken":0,"relics_obtained":["Pocketwatch"],"max_hp_gain":0,"max_hp_loss":0,"event_name":"WeMeetAgain","floor":14,"gold_loss":0},{"damage_healed":0,"gold_gain":0,"player_choice":"Became a vampire","damage_taken":0,"max_hp_gain":0,"max_hp_loss":25,"event_name":"Vampires","floor":20,"gold_loss":0,"cards_obtained":["Bite","Bite","Bite","Bite","Bite"]},{"damage_healed":0,"gold_gain":0,"player_choice":"Traded Relic","damage_taken":0,"relics_obtained":["Nloth\u0027s Gift"],"max_hp_gain":0,"max_hp_loss":0,"event_name":"N\u0027loth","floor":22,"relics_lost":["Pocketwatch"],"gold_loss":0}],"is_beta":false,"boss_relics":[{"not_picked":["Sozu","Empty Cage"],"picked":"Runic Pyramid"}],"items_purged_floors":[],"is_endless":false,"potions_floor_spawned":[3,4,11,13,24,29],"killed_by":"Snake Plant","ascension_level":12}}