{"host":"sncdgiue1dtzeg79","time":1613783505,"event":{"mods":["Aspiration","BaseMod","Beaked The Cultist","ChefMod","Colored Powertips","Hubris","Jorbs\u0027s Wanderer Trilogy","Minty Spire (QoL Compilation)","Reliquary","StSLib","Swap Starting Deck Mod","The Bladedancer","The Cursed","The Forsaken","The Hierophant","The Marked","The Necromancer","The Runesmith","The Wild Card","Weighted Paths"],"gold_per_floor":[113,113,113,113,113,113,38,62,62,28,99,70,70,87,87,69,69],"floor_reached":16,"language":"ENG","playtime":573,"items_purged":["Regret","Injury"],"score":88,"play_id":"0ff04baa-2309-4dd8-9ac0-9867ed11ec78","local_time":"20210220021145","is_ascension_mode":false,"campfire_choices":[{"data":"hierophant:Repentance","floor":6,"key":"SMITH"},{"data":"hierophant:Doubloon","floor":13,"key":"SMITH"},{"data":"hierophant:ChurchCoffers","floor":15,"key":"SMITH"}],"circlet_count":0,"master_deck":["hierophant:Strike_Hierophant","hierophant:Strike_Hierophant","hierophant:Strike_Hierophant","hierophant:Strike_Hierophant","hierophant:Punish","hierophant:Defend_Hierophant","hierophant:Defend_Hierophant","hierophant:Defend_Hierophant","hierophant:Defend_Hierophant","hierophant:ChurchCoffers+1","hierophant:Repentance+1","hierophant:Doubloon","hierophant:Charity+1","hierophant:ArchangelShield+1","hierophant:SealAway","hierophant:CursedGold+1","hierophant:Doubloon+1","hierophant:MirrorShield"],"relics":["hierophant:PropheticMaskRelic","Frozen Egg 2","Golden Idol","reliquary:RosewoodLute","SsserpentHead"],"acts_visited":["Exordium"],"potions_floor_usage":[16,16],"damage_taken":[{"damage":11,"enemies":"Jaw Worm","floor":1,"turns":4},{"damage":0,"enemies":"Small Slimes","floor":8,"turns":3},{"damage":13,"enemies":"Cultist","floor":11,"turns":5},{"damage":15,"enemies":"Red Slaver","floor":14,"turns":4},{"damage":43,"enemies":"Hexaghost","floor":16,"turns":10}],"seed_played":"6144994172547128203","potions_obtained":[{"floor":8,"key":"BlessingOfTheForge"},{"floor":14,"key":"ColorlessPotion"}],"is_trial":false,"path_per_floor":["M","?","?","?","?","R","$","M","T","$","M","$","R","M","R","B"],"character_chosen":"HIEROPHANT","items_purchased":["hierophant:ArchangelShield+1","hierophant:CursedGold+1"],"campfire_rested":0,"item_purchase_floors":[10,12],"current_hp_per_floor":[71,71,71,71,71,71,71,71,71,71,58,58,58,43,43,0,0],"gold":69,"neow_bonus":"TEN_PERCENT_HP_BONUS","is_daily":false,"chose_seed":false,"campfire_upgraded":3,"win_rate":0.0,"timestamp":1613783505,"path_taken":["M","?","?","?","?","R","$","M","T","$","?","?","R","M","R","BOSS"],"items_purchased_type":["Card","Card"],"build_version":"2020-12-22","purchased_purges":2,"victory":false,"max_hp_per_floor":[82,82,76,76,76,76,76,76,76,76,76,76,76,76,76,76,76],"card_choices":[{"not_picked":["hierophant:Sermon","hierophant:Flagellation"],"picked":"hierophant:Repentance","floor":1},{"not_picked":["hierophant:SolarFlare","hierophant:DisplayOfPower"],"picked":"hierophant:Charity+1","floor":8},{"not_picked":["hierophant:Bribe","hierophant:Upheaval"],"picked":"hierophant:SealAway","floor":11},{"not_picked":["hierophant:DeathKnell","hierophant:SealAway"],"picked":"hierophant:MirrorShield","floor":14}],"player_experience":552025,"relics_obtained":[],"event_choices":[{"damage_healed":0,"gold_gain":0,"player_choice":"Lose Max HP","damage_taken":0,"relics_obtained":["Golden Idol"],"max_hp_gain":0,"max_hp_loss":6,"event_name":"Golden Idol","floor":3,"gold_loss":0},{"damage_healed":0,"gold_gain":0,"player_choice":"Box","damage_taken":0,"relics_obtained":["reliquary:RosewoodLute"],"max_hp_gain":0,"max_hp_loss":0,"event_name":"Big Fish","floor":4,"gold_loss":0,"cards_obtained":["Regret"]},{"damage_healed":0,"gold_gain":0,"player_choice":"Trade","damage_taken":0,"relics_obtained":["SsserpentHead"],"max_hp_gain":0,"max_hp_loss":0,"event_name":"FaceTrader","floor":5,"gold_loss":0}],"is_beta":false,"boss_relics":[],"items_purged_floors":[7,10],"is_endless":false,"potions_floor_spawned":[8,14],"killed_by":"Hexaghost","ascension_level":0}}