{"host":"hnflc3t7qut4yf6t","time":1613824607,"event":{"mods":["BaseMod","Minty Spire (QoL Compilation)","Random Character Button","Relic Stats","Slay-I"],"gold_per_floor":[119,119,72,22,41,74,89,40,40,40,67,67,77,95,95,200,200,212,222,240,19,31,66,66,78,78,78,78],"floor_reached":27,"language":"ENG","playtime":1136,"items_purged":["Strike_R"],"score":247,"play_id":"9892fd18-d0a1-41d3-865a-359a3f56d242","local_time":"20210220133647","is_ascension_mode":false,"campfire_choices":[{"data":"Iron Wave","floor":12,"key":"SMITH"},{"data":"Defend_R","floor":15,"key":"SMITH"}],"circlet_count":0,"master_deck":["Strike_R","Strike_R","Strike_R","Defend_R","Defend_R","Defend_R","Defend_R+1","Sword Boomerang","Anger","Clash","Cleave","Iron Wave+1","Blood for Blood","Sword Boomerang","Entrench","Flex","Shrug It Off","Clash","Juggernaut","CurseOfTheBell","Clash","Shrug It Off","Iron Wave","Shrug It Off+1"],"relics":["Burning Blood","Anchor","Sundial","MealTicket","Torii","Calling Bell","Orichalcum","Shuriken","CaptainsWheel","PreservedInsect","Blood Vial","Bag of Marbles"],"acts_visited":["Exordium","TheCity"],"potions_floor_usage":[16,16,16,24,25],"damage_taken":[{"damage":0,"enemies":"Small Slimes","floor":1,"turns":3},{"damage":0,"enemies":"Cultist","floor":5,"turns":3},{"damage":32,"enemies":"Gremlin Nob","floor":6,"turns":5},{"damage":0,"enemies":"2 Louse","floor":7,"turns":2},{"damage":17,"enemies":"3 Sentries","floor":11,"turns":6},{"damage":0,"enemies":"Lots of Slimes","floor":13,"turns":3},{"damage":0,"enemies":"Looter","floor":14,"turns":3},{"damage":50,"enemies":"The Guardian","floor":16,"turns":9},{"damage":1,"enemies":"2 Thieves","floor":18,"turns":4},{"damage":4,"enemies":"3 Byrds","floor":19,"turns":5},{"damage":30,"enemies":"Snake Plant","floor":20,"turns":5},{"damage":11,"enemies":"Snecko","floor":22,"turns":7},{"damage":64,"enemies":"Gremlin Leader","floor":23,"turns":8},{"damage":0,"enemies":"3 Cultists","floor":24,"turns":2},{"damage":14,"enemies":"Centurion and Healer","floor":25,"turns":9},{"damage":23,"enemies":"Snecko","floor":27,"turns":5}],"seed_played":"-4695889998360264713","potions_obtained":[{"floor":5,"key":"SteroidPotion"},{"floor":6,"key":"EssenceOfSteel"},{"floor":11,"key":"AttackPotion"},{"floor":16,"key":"SmokeBomb"},{"floor":18,"key":"PowerPotion"},{"floor":20,"key":"FearPotion"},{"floor":25,"key":"BlessingOfTheForge"}],"is_trial":false,"path_per_floor":["M","?","$","$","M","E","M","$","T","?","E","R","M","M","R","B",null,"M","M","M","$","M","E","M","M","T","M"],"character_chosen":"IRONCLAD","items_purchased":["Anger","Clash","Sword Boomerang","PreservedInsect"],"campfire_rested":0,"item_purchase_floors":[3,4,8,21],"current_hp_per_floor":[80,80,80,80,80,54,60,60,60,60,49,49,55,61,61,17,80,80,80,56,71,66,8,16,10,10,0,0],"gold":78,"neow_bonus":"RANDOM_COMMON_RELIC","is_daily":false,"chose_seed":false,"campfire_upgraded":2,"win_rate":0.0,"timestamp":1613824607,"path_taken":["M","?","?","$","?","E","M","$","T","?","E","R","M","M","R","BOSS","M","M","M","$","M","E","M","?","T","?"],"items_purchased_type":["Card","Card","Card","Relic"],"build_version":"2020-12-22","purchased_purges":1,"victory":false,"max_hp_per_floor":[80,80,80,80,80,80,80,80,80,80,80,80,80,80,80,80,80,80,80,80,80,80,80,80,80,80,80,80],"relic_stats":{"Blood Vial":6,"Torii":20,"counters":[16,79],"Sundial":[6],"Shuriken":[12],"MealTicket":15,"PreservedInsect":46,"Orichalcum":[30],"obtain_stats":[{"Calling Bell":17,"Blood Vial":23,"Anchor":0,"CaptainsWheel":17,"Torii":11,"Sundial":6,"Shuriken":17,"MealTicket":9,"PreservedInsect":21,"Bag of Marbles":26,"Orichalcum":17,"Burning Blood":0},{"Calling Bell":8,"Blood Vial":13,"Anchor":0,"CaptainsWheel":8,"Torii":5,"Sundial":3,"Shuriken":8,"MealTicket":4,"PreservedInsect":11,"Bag of Marbles":15,"Orichalcum":8,"Burning Blood":0},{"Calling Bell":34,"Blood Vial":63,"Anchor":0,"CaptainsWheel":34,"Torii":19,"Sundial":11,"Shuriken":34,"MealTicket":13,"PreservedInsect":48,"Bag of Marbles":74,"Orichalcum":34,"Burning Blood":0}],"Burning Blood":71},"card_choices":[{"not_picked":["Flex","Heavy Blade"],"picked":"Sword Boomerang","floor":1},{"not_picked":["Combust","Thunderclap"],"picked":"Cleave","floor":5},{"not_picked":["Blood for Blood","Dual Wield"],"picked":"Iron Wave","floor":6},{"not_picked":["Twin Strike","Reaper"],"picked":"Blood for Blood","floor":7},{"not_picked":["Headbutt","Dual Wield"],"picked":"Flex","floor":11},{"not_picked":["Iron Wave","Flex"],"picked":"Shrug It Off","floor":13},{"not_picked":["Shrug It Off","Ghostly Armor"],"picked":"Clash","floor":14},{"not_picked":["Limit Break","Feed"],"picked":"Juggernaut","floor":16},{"not_picked":["Twin Strike","Feel No Pain"],"picked":"Clash","floor":18},{"not_picked":["Heavy Blade","Uppercut"],"picked":"Shrug It Off","floor":19},{"not_picked":["Armaments+1","Perfected Strike"],"picked":"Iron Wave","floor":20},{"not_picked":["Inflame","Disarm"],"picked":"Shrug It Off+1","floor":22},{"not_picked":["Pommel Strike","Seeing Red","Rupture"],"picked":"SKIP","floor":23},{"not_picked":["Cleave","Warcry+1","Twin Strike"],"picked":"SKIP","floor":25}],"player_experience":10023,"relics_obtained":[{"floor":6,"key":"Sundial"},{"floor":9,"key":"MealTicket"},{"floor":11,"key":"Torii"},{"floor":17,"key":"Orichalcum"},{"floor":17,"key":"Shuriken"},{"floor":17,"key":"CaptainsWheel"},{"floor":23,"key":"Blood Vial"},{"floor":26,"key":"Bag of Marbles"}],"event_choices":[{"cards_removed":["Bash"],"damage_healed":0,"gold_gain":0,"player_choice":"Purged","damage_taken":0,"max_hp_gain":0,"max_hp_loss":0,"event_name":"Purifier","floor":2,"gold_loss":0},{"damage_healed":0,"gold_gain":0,"cards_transformed":["Strike_R"],"player_choice":"Transformed","damage_taken":0,"max_hp_gain":0,"max_hp_loss":0,"event_name":"Transmorgrifier","floor":10,"gold_loss":0,"cards_obtained":["Entrench"]}],"is_beta":false,"boss_relics":[{"not_picked":["SacredBark","Runic Dome"],"picked":"Calling Bell"}],"items_purged_floors":[21],"is_endless":false,"potions_floor_spawned":[5,6,11,16,18,20,25],"killed_by":"Snecko","ascension_level":0}}