{"host":"t1puqh5lxz8sp6fn","time":1613863078,"event":{"mods":["AchievementEnabler","BaseMod","Colored Powertips","Minty Spire (QoL Compilation)","Rare Cards Sparkle","Relic Stats","StSLib"],"gold_per_floor":[215,215,227,155,172,172,200,200,200,225,242,261,273,52,52,126,126,139,139,158,176,91,91,101,113,113,148,148,164,164,174,174,174,174],"floor_reached":33,"playtime":1385,"items_purged":["Strike_B"],"score":604,"play_id":"ef7f59c9-dabf-4cc7-aa53-a6ff970a5e1f","local_time":"20210220201758","is_ascension_mode":true,"campfire_choices":[{"data":"Sweeping Beam","floor":6.0,"key":"SMITH"},{"data":"Coolheaded","floor":15.0,"key":"SMITH"},{"data":"Beam Cell","floor":23.0,"key":"SMITH"},{"floor":28,"key":"REST"},{"floor":32,"key":"REST"}],"circlet_count":0,"master_deck":["AscendersBane","Strike_B","Strike_B","Defend_B","Defend_B","Defend_B","Defend_B","Dualcast","Gash","Gash","Gash","Ball Lightning","Sweeping Beam+1","Melter","Coolheaded+1","Chill","Ball Lightning","Conserve Battery","Electrodynamics","Beam Cell+1","Hologram","Discovery","Defragment","Echo Form","Gash","Aggregate+1"],"relics":["Cracked Core","TungstenRod","White Beast Statue","Toy Ornithopter","Bronze Scales","SacredBark","The Courier","Shuriken"],"acts_visited":["Exordium","TheCity"],"potions_floor_usage":[27,31,33],"damage_taken":[{"damage":7.0,"enemies":"Jaw Worm","floor":1.0,"turns":3.0},{"damage":1.0,"enemies":"Cultist","floor":3.0,"turns":3.0},{"damage":7.0,"enemies":"Small Slimes","floor":5.0,"turns":2.0},{"damage":10.0,"enemies":"3 Sentries","floor":7.0,"turns":4.0},{"damage":7.0,"enemies":"Gremlin Nob","floor":10.0,"turns":3.0},{"damage":8.0,"enemies":"Exordium Wildlife","floor":11.0,"turns":4.0},{"damage":0.0,"enemies":"Large Slime","floor":12.0,"turns":3.0},{"damage":0.0,"enemies":"Gremlin Gang","floor":13.0,"turns":1.0},{"damage":0.0,"enemies":"Slime Boss","floor":16.0,"turns":5.0},{"damage":0.0,"enemies":"3 Byrds","floor":18.0,"turns":3.0},{"damage":6.0,"enemies":"2 Thieves","floor":20.0,"turns":3.0},{"damage":0.0,"enemies":"Cultist and Chosen","floor":21.0,"turns":3.0},{"damage":8.0,"enemies":"3 Cultists","floor":24.0,"turns":3.0},{"damage":15.0,"enemies":"Snake Plant","floor":25.0,"turns":3.0},{"damage":35,"enemies":"Book of Stabbing","floor":27,"turns":4},{"damage":5,"enemies":"Chosen and Byrds","floor":29,"turns":4},{"damage":11,"enemies":"Shelled Parasite and Fungi","floor":31,"turns":4},{"damage":56,"enemies":"Collector","floor":33,"turns":6}],"seed_played":"7943132428934341746","potions_obtained":[{"floor":2.0,"key":"EssenceOfDarkness"},{"floor":2.0,"key":"BlessingOfTheForge"},{"floor":5.0,"key":"EssenceOfDarkness"},{"floor":7.0,"key":"EntropicBrew"},{"floor":10.0,"key":"CultistPotion"},{"floor":16.0,"key":"Swift Potion"},{"floor":18.0,"key":"Dexterity Potion"},{"floor":20.0,"key":"Explosive Potion"},{"floor":21.0,"key":"SteroidPotion"},{"floor":24.0,"key":"Ancient Potion"},{"floor":25.0,"key":"LiquidMemories"},{"floor":27,"key":"Block Potion"},{"floor":31,"key":"FearPotion"}],"is_trial":false,"path_per_floor":["M","?","M","$","M","R","E","?","T","E","M","M","M","$","R","B",null,"M","?","M","M","$","R","M","M","T","E","R","M","?","M","R","B"],"character_chosen":"DEFECT","items_purchased":["Gash","Ball Lightning","Bronze Scales","Discovery"],"campfire_rested":2,"item_purchase_floors":[4,4,14,22],"current_hp_per_floor":[57,57,56,56,49,49,39,39,39,32,24,24,24,24,24,44,64,64,64,63,68,68,68,63,48,48,18,39,34,34,28,49,0,0],"gold":174,"neow_bonus":"HUNDRED_GOLD","is_daily":false,"chose_seed":false,"campfire_upgraded":3,"win_rate":0.0,"timestamp":1613863078,"path_taken":["M","?","M","$","?","R","E","?","T","E","M","?","M","$","R","BOSS","M","?","M","?","$","R","M","M","T","E","R","M","?","M","R","BOSS"],"items_purchased_type":["Card","Card","Relic","Card"],"build_version":"2020-12-13","purchased_purges":1,"victory":false,"max_hp_per_floor":[71,71,71,71,71,71,71,71,71,71,71,71,71,71,71,71,71,71,71,71,71,71,71,71,71,71,71,71,71,71,71,71,71,71],"relic_stats":{"counters":[18,61],"Shuriken":[5],"Bronze Scales":[153],"obtain_stats":[{"Shuriken":27,"Bronze Scales":14,"SacredBark":17,"The Courier":26,"Cracked Core":0,"TungstenRod":7,"White Beast Statue":9,"Toy Ornithopter":10},{"Shuriken":15,"Bronze Scales":8,"SacredBark":9,"The Courier":14,"Cracked Core":0,"TungstenRod":4,"White Beast Statue":4,"Toy Ornithopter":5},{"Shuriken":47,"Bronze Scales":23,"SacredBark":28,"The Courier":43,"Cracked Core":0,"TungstenRod":12,"White Beast Statue":12,"Toy Ornithopter":15}],"TungstenRod":21,"Toy Ornithopter":48},"card_choices":[{"not_picked":["Skim","Blizzard"],"picked":"Gash","floor":1.0},{"not_picked":["Beam Cell","Steam"],"picked":"Gash","floor":3.0},{"not_picked":["Barrage","Compile Driver"],"picked":"Sweeping Beam","floor":5.0},{"not_picked":["Steam Power","FTL"],"picked":"Melter","floor":7.0},{"not_picked":["Hologram","Conserve Battery"],"picked":"Chill","floor":10.0},{"not_picked":["Redo","Coolheaded"],"picked":"Ball Lightning","floor":11.0},{"not_picked":["Leap","Streamline"],"picked":"Conserve Battery","floor":12.0},{"not_picked":["Conserve Battery","Static Discharge","Melter"],"picked":"SKIP","floor":13.0},{"not_picked":["Biased Cognition","Echo Form"],"picked":"Electrodynamics","floor":16.0},{"not_picked":["Coolheaded","Rebound","Stack"],"picked":"SKIP","floor":18.0},{"not_picked":["Barrage","Sweeping Beam+1"],"picked":"Beam Cell","floor":20.0},{"not_picked":["Barrage","Consume"],"picked":"Hologram","floor":21.0},{"not_picked":["Stack","Steam","Lockon"],"picked":"SKIP","floor":24.0},{"not_picked":["FTL","Hologram+1"],"picked":"Defragment","floor":25.0},{"not_picked":["Gash+1","Recycle"],"picked":"Echo Form","floor":27},{"not_picked":["Redo","Force Field"],"picked":"Gash","floor":29},{"not_picked":["Gash","Beam Cell+1"],"picked":"Aggregate+1","floor":31}],"player_experience":547279,"relics_obtained":[{"floor":7.0,"key":"TungstenRod"},{"floor":9.0,"key":"White Beast Statue"},{"floor":10.0,"key":"Toy Ornithopter"},{"floor":26.0,"key":"The Courier"},{"floor":27,"key":"Shuriken"}],"event_choices":[{"damage_healed":0.0,"max_hp_gain":0.0,"max_hp_loss":0.0,"gold_gain":0.0,"event_name":"Lab","player_choice":"Got Potions","floor":2.0,"gold_loss":0.0,"damage_taken":0.0},{"damage_healed":0.0,"max_hp_gain":0.0,"max_hp_loss":0.0,"gold_gain":0.0,"cards_transformed":["Zap"],"event_name":"Transmorgrifier","player_choice":"Transformed","floor":8.0,"gold_loss":0.0,"damage_taken":0.0,"cards_obtained":["Coolheaded"]},{"cards_removed":["Strike_B"],"damage_healed":0.0,"max_hp_gain":0.0,"max_hp_loss":0.0,"gold_gain":0.0,"event_name":"Purifier","player_choice":"Purged","floor":19.0,"gold_loss":0.0,"damage_taken":0.0},{"damage_healed":0,"gold_gain":0,"player_choice":"Ignored","damage_taken":0,"max_hp_gain":0,"max_hp_loss":0,"event_name":"The Mausoleum","floor":30,"gold_loss":0}],"is_beta":false,"boss_relics":[{"not_picked":["Inserter","Sozu"],"picked":"SacredBark"}],"items_purged_floors":[14],"is_endless":false,"potions_floor_spawned":[3,5,7,10,11,12,13,16,18,20,21,24,25,27,29,31],"killed_by":"Collector","ascension_level":15}}