{"host":"ovivighfa421z0zp","time":1613835250,"event":{"mods":["BaseMod","Colored Map","DeckTracker","Keyboard Shortcuts","Minty Spire (QoL Compilation)","Permanent Neow","Quick Restart","Replay The Spire","StSLib","SuperFastMode","The Cursed"],"gold_per_floor":[113,127,139,155,80,80,93,110,134,162,162,180,180,194,194,297,297,308,318,19,94,114,114,129,161,161,161,177,277,327,45,45,142,142,156,1155,1165,472,489,489,403,403,403,420,436,436,451,33,33,33],"floor_reached":51,"language":"KOR","playtime":2619,"items_purged":["TheCursedMod:Strike_TheCursed","TheCursedMod:Strike_TheCursed","TheCursedMod:Strike_TheCursed","Normality","TheCursedMod:CircleOfWindfury"],"score":966,"play_id":"f2cbc4d9-d802-408e-b983-8c082948091f","local_time":"20210221003410","is_ascension_mode":true,"campfire_choices":[{"data":"Apotheosis","floor":6.0,"key":"SMITH"},{"floor":11.0,"key":"REST"},{"data":"TheCursedMod:CleanUpWorkshop","floor":13.0,"key":"SMITH"},{"data":"TheCursedMod:CircleOfFocus","floor":15.0,"key":"SMITH"},{"floor":23.0,"key":"REST"},{"floor":27.0,"key":"REST"},{"floor":32,"key":"REST"},{"floor":40,"key":"REST"},{"data":"Normality","floor":42,"key":"PURGE"}],"circlet_count":0,"master_deck":["TheCursedMod:Defend_TheCursed","TheCursedMod:CursedWand","TheCursedMod:CleanUpWorkshop+1","TheCursedMod:Dregs","Sickly","Apotheosis+1","TheCursedMod:SoulCrush","TheCursedMod:RapidMovement","TheCursedMod:FleshFromBone","TheCursedMod:CursedStaff","TheCursedMod:ReleasedKnowledge+1","TheCursedMod:CursedSpellbook","TheCursedMod:DemonSword","TheCursedMod:CircleOfFocus+1","TheCursedMod:Neurasthenia","TheCursedMod:WearCloak","TheCursedMod:CursedStaff","ReplayTheSpireMod:Private Reserves","Survey Options","Apotheosis+1","TheCursedMod:DemonSword+1","TheCursedMod:CursedShiv","TheCursedMod:HellsGateOpen+1","TheCursedMod:NeowsMight","TheCursedMod:Torture+1","TheCursedMod:DemonSword+1","TheCursedMod:EmpowerCircles+1","TheCursedMod:AbyssShockwave","TheCursedMod:Wield+1","TheCursedMod:VoidForm","TheCursedMod:SoulReap","TheCursedMod:CursedSpellbook","TheCursedMod:SpitefulPray","TheCursedMod:CursedBlade","TheCursedMod:BloodBarrier+1"],"relics":["TheCursedMod:BlackMagic101","Oddly Smooth Stone","Bag of Marbles","ReplayTheSpireMod:DimensionalGlitch","ReplayTheSpireMod:ShopPack","PreservedInsect","TheCursedMod:DemonicMark","Ice Cream","Bottled Flame","Guide Book","Astrolabe","BargainBundle","Replay:Ringing Soul","Bag of Preparation","Replay:Multitool","TheCursedMod:CrystalBall","Regal Pillow"],"acts_visited":["Exordium","TheCity","TheBeyond"],"potions_floor_usage":[33,44,45,50,50,50,50,50],"damage_taken":[{"damage":0.0,"enemies":"Cultist","floor":1.0,"turns":4.0},{"damage":0.0,"enemies":"2 Louse","floor":2.0,"turns":4.0},{"damage":3.0,"enemies":"Small Slimes","floor":3.0,"turns":3.0},{"damage":12.0,"enemies":"3 Louse","floor":4.0,"turns":5.0},{"damage":28.0,"enemies":"Exordium Thugs","floor":7.0,"turns":6.0},{"damage":0.0,"enemies":"Blue Slaver","floor":8.0,"turns":3.0},{"damage":8.0,"enemies":"3 Sentries","floor":10.0,"turns":6.0},{"damage":1.0,"enemies":"Lots of Slimes","floor":12.0,"turns":6.0},{"damage":3.0,"enemies":"Exordium Thugs","floor":14.0,"turns":4.0},{"damage":1.0,"enemies":"Hexaghost","floor":16.0,"turns":7.0},{"damage":3.0,"enemies":"Shell Parasite","floor":18.0,"turns":4.0},{"damage":6.0,"enemies":"3 Byrds","floor":19.0,"turns":5.0},{"damage":0.0,"enemies":"Centurion and Healer","floor":22.0,"turns":6.0},{"damage":9.0,"enemies":"3 Cultists","floor":24.0,"turns":5.0},{"damage":15.0,"enemies":"Gremlin Leader","floor":25.0,"turns":6.0},{"damage":0.0,"enemies":"Cultist and Chosen","floor":28.0,"turns":5.0},{"damage":9.0,"enemies":"Colosseum Slavers","floor":29.0,"turns":4.0},{"damage":27.0,"enemies":"Colosseum Nobs","floor":29.0,"turns":4.0},{"damage":50,"enemies":"Collector","floor":33,"turns":8},{"damage":9,"enemies":"3 Darklings","floor":35,"turns":3},{"damage":13,"enemies":"Orb Walker","floor":37,"turns":2},{"damage":11,"enemies":"4 Shapes","floor":39,"turns":5},{"damage":26,"enemies":"Spire Growth","floor":44,"turns":5},{"damage":0,"enemies":"3 Darklings","floor":45,"turns":1},{"damage":10,"enemies":"Sphere and 2 Shapes","floor":47,"turns":3},{"damage":66,"enemies":"Time Eater","floor":50,"turns":7}],"seed_played":"-8175488200273226979","potions_obtained":[{"floor":2.0,"key":"Swift Potion"},{"floor":3.0,"key":"Flashbang"},{"floor":4.0,"key":"Dexterity Potion"},{"floor":10.0,"key":"SkillPotion"},{"floor":12.0,"key":"Block Potion"},{"floor":14.0,"key":"Languid Potion"},{"floor":19.0,"key":"Swift Potion"},{"floor":22.0,"key":"Adrenaline Potion"},{"floor":24.0,"key":"Adrenaline Potion"},{"floor":29.0,"key":"Elixir"},{"floor":33,"key":"DuplicationPotion"},{"floor":37,"key":"DuplicationPotion"},{"floor":45,"key":"DistilledChaos"}],"is_trial":false,"path_per_floor":["M","M","M","M","$","R","M","M","T","E","R","M","R","M","R","B",null,"M","M","$","?","M","R","M","E","T","R","M","?","?","$","R","B",null,"M","?","M","$","M","R","?","R","T","M","M","R","M","$","R_BF","B",null],"character_chosen":"THE_CURSED","items_purchased":["ReplayTheSpireMod:ShopPack","TheCursedMod:CursedStaff","Guide Book","BargainBundle","Replay:Ringing Soul","Bag of Preparation","TheCursedMod:VoidForm","Regen Potion","DistilledChaos","TheCursedMod:SoulReap","Regal Pillow","EntropicBrew"],"campfire_rested":5,"item_purchase_floors":[20,20,31,38,38,38,38,38,38,38,48,48],"current_hp_per_floor":[68,68,65,53,53,53,25,25,25,17,39,38,38,35,35,34,65,62,56,56,49,49,71,62,47,47,69,69,33,33,33,55,5,58,49,49,36,39,28,51,51,51,51,41,44,47,40,40,82,16],"gold":33,"neow_bonus":"RANDOM_COLORLESS_2","is_daily":false,"chose_seed":false,"campfire_upgraded":3,"win_rate":0.0,"timestamp":1613835250,"path_taken":["M","M","M","M","$","R","M","M","T","E","R","M","R","M","R","BOSS","M","?","$","?","M","R","?","E","T","R","M","?","?","$","R","BOSS","M","?","M","$","M","R","?","R","T","M","?","R","M","$","R_BF","BOSS"],"items_purchased_type":["Relic","Card","Relic","Relic","Relic","Relic","Card","Potion","Potion","Card","Relic","Potion"],"build_version":"2020-12-22","purchased_purges":5,"victory":true,"max_hp_per_floor":[75,75,75,75,75,75,75,75,75,75,75,75,75,75,75,75,75,75,75,75,75,75,75,75,75,75,75,75,75,75,75,75,75,75,75,75,75,78,78,78,78,78,78,81,84,87,90,90,90,90],"card_choices":[{"not_picked":["Sadistic Nature","Panache"],"picked":"Apotheosis","floor":0.0},{"not_picked":["TheCursedMod:Wield","TheCursedMod:CircleOfWindfury"],"picked":"TheCursedMod:SoulCrush","floor":1.0},{"not_picked":["TheCursedMod:Stigma","TheCursedMod:FleshFromBone"],"picked":"TheCursedMod:RapidMovement","floor":2.0},{"not_picked":["TheCursedMod:CursedShiv","TheCursedMod:SoulCrush"],"picked":"TheCursedMod:FleshFromBone","floor":3.0},{"not_picked":["TheCursedMod:CursedShiv","TheCursedMod:CircleOfAmplification"],"picked":"TheCursedMod:CursedStaff","floor":4.0},{"not_picked":["TheCursedMod:CursedStaff","TheCursedMod:DoubleShield"],"picked":"TheCursedMod:ReleasedKnowledge","floor":7.0},{"not_picked":["TheCursedMod:CircleOfFlame","TheCursedMod:Stretching"],"picked":"TheCursedMod:CursedSpellbook","floor":8.0},{"not_picked":["TheCursedMod:AbyssShockwave","TheCursedMod:RapidMovement"],"picked":"TheCursedMod:DemonSword","floor":10.0},{"not_picked":["TheCursedMod:CursedMace","TheCursedMod:Stretching"],"picked":"TheCursedMod:CircleOfFocus","floor":12.0},{"not_picked":["TheCursedMod:Torture","TheCursedMod:Mangle","TheCursedMod:FleshFromBone"],"picked":"SKIP","floor":14.0},{"not_picked":["TheCursedMod:OutForBlood","TheCursedMod:StunningStrike"],"picked":"TheCursedMod:Neurasthenia","floor":16.0},{"not_picked":["TheCursedMod:StingEye","TheCursedMod:SurpriseAttack+1","TheCursedMod:FleshFromBone"],"picked":"SKIP","floor":18.0},{"not_picked":["TheCursedMod:SurpriseAttack","TheCursedMod:SmokeScreen"],"picked":"TheCursedMod:WearCloak","floor":19.0},{"not_picked":["Chrysalis","PanicButton"],"picked":"ReplayTheSpireMod:Private Reserves","floor":20.0},{"not_picked":["Replay:Sssssssssshield","Dark Shackles"],"picked":"Survey Options","floor":20.0},{"not_picked":["The Bomb","ReplayTheSpireMod:Necrogeddon"],"picked":"Apotheosis","floor":20.0},{"not_picked":["TheCursedMod:CursedBlade","TheCursedMod:SurpriseAttack"],"picked":"TheCursedMod:DemonSword","floor":22.0},{"not_picked":["TheCursedMod:FleshFromBone","TheCursedMod:CursedAmulet"],"picked":"TheCursedMod:CursedShiv","floor":24.0},{"not_picked":["TheCursedMod:SurpriseAttack","TheCursedMod:Obscuration","TheCursedMod:CircleOfCorruption"],"picked":"SKIP","floor":25.0},{"not_picked":["TheCursedMod:HellfireBreathing","TheCursedMod:Stigma"],"picked":"TheCursedMod:CircleOfWindfury","floor":28.0},{"not_picked":["TheCursedMod:CircleOfFlame+1","TheCursedMod:Obscuration"],"picked":"TheCursedMod:HellsGateOpen+1","floor":29.0},{"not_picked":["TheCursedMod:ForbiddenAlchemy","TheCursedMod:CircleOfAbyss"],"picked":"TheCursedMod:NeowsMight","floor":33},{"not_picked":["TheCursedMod:CursedArmor","TheCursedMod:DoubleShield"],"picked":"TheCursedMod:AbyssShockwave","floor":35},{"not_picked":["TheCursedMod:SpitefulStrike","TheCursedMod:Torture"],"picked":"TheCursedMod:Wield+1","floor":37},{"not_picked":["TheCursedMod:SoulCrush+1","TheCursedMod:VitalStrike","TheCursedMod:CursedBlade+1"],"picked":"SKIP","floor":39},{"not_picked":["TheCursedMod:SmokeScreen+1","TheCursedMod:SpitefulStrike+1"],"picked":"TheCursedMod:CursedSpellbook","floor":44},{"not_picked":["TheCursedMod:CursedSpellbook","TheCursedMod:PrepareRite+1"],"picked":"TheCursedMod:SpitefulPray","floor":45},{"not_picked":["TheCursedMod:FleshFromBone+1","TheCursedMod:SpitefulStrike+1"],"picked":"TheCursedMod:BloodBarrier+1","floor":47}],"player_experience":763425,"relics_obtained":[{"floor":9.0,"key":"Oddly Smooth Stone"},{"floor":10.0,"key":"Bag of Marbles"},{"floor":25.0,"key":"PreservedInsect"},{"floor":26.0,"key":"TheCursedMod:DemonicMark"},{"floor":29.0,"key":"Ice Cream"},{"floor":29.0,"key":"Bottled Flame"},{"floor":43,"key":"TheCursedMod:CrystalBall"}],"event_choices":[{"damage_healed":0.0,"max_hp_gain":0.0,"max_hp_loss":0.0,"gold_gain":75.0,"event_name":"FaceTrader","player_choice":"Touch","floor":21.0,"gold_loss":0.0,"damage_taken":7.0},{"damage_healed":0.0,"max_hp_gain":0.0,"max_hp_loss":0.0,"gold_gain":0.0,"event_name":"Colosseum","player_choice":"Fight","floor":29.0,"gold_loss":0.0,"damage_taken":0.0},{"damage_healed":0.0,"max_hp_gain":0.0,"max_hp_loss":0.0,"gold_gain":0.0,"event_name":"Colosseum","player_choice":"Fought Nobs","floor":29.0,"gold_loss":0.0,"damage_taken":0.0},{"damage_healed":0,"gold_gain":100,"player_choice":"Bet on Murderer","damage_taken":0,"max_hp_gain":0,"max_hp_loss":0,"event_name":"The Joust","floor":30,"gold_loss":50},{"damage_healed":0,"gold_gain":999,"player_choice":"Gold","damage_taken":0,"max_hp_gain":0,"max_hp_loss":0,"event_name":"MindBloom","floor":36,"gold_loss":0,"cards_obtained":["Normality","Normality"]},{"damage_healed":0,"gold_gain":0,"player_choice":"Paid Gold","damage_taken":0,"relics_obtained":["Replay:Multitool"],"max_hp_gain":0,"max_hp_loss":0,"event_name":"WeMeetAgain","floor":41,"gold_loss":86}],"is_beta":false,"boss_relics":[{"not_picked":["Replay:Wanted Poster","Busted Crown"],"picked":"ReplayTheSpireMod:DimensionalGlitch"},{"not_picked":["Coffee Dripper","Pandora\u0027s Box"],"picked":"Astrolabe"}],"items_purged_floors":[5,20,31,38,48],"is_endless":false,"potions_floor_spawned":[2,3,4,10,12,14,19,22,24,29,33,37,39,45],"ascension_level":7}}