{"host":"iq8y45rd2spacc1d","time":1613826592,"event":{"mods":["Aspiration","BaseMod","DeckTracker","GifTheSpireLib","Halation","Hermit","Hubris","Infinite Spire","Minty Spire (QoL Compilation)","Replay The Spire","StSLib","The Bug Knight","The Cursed","The Disciple"],"gold_per_floor":[113,131,148,163,176,205,205,170,170,205,221,250,278,301,313,428,440,468,233,233,233,233,233,233],"floor_reached":23,"language":"ENG","playtime":1310,"items_purged":[],"score":311,"play_id":"d0a7b083-6366-4e9f-9081-1ece51aa7f1b","local_time":"20210220140952","is_ascension_mode":true,"campfire_choices":[{"floor":15,"key":"REST"}],"circlet_count":0,"master_deck":["Strike_B","Strike_B","Strike_B","Defend_B","Defend_B","Defend_B","Defend_B","Zap","Dualcast","Ball Lightning","Lockon","Leap","Rebound","Genetic Algorithm","Stack+1","hubris:Ukulele","Sunder","Ball Lightning","Double Energy","Skim","Streamline","Fission","Sweeping Beam"],"relics":["Cracked Core","halation:BottledLove","aspiration:HatOfInfinitePower","Smiling Mask","MawBank","Replay:Bronze Core","Carrot","Pear"],"acts_visited":["Exordium","TheCity"],"potions_floor_usage":[12,16,23],"damage_taken":[{"damage":1,"enemies":"Cultist","floor":1,"turns":4},{"damage":3,"enemies":"2 Louse","floor":2,"turns":3},{"damage":4,"enemies":"Jaw Worm","floor":3,"turns":3},{"damage":1,"enemies":"Exordium Wildlife","floor":4,"turns":3},{"damage":14,"enemies":"Red Slaver","floor":5,"turns":2},{"damage":8,"enemies":"Gremlin Nob","floor":6,"turns":3},{"damage":0,"enemies":"Lagavulin","floor":10,"turns":4},{"damage":13,"enemies":"Blue Slaver","floor":11,"turns":2},{"damage":1,"enemies":"Gremlin Nob","floor":12,"turns":3},{"damage":0,"enemies":"Large Slime","floor":13,"turns":4},{"damage":0,"enemies":"3 Louse","floor":14,"turns":2},{"damage":35,"enemies":"The Guardian","floor":16,"turns":8},{"damage":31,"enemies":"3 Byrds","floor":18,"turns":5},{"damage":64,"enemies":"Book of Stabbing","floor":23,"turns":5}],"seed_played":"6755048220010682437","potions_obtained":[{"floor":4,"key":"PowerPotion"},{"floor":6,"key":"Dexterity Potion"},{"floor":10,"key":"FocusPotion"},{"floor":12,"key":"BlessingOfTheForge"},{"floor":18,"key":"Dexterity Potion"}],"is_trial":false,"path_per_floor":["M","M","M","M","M","E","?","$","T","E","M","E","M","M","R","B",null,"M","$","?","?","?","E"],"character_chosen":"DEFECT","items_purchased":["hubris:Ukulele","Carrot"],"campfire_rested":1,"item_purchase_floors":[8,19],"current_hp_per_floor":[81,78,74,73,59,51,51,51,51,51,38,37,37,37,61,26,82,51,51,61,61,61,0,0],"gold":233,"neow_bonus":"TEN_PERCENT_HP_BONUS","is_daily":false,"chose_seed":false,"campfire_upgraded":0,"win_rate":0.0,"timestamp":1613826592,"path_taken":["M","M","?","M","M","E","?","$","T","E","M","E","M","M","R","BOSS","M","$","?","?","?","E"],"items_purchased_type":["Card","Relic"],"build_version":"2020-12-22","purchased_purges":0,"victory":false,"max_hp_per_floor":[82,82,82,82,82,82,82,82,82,82,82,82,82,82,82,82,82,82,82,92,92,92,92,92],"card_choices":[{"not_picked":["Loop","Turbo"],"picked":"Ball Lightning","floor":1},{"not_picked":["Go for the Eyes","BootSequence"],"picked":"Lockon","floor":2},{"not_picked":["Heatsinks","Hologram"],"picked":"Leap","floor":3},{"not_picked":["Darkness","Capacitor"],"picked":"Rebound","floor":4},{"not_picked":["Doom and Gloom","Go for the Eyes","ReplayGash"],"picked":"SKIP","floor":5},{"not_picked":["Barrage","Multi-Cast"],"picked":"Genetic Algorithm","floor":6},{"not_picked":["Gash","Time Bomb"],"picked":"Sunder","floor":10},{"not_picked":["hubris:PowerSurge","Sweeping Beam"],"picked":"Ball Lightning","floor":11},{"not_picked":["Scrape","Panic Button"],"picked":"Double Energy","floor":12},{"not_picked":["Reprogram","Cold Snap"],"picked":"Skim","floor":13},{"not_picked":["Meteor Strike","Chaos"],"picked":"Streamline","floor":14},{"not_picked":["Rainbow","Hyperbeam"],"picked":"Fission","floor":16},{"not_picked":["Stack+1","Scrape"],"picked":"Sweeping Beam","floor":18}],"player_experience":357423,"relics_obtained":[{"floor":6,"key":"halation:BottledLove"},{"floor":9,"key":"aspiration:HatOfInfinitePower"},{"floor":10,"key":"Smiling Mask"},{"floor":12,"key":"MawBank"}],"event_choices":[{"damage_healed":0,"gold_gain":0,"player_choice":"Ignored","damage_taken":0,"max_hp_gain":0,"max_hp_loss":0,"event_name":"Vampires","floor":21,"gold_loss":0},{"damage_healed":0,"gold_gain":0,"player_choice":"Ignored","damage_taken":0,"max_hp_gain":0,"max_hp_loss":0,"event_name":"Beggar","floor":22,"gold_loss":0}],"is_beta":false,"boss_relics":[{"not_picked":["Velvet Choker","Empty Cage"],"picked":"Replay:Bronze Core"}],"items_purged_floors":[],"is_endless":false,"potions_floor_spawned":[4,6,10,12,13,18],"killed_by":"Book of Stabbing","ascension_level":4}}