{"host":"1v3mnj67s3trvm6y","time":1613814641,"event":{"mods":["BaseMod","Challenge The Spire","Minty Spire (QoL Compilation)","StSLib","The Cursed"],"gold_per_floor":[111,128,138,150,164,195,195,214,240,250,250,284,284,303,303,407,407,426,426,274,274,294,320,320,336,336,364,68,68,68,97,97,97,97],"floor_reached":33,"language":"ENG","playtime":1672,"items_purged":["TheCursedMod:Defend_TheCursed"],"score":317,"play_id":"659b331c-7e91-44f9-92bc-1988fb435317","local_time":"20210220185041","is_ascension_mode":false,"campfire_choices":[{"floor":13,"key":"REST"},{"data":"TheCursedMod:ManaCirculation","floor":15,"key":"SMITH"},{"data":"TheCursedMod:OutForBlood","floor":24,"key":"SMITH"},{"data":"TheCursedMod:CursedBoomerang","floor":29,"key":"SMITH"},{"floor":32,"key":"REST"}],"circlet_count":0,"master_deck":["TheCursedMod:Strike_TheCursed","TheCursedMod:Strike_TheCursed","TheCursedMod:Strike_TheCursed","TheCursedMod:Strike_TheCursed","TheCursedMod:Defend_TheCursed","TheCursedMod:Defend_TheCursed","TheCursedMod:Defend_TheCursed","TheCursedMod:CursedWand","TheCursedMod:CleanUpWorkshop","TheCursedMod:Dregs","TheCursedMod:TroublousMinions+1","TheCursedMod:SoulReap","TheCursedMod:CircleOfCorruption+1","TheCursedMod:CursedStaff","TheCursedMod:AshesToAshes","TheCursedMod:ManaCirculation+1","TheCursedMod:FleshFromBone","TheCursedMod:AbyssShockwave","TheCursedMod:CircleOfCorruption","TheCursedMod:RapidMovement","TheCursedMod:OutForBlood+1","TheCursedMod:SpitefulPlan","TheCursedMod:FleshFromBone","TheCursedMod:Obscuration","Writhe","TheCursedMod:SpitefulStrike+1","TheCursedMod:CursedBoomerang+1","TheCursedMod:FleshFromBone","Decay","TheCursedMod:Obscuration","TheCursedMod:CursedBoomerang"],"relics":["TheCursedMod:BlackMagic101","Happy Flower","War Paint","Bag of Marbles","Oddly Smooth Stone","Blood Vial","Cursed Key","TheCursedMod:Tack","Pen Nib","InkBottle","Bottled Lightning","TungstenRod","Blue Candle"],"acts_visited":["Exordium","TheCity"],"potions_floor_usage":[6,6,23,25],"damage_taken":[{"damage":1,"enemies":"Cultist","floor":1,"turns":5},{"damage":0,"enemies":"2 Louse","floor":2,"turns":4},{"damage":3,"enemies":"Small Slimes","floor":3,"turns":5},{"damage":5,"enemies":"Looter","floor":4,"turns":3},{"damage":6,"enemies":"Exordium Wildlife","floor":5,"turns":5},{"damage":26,"enemies":"Lagavulin","floor":6,"turns":7},{"damage":10,"enemies":"Large Slime","floor":8,"turns":5},{"damage":0,"enemies":"3 Louse","floor":10,"turns":1},{"damage":14,"enemies":"Gremlin Nob","floor":12,"turns":4},{"damage":0,"enemies":"Exordium Wildlife","floor":14,"turns":3},{"damage":11,"enemies":"The Guardian","floor":16,"turns":12},{"damage":0,"enemies":"Chosen","floor":18,"turns":5},{"damage":0,"enemies":"3 Byrds","floor":22,"turns":3},{"damage":4,"enemies":"Gremlin Leader","floor":23,"turns":9},{"damage":3,"enemies":"3 Cultists","floor":25,"turns":3},{"damage":7,"enemies":"Book of Stabbing","floor":27,"turns":4},{"damage":34,"enemies":"Slavers","floor":31,"turns":5},{"damage":69,"enemies":"Collector","floor":33,"turns":6}],"seed_played":"-5925677084642439062","potions_obtained":[{"floor":3,"key":"DuplicationPotion"},{"floor":4,"key":"LiquidBronze"},{"floor":10,"key":"Dexterity Potion"},{"floor":14,"key":"Energy Potion"},{"floor":16,"key":"DistilledChaos"},{"floor":25,"key":"BlessingOfTheForge"},{"floor":31,"key":"SteroidPotion"}],"is_trial":false,"path_per_floor":["M","M","M","M","M","E","?","M","T","M","?","E","R","M","R","B",null,"M","?","$","?","M","E","R","M","T","E","$","R","?","E","R","B"],"character_chosen":"THE_CURSED","items_purchased":["TheCursedMod:FleshFromBone","TheCursedMod:Obscuration","TungstenRod"],"campfire_rested":2,"item_purchase_floors":[20,20,28],"current_hp_per_floor":[74,75,75,75,73,52,52,47,47,47,29,20,42,44,44,40,75,75,75,75,75,75,71,71,70,70,65,65,65,65,38,60,0,0],"gold":97,"neow_bonus":"THREE_CARDS","is_daily":false,"chose_seed":false,"campfire_upgraded":3,"win_rate":0.0,"timestamp":1613814641,"path_taken":["M","M","M","M","?","E","?","M","T","M","?","E","R","M","R","BOSS","M","?","$","?","M","E","R","M","T","E","?","R","?","E","R","BOSS"],"items_purchased_type":["Card","Card","Relic"],"build_version":"2020-12-22","purchased_purges":1,"victory":false,"max_hp_per_floor":[75,75,75,75,75,75,75,75,75,75,75,75,75,75,75,75,75,75,75,75,75,75,75,75,75,75,75,75,75,75,75,75,75,75],"card_choices":[{"not_picked":["TheCursedMod:Wield","TheCursedMod:RavingStaff"],"picked":"TheCursedMod:TroublousMinions","floor":0},{"not_picked":["TheCursedMod:SmokeScreen","TheCursedMod:CursedShiv"],"picked":"TheCursedMod:SoulReap","floor":1},{"not_picked":["TheCursedMod:RavingStaff","TheCursedMod:CursedShiv"],"picked":"TheCursedMod:CircleOfCorruption","floor":2},{"not_picked":["TheCursedMod:CursedBlade","TheCursedMod:CursedMace"],"picked":"TheCursedMod:CursedStaff","floor":3},{"not_picked":["TheCursedMod:WearCloak","TheCursedMod:CircleOfCorruption"],"picked":"TheCursedMod:AshesToAshes","floor":4},{"not_picked":["TheCursedMod:Wield","TheCursedMod:VitalStrike"],"picked":"TheCursedMod:ManaCirculation","floor":5},{"not_picked":["TheCursedMod:CursedArmor","TheCursedMod:Torture"],"picked":"TheCursedMod:FleshFromBone","floor":6},{"not_picked":["TheCursedMod:BlessingInDisguise","TheCursedMod:TacticalStrike"],"picked":"TheCursedMod:AbyssShockwave","floor":8},{"not_picked":["TheCursedMod:RavingStaff","TheCursedMod:Stigma"],"picked":"TheCursedMod:CircleOfCorruption","floor":10},{"not_picked":["TheCursedMod:SoulCrush","TheCursedMod:CircleOfAmplification","TheCursedMod:VitalStrike"],"picked":"SKIP","floor":12},{"not_picked":["TheCursedMod:CursedStaff","TheCursedMod:FuryStrike"],"picked":"TheCursedMod:RapidMovement","floor":14},{"not_picked":["TheCursedMod:NeowsMight","TheCursedMod:VoidForm"],"picked":"TheCursedMod:OutForBlood","floor":16},{"not_picked":["TheCursedMod:CircleOfFlame","TheCursedMod:AshesToAshes"],"picked":"TheCursedMod:SpitefulPlan","floor":18},{"not_picked":["TheCursedMod:CursedAmulet+1","TheCursedMod:ManaBullet"],"picked":"TheCursedMod:SpitefulStrike+1","floor":22},{"not_picked":["TheCursedMod:Wield","TheCursedMod:CircleOfAmplification"],"picked":"TheCursedMod:CursedBoomerang","floor":23},{"not_picked":["TheCursedMod:CursedShiv","TheCursedMod:CursedBlade"],"picked":"TheCursedMod:FleshFromBone","floor":25},{"not_picked":["TheCursedMod:EmpowerCircles","TheCursedMod:TacticalStrike+1"],"picked":"TheCursedMod:Obscuration","floor":27},{"not_picked":["TheCursedMod:PrepareRite","TheCursedMod:CircleOfWindfury","TheCursedMod:CircleOfFlame"],"picked":"SKIP","floor":31}],"player_experience":1572883,"relics_obtained":[{"floor":6,"key":"Happy Flower"},{"floor":9,"key":"Bag of Marbles"},{"floor":12,"key":"Blood Vial"},{"floor":23,"key":"Pen Nib"},{"floor":26,"key":"InkBottle"},{"floor":27,"key":"Bottled Lightning"},{"floor":31,"key":"Blue Candle"}],"event_choices":[{"damage_healed":0,"gold_gain":0,"player_choice":"Searched \u00271\u0027 times","damage_taken":0,"relics_obtained":["War Paint"],"max_hp_gain":0,"max_hp_loss":0,"event_name":"Dead Adventurer","floor":7,"gold_loss":0},{"damage_healed":0,"gold_gain":0,"player_choice":"Success","damage_taken":18,"relics_obtained":["Oddly Smooth Stone"],"max_hp_gain":0,"max_hp_loss":0,"event_name":"Scrap Ooze","floor":11,"gold_loss":0},{"damage_healed":0,"gold_gain":0,"player_choice":"Ignored","damage_taken":0,"max_hp_gain":0,"max_hp_loss":0,"event_name":"Ghosts","floor":19,"gold_loss":0},{"damage_healed":0,"gold_gain":0,"player_choice":"Opened","damage_taken":0,"relics_obtained":["TheCursedMod:Tack"],"max_hp_gain":0,"max_hp_loss":0,"event_name":"The Mausoleum","floor":21,"gold_loss":0,"cards_obtained":["Writhe"]},{"damage_healed":0,"gold_gain":0,"player_choice":"Read","damage_taken":0,"max_hp_gain":0,"max_hp_loss":0,"event_name":"The Library","floor":30,"gold_loss":0,"cards_obtained":["TheCursedMod:CursedBoomerang"]}],"is_beta":false,"boss_relics":[{"not_picked":["Philosopher\u0027s Stone","Runic Dome"],"picked":"Cursed Key"}],"items_purged_floors":[20],"is_endless":false,"potions_floor_spawned":[3,4,10,14,16,25,31],"killed_by":"Collector","ascension_level":0}}