{"host":"y4mx56vxqys6xwyn","time":1613860893,"event":{"mods":["BaseMod","Hermit","Minty Spire (QoL Compilation)","StSLib","The Bug Knight"],"gold_per_floor":[119,129,1,1,14,14,28,50,50,61,15,44,44,63,63,161,161,180,180,199,199,199,199,211,211,235,297,309,331,361,383,395,407,407],"floor_reached":33,"language":"ENG","playtime":2157,"items_purged":[],"score":274,"play_id":"87010348-762e-46c4-9896-af66c5358da6","local_time":"20210220164133","is_ascension_mode":false,"campfire_choices":[{"data":"Loop","floor":6,"key":"SMITH"},{"floor":15,"key":"REST"},{"data":"Loop","floor":23,"key":"SMITH"},{"floor":25,"key":"REST"},{"floor":28,"key":"REST"},{"data":"Chaos","floor":32,"key":"SMITH"}],"circlet_count":0,"master_deck":["Strike_B","Strike_B","Strike_B","Strike_B","Defend_B","Defend_B","Defend_B","Defend_B","Zap","Dualcast+1","Loop+1","Turbo","Barrage","Loop+1","Cold Snap","Chaos+1","Lockon","Barrage","Beam Cell","Leap","White Noise","Buffer","Ball Lightning+1","Coolheaded+1","Ghostly","Ghostly","Ghostly","Ghostly","Ghostly+1","Necronomicurse","Redo+1","Conserve Battery","Fusion","Streamline"],"relics":["Cracked Core","Odd Mushroom","Du-Vu Doll","Lizard Tail","Art of War","Sozu","Ornamental Fan","Necronomicon","MawBank","War Paint"],"acts_visited":["Exordium","TheCity"],"potions_floor_usage":[12],"damage_taken":[{"damage":0,"enemies":"Cultist","floor":1,"turns":4},{"damage":0,"enemies":"Small Slimes","floor":2,"turns":3},{"damage":6,"enemies":"Jaw Worm","floor":5,"turns":3},{"damage":5,"enemies":"Blue Slaver","floor":7,"turns":4},{"damage":23,"enemies":"The Mushroom Lair","floor":8,"turns":4},{"damage":14,"enemies":"2 Fungi Beasts","floor":10,"turns":3},{"damage":25,"enemies":"Lagavulin","floor":12,"turns":5},{"damage":3,"enemies":"Looter","floor":14,"turns":3},{"damage":28,"enemies":"Slime Boss","floor":16,"turns":9},{"damage":11,"enemies":"3 Byrds","floor":18,"turns":4},{"damage":0,"enemies":"Chosen","floor":20,"turns":4},{"damage":22,"enemies":"Snake Plant","floor":24,"turns":6},{"damage":0,"enemies":"Snecko","floor":29,"turns":4},{"damage":0,"enemies":"Centurion and Healer","floor":30,"turns":8},{"damage":0,"enemies":"Snake Plant","floor":31,"turns":5},{"damage":82,"enemies":"Automaton","floor":33,"turns":12}],"seed_played":"8266696265044201597","potions_obtained":[{"floor":1,"key":"PowerPotion"},{"floor":7,"key":"LiquidBronze"},{"floor":12,"key":"FairyPotion"}],"is_trial":false,"path_per_floor":["M","M","$","?","M","R","M","?","T","M","$","E","T","M","R","B",null,"M","?","M","?","?","R","M","R","T","T","R","M","M","M","R","B"],"character_chosen":"DEFECT","items_purchased":["Loop","Cold Snap","Beam Cell"],"campfire_rested":3,"item_purchase_floors":[3,3,11],"current_hp_per_floor":[75,75,75,80,74,74,69,46,46,32,32,7,7,4,28,24,80,69,69,69,40,24,24,2,14,14,14,26,26,26,26,26,0,0],"gold":407,"neow_bonus":"THREE_CARDS","is_daily":false,"chose_seed":false,"campfire_upgraded":3,"win_rate":0.0,"timestamp":1613860893,"path_taken":["M","?","$","?","M","R","M","?","T","M","?","E","?","M","R","BOSS","M","?","M","?","?","R","M","R","T","?","R","M","?","M","R","BOSS"],"items_purchased_type":["Card","Card","Card"],"build_version":"2020-12-22","purchased_purges":0,"victory":false,"max_hp_per_floor":[75,75,75,80,80,80,80,80,80,80,80,80,80,80,80,80,80,80,80,80,40,40,40,40,40,40,40,40,40,40,40,40,40,40],"card_choices":[{"not_picked":["Turbo","Barrage"],"picked":"Loop","floor":0},{"not_picked":["Double Energy","Rebound"],"picked":"Turbo","floor":1},{"not_picked":["Leap","Heatsinks"],"picked":"Barrage","floor":2},{"not_picked":["Aggregate","Steam"],"picked":"Chaos","floor":5},{"not_picked":["Stack","Steam"],"picked":"Lockon","floor":7},{"not_picked":["Sweeping Beam","Steam"],"picked":"Barrage","floor":8},{"not_picked":["Chill","Leap","Stack"],"picked":"SKIP","floor":10},{"not_picked":["Machine Learning","Steam Power"],"picked":"Leap","floor":12},{"not_picked":["Gash","Storm"],"picked":"White Noise","floor":14},{"not_picked":["Reboot","All For One"],"picked":"Buffer","floor":16},{"not_picked":["Tempest","Fusion+1"],"picked":"Ball Lightning+1","floor":18},{"not_picked":["Rip and Tear","Leap+1"],"picked":"Coolheaded+1","floor":20},{"not_picked":["Undo+1","Chill+1"],"picked":"Redo+1","floor":24},{"not_picked":["Auto Shields+1","Gash"],"picked":"Conserve Battery","floor":29},{"not_picked":["Rebound","Streamline"],"picked":"Fusion","floor":30},{"not_picked":["Conserve Battery","Steam Power"],"picked":"Streamline","floor":31}],"player_experience":92013,"relics_obtained":[{"floor":8,"key":"Odd Mushroom"},{"floor":9,"key":"Du-Vu Doll"},{"floor":12,"key":"Lizard Tail"},{"floor":13,"key":"Art of War"},{"floor":22,"key":"Necronomicon"},{"floor":26,"key":"MawBank"},{"floor":27,"key":"War Paint"}],"event_choices":[{"damage_healed":0,"gold_gain":0,"player_choice":"Donut","damage_taken":0,"max_hp_gain":5,"max_hp_loss":0,"event_name":"Big Fish","floor":4,"gold_loss":0},{"damage_healed":0,"gold_gain":0,"player_choice":"Fought Mushrooms","damage_taken":0,"max_hp_gain":0,"max_hp_loss":0,"event_name":"Mushrooms","floor":8,"gold_loss":0},{"damage_healed":0,"gold_gain":0,"player_choice":"Opened","damage_taken":0,"relics_obtained":["Ornamental Fan"],"max_hp_gain":0,"max_hp_loss":0,"event_name":"The Mausoleum","floor":19,"gold_loss":0},{"damage_healed":0,"gold_gain":0,"player_choice":"Became a Ghost","damage_taken":0,"max_hp_gain":0,"max_hp_loss":40,"event_name":"Ghosts","floor":21,"gold_loss":0,"cards_obtained":["Ghostly","Ghostly","Ghostly","Ghostly","Ghostly"]},{"damage_healed":0,"gold_gain":0,"player_choice":"Obtained Book","damage_taken":16,"max_hp_gain":0,"max_hp_loss":0,"event_name":"Cursed Tome","floor":22,"gold_loss":0}],"is_beta":false,"boss_relics":[{"not_picked":["Velvet Choker","Coffee Dripper"],"picked":"Sozu"}],"items_purged_floors":[],"is_endless":false,"potions_floor_spawned":[1,7,12,20,30],"killed_by":"Automaton","ascension_level":0}}