{"host":"97k3n5kp0psabqmo","time":1613793447,"event":{"mods":["BaseMod","Colored Powertips","Minty Spire (QoL Compilation)"],"gold_per_floor":[110,28,203,203,8,35,35,61,86,104,114,114,138,167,167,268,268,280,292,105,115,115,147,147,147,147],"floor_reached":25,"language":"ENG","playtime":839,"items_purged":["Strike_R","Bash"],"score":359,"play_id":"33623c4a-bfce-4912-894f-3dc0bd290522","local_time":"20210219225727","is_ascension_mode":true,"campfire_choices":[{"data":"Fire Breathing","floor":12,"key":"SMITH"},{"data":"Inflame","floor":15,"key":"SMITH"},{"floor":24,"key":"REST"}],"circlet_count":0,"master_deck":["Strike_R","Strike_R","Strike_R","Defend_R","Defend_R","Defend_R","Defend_R","Inflame+1","Inflame","Wild Strike+1","Inflame","Fire Breathing+1","Warcry","Shrug It Off","Offering","Wild Strike+1","Power Through","Master of Strategy","Finesse","Barricade"],"relics":["Burning Blood","NeowsBlessing","Membership Card","Molten Egg 2","Gremlin Horn","Oddly Smooth Stone","Odd Mushroom","Omamori","Mark of Pain","Bag of Preparation","Vajra"],"acts_visited":["Exordium","TheCity"],"potions_floor_usage":[13,18,23,25],"damage_taken":[{"damage":0,"enemies":"2 Louse","floor":1,"turns":1},{"damage":0,"enemies":"Lagavulin","floor":6,"turns":1},{"damage":0,"enemies":"Gremlin Nob","floor":8,"turns":1},{"damage":2,"enemies":"Small Slimes","floor":10,"turns":4},{"damage":0,"enemies":"Cultist","floor":11,"turns":3},{"damage":15,"enemies":"The Mushroom Lair","floor":13,"turns":3},{"damage":20,"enemies":"Lagavulin","floor":14,"turns":5},{"damage":44,"enemies":"Slime Boss","floor":16,"turns":7},{"damage":6,"enemies":"3 Byrds","floor":18,"turns":2},{"damage":12,"enemies":"Chosen","floor":19,"turns":4},{"damage":58,"enemies":"Sentry and Sphere","floor":21,"turns":6},{"damage":27,"enemies":"Gremlin Leader","floor":23,"turns":5},{"damage":40,"enemies":"Slavers","floor":25,"turns":2}],"seed_played":"-1374748117146837898","potions_obtained":[{"floor":1,"key":"FairyPotion"},{"floor":6,"key":"Energy Potion"},{"floor":11,"key":"GamblersBrew"},{"floor":16,"key":"SneckoOil"},{"floor":21,"key":"SteroidPotion"},{"floor":23,"key":"FearPotion"}],"is_trial":false,"path_per_floor":["M","$","?","?","$","E","?","E","T","M","M","R","?","E","R","B",null,"M","M","$","M","?","E","R","E"],"character_chosen":"IRONCLAD","items_purchased":["Inflame","Membership Card","Master of Strategy","Finesse"],"campfire_rested":1,"item_purchase_floors":[2,5,20,20],"current_hp_per_floor":[80,80,80,80,80,80,80,80,80,80,80,80,71,57,57,19,65,65,59,59,7,7,16,40,0,0],"gold":147,"neow_bonus":"THREE_ENEMY_KILL","is_daily":false,"chose_seed":false,"campfire_upgraded":2,"win_rate":0.0,"timestamp":1613793447,"path_taken":["M","$","?","?","$","E","?","E","T","M","?","R","?","E","R","BOSS","M","M","$","M","?","E","R","E"],"items_purchased_type":["Card","Relic","Card","Card"],"build_version":"2020-12-22","purchased_purges":2,"victory":false,"max_hp_per_floor":[80,80,80,80,80,80,80,80,80,80,80,80,80,80,80,80,80,80,80,80,80,80,80,80,80,80],"card_choices":[{"not_picked":["Pummel","Armaments"],"picked":"Inflame","floor":1},{"not_picked":["Disarm","Flame Barrier"],"picked":"Wild Strike+1","floor":6},{"not_picked":["Iron Wave+1","Havoc"],"picked":"Inflame","floor":8},{"not_picked":["Disarm","Dropkick+1","Iron Wave+1"],"picked":"SKIP","floor":10},{"not_picked":["Evolve","Havoc"],"picked":"Fire Breathing","floor":11},{"not_picked":["Rupture","Second Wind"],"picked":"Warcry","floor":13},{"not_picked":["Inflame","Shockwave"],"picked":"Shrug It Off","floor":14},{"not_picked":["Brutality","Limit Break"],"picked":"Offering","floor":16},{"not_picked":["Flame Barrier+1","Thunderclap+1"],"picked":"Wild Strike+1","floor":18},{"not_picked":["Havoc","Armaments"],"picked":"Power Through","floor":19},{"not_picked":["Shockwave","Ghostly Armor","Uppercut+1"],"picked":"SKIP","floor":21},{"not_picked":["Clash+1","Heavy Blade+1"],"picked":"Barricade","floor":23}],"player_experience":100270,"relics_obtained":[{"floor":6,"key":"Molten Egg 2"},{"floor":8,"key":"Gremlin Horn"},{"floor":9,"key":"Oddly Smooth Stone"},{"floor":13,"key":"Odd Mushroom"},{"floor":14,"key":"Omamori"},{"floor":23,"key":"Vajra"}],"event_choices":[{"damage_healed":0,"gold_gain":175,"player_choice":"AGREE","damage_taken":0,"max_hp_gain":0,"max_hp_loss":0,"event_name":"Liars Game","floor":3,"gold_loss":0,"cards_obtained":["Doubt"]},{"cards_removed":["Doubt"],"damage_healed":0,"gold_gain":0,"player_choice":"Forget","damage_taken":0,"max_hp_gain":0,"max_hp_loss":0,"event_name":"Living Wall","floor":4,"gold_loss":0},{"cards_removed":["Strike_R"],"damage_healed":0,"gold_gain":0,"player_choice":"Purged","damage_taken":0,"max_hp_gain":0,"max_hp_loss":0,"event_name":"Purifier","floor":7,"gold_loss":0},{"damage_healed":0,"gold_gain":0,"player_choice":"Fought Mushrooms","damage_taken":0,"max_hp_gain":0,"max_hp_loss":0,"event_name":"Mushrooms","floor":13,"gold_loss":0},{"damage_healed":0,"gold_gain":0,"player_choice":"Gave Potion","damage_taken":0,"relics_obtained":["Bag of Preparation"],"max_hp_gain":0,"max_hp_loss":0,"event_name":"WeMeetAgain","floor":22,"gold_loss":0}],"is_beta":false,"boss_relics":[{"not_picked":["Pandora\u0027s Box","Coffee Dripper"],"picked":"Mark of Pain"}],"items_purged_floors":[5,20],"is_endless":false,"potions_floor_spawned":[1,6,11,16,21,23],"killed_by":"Slavers","ascension_level":5}}