{"host":"1vqon1dbpr5c1qll","time":1613794492,"event":{"mods":["2.2 Compatiblity","AchievementEnabler","BaseMod","BetterRewards","Colored Map","Hermit","Highlight Path","Lobotomy","Minty Spire (QoL Compilation)","Permanent Neow","Quick Restart","Random Character Button","Replay The Spire","StSLib","SuperFastMode","The Cursed","The Servant 0.9.4","everything is the same but u backflip on backflip"],"gold_per_floor":[118,168,181,181,200,231,231,289,315,350,350,365,398,413,413,413,413],"floor_reached":16,"language":"KOR","playtime":834,"items_purged":[],"score":261,"play_id":"ce388258-e3b7-4b60-98a3-4dc2b14dfd3d","local_time":"20210220131452","is_ascension_mode":true,"campfire_choices":[{"floor":7,"key":"REST"},{"floor":15,"key":"DIG"}],"circlet_count":0,"master_deck":["AscendersBane","Strike_B","Strike_B","Strike_B","Strike_B","Defend_B+1","Defend_B","Defend_B+1","Defend_B+1","Zap","Dualcast","ExecuteAim","hermit:Covet","Biased Cognition","Glacier","Rebound","Streamline","Go for the Eyes","Overencumbered","Pot Of Greed","Pot Of Greed","Ball Lightning","Turbo","Beam Cell","ReplaySolidLightProjector","Steam","Pot Of Greed"],"relics":["Cracked Core","Ring of Greed","Tiny Chest","Membership Card","ReplayTheSpireMod:Ring of Addiction","White Beast Statue","Chameleon Ring","Gremlin Food","Juzu Bracelet","Grinning Jar","Centennial Puzzle","Omamori","Smiling Mask","Simple Rune"],"acts_visited":["Exordium"],"potions_floor_usage":[3,5,6,6,8,10,13,14,16],"damage_taken":[{"damage":0,"enemies":"Small Slimes","floor":1,"turns":3},{"damage":0,"enemies":"Jaw Worm","floor":3,"turns":1},{"damage":0,"enemies":"2 Louse","floor":5,"turns":2},{"damage":7,"enemies":"Lagavulin","floor":6,"turns":5},{"damage":19,"enemies":"3 Sentries","floor":8,"turns":5},{"damage":3,"enemies":"3 Sentries","floor":10,"turns":6},{"damage":2,"enemies":"Large Slime","floor":12,"turns":4},{"damage":10,"enemies":"Lagavulin","floor":13,"turns":4},{"damage":0,"enemies":"Red Slaver","floor":14,"turns":1},{"damage":18,"enemies":"Slime Boss","floor":16,"turns":6}],"seed_played":"8618937388379496058","potions_obtained":[{"floor":1,"key":"Toxic Potion"},{"floor":2,"key":"SpeedPotion"},{"floor":2,"key":"AttackPotion"},{"floor":3,"key":"LifebloodPotion"},{"floor":5,"key":"Energy Potion"},{"floor":6,"key":"Weak Potion"},{"floor":8,"key":"SneckoOil"},{"floor":10,"key":"Elixir"},{"floor":12,"key":"Regen Potion"},{"floor":13,"key":"DistilledChaos"},{"floor":14,"key":"SkillPotion"}],"is_trial":false,"path_per_floor":["M","?","M","?","M","E","R","?","T","E","?","M","E","M","R_BF","B"],"character_chosen":"DEFECT","items_purchased":[],"campfire_rested":1,"item_purchase_floors":[],"current_hp_per_floor":[64,64,64,38,38,31,52,33,33,30,30,28,36,36,36,18,18],"gold":413,"neow_bonus":"THREE_RARE_CARDS","is_daily":false,"chose_seed":false,"campfire_upgraded":0,"win_rate":0.0,"timestamp":1613794492,"path_taken":["M","?","M","?","M","E","R","?","T","E","?","M","E","M","R_BF","BOSS"],"items_purchased_type":[],"build_version":"2020-12-22","purchased_purges":0,"victory":false,"max_hp_per_floor":[71,71,71,71,71,71,71,71,71,71,71,71,71,71,71,71,71],"card_choices":[{"not_picked":["Seek","ReplayRNGCard"],"picked":"Biased Cognition","floor":0},{"not_picked":["Barrage","Redo"],"picked":"Glacier","floor":1},{"not_picked":["FIFO Queue","Static Discharge"],"picked":"Rebound","floor":3},{"not_picked":["Heatsinks","ReplayTheSpireMod:GoodbyeWorld"],"picked":"Streamline","floor":5},{"not_picked":["Rebound","Glacier"],"picked":"Go for the Eyes","floor":6},{"not_picked":["Scrape","Doom and Gloom"],"picked":"Ball Lightning","floor":8},{"not_picked":["Skim","Beam Cell"],"picked":"Turbo","floor":10},{"not_picked":["Scrape","Lockon"],"picked":"Beam Cell","floor":12},{"not_picked":["Seek","Tempest"],"picked":"ReplaySolidLightProjector","floor":13},{"not_picked":["Compile Driver","Turbo"],"picked":"Steam","floor":14}],"player_experience":1007773,"relics_obtained":[{"floor":2,"key":"Ring of Greed"},{"floor":2,"key":"Tiny Chest"},{"floor":2,"key":"Membership Card"},{"floor":2,"key":"ReplayTheSpireMod:Ring of Addiction"},{"floor":2,"key":"White Beast Statue"},{"floor":2,"key":"Chameleon Ring"},{"floor":6,"key":"Juzu Bracelet"},{"floor":8,"key":"Grinning Jar"},{"floor":9,"key":"Centennial Puzzle"},{"floor":10,"key":"Omamori"},{"floor":13,"key":"Smiling Mask"},{"floor":15,"key":"Simple Rune"}],"event_choices":[{"damage_healed":0,"gold_gain":0,"player_choice":"Success","damage_taken":26,"relics_obtained":["Gremlin Food"],"max_hp_gain":0,"max_hp_loss":0,"event_name":"Scrap Ooze","floor":4,"gold_loss":0},{"damage_healed":0,"gold_gain":0,"player_choice":"Searched \u00271\u0027 times","damage_taken":0,"max_hp_gain":0,"max_hp_loss":0,"event_name":"Dead Adventurer","floor":8,"gold_loss":0},{"damage_healed":0,"gold_gain":0,"player_choice":"Ignored","damage_taken":0,"max_hp_gain":0,"max_hp_loss":0,"event_name":"Liars Game","floor":11,"gold_loss":0}],"is_beta":false,"boss_relics":[],"items_purged_floors":[],"is_endless":false,"potions_floor_spawned":[1,3,5,6,8,10,12,13,14],"killed_by":"Slime Boss","ascension_level":16}}