{"host":"f5gffvlv6a66yqkd","time":1613787885,"event":{"mods":["2.2 Compatiblity","BaseMod","Colored Map","Custom Start","DeckTracker","Keyboard Shortcuts","Minty Spire (QoL Compilation)","Permanent Neow","Quick Restart","Relic Stats","StSLib","SuperFastMode"],"gold_per_floor":[114,114,127,143,143,143,168,179,256,256,282,299,17,17,17,95,95,106,119,34,34,45,45,63,73,73,73,88,88,105,129,129,129,129],"floor_reached":33,"language":"KOR","playtime":717,"items_purged":[],"score":598,"play_id":"5296957d-6da1-43e6-aee6-132cf44a5279","local_time":"20210220112445","is_ascension_mode":true,"campfire_choices":[{"data":"Eruption","floor":6.0,"key":"SMITH"},{"floor":10.0,"key":"REST"},{"data":"EmptyFist","floor":15.0,"key":"SMITH"},{"floor":23,"key":"REST"},{"data":"MentalFortress","floor":27,"key":"SMITH"},{"floor":29,"key":"REST"},{"data":"Adaptation","floor":32,"key":"SMITH"}],"circlet_count":0,"master_deck":["AscendersBane","Strike_P","Strike_P+1","Strike_P","Strike_P","Defend_P","Defend_P","Defend_P","Defend_P+1","Eruption+1","Vigilance","MentalFortress+1","BowlingBash","EmptyFist+1","FlurryOfBlows","Judgement","WheelKick","Adaptation+1"],"relics":["PureWater","Ancient Tea Set","Turnip","Odd Mushroom","Shuriken","Tiny Chest","VioletLotus","PreservedInsect","TungstenRod","Toy Ornithopter"],"acts_visited":["Exordium","TheCity"],"potions_floor_usage":[22,22,28,30],"damage_taken":[{"damage":0.0,"enemies":"2 Louse","floor":1.0,"turns":3.0},{"damage":4.0,"enemies":"Jaw Worm","floor":3.0,"turns":5.0},{"damage":2.0,"enemies":"Small Slimes","floor":4.0,"turns":6.0},{"damage":30.0,"enemies":"3 Sentries","floor":7.0,"turns":14.0},{"damage":2.0,"enemies":"Exordium Wildlife","floor":8.0,"turns":6.0},{"damage":9.0,"enemies":"The Mushroom Lair","floor":11.0,"turns":3.0},{"damage":3.0,"enemies":"Lots of Slimes","floor":12.0,"turns":4.0},{"damage":0.0,"enemies":"Slime Boss","floor":16.0,"turns":5.0},{"damage":12.0,"enemies":"Shell Parasite","floor":18.0,"turns":3.0},{"damage":18.0,"enemies":"2 Thieves","floor":19.0,"turns":3.0},{"damage":10,"enemies":"Chosen and Byrds","floor":22,"turns":4},{"damage":0,"enemies":"3 Cultists","floor":24,"turns":3},{"damage":11,"enemies":"Snake Plant","floor":25,"turns":3},{"damage":21,"enemies":"Centurion and Healer","floor":28,"turns":4},{"damage":14,"enemies":"Cultist and Chosen","floor":30,"turns":7},{"damage":41,"enemies":"Automaton","floor":33,"turns":6}],"seed_played":"-4926104212360052461","potions_obtained":[{"floor":3.0,"key":"BottledMiracle"},{"floor":4.0,"key":"DistilledChaos"},{"floor":8.0,"key":"BlessingOfTheForge"},{"floor":12.0,"key":"SteroidPotion"},{"floor":18.0,"key":"SteroidPotion"},{"floor":25,"key":"Regen Potion"},{"floor":28,"key":"Block Potion"}],"is_trial":false,"path_per_floor":["M","?","M","M","?","R","E","M","T","R","?","M","$","T","R","B",null,"M","M","?","?","M","R","M","M","T","R","M","R","M","T","R","B"],"character_chosen":"WATCHER","items_purchased":["Shuriken"],"campfire_rested":3,"item_purchase_floors":[13],"current_hp_per_floor":[61,66,62,60,38,38,8,6,6,27,18,15,15,15,15,15,59,47,29,29,29,19,40,40,29,29,29,20,41,27,27,27,0,0],"gold":129,"neow_bonus":"RANDOM_COMMON_RELIC","is_daily":false,"chose_seed":false,"campfire_upgraded":4,"win_rate":0.0,"timestamp":1613787885,"path_taken":["M","?","M","M","?","R","E","M","T","R","?","?","?","?","R","BOSS","M","M","?","?","M","R","M","?","T","R","M","R","M","?","R","BOSS"],"items_purchased_type":["Relic"],"build_version":"2020-12-22","purchased_purges":0,"victory":false,"max_hp_per_floor":[68,73,73,73,73,73,73,73,73,73,73,73,73,73,73,73,73,73,73,73,73,73,73,73,73,73,73,73,73,73,73,73,73,73],"relic_stats":{"counters":[16,79],"Shuriken":[23],"Tiny Chest":1,"Turnip":[6],"VioletLotus":[9],"PreservedInsect":0,"obtain_stats":[{"Shuriken":13,"Tiny Chest":14,"Turnip":7,"VioletLotus":17,"PreservedInsect":20,"PureWater":0,"Odd Mushroom":11,"Ancient Tea Set":0,"TungstenRod":26,"Toy Ornithopter":31},{"Shuriken":7,"Tiny Chest":7,"Turnip":4,"VioletLotus":8,"PreservedInsect":10,"PureWater":0,"Odd Mushroom":6,"Ancient Tea Set":0,"TungstenRod":13,"Toy Ornithopter":15},{"Shuriken":41,"Tiny Chest":41,"Turnip":28,"VioletLotus":46,"PreservedInsect":52,"PureWater":0,"Odd Mushroom":37,"Ancient Tea Set":0,"TungstenRod":62,"Toy Ornithopter":73}],"TungstenRod":8,"Toy Ornithopter":0},"card_choices":[{"not_picked":["Prostrate","Indignation"],"picked":"MentalFortress","floor":1.0},{"not_picked":["Collect","Crescendo","ClearTheMind"],"picked":"SKIP","floor":3.0},{"not_picked":["SashWhip","Perseverance","Protect"],"picked":"SKIP","floor":4.0},{"not_picked":["WreathOfFlame","Indignation"],"picked":"BowlingBash","floor":7.0},{"not_picked":["JustLucky","CutThroughFate"],"picked":"EmptyFist","floor":8.0},{"not_picked":["WaveOfTheHand","ThirdEye"],"picked":"FlurryOfBlows","floor":12.0},{"not_picked":["DevaForm","Establishment"],"picked":"Judgement","floor":16.0},{"not_picked":["ClearTheMind","Fasting2","CutThroughFate"],"picked":"SKIP","floor":18.0},{"not_picked":["CutThroughFate","SashWhip","Halt"],"picked":"SKIP","floor":19.0},{"not_picked":["SandsOfTime","ThirdEye"],"picked":"WheelKick","floor":22},{"not_picked":["EmptyFist+1","Vengeance","Protect"],"picked":"SKIP","floor":24},{"not_picked":["EmptyMind","SashWhip","WaveOfTheHand"],"picked":"SKIP","floor":25},{"not_picked":["WreathOfFlame","Perseverance","EmptyFist"],"picked":"SKIP","floor":28},{"not_picked":["BowlingBash","EmptyBody"],"picked":"Adaptation","floor":30}],"player_experience":1519999,"relics_obtained":[{"floor":7.0,"key":"Turnip"},{"floor":11.0,"key":"Odd Mushroom"},{"floor":14.0,"key":"Tiny Chest"},{"floor":26,"key":"TungstenRod"},{"floor":31,"key":"Toy Ornithopter"}],"event_choices":[{"damage_healed":0.0,"max_hp_gain":5.0,"max_hp_loss":0.0,"gold_gain":0.0,"event_name":"Big Fish","player_choice":"Donut","floor":2.0,"gold_loss":0.0,"damage_taken":0.0},{"damage_healed":0.0,"max_hp_gain":0.0,"max_hp_loss":0.0,"gold_gain":0.0,"event_name":"Shining Light","player_choice":"Entered Light","floor":5.0,"gold_loss":0.0,"damage_taken":22.0,"cards_upgraded":["Defend_P","Strike_P"]},{"damage_healed":0.0,"max_hp_gain":0.0,"max_hp_loss":0.0,"gold_gain":0.0,"event_name":"Mushrooms","player_choice":"Fought Mushrooms","floor":11.0,"gold_loss":0.0,"damage_taken":0.0},{"damage_healed":0.0,"max_hp_gain":0.0,"max_hp_loss":0.0,"gold_gain":0.0,"event_name":"Addict","player_choice":"Obtained Relic","floor":20.0,"gold_loss":85.0,"damage_taken":0.0,"relics_obtained":["PreservedInsect"]},{"damage_healed":0.0,"max_hp_gain":0.0,"max_hp_loss":0.0,"gold_gain":0.0,"event_name":"Match and Keep!","player_choice":"0 cards matched","floor":21.0,"gold_loss":0.0,"damage_taken":0.0,"cards_obtained":[]}],"is_beta":false,"boss_relics":[{"not_picked":["Ectoplasm","Velvet Choker"],"picked":"VioletLotus"}],"items_purged_floors":[],"is_endless":false,"potions_floor_spawned":[3,4,8,12,18,25,28],"killed_by":"Automaton","ascension_level":20}}