{"host":"id23shmscryl4psl","time":1613781554,"event":{"mods":["BaseMod","Better Altar","Better Match","Better Note","Better Sensory Stone","Better Skull","Better Third Choice","Colored Map","Colored Powertips","Dark Map","Downfall","HololiveMod","Minty Spire (QoL Compilation)","Rare Cards Sparkle","Relic Stats","Robot Space Explorer","StSLib"],"gold_per_floor":[99,111,131,131,146,164,217,232,232,250,78,92,120,120,136,238,238,138,157,171,171,186,212,285,285,185,25,38,71,71,71,85,187,187,187,201,201,201,201,201],"floor_reached":38,"language":"ENG","playtime":2630,"items_purged":[],"score":468,"play_id":"31905afb-5e47-4115-8d9a-c5c0203f5d36","local_time":"20210219173914","is_ascension_mode":false,"campfire_choices":[{"data":"champ:Execute","floor":1,"key":"SMITH"},{"data":"champ:ShieldSlam","floor":9,"key":"SMITH"},{"floor":18,"key":"RECALL"},{"data":"champ:FancyFootwork","floor":26,"key":"SMITH"},{"data":"champ:HoldFirm","floor":30,"key":"SMITH"},{"data":"champ:UltimateStance","floor":35,"key":"SMITH"}],"circlet_count":0,"master_deck":["champ:Strike","champ:Strike","champ:Strike","champ:Strike","champ:Defend+1","champ:Defend","champ:Defend","champ:Defend","champ:Execute+1","champ:Taunt","champ:ArenaPreparation","champ:ShieldWall","champ:Haymaker","champ:ShieldSlam+1","champ:IronFortress","champ:DefensiveShout","champ:FancyFootwork+1","champ:PerfectedStrike","Regret","champ:FanOfKnives","champ:HoldFirm+1","champ:ArenaPreparation+1","champ:FlashCut","champ:GutPunch","champ:Taunt","champ:FlashCut","champ:RisingSlash","champ:TornadoPunch","champ:Circumvent","champ:HoldFirm+1","champ:FancyFootwork+1","champ:IronFortress","champ:UltimateStance+1","champ:RecklessLeap+1"],"relics":["champ:ChampionCrown","Lantern","Blood Vial","champ:FightingForDummies","Bag of Marbles","SlaversCollar","downfall:HeartBlessingGreen","Oddly Smooth Stone","Meat on the Bone","downfall:HeartBlessingRed","champ:BerserkersGuideToSlaughter","Toy Ornithopter","Cursed Key","War Paint","Happy Flower","Smiling Mask","Regal Pillow"],"acts_visited":["Exordium","TheCity","TheBeyond"],"potions_floor_usage":[11,11,16,16,19,23,29,29,33,33],"damage_taken":[{"damage":20,"enemies":"Cultist","floor":2,"turns":3},{"damage":1,"enemies":"Jaw Worm","floor":3,"turns":4},{"damage":0,"enemies":"Small Slimes","floor":5,"turns":2},{"damage":21,"enemies":"3 Louse","floor":6,"turns":4},{"damage":0,"enemies":"downfall:LooterAlt","floor":8,"turns":3},{"damage":5,"enemies":"Exordium Wildlife","floor":10,"turns":4},{"damage":40,"enemies":"downfall:FleeingMerchant","floor":11,"turns":4},{"damage":41,"enemies":"Gremlin Gang","floor":12,"turns":6},{"damage":35,"enemies":"3 Sentries","floor":13,"turns":7},{"damage":15,"enemies":"Blue Slaver","floor":15,"turns":3},{"damage":41,"enemies":"WA_ARCHETYPE_RETAIN","floor":16,"turns":6},{"damage":44,"enemies":"3 Byrds","floor":19,"turns":7},{"damage":7,"enemies":"Spheric Guardian","floor":20,"turns":4},{"damage":45,"enemies":"3 Cultists","floor":22,"turns":5},{"damage":26,"enemies":"Slavers","floor":23,"turns":5},{"damage":11,"enemies":"downfall:FleeingMerchant","floor":27,"turns":4},{"damage":11,"enemies":"Snecko","floor":28,"turns":4},{"damage":16,"enemies":"Gremlin Leader","floor":29,"turns":6},{"damage":4,"enemies":"Snake Plant","floor":32,"turns":2},{"damage":69,"enemies":"IC_MUSHROOM_ARCHETYPE","floor":33,"turns":7},{"damage":2,"enemies":"3 Shapes","floor":36,"turns":4},{"damage":5,"enemies":"3 Darklings","floor":38,"turns":4}],"seed_played":"-5035367271719979621","potions_obtained":[{"floor":2,"key":"Ancient Potion"},{"floor":5,"key":"Strength Potion"},{"floor":10,"key":"champ:TechniquePotion"},{"floor":12,"key":"Energy Potion"},{"floor":16,"key":"BlessingOfTheForge"},{"floor":20,"key":"Guardian:BlockOnCardUsePotion"},{"floor":23,"key":"champ:CounterPotion"},{"floor":25,"key":"downfall:CursedFountainPotion"},{"floor":28,"key":"EssenceOfSteel"},{"floor":32,"key":"Strength Potion"}],"is_trial":false,"path_per_floor":["R","M","M","?","M","M","T","M","R","M","$","M","E","?","M","B",null,"R","M","M","?","M","E","T","?","R","$","M","E","R","?","M","B",null,"R","M","?","M"],"character_chosen":"THE_CHAMP","items_purchased":["Blood Vial","champ:BerserkersGuideToSlaughter"],"campfire_rested":0,"item_purchase_floors":[11,27],"current_hp_per_floor":[99,99,98,99,99,78,78,78,78,78,78,69,56,56,58,44,99,99,70,65,65,52,53,53,53,53,54,65,76,76,76,74,59,99,99,99,2,0,0,0],"gold":201,"neow_bonus":"TEN_PERCENT_HP_BONUS","is_daily":false,"chose_seed":false,"campfire_upgraded":5,"win_rate":0.0,"timestamp":1613781554,"path_taken":["R","M","M","?","M","?","T","?","R","M","?","M","E","?","M","BOSS","R","M","M","?","M","E","T","?","R","$","M","E","R","?","M","BOSS","R","M","?","M"],"items_purchased_type":["Relic","Relic"],"build_version":"2020-12-22","purchased_purges":0,"victory":false,"max_hp_per_floor":[99,99,99,99,99,99,99,99,99,99,99,99,99,99,99,99,99,99,99,99,99,99,99,99,99,99,99,99,99,99,99,99,99,99,99,99,99,99,99,99],"relic_stats":{"Blood Vial":26,"Regal Pillow":0,"Happy Flower":[1],"counters":[22,98],"War Paint":["champ:HoldFirm","champ:Defend"],"Cursed Key":0,"Smiling Mask":0,"obtain_stats":[{"Lantern":7,"Regal Pillow":37,"downfall:HeartBlessingRed":26,"Happy Flower":37,"Oddly Smooth Stone":23,"champ:ChampionCrown":0,"downfall:HeartBlessingGreen":18,"War Paint":37,"Cursed Key":34,"Smiling Mask":37,"Blood Vial":11,"SlaversCollar":17,"Bag of Marbles":14,"champ:BerserkersGuideToSlaughter":27,"champ:FightingForDummies":13,"Toy Ornithopter":29,"Meat on the Bone":24},{"Lantern":4,"Regal Pillow":21,"downfall:HeartBlessingRed":15,"Happy Flower":21,"Oddly Smooth Stone":15,"champ:ChampionCrown":0,"downfall:HeartBlessingGreen":11,"War Paint":21,"Cursed Key":20,"Smiling Mask":21,"Blood Vial":7,"SlaversCollar":11,"Bag of Marbles":9,"champ:BerserkersGuideToSlaughter":16,"champ:FightingForDummies":9,"Toy Ornithopter":18,"Meat on the Bone":15},{"Lantern":13,"Regal Pillow":94,"downfall:HeartBlessingRed":67,"Happy Flower":94,"Oddly Smooth Stone":67,"champ:ChampionCrown":0,"downfall:HeartBlessingGreen":46,"War Paint":94,"Cursed Key":90,"Smiling Mask":94,"Blood Vial":24,"SlaversCollar":46,"Bag of Marbles":37,"champ:BerserkersGuideToSlaughter":71,"champ:FightingForDummies":37,"Toy Ornithopter":81,"Meat on the Bone":67}],"Toy Ornithopter":10,"Meat on the Bone":12},"card_choices":[{"not_picked":["champ:FanOfKnives","champ:PreciseThrust"],"picked":"champ:ArenaPreparation","floor":2},{"not_picked":["champ:Haymaker","champ:FocusedDefense"],"picked":"champ:FocusedBerserking","floor":3},{"not_picked":["champ:RapidStrikes","champ:Shatter"],"picked":"champ:ShieldWall","floor":5},{"not_picked":["champ:EnGarde","champ:CrookedStrike"],"picked":"champ:Haymaker","floor":6},{"not_picked":["champ:Encircle","champ:EndlessRage"],"picked":"champ:ShieldSlam","floor":8},{"not_picked":["champ:Backstep","champ:ShieldSlam"],"picked":"champ:IronFortress","floor":10},{"not_picked":["champ:PreemptiveStrike","champ:LastStand"],"picked":"champ:DefensiveShout","floor":11},{"not_picked":["champ:GutPunch","champ:Backstep"],"picked":"champ:FancyFootwork","floor":12},{"not_picked":["champ:Duel","champ:SetATrap"],"picked":"champ:PerfectedStrike","floor":13},{"not_picked":["champ:ShieldSlam","champ:DefensiveShout"],"picked":"champ:FanOfKnives","floor":15},{"not_picked":["champ:LastStand","champ:IgnorePain"],"picked":"champ:HoldFirm","floor":16},{"not_picked":["champ:AdrenalArmor","champ:Circumvent"],"picked":"champ:ArenaPreparation+1","floor":19},{"not_picked":["champ:ShieldSlam+1","champ:Circumvent"],"picked":"champ:FlashCut","floor":20},{"not_picked":["champ:FocusedDefense","champ:PerfectedStrike"],"picked":"champ:FlashCut","floor":22},{"not_picked":["champ:Shatter","champ:CrownThrow"],"picked":"champ:RisingSlash","floor":23},{"not_picked":["champ:BringItOn","champ:GutPunch"],"picked":"champ:TornadoPunch","floor":27},{"not_picked":["champ:FocusedBerserking+1","champ:CrookedStrike"],"picked":"champ:Circumvent","floor":28},{"not_picked":["champ:FocusedDefense","champ:ShieldWall"],"picked":"champ:HoldFirm","floor":29},{"not_picked":["champ:FocusedDefense","champ:BladeFlurry"],"picked":"champ:IronFortress","floor":32},{"not_picked":["champ:SteelEdge","champ:VampiricStrike"],"picked":"champ:UltimateStance","floor":33},{"not_picked":["champ:BerserkersShout","champ:GutPunch+1"],"picked":"champ:RecklessLeap+1","floor":36}],"player_experience":116979,"relics_obtained":[{"floor":7,"key":"Lantern"},{"floor":13,"key":"champ:FightingForDummies"},{"floor":23,"key":"Oddly Smooth Stone"},{"floor":24,"key":"Meat on the Bone"},{"floor":29,"key":"Toy Ornithopter"}],"event_choices":[{"cards_removed":["champ:FocusedBerserking"],"damage_healed":1,"gold_gain":0,"player_choice":"Offered Uncommon","damage_taken":0,"max_hp_gain":0,"max_hp_loss":0,"event_name":"Bonfire Elementals","floor":4,"gold_loss":0},{"damage_healed":0,"gold_gain":0,"player_choice":"Box","damage_taken":0,"relics_obtained":["Bag of Marbles"],"max_hp_gain":0,"max_hp_loss":0,"event_name":"Big Fish","floor":14,"gold_loss":0,"cards_obtained":["Regret"]},{"damage_healed":0,"gold_gain":0,"player_choice":"RE RE RE RE ","damage_taken":105,"relics_obtained":["War Paint","Happy Flower","Smiling Mask","Regal Pillow"],"max_hp_gain":0,"max_hp_loss":0,"event_name":"betterSkull:BetterSkull","floor":37,"gold_loss":0,"cards_upgraded":[]}],"is_beta":false,"boss_relics":[{"not_picked":["Black Star","Runic Dome"],"picked":"SlaversCollar"},{"not_picked":["Sozu","Velvet Choker"],"picked":"Cursed Key"}],"items_purged_floors":[],"is_endless":false,"potions_floor_spawned":[2,5,10,12,16,20,23,28,32],"killed_by":"3 Darklings","ascension_level":0}}