{"host":"bpr07pynnqpe5ded","time":1613858370,"event":{"mods":["2.2 Compatiblity","Aspiration","BaseMod","Better Note","Better Third Choice","BetterRewards","Downfall","Jorbs\u0027s Wanderer Trilogy","Minty Spire (QoL Compilation)","Replay The Spire","Shop Mod","StSLib","The Marked","??????REMEMod"],"gold_per_floor":[119,133,133,153,170,170,201,219,265,275,290,290,317,337,337,437,437,457,471,93,111,122,150,150,175,226,246,246,246,246,266,266,365,365,385,113,125,125,141,168,168,203,203,216,229,239,254,270,270,270,270,270,108,142,142],"floor_reached":56,"language":"ENG","playtime":2748,"items_purged":["Strike_R","Bash","Strike_R","Strike_R","Strike_R","Strike_R","Defend_R"],"score":1694,"play_id":"a7bafa3b-2ffd-4009-8bf8-9e8e743a9d1c","local_time":"20210220215930","is_ascension_mode":false,"campfire_choices":[{"data":"Juggernaut","floor":6,"key":"SMITH"},{"data":"Specialist","floor":12,"key":"SMITH"},{"floor":15,"key":"RECALL"},{"data":"After Image","floor":24,"key":"SMITH"},{"data":"Evolve","floor":28,"key":"SMITH"},{"data":"Shrug It Off","floor":30,"key":"SMITH"},{"data":"Shrug It Off","floor":32,"key":"SMITH"},{"data":"Dual Wield","floor":41,"key":"SMITH"},{"data":"Metallicize","floor":49,"key":"SMITH"},{"data":"Defend_R","floor":52,"key":"SMITH"}],"circlet_count":0,"master_deck":["Defend_R+1","Defend_R+1","Defend_R+1","Juggernaut+1","Specialist+1","Shrug It Off+1","After Image+1","Shrug It Off+1","Evolve+1","Shrug It Off+1","Dual Wield+1","Metallicize+1"],"relics":["Black Blood","REME_ComplimentaryCards","Iron Hammer","Guardian:PocketSentry","Mummified Hand","MerchantsRug","Ancient Tea Set","Ornamental Fan","ReplayTheSpireMod:Shallot","Blood Vial","Divine Protection"],"acts_visited":["Exordium","TheCity","TheBeyond","TheEnding"],"potions_floor_usage":[5,25,33,33,33,40,40,50,55],"damage_taken":[{"damage":0,"enemies":"Cultist","floor":1,"turns":4},{"damage":6,"enemies":"2 Louse","floor":2,"turns":2},{"damage":3,"enemies":"Jaw Worm","floor":4,"turns":4},{"damage":2,"enemies":"Lots of Slimes","floor":5,"turns":2},{"damage":0,"enemies":"Gremlin Nob","floor":7,"turns":3},{"damage":0,"enemies":"3 Louse","floor":8,"turns":3},{"damage":0,"enemies":"Red Slaver","floor":10,"turns":2},{"damage":9,"enemies":"Exordium Thugs","floor":11,"turns":3},{"damage":0,"enemies":"Lagavulin","floor":13,"turns":4},{"damage":0,"enemies":"Looter","floor":14,"turns":2},{"damage":0,"enemies":"The Guardian","floor":16,"turns":6},{"damage":0,"enemies":"2 Thieves","floor":18,"turns":3},{"damage":0,"enemies":"Spheric Guardian","floor":19,"turns":1},{"damage":0,"enemies":"Shelled Parasite and Fungi","floor":21,"turns":4},{"damage":2,"enemies":"Sentry and Sphere","floor":22,"turns":3},{"damage":0,"enemies":"Book of Stabbing","floor":23,"turns":4},{"damage":0,"enemies":"Slavers","floor":25,"turns":4},{"damage":0,"enemies":"Snecko","floor":27,"turns":3},{"damage":0,"enemies":"Snake Plant","floor":31,"turns":1},{"damage":14,"enemies":"Collector","floor":33,"turns":9},{"damage":0,"enemies":"3 Shapes","floor":35,"turns":4},{"damage":5,"enemies":"Orb Walker","floor":37,"turns":3},{"damage":0,"enemies":"Sphere and 2 Shapes","floor":39,"turns":2},{"damage":0,"enemies":"Reptomancer","floor":40,"turns":5},{"damage":6,"enemies":"R_Hoarder","floor":42,"turns":4},{"damage":0,"enemies":"Spire Growth","floor":44,"turns":4},{"damage":5,"enemies":"Jaw Worm Horde","floor":45,"turns":2},{"damage":0,"enemies":"3 Darklings","floor":46,"turns":3},{"damage":0,"enemies":"Spire Growth","floor":47,"turns":3},{"damage":0,"enemies":"4 Shapes","floor":48,"turns":5},{"damage":15,"enemies":"Awakened One","floor":50,"turns":15},{"damage":15,"enemies":"Shield and Spear","floor":54,"turns":6},{"damage":63,"enemies":"The Heart","floor":55,"turns":8}],"seed_played":"5644412159161789829","potions_obtained":[{"floor":1,"key":"Explosive Potion"},{"floor":2,"key":"SteroidPotion"},{"floor":10,"key":"HeartOfIron"},{"floor":11,"key":"Elixir"},{"floor":22,"key":"Slimebound:ThreeZeroPotion"},{"floor":27,"key":"Weak Potion"},{"floor":33,"key":"AttackPotion"},{"floor":39,"key":"Toxic Potion"},{"floor":40,"key":"Adrenaline Potion"},{"floor":45,"key":"Strength Potion"},{"floor":48,"key":"sneckomod:MuddlingPotion"}],"is_trial":false,"path_per_floor":["M","M","?","M","M","R","E","M","T","M","M","R","E","M","R","B",null,"M","M","$","M","M","E","R","E","T","M","R","?","R","M","R","B",null,"M","$","M","$","M","E","R","E","T","M","M","M","M","M","R","B",null,"R","$","E","B",null],"character_chosen":"IRONCLAD","items_purchased":["Juggernaut","War Paint","Specialist","Adrenaline Potion","Evolve","MerchantsRug","Metallicize","Dexterity Potion"],"campfire_rested":0,"item_purchase_floors":[0,0,0,0,20,20,36,53],"current_hp_per_floor":[40,40,48,51,55,55,61,67,67,73,70,70,76,80,80,80,80,80,80,80,80,80,80,80,80,80,80,80,80,80,80,80,74,82,82,82,82,82,82,82,82,82,82,82,82,82,82,82,82,79,82,82,82,79,30],"gold":142,"neow_bonus":"","is_daily":false,"chose_seed":false,"campfire_upgraded":9,"win_rate":0.0,"timestamp":1613858370,"path_taken":["M","M","?","M","M","R","E","M","T","M","?","R","E","M","R","BOSS","M","?","$","M","M","E","R","E","T","M","R","?","R","M","R","BOSS","M","$","?","$","M","E","R","E","T","M","M","?","M","M","R","BOSS","R","$","E","BOSS"],"items_purchased_type":["Card","Relic","Card","Potion","Card","Relic","Card","Potion"],"build_version":"2020-12-22","purchased_purges":7,"victory":true,"max_hp_per_floor":[80,80,80,80,80,80,80,80,80,80,80,80,80,80,80,80,80,80,80,80,80,80,80,80,80,80,80,80,80,80,80,80,82,82,82,82,82,82,82,82,82,82,82,82,82,82,82,82,82,82,82,82,82,82,82],"card_choices":[{"not_picked":["Headbutt","REME_FearOfPain","Abandon"],"picked":"SKIP","floor":1},{"not_picked":["Sentinel","Power Through","Sword Boomerang"],"picked":"SKIP","floor":2},{"not_picked":["Perfected Strike","Thunderclap","Headbutt"],"picked":"SKIP","floor":4},{"not_picked":["Replay:Undeath\u0027s Touch","True Grit"],"picked":"Shrug It Off","floor":5},{"not_picked":["Warcry","Dark Embrace","ReplayTheSpireMod:Corrosion Curse"],"picked":"SKIP","floor":7},{"not_picked":["Body Slam","Inflame"],"picked":"Shrug It Off","floor":8},{"not_picked":["Carnage","ReplayTheSpireMod:Corrosion Curse","Thunderclap"],"picked":"SKIP","floor":10},{"not_picked":["Reaper","Armaments","ReplayTheSpireMod:Muscle Training"],"picked":"SKIP","floor":11},{"not_picked":["Iron Wave","REME_Scribble","Juggernaut"],"picked":"SKIP","floor":13},{"not_picked":["Abandon","Warcry","Havoc"],"picked":"SKIP","floor":14},{"not_picked":["Anger+1","Thunderclap","True Grit"],"picked":"SKIP","floor":18},{"not_picked":["ReplayTheSpireMod:Muscle Training","Flex+1","Armaments"],"picked":"SKIP","floor":19},{"not_picked":["Thunderclap","Bloodletting+1","Twin Strike"],"picked":"SKIP","floor":21},{"not_picked":["Fiend Fire","Run Through","Shrug It Off"],"picked":"SKIP","floor":22},{"not_picked":["Iron Wave+1","Perfected Strike+1","Uppercut"],"picked":"SKIP","floor":23},{"not_picked":["Armaments","Clothesline"],"picked":"Shrug It Off+1","floor":25},{"not_picked":["Headbutt","Thunderclap","Entrench"],"picked":"SKIP","floor":27},{"not_picked":["Entrench","Rage","Infernal Blade"],"picked":"SKIP","floor":31},{"not_picked":["Intimidate+1","Sword Boomerang"],"picked":"Dual Wield","floor":35},{"not_picked":["Dropkick+1","Evolve+1","True Grit"],"picked":"SKIP","floor":37},{"not_picked":["Burning Pact+1","True Grit","Headbutt+1"],"picked":"SKIP","floor":39},{"not_picked":["Clothesline+1","Clash","Metallicize"],"picked":"SKIP","floor":40},{"not_picked":["Clash","Reaper","Inflame"],"picked":"SKIP","floor":42},{"not_picked":["Ghostly Armor","Fire Breathing","ReplayTheSpireMod:Muscle Training"],"picked":"SKIP","floor":44},{"not_picked":["True Grit+1","ReplayTheSpireMod:Corrosion Curse+1","Disarm"],"picked":"SKIP","floor":45},{"not_picked":["Hemokinesis","Pommel Strike+1","Wild Strike"],"picked":"SKIP","floor":46},{"not_picked":["Disarm+1","Fire Breathing+1","Havoc"],"picked":"SKIP","floor":47},{"not_picked":["Flex","Infernal Blade","True Grit"],"picked":"SKIP","floor":48},{"not_picked":["Second Wind","Flex","Twin Strike"],"picked":"SKIP","floor":54}],"player_experience":1195801,"relics_obtained":[{"floor":7,"key":"Iron Hammer"},{"floor":9,"key":"Guardian:PocketSentry"},{"floor":13,"key":"Mummified Hand"},{"floor":23,"key":"Ancient Tea Set"},{"floor":25,"key":"Ornamental Fan"},{"floor":40,"key":"ReplayTheSpireMod:TigerMarble"},{"floor":42,"key":"ReplayTheSpireMod:Shallot"},{"floor":43,"key":"aspiration:SeaSaltIceCream"},{"floor":54,"key":"Divine Protection"}],"event_choices":[{"cards_removed":["Juggernaut"],"damage_healed":0,"gold_gain":0,"player_choice":"Give","damage_taken":0,"max_hp_gain":0,"max_hp_loss":0,"event_name":"betterNote:BetterNote","floor":29,"gold_loss":0,"cards_obtained":["REME_BattleFury"]}],"is_beta":false,"boss_relics":[{"not_picked":["Replay:Ancient Bell","aspiration:DefectSkillbook","aspiration:RunicSpoon"]},{"not_picked":["Runic Cube","REME_LowDesire"],"picked":"Black Blood"}],"items_purged_floors":[0,0,0,0,20,36,53],"is_endless":false,"potions_floor_spawned":[1,2,10,11,13,16,22,27,33,39,40,45,48],"ascension_level":0}}