{"host":"h6r7r6c3xsnc1kic","time":1613788234,"event":{"mods":["BaseMod","Hermit","Koishi","Minty Spire (QoL Compilation)","Replay The Spire","StSLib","The Bug Knight","The Cursed","The Dragon Tamer","The Hierophant","The Jungle","The Poker Player","The Runesmith"],"gold_per_floor":[109,127,127,137,152,152,177,28,28,48,48,48,48,67,67,168,168,179,193,210,183,198,198,230,230,230,245,245,257,257,274,274,373,373,391,391,403,421,433,433,433,433,433,443,443,443],"floor_reached":45,"language":"KOR","playtime":2375,"items_purged":[],"score":441,"play_id":"96eedfcd-a491-4eab-a144-8dbe81167670","local_time":"20210220113034","is_ascension_mode":false,"campfire_choices":[{"data":"TheCursedMod:CursedStaff","floor":6.0,"key":"SMITH"},{"data":"TheCursedMod:RavingStaff","floor":11.0,"key":"SMITH"},{"data":"TheCursedMod:CircleOfWindfury","floor":13.0,"key":"SMITH"},{"data":"TheCursedMod:ManaBullet","floor":15.0,"key":"SMITH"},{"floor":23,"key":"REST"},{"data":"TheCursedMod:CircleOfAbyss","floor":25,"key":"SMITH"},{"data":"TheCursedMod:CursedStaff","floor":28,"key":"SMITH"},{"floor":30,"key":"REST"},{"data":"TheCursedMod:CursedShiv","floor":32,"key":"SMITH"},{"floor":40,"key":"REST"},{"floor":42,"key":"REST"}],"circlet_count":0,"master_deck":["TheCursedMod:Strike_TheCursed","TheCursedMod:Strike_TheCursed","TheCursedMod:Strike_TheCursed","TheCursedMod:Strike_TheCursed","TheCursedMod:Defend_TheCursed","TheCursedMod:Defend_TheCursed","TheCursedMod:Defend_TheCursed","TheCursedMod:Defend_TheCursed","TheCursedMod:CursedWand","TheCursedMod:CleanUpWorkshop","TheCursedMod:Dregs","TheCursedMod:CircleOfWindfury+1","TheCursedMod:Stretching","TheCursedMod:ManaBullet+1","TheCursedMod:CursedStaff+1","TheCursedMod:ReleasedKnowledge","TheCursedMod:RavingStaff+1","TheCursedMod:BloodBarrier","TheCursedMod:CircleOfAbyss+1","TheCursedMod:StingEye+1","TheCursedMod:CursedStaff+1","TheCursedMod:SurpriseAttack","TheCursedMod:CursedMace","TheCursedMod:VoidForm+1","TheCursedMod:LuckyCharm+1","TheCursedMod:WearCloak+1","TheCursedMod:CursedShiv+1","TheCursedMod:AntiAging","TheCursedMod:CursedShiv","TheCursedMod:SurpriseAttack","Parasite","TheCursedMod:BlessingInDisguise+1","Secret Weapon"],"relics":["Velvet Choker","Vajra","Frozen Egg 2","Oddly Smooth Stone","Gremlin Horn","ChewingGum","Art of War","Bronze Scales","TheCursedMod:OminousMark","Eternal Feather"],"acts_visited":["Exordium","TheCity","TheBeyond"],"potions_floor_usage":[19,24,24,33,38,39],"damage_taken":[{"damage":1.0,"enemies":"Cultist","floor":1.0,"turns":4.0},{"damage":6.0,"enemies":"Jaw Worm","floor":2.0,"turns":5.0},{"damage":2.0,"enemies":"Small Slimes","floor":4.0,"turns":5.0},{"damage":2.0,"enemies":"Blue Slaver","floor":5.0,"turns":3.0},{"damage":4.0,"enemies":"3 Sentries","floor":7.0,"turns":4.0},{"damage":0.0,"enemies":"Lots of Slimes","floor":10.0,"turns":3.0},{"damage":0.0,"enemies":"Large Slime","floor":14.0,"turns":3.0},{"damage":13.0,"enemies":"Fading Forest","floor":16.0,"turns":11.0},{"damage":9,"enemies":"Shell Parasite","floor":18,"turns":4},{"damage":18,"enemies":"Cultist and Chosen","floor":19,"turns":5},{"damage":6,"enemies":"Snake Plant","floor":20,"turns":4},{"damage":0,"enemies":"Centurion and Healer","floor":22,"turns":6},{"damage":4,"enemies":"Book of Stabbing","floor":24,"turns":4},{"damage":3,"enemies":"Shelled Parasite and Fungi","floor":27,"turns":3},{"damage":17,"enemies":"Snake Plant","floor":29,"turns":3},{"damage":0,"enemies":"Snecko","floor":31,"turns":2},{"damage":18,"enemies":"Automaton","floor":33,"turns":8},{"damage":35,"enemies":"3 Darklings","floor":35,"turns":7},{"damage":17,"enemies":"3 Shapes","floor":37,"turns":3},{"damage":6,"enemies":"3 Darklings","floor":38,"turns":4},{"damage":32,"enemies":"Writhing Mass","floor":39,"turns":6},{"damage":51,"enemies":"Sphere and 2 Shapes","floor":44,"turns":4},{"damage":14,"enemies":"3 Darklings","floor":45,"turns":3}],"seed_played":"-5852005495425161381","potions_obtained":[{"floor":2.0,"key":"PowerPotion"},{"floor":5.0,"key":"SkillPotion"},{"floor":14.0,"key":"Toxic Potion"},{"floor":16.0,"key":"SteroidPotion"},{"floor":18,"key":"Explosive Potion"},{"floor":24,"key":"AttackPotion"},{"floor":27,"key":"FairyPotion"},{"floor":33,"key":"Dexterity Potion"},{"floor":37,"key":"Explosive Potion"},{"floor":38,"key":"AttackPotion"}],"is_trial":false,"path_per_floor":["M","M","T","M","M","R","E","$","T","M","R","$","R","M","R","B",null,"M","M","M","$","M","R","E","R","T","M","R","M","R","M","R","B",null,"M","?","M","M","M","R","?","R","T","M","M"],"character_chosen":"THE_CURSED","items_purchased":["Oddly Smooth Stone","TheCursedMod:SurpriseAttack"],"campfire_rested":4,"item_purchase_floors":[8,21],"current_hp_per_floor":[74,68,68,66,64,64,60,60,60,60,60,60,60,60,60,47,75,66,48,42,42,42,64,60,60,60,57,57,40,62,62,62,44,75,40,40,25,19,13,36,36,59,59,8,0,0],"gold":443,"neow_bonus":"BOSS_RELIC","is_daily":false,"chose_seed":false,"campfire_upgraded":7,"win_rate":0.0,"timestamp":1613788234,"path_taken":["M","M","?","M","?","R","E","?","T","M","R","$","R","M","R","BOSS","M","M","M","$","M","R","E","R","T","M","R","?","R","M","R","BOSS","M","?","M","?","?","R","?","R","T","M","M"],"items_purchased_type":["Relic","Card"],"build_version":"2020-12-22","purchased_purges":0,"victory":false,"max_hp_per_floor":[75,75,75,75,75,75,75,75,75,75,75,75,75,75,75,75,75,75,75,75,75,75,75,75,75,75,75,75,75,75,75,75,75,75,75,75,77,77,79,79,79,79,79,79,81,81],"card_choices":[{"not_picked":["TheCursedMod:SpitefulStrike","TheCursedMod:VitalStrike"],"picked":"TheCursedMod:CircleOfWindfury","floor":1.0},{"not_picked":["TheCursedMod:EmpowerCircles","TheCursedMod:FleshFromBone"],"picked":"TheCursedMod:Stretching","floor":2.0},{"not_picked":["TheCursedMod:Stigma","TheCursedMod:RapidMovement"],"picked":"TheCursedMod:ManaBullet","floor":4.0},{"not_picked":["TheCursedMod:CircleOfFlame","TheCursedMod:ReleasedStrength"],"picked":"TheCursedMod:CursedStaff","floor":5.0},{"not_picked":["TheCursedMod:ForbiddenAlchemy","TheCursedMod:Obscuration"],"picked":"TheCursedMod:ReleasedKnowledge","floor":7.0},{"not_picked":["TheCursedMod:Obscuration","TheCursedMod:CursedArmor"],"picked":"TheCursedMod:RavingStaff","floor":10.0},{"not_picked":["TheCursedMod:Torture","TheCursedMod:CursedAmulet"],"picked":"TheCursedMod:BloodBarrier","floor":14.0},{"not_picked":["TheCursedMod:StunningStrike","TheCursedMod:ForbiddenAlchemy"],"picked":"TheCursedMod:CircleOfAbyss","floor":16.0},{"not_picked":["TheCursedMod:WearCloak","TheCursedMod:Mangle"],"picked":"TheCursedMod:StingEye+1","floor":18},{"not_picked":["TheCursedMod:SpitefulStrike","TheCursedMod:CircleOfCorruption"],"picked":"TheCursedMod:CursedStaff","floor":19},{"not_picked":["TheCursedMod:CursedArmor","TheCursedMod:VitalStrike","TheCursedMod:Stretching"],"picked":"SKIP","floor":20},{"not_picked":["TheCursedMod:SmokeScreen","TheCursedMod:CircleOfCorruption"],"picked":"TheCursedMod:CursedMace","floor":22},{"not_picked":["TheCursedMod:CursedShiv","TheCursedMod:Evocation"],"picked":"TheCursedMod:VoidForm+1","floor":24},{"not_picked":["TheCursedMod:TroublousMinions","TheCursedMod:CircleOfBlood"],"picked":"TheCursedMod:LuckyCharm+1","floor":27},{"not_picked":["TheCursedMod:Grudge","TheCursedMod:ReleasedKnowledge+1"],"picked":"TheCursedMod:WearCloak+1","floor":29},{"not_picked":["TheCursedMod:Stigma+1","TheCursedMod:CircleOfFlame+1"],"picked":"TheCursedMod:CursedShiv","floor":31},{"not_picked":["TheCursedMod:UltimatePain","TheCursedMod:ForbiddenAlchemy"],"picked":"TheCursedMod:AntiAging","floor":33},{"not_picked":["TheCursedMod:SpitefulPray+1","TheCursedMod:CircleOfCorruption"],"picked":"TheCursedMod:CursedShiv","floor":35},{"not_picked":["TheCursedMod:AshesToAshes","TheCursedMod:RavingStaff+1","TheCursedMod:CursedAmulet"],"picked":"SKIP","floor":37},{"not_picked":["TheCursedMod:CursedSpellbook","TheCursedMod:CircleOfAmplification+1"],"picked":"TheCursedMod:SurpriseAttack","floor":38},{"not_picked":["TheCursedMod:RavingStaff","TheCursedMod:CircleOfCorruption"],"picked":"TheCursedMod:BlessingInDisguise+1","floor":39},{"not_picked":["Replay:Bootleg Shield Generator","Thinking Ahead"],"picked":"Secret Weapon","floor":41},{"not_picked":["TheCursedMod:Wield","TheCursedMod:RavingStaff+1","TheCursedMod:SurpriseAttack"],"picked":"SKIP","floor":44}],"player_experience":170724,"relics_obtained":[{"floor":3.0,"key":"Vajra"},{"floor":7.0,"key":"Frozen Egg 2"},{"floor":9.0,"key":"Gremlin Horn"},{"floor":24,"key":"Art of War"},{"floor":26,"key":"Bronze Scales"},{"floor":43,"key":"Eternal Feather"}],"event_choices":[{"damage_healed":0,"gold_gain":0,"player_choice":"Ignored","damage_taken":0,"max_hp_gain":0,"max_hp_loss":0,"event_name":"Fountain of Cleansing","floor":36,"gold_loss":0},{"damage_healed":0,"gold_gain":0,"player_choice":"Memory 1","damage_taken":0,"max_hp_gain":0,"max_hp_loss":0,"event_name":"SensoryStone","floor":41,"gold_loss":0}],"is_beta":false,"boss_relics":[{"not_picked":["Busted Crown","SacredBark"],"picked":"ChewingGum"},{"not_picked":["Honey Jar","Ring of Chaos"],"picked":"TheCursedMod:OminousMark"}],"items_purged_floors":[],"is_endless":false,"potions_floor_spawned":[2,5,14,16,18,24,27,33,37,38],"killed_by":"3 Darklings","ascension_level":0}}