{"host":"vjkvbkousum9v11w","time":1613783846,"event":{"mods":["BaseMod","Marisa£®ÏF”Í°°ƒß¿Ì…≥£©","Minty Spire (QoL Compilation)","Replay The Spire","Shop Mod","StSLib","The Servant 0.9.4"],"gold_per_floor":[112,126,126,141,141,180,52,52,76,89,89,102,120,155,155,266,266,288,331,22,79,98,98,98,98,98],"floor_reached":25,"language":"ZHS","playtime":1774,"items_purged":[],"score":207,"play_id":"cbacbc74-6cf5-4ad2-a4df-8cf656ce3e07","local_time":"20210220091726","is_ascension_mode":false,"campfire_choices":[{"floor":11,"key":"REST"},{"data":"PropBag","floor":15,"key":"SMITH"},{"floor":24,"key":"REST"}],"circlet_count":0,"master_deck":["Strike_MRS+1","Strike_MRS","Strike_MRS","Strike_MRS","Defend_MRS","Defend_MRS","Defend_MRS","Defend_MRS","MasterSpark","UpSweep","Robbery","PowerUp+1","PropBag+1","FairyDestructionRay","LuminesStrike","StarDustReverie","GrandCross"],"relics":["MiniHakkero","NeowsBlessing","Lantern","MerchantsRug","Vajra","ExperimentalFamiliar","SimpleLauncher","Mummified Hand"],"acts_visited":["Exordium","TheCity"],"potions_floor_usage":[16,16,21,25],"damage_taken":[{"damage":0,"enemies":"2 Louse","floor":1,"turns":1},{"damage":0,"enemies":"Jaw Worm","floor":2,"turns":1},{"damage":0,"enemies":"Small Slimes","floor":4,"turns":1},{"damage":28,"enemies":"3 Sentries","floor":6,"turns":9},{"damage":4,"enemies":"Blue Slaver","floor":10,"turns":3},{"damage":3,"enemies":"2 Fungi Beasts","floor":12,"turns":3},{"damage":13,"enemies":"Large Slime","floor":13,"turns":5},{"damage":12,"enemies":"Exordium Thugs","floor":14,"turns":4},{"damage":22,"enemies":"Hexaghost","floor":16,"turns":7},{"damage":5,"enemies":"Chosen","floor":18,"turns":2},{"damage":12,"enemies":"2 Thieves","floor":19,"turns":3},{"damage":25,"enemies":"Centurion and Healer","floor":21,"turns":4},{"damage":23,"enemies":"Snake Plant","floor":22,"turns":4},{"damage":43,"enemies":"Gremlin Leader","floor":25,"turns":2}],"seed_played":"3566267715740115974","potions_obtained":[{"floor":1,"key":"SpeedPotion"},{"floor":2,"key":"PowerPotion"},{"floor":10,"key":"Energy Potion"},{"floor":19,"key":"Explosive Potion"},{"floor":22,"key":"ColorlessPotion"}],"is_trial":false,"path_per_floor":["M","M","$","M","?","E","$","?","T","M","R","M","M","M","R","B",null,"M","M","$","M","M","?","R","E"],"character_chosen":"MARISA","items_purchased":["MerchantsRug","SimpleLauncher"],"campfire_rested":2,"item_purchase_floors":[7,20],"current_hp_per_floor":[75,75,75,75,80,52,52,36,36,32,56,53,40,28,28,6,80,75,63,63,38,15,15,39,0,0],"gold":98,"neow_bonus":"THREE_ENEMY_KILL","is_daily":false,"chose_seed":false,"campfire_upgraded":1,"win_rate":0.0,"timestamp":1613783846,"path_taken":["M","M","$","M","?","E","$","?","T","M","R","M","M","M","R","BOSS","M","M","$","M","M","?","R","E"],"items_purchased_type":["Relic","Relic"],"build_version":"2020-12-22","purchased_purges":0,"victory":false,"max_hp_per_floor":[75,75,75,75,80,80,80,80,80,80,80,80,80,80,80,80,80,80,80,80,80,80,80,80,80,80],"card_choices":[{"not_picked":["OpenUniverse","BlazeAway"],"picked":"Robbery","floor":1},{"not_picked":["AsteroidBelt","DC"],"picked":"PowerUp","floor":2},{"not_picked":["6A","ShootingEcho","DoubleSpark"],"picked":"SKIP","floor":4},{"not_picked":["StarBarrage","SporeBomb"],"picked":"PropBag","floor":6},{"not_picked":["NonDirectionalLaser","WitchLeyline"],"picked":"FairyDestructionRay","floor":10},{"not_picked":["OrrerysSun","DC","ShootingEcho"],"picked":"SKIP","floor":12},{"not_picked":["DoubleSpark","DC"],"picked":"LuminesStrike","floor":13},{"not_picked":["OortCloud","GravityBeat","AlicesGift"],"picked":"SKIP","floor":14},{"not_picked":["BigCrunch","CollectingQuirk"],"picked":"StarDustReverie","floor":16},{"not_picked":["ChargeUpSpray","NonDirectionalLaser","AlicesGift"],"picked":"SKIP","floor":18},{"not_picked":["DarkSpark","ChargeUpSpray+1","LuminesStrike+1"],"picked":"SKIP","floor":19},{"not_picked":["GasGiant","DoubleSpark","WitchOfGreed"],"picked":"SKIP","floor":21},{"not_picked":["FairyDestructionRay+1","Occultation"],"picked":"GrandCross","floor":22}],"player_experience":1294,"relics_obtained":[{"floor":6,"key":"Lantern"},{"floor":9,"key":"Vajra"}],"event_choices":[{"damage_healed":0,"gold_gain":0,"player_choice":"Donut","damage_taken":0,"max_hp_gain":5,"max_hp_loss":0,"event_name":"Big Fish","floor":5,"gold_loss":0},{"damage_healed":0,"gold_gain":0,"player_choice":"Entered Light","damage_taken":16,"max_hp_gain":0,"max_hp_loss":0,"event_name":"Shining Light","floor":8,"gold_loss":0,"cards_upgraded":["PowerUp","Strike_MRS"]},{"damage_healed":0,"gold_gain":0,"player_choice":"Ignored","damage_taken":0,"max_hp_gain":0,"max_hp_loss":0,"event_name":"Beggar","floor":23,"gold_loss":0}],"is_beta":false,"boss_relics":[{"not_picked":["RampagingMagicTools","SlaversCollar"],"picked":"ExperimentalFamiliar"}],"items_purged_floors":[],"is_endless":false,"potions_floor_spawned":[1,2,10,19,22],"killed_by":"Gremlin Leader","ascension_level":0}}