{"host":"r6jigiblrojhp6xe","time":1613805166,"event":{"mods":["AchievementEnabler","BaseMod","DeckTracker","Hermit","Minty Spire (QoL Compilation)","Quick Restart","Rare Cards Sparkle","Relic Stats","StSLib","SuperFastMode","everything is the same but u backflip on backflip"],"gold_per_floor":[114,114,114,114,131,166,166,184,184,194,223,233,233,244,244,319,319,339,354,228,240,256,256,256,256,256,275,295,35,35,48,48,126,126,142,152,27,27,45,80,95,95,95,95,106,106,106,117,117,117,117],"floor_reached":52,"language":"KOR","playtime":1556,"items_purged":["Concentrate","Bouncing Flask","Skewer"],"score":2096,"play_id":"9d9be498-e113-4c6e-9928-7d2a907403ec","local_time":"20210220161246","is_ascension_mode":true,"campfire_choices":[{"data":"Blade Dance","floor":7.0,"key":"SMITH"},{"data":"Accuracy","floor":13.0,"key":"SMITH"},{"data":"Terror","floor":15.0,"key":"SMITH"},{"data":"Phantasmal Killer","floor":23.0,"key":"SMITH"},{"floor":25.0,"key":"REST"},{"data":"Cloak And Dagger","floor":30.0,"key":"SMITH"},{"data":"Bullet Time","floor":32.0,"key":"SMITH"},{"data":"Malaise","floor":42,"key":"SMITH"},{"data":"Blade Dance","floor":44,"key":"SMITH"},{"data":"Secret Technique","floor":47,"key":"SMITH"},{"data":"Blade Dance","floor":49,"key":"SMITH"}],"circlet_count":0,"master_deck":["AscendersBane","Survivor","Neutralize","Blade Dance+1","Endless Agony","Dagger Spray","Adrenaline","Terror+1","Blade Dance+1","Accuracy+1","Phantasmal Killer+1","Backstab","Bullet Time+1","Masterful Stab","Blade Dance+1","Backflip","Backflip","Cloak And Dagger+1","Escape Plan","Backflip","Malaise+1","Blur+1","Deflect+1","Secret Technique+1"],"relics":["Ring of the Snake","NeowsBlessing","StrikeDummy","Blood Vial","Pandora\u0027s Box","Ninja Scroll","Bag of Marbles","Cursed Key","Meat on the Bone"],"acts_visited":["Exordium","TheCity","TheBeyond"],"potions_floor_usage":[33],"damage_taken":[{"damage":0.0,"enemies":"Jaw Worm","floor":1.0,"turns":1.0},{"damage":0.0,"enemies":"2 Louse","floor":5.0,"turns":1.0},{"damage":0.0,"enemies":"Gremlin Nob","floor":6.0,"turns":1.0},{"damage":0.0,"enemies":"Cultist","floor":8.0,"turns":2.0},{"damage":0.0,"enemies":"Exordium Thugs","floor":10.0,"turns":4.0},{"damage":9.0,"enemies":"Lagavulin","floor":11.0,"turns":5.0},{"damage":3.0,"enemies":"Looter","floor":12.0,"turns":2.0},{"damage":0.0,"enemies":"2 Fungi Beasts","floor":14.0,"turns":2.0},{"damage":0.0,"enemies":"Slime Boss","floor":16.0,"turns":4.0},{"damage":6.0,"enemies":"3 Byrds","floor":18.0,"turns":3.0},{"damage":0.0,"enemies":"Shell Parasite","floor":19.0,"turns":1.0},{"damage":29.0,"enemies":"Snake Plant","floor":21.0,"turns":3.0},{"damage":0.0,"enemies":"Sentry and Sphere","floor":22.0,"turns":2.0},{"damage":3.0,"enemies":"Centurion and Healer","floor":27.0,"turns":4.0},{"damage":16.0,"enemies":"Snecko","floor":28.0,"turns":5.0},{"damage":0.0,"enemies":"Chosen and Byrds","floor":31.0,"turns":1.0},{"damage":17,"enemies":"Automaton","floor":33,"turns":5},{"damage":0,"enemies":"3 Shapes","floor":35,"turns":2},{"damage":3,"enemies":"Orb Walker","floor":36,"turns":2},{"damage":0,"enemies":"Transient","floor":39,"turns":6},{"damage":9,"enemies":"Giant Head","floor":40,"turns":4},{"damage":0,"enemies":"Jaw Worm Horde","floor":41,"turns":2},{"damage":7,"enemies":"3 Darklings","floor":45,"turns":3},{"damage":0,"enemies":"Sphere and 2 Shapes","floor":48,"turns":4},{"damage":24,"enemies":"Donu and Deca","floor":50,"turns":6},{"damage":0,"enemies":"Time Eater","floor":51,"turns":1}],"seed_played":"5220692345814289935","potions_obtained":[{"floor":1.0,"key":"GamblersBrew"},{"floor":10.0,"key":"Swift Potion"},{"floor":14.0,"key":"AttackPotion"},{"floor":27.0,"key":"SneckoOil"},{"floor":31.0,"key":"Swift Potion"},{"floor":33,"key":"Swift Potion"},{"floor":35,"key":"Ancient Potion"},{"floor":45,"key":"Strength Potion"}],"is_trial":false,"path_per_floor":["M","?","?","?","M","E","R","M","T","M","E","M","R","M","R","B",null,"M","M","$","M","M","R","?","R","T","M","M","$","R","M","R","B",null,"M","M","$","?","M","E","M","R","T","R","M","?","R","M","R","B","B",null],"character_chosen":"THE_SILENT","items_purchased":["Backflip","Bag of Marbles"],"campfire_rested":1,"item_purchase_floors":[20,29],"current_hp_per_floor":[59,39,32,32,32,32,32,32,32,32,23,22,22,24,24,26,56,52,54,54,27,29,29,29,48,48,47,33,33,33,35,35,20,55,57,56,56,56,58,51,53,53,53,53,48,48,48,50,50,40,42],"gold":117,"neow_bonus":"THREE_ENEMY_KILL","is_daily":false,"chose_seed":false,"campfire_upgraded":10,"win_rate":0.0,"timestamp":1613805166,"path_taken":["M","?","?","?","?","E","R","M","T","M","E","M","R","M","R","BOSS","M","M","$","M","M","R","?","R","T","M","M","$","R","M","R","BOSS","M","M","$","?","M","E","M","R","T","R","M","?","R","M","R","BOSS","BOSS"],"items_purchased_type":["Card","Relic"],"build_version":"2020-12-22","purchased_purges":3,"victory":true,"max_hp_per_floor":[66,66,66,66,66,66,66,66,66,66,66,66,66,66,66,66,66,66,66,66,66,66,66,66,66,66,66,66,66,66,66,66,66,66,66,66,66,66,66,66,66,66,66,66,66,66,66,66,66,66,66],"relic_stats":{"Blood Vial":40,"counters":[26,76],"Pandora\u0027s Box":["Backstab","Skewer","Dodge and Roll","Bullet Time","Masterful Stab","Bouncing Flask","Blade Dance","Concentrate"],"Cursed Key":0,"obtain_stats":[{"Blood Vial":11,"NeowsBlessing":0,"Ninja Scroll":26,"Pandora\u0027s Box":17,"Bag of Marbles":29,"StrikeDummy":6,"Cursed Key":34,"Ring of the Snake":0,"Meat on the Bone":40},{"Blood Vial":6,"NeowsBlessing":0,"Ninja Scroll":13,"Pandora\u0027s Box":9,"Bag of Marbles":15,"StrikeDummy":3,"Cursed Key":17,"Ring of the Snake":0,"Meat on the Bone":21},{"Blood Vial":14,"NeowsBlessing":0,"Ninja Scroll":31,"Pandora\u0027s Box":22,"Bag of Marbles":40,"StrikeDummy":3,"Cursed Key":46,"Ring of the Snake":0,"Meat on the Bone":60}],"Ring of the Snake":[50],"Meat on the Bone":12},"card_choices":[{"not_picked":["Flying Knee","Quick Slash"],"picked":"Blade Dance","floor":1.0},{"not_picked":["Cloak And Dagger","Concentrate"],"picked":"Dagger Spray","floor":5.0},{"not_picked":["Slice","Flying Knee"],"picked":"Adrenaline","floor":6.0},{"not_picked":["Distraction","Underhanded Strike","Bane"],"picked":"SKIP","floor":8.0},{"not_picked":["PiercingWail","Deflect"],"picked":"Terror","floor":10.0},{"not_picked":["Prepared","Skewer"],"picked":"Blade Dance","floor":11.0},{"not_picked":["Die Die Die","Infinite Blades"],"picked":"Accuracy","floor":12.0},{"not_picked":["Dagger Throw","Backstab","Eviscerate"],"picked":"SKIP","floor":14.0},{"not_picked":["Corpse Explosion","Doppelganger"],"picked":"Phantasmal Killer","floor":16.0},{"not_picked":["All Out Attack","Dagger Throw","Concentrate"],"picked":"SKIP","floor":18.0},{"not_picked":["Prepared","Bouncing Flask","Acrobatics"],"picked":"SKIP","floor":19.0},{"not_picked":["Prepared","Footwork"],"picked":"Backflip","floor":21.0},{"not_picked":["Quick Slash","Distraction+1"],"picked":"Cloak And Dagger","floor":22.0},{"not_picked":["Finisher","Deflect","Distraction+1"],"picked":"SKIP","floor":27.0},{"not_picked":["Prepared","Deflect"],"picked":"Escape Plan","floor":28.0},{"not_picked":["Die Die Die","Dodge and Roll"],"picked":"Backflip","floor":31.0},{"not_picked":["Burst","Phantasmal Killer"],"picked":"Malaise","floor":33},{"not_picked":["Heel Hook+1","PiercingWail","Noxious Fumes"],"picked":"SKIP","floor":35},{"not_picked":["Expertise","Skewer","Crippling Poison"],"picked":"SKIP","floor":36},{"not_picked":["Sucker Punch","Dodge and Roll","Quick Slash+1"],"picked":"SKIP","floor":39},{"not_picked":["Infinite Blades","Poisoned Stab+1"],"picked":"Blur+1","floor":40},{"not_picked":["Deadly Poison","Choke","Dagger Spray"],"picked":"SKIP","floor":41},{"not_picked":["Poisoned Stab","Dagger Throw"],"picked":"Deflect+1","floor":45},{"not_picked":["Swift Strike","Bandage Up"],"picked":"Secret Technique","floor":46},{"not_picked":["Finisher","Skewer+1","Deadly Poison"],"picked":"SKIP","floor":48}],"player_experience":612306,"relics_obtained":[{"floor":6.0,"key":"StrikeDummy"},{"floor":11.0,"key":"Blood Vial"},{"floor":26.0,"key":"Ninja Scroll"},{"floor":40,"key":"Meat on the Bone"}],"event_choices":[{"damage_healed":0.0,"max_hp_gain":0.0,"max_hp_loss":0.0,"gold_gain":0.0,"event_name":"Shining Light","player_choice":"Entered Light","floor":2.0,"gold_loss":0.0,"damage_taken":20.0,"cards_upgraded":["Defend_G","Defend_G"]},{"cards_removed":["Strike_G"],"damage_healed":0.0,"max_hp_gain":0.0,"max_hp_loss":0.0,"gold_gain":0.0,"event_name":"Golden Wing","player_choice":"Card Removal","floor":3.0,"gold_loss":0.0,"damage_taken":7.0},{"damage_healed":0.0,"max_hp_gain":0.0,"max_hp_loss":0.0,"gold_gain":0.0,"cards_transformed":["Strike_G"],"event_name":"Transmorgrifier","player_choice":"Transformed","floor":4.0,"gold_loss":0.0,"damage_taken":0.0,"cards_obtained":["Endless Agony"]},{"damage_healed":0.0,"max_hp_gain":0.0,"max_hp_loss":0.0,"gold_gain":0.0,"event_name":"Cursed Tome","player_choice":"Ignored","floor":24.0,"gold_loss":0.0,"damage_taken":0.0},{"cards_removed":["Dodge and Roll"],"damage_healed":0,"gold_gain":0,"player_choice":"Removed Skill","damage_taken":0,"max_hp_gain":0,"max_hp_loss":0,"event_name":"Falling","floor":38,"gold_loss":0},{"damage_healed":0,"gold_gain":0,"player_choice":"Memory 1","damage_taken":0,"max_hp_gain":0,"max_hp_loss":0,"event_name":"SensoryStone","floor":46,"gold_loss":0}],"is_beta":false,"boss_relics":[{"not_picked":["Fusion Hammer","Calling Bell"],"picked":"Pandora\u0027s Box"},{"not_picked":["Velvet Choker","Philosopher\u0027s Stone"],"picked":"Cursed Key"}],"items_purged_floors":[20,29,37],"is_endless":false,"potions_floor_spawned":[1,10,11,14,18,27,28,31,33,35,36,41,45],"ascension_level":20}}