{"host":"49pjgf1q9ev52n8z","time":1613793421,"event":{"mods":["BaseMod","Bestiary","Colored Map","Keyboard Shortcuts","Minty Spire (QoL Compilation)","Practice Mode","Relic Stats","StSLib"],"gold_per_floor":[18,18,33,51,51,51,94,130,142,154,209,58,77,98,98,228,228,253,253,253,272,272,272,11,47,124,124,164,164,236,257,257,380,380,401,424,443,18,18,18],"floor_reached":39,"language":"ENG","playtime":6460,"items_purged":[],"score":583,"play_id":"8c11ea4b-1cc5-4e34-9c44-e2fadbf8455a","local_time":"20210219195701","is_ascension_mode":true,"campfire_choices":[{"floor":6,"key":"REST"},{"floor":15,"key":"REST"},{"floor":23,"key":"REST"},{"data":"Devotion","floor":27,"key":"SMITH"},{"data":"TalkToTheHand","floor":29,"key":"SMITH"},{"data":"Worship","floor":32,"key":"SMITH"}],"circlet_count":0,"master_deck":["Strike_P","Strike_P","Strike_P","Defend_P","Defend_P","Defend_P","Eruption+1","Vigilance","Devotion+1","Vengeance","FollowUp","Consecrate","TalkToTheHand+1","EmptyFist","ClearTheMind","Evaluate","BattleHymn","FearNoEvil","WaveOfTheHand","Worship+1","Scrawl","Writhe","BowlingBash","Pray","Adaptation","Wireheading","CutThroughFate","Establishment","Wireheading+1","FlurryOfBlows+1","WindmillStrike+1","Tantrum","Parasite"],"relics":["PureWater","Golden Idol","MawBank","Oddly Smooth Stone","Ornamental Fan","SlaversCollar","Happy Flower","Eternal Feather","Strawberry","Pear","Prayer Wheel","Bottled Lightning","Runic Pyramid","Ice Cream"],"acts_visited":["Exordium","TheCity","TheBeyond"],"potions_floor_usage":[16,16,35,36,36,39,39],"damage_taken":[{"damage":12.0,"enemies":"2 Louse","floor":1.0,"turns":3.0},{"damage":2.0,"enemies":"Jaw Worm","floor":3.0,"turns":2.0},{"damage":0,"enemies":"Small Slimes","floor":4,"turns":2},{"damage":8,"enemies":"Lagavulin","floor":7,"turns":5},{"damage":7,"enemies":"Exordium Wildlife","floor":8,"turns":2},{"damage":33,"enemies":"Gremlin Nob","floor":11,"turns":4},{"damage":3,"enemies":"Looter","floor":13,"turns":2},{"damage":0,"enemies":"Large Slime","floor":14,"turns":4},{"damage":18,"enemies":"Hexaghost","floor":16,"turns":7},{"damage":31,"enemies":"Shell Parasite","floor":18,"turns":6},{"damage":0,"enemies":"3 Byrds","floor":21,"turns":5},{"damage":3,"enemies":"Gremlin Leader","floor":25,"turns":4},{"damage":19,"enemies":"Book of Stabbing","floor":28,"turns":3},{"damage":25,"enemies":"Snake Plant","floor":31,"turns":4},{"damage":9,"enemies":"Champ","floor":33,"turns":8},{"damage":11,"enemies":"3 Shapes","floor":35,"turns":4},{"damage":12,"enemies":"Orb Walker","floor":36,"turns":3},{"damage":20,"enemies":"Maw","floor":37,"turns":5},{"damage":54,"enemies":"Writhing Mass","floor":39,"turns":4}],"seed_played":"-2964405294787865807","potions_obtained":[{"floor":1.0,"key":"Ancient Potion"},{"floor":8,"key":"Fire Potion"},{"floor":18,"key":"Fire Potion"},{"floor":25,"key":"Weak Potion"},{"floor":35,"key":"Strength Potion"}],"is_trial":false,"path_per_floor":["M","?","M","M","?","R","E","M","T","?","E","$","M","M","R","B",null,"M","?","?","M","?","R","$","E","T","R","E","R","T","M","R","B",null,"M","M","M","$","M"],"character_chosen":"WATCHER","items_purchased":["BattleHymn","FearNoEvil","Strength Potion","Eternal Feather","Ice Cream","Tantrum","AttackPotion"],"campfire_rested":3,"item_purchase_floors":[12,12,12,24,38,38,38],"current_hp_per_floor":[53,53,51,51,33,54,46,39,39,63,30,30,27,27,48,30,62,31,31,31,31,31,52,52,56,66,78,59,74,74,49,64,55,81,70,58,38,38,0,0],"gold":18,"neow_bonus":"TRANSFORM_TWO_CARDS","is_daily":false,"chose_seed":false,"campfire_upgraded":3,"win_rate":0.0,"timestamp":1613793421,"path_taken":["M","?","M","M","?","R","E","M","T","?","E","$","?","M","R","BOSS","M","?","?","M","?","R","$","E","T","R","E","R","?","M","R","BOSS","M","M","M","$","M"],"items_purchased_type":["Card","Card","Potion","Relic","Relic","Card","Potion"],"build_version":"2020-12-22","purchased_purges":0,"victory":false,"max_hp_per_floor":[72,72,72,72,72,72,72,72,72,72,72,72,72,72,72,72,72,72,72,72,72,72,72,72,79,89,89,89,89,89,89,89,89,89,89,89,89,89,89,89],"relic_stats":{"Happy Flower":[13],"counters":[19,77],"Golden Idol":123,"Ornamental Fan":[132],"Eternal Feather":42,"Prayer Wheel":4,"MawBank":60,"obtain_stats":[{"Ice Cream":38,"Pear":26,"Happy Flower":20,"Golden Idol":5,"Oddly Smooth Stone":9,"Eternal Feather":24,"MawBank":7,"SlaversCollar":17,"Ornamental Fan":11,"Strawberry":25,"Prayer Wheel":28,"Bottled Lightning":30,"PureWater":0,"Runic Pyramid":34},{"Ice Cream":18,"Pear":12,"Happy Flower":10,"Golden Idol":3,"Oddly Smooth Stone":5,"Eternal Feather":11,"MawBank":4,"SlaversCollar":9,"Ornamental Fan":6,"Strawberry":12,"Prayer Wheel":13,"Bottled Lightning":13,"PureWater":0,"Runic Pyramid":15},{"Ice Cream":73,"Pear":46,"Happy Flower":37,"Golden Idol":7,"Oddly Smooth Stone":14,"Eternal Feather":42,"MawBank":12,"SlaversCollar":31,"Ornamental Fan":18,"Strawberry":46,"Prayer Wheel":49,"Bottled Lightning":49,"PureWater":0,"Runic Pyramid":61}]},"card_choices":[{"not_picked":["CrushJoints","Protect"],"picked":"FollowUp","floor":1.0},{"not_picked":["Indignation","Sanctity"],"picked":"Consecrate","floor":3.0},{"not_picked":["Study","Evaluate"],"picked":"TalkToTheHand","floor":4},{"not_picked":["EmptyBody","WreathOfFlame"],"picked":"EmptyFist","floor":7},{"not_picked":["JustLucky","Consecrate"],"picked":"ClearTheMind","floor":8},{"not_picked":["CrushJoints","ClearTheMind"],"picked":"Evaluate","floor":11},{"not_picked":["Vault","WindmillStrike"],"picked":"WaveOfTheHand","floor":13},{"not_picked":["Protect","WreathOfFlame"],"picked":"Worship","floor":14},{"not_picked":["SpiritShield","Ragnarok"],"picked":"Scrawl","floor":16},{"not_picked":["JustLucky","Weave","PathToVictory+1"],"picked":"SKIP","floor":18},{"not_picked":["Halt","Prostrate"],"picked":"BowlingBash","floor":21},{"not_picked":["SashWhip+1","Perseverance"],"picked":"Pray","floor":25},{"not_picked":["PathToVictory","Weave"],"picked":"Adaptation","floor":28},{"not_picked":["Prostrate+1","ClearTheMind"],"picked":"Wireheading","floor":31},{"not_picked":["Indignation+1","EmptyBody"],"picked":"CutThroughFate","floor":31},{"not_picked":["Omniscience","SpiritShield"],"picked":"Establishment","floor":33},{"not_picked":["BowlingBash+1","FlurryOfBlows+1"],"picked":"Wireheading+1","floor":35},{"not_picked":["Evaluate+1","Crescendo"],"picked":"FlurryOfBlows+1","floor":35},{"not_picked":["FlurryOfBlows+1","Adaptation+1"],"picked":"WindmillStrike+1","floor":36},{"not_picked":["CrushJoints","Blasphemy","ThirdEye+1"],"picked":"SKIP","floor":36},{"not_picked":["PathToVictory","SignatureMove","EmptyFist+1"],"picked":"SKIP","floor":37},{"not_picked":["SignatureMove","ReachHeaven+1","ForeignInfluence+1"],"picked":"SKIP","floor":37}],"player_experience":857618,"relics_obtained":[{"floor":7,"key":"MawBank"},{"floor":9,"key":"Oddly Smooth Stone"},{"floor":11,"key":"Ornamental Fan"},{"floor":25,"key":"Strawberry"},{"floor":26,"key":"Pear"},{"floor":28,"key":"Prayer Wheel"},{"floor":30,"key":"Bottled Lightning"}],"event_choices":[{"damage_healed":0.0,"max_hp_gain":0.0,"max_hp_loss":0.0,"gold_gain":0.0,"event_name":"Living Wall","player_choice":"Grow","floor":2.0,"gold_loss":0.0,"damage_taken":0.0,"cards_upgraded":["Eruption"]},{"damage_healed":0,"gold_gain":0,"player_choice":"Take Damage","damage_taken":18,"relics_obtained":["Golden Idol"],"max_hp_gain":0,"max_hp_loss":0,"event_name":"Golden Idol","floor":5,"gold_loss":0},{"damage_healed":24,"gold_gain":0,"player_choice":"Banana","damage_taken":0,"max_hp_gain":0,"max_hp_loss":0,"event_name":"Big Fish","floor":10,"gold_loss":0},{"damage_healed":0,"gold_gain":0,"player_choice":"Ignored","damage_taken":0,"max_hp_gain":0,"max_hp_loss":0,"event_name":"Cursed Tome","floor":19,"gold_loss":0},{"damage_healed":0,"gold_gain":0,"player_choice":"Opened","damage_taken":0,"relics_obtained":["Happy Flower"],"max_hp_gain":0,"max_hp_loss":0,"event_name":"The Mausoleum","floor":20,"gold_loss":0,"cards_obtained":["Writhe"]},{"damage_healed":0,"gold_gain":0,"player_choice":"Ignored","damage_taken":0,"max_hp_gain":0,"max_hp_loss":0,"event_name":"Vampires","floor":22,"gold_loss":0}],"is_beta":false,"boss_relics":[{"not_picked":["Empty Cage","Black Star"],"picked":"SlaversCollar"},{"not_picked":["Velvet Choker","Busted Crown"],"picked":"Runic Pyramid"}],"items_purged_floors":[],"is_endless":false,"potions_floor_spawned":[1,8,13,14,18,25,28,31,35],"killed_by":"Writhing Mass","ascension_level":6}}