{"host":"xg4r5pv6chpuampg","time":1613823698,"event":{"mods":["AchievementEnabler","BaseMod","Googly Eyes","Minty Spire (QoL Compilation)","StSLib","Together in Spire"],"gold_per_floor":[117,131,131,147,172,184,196,208,520,532,567,600,636,683,695,833,845,815,815,740,740,740,740,740,740,740,740,433,433,433,433,433,433,433],"floor_reached":33,"language":"ENG","playtime":1183,"items_purged":[],"score":249,"play_id":"2d2930f0-6d4b-47ab-8177-13ac4ba644aa","local_time":"20210220152138","is_ascension_mode":false,"campfire_choices":[{"floor":8,"key":"REST"},{"data":"Eruption","floor":10,"key":"SMITH"},{"floor":15,"key":"RECALL"},{"floor":25,"key":"REST"},{"floor":27,"key":"REST"},{"floor":32,"key":"REST"}],"circlet_count":0,"master_deck":["Strike_P","Strike_P+1","Defend_P+1","Defend_P","Eruption+1","Vigilance","Alpha","WaveOfTheHand+1","SignatureMove","FollowUp","SashWhip","CutThroughFate","EmptyBody+1","BattleHymn","LessonLearned","EmptyBody+1","Weave+1","CutThroughFate","Halt","Wallop","Wish","FlurryOfBlows"],"relics":["PureWater","MawBank","Golden Idol","Old Coin","War Paint","Ectoplasm","MutagenicStrength","Shuriken"],"acts_visited":["Exordium","TheCity"],"potions_floor_usage":[14,14,16,33,33,33],"damage_taken":[{"damage":0,"enemies":"2 Louse","floor":1,"turns":3},{"damage":3,"enemies":"Jaw Worm","floor":2,"turns":3},{"damage":0,"enemies":"Small Slimes","floor":4,"turns":2},{"damage":0,"enemies":"3 Louse","floor":11,"turns":2},{"damage":14,"enemies":"Blue Slaver","floor":12,"turns":3},{"damage":0,"enemies":"2 Fungi Beasts","floor":13,"turns":2},{"damage":1,"enemies":"3 Sentries","floor":14,"turns":5},{"damage":31,"enemies":"Slime Boss","floor":16,"turns":6},{"damage":20,"enemies":"2 Thieves","floor":18,"turns":3},{"damage":15,"enemies":"Spheric Guardian","floor":22,"turns":4},{"damage":23,"enemies":"Shelled Parasite and Fungi","floor":23,"turns":6},{"damage":2,"enemies":"Centurion and Healer","floor":24,"turns":5},{"damage":5,"enemies":"Chosen and Byrds","floor":30,"turns":5},{"damage":26,"enemies":"Sentry and Sphere","floor":31,"turns":4},{"damage":49,"enemies":"Collector","floor":33,"turns":6}],"seed_played":"-1107288527301252852","potions_obtained":[{"floor":1,"key":"Explosive Potion"},{"floor":4,"key":"Fire Potion"},{"floor":12,"key":"Block Potion"},{"floor":16,"key":"Energy Potion"},{"floor":18,"key":"BlessingOfTheForge"},{"floor":23,"key":"Dexterity Potion"}],"is_trial":false,"path_per_floor":["M","M","?","M","T","?","?","R","T","R","M","M","M","E","R","B",null,"M","?","?","?","M","M","M","R","T","R","$","?","M","M","R","B"],"character_chosen":"WATCHER","items_purchased":["Shuriken","Halt"],"campfire_rested":4,"item_purchase_floors":[28,28],"current_hp_per_floor":[72,69,62,62,62,44,44,65,65,65,65,51,51,50,50,19,72,52,52,52,52,37,14,12,33,33,54,54,54,49,23,44,0,0],"gold":433,"neow_bonus":"ONE_RANDOM_RARE_CARD","is_daily":false,"chose_seed":false,"campfire_upgraded":1,"win_rate":0.0,"timestamp":1613823698,"path_taken":["M","M","?","M","?","?","?","R","T","R","M","M","M","E","R","BOSS","M","?","?","?","M","M","?","R","T","R","$","?","?","M","R","BOSS"],"items_purchased_type":["Relic","Card"],"build_version":"2020-12-22","purchased_purges":0,"victory":false,"max_hp_per_floor":[72,72,72,72,72,72,72,72,72,72,72,72,72,72,72,72,72,72,72,72,72,72,72,72,72,72,72,72,72,72,72,72,72,72],"card_choices":[{"not_picked":["SashWhip","Study"],"picked":"WaveOfTheHand","floor":1},{"not_picked":["FlyingSleeves","Evaluate"],"picked":"SignatureMove","floor":2},{"not_picked":["MentalFortress","Worship"],"picked":"FollowUp","floor":4},{"not_picked":["Sanctity","Perseverance"],"picked":"SashWhip","floor":11},{"not_picked":["FlurryOfBlows","FlyingSleeves"],"picked":"CutThroughFate","floor":12},{"not_picked":["LikeWater","Prostrate"],"picked":"EmptyBody","floor":13},{"not_picked":["Evaluate","ThirdEye"],"picked":"BattleHymn","floor":14},{"not_picked":["ConjureBlade","Omniscience"],"picked":"LessonLearned","floor":16},{"not_picked":["PathToVictory","CutThroughFate"],"picked":"EmptyBody+1","floor":18},{"not_picked":["Consecrate","ThirdEye"],"picked":"Weave+1","floor":22},{"not_picked":["SashWhip","ClearTheMind"],"picked":"CutThroughFate","floor":23},{"not_picked":["Consecrate","WreathOfFlame","Crescendo"],"picked":"SKIP","floor":24},{"not_picked":["CarveReality","ForeignInfluence"],"picked":"Wish","floor":30},{"not_picked":["CarveReality","CrushJoints"],"picked":"FlurryOfBlows","floor":31}],"player_experience":142981,"relics_obtained":[{"floor":5,"key":"MawBank"},{"floor":9,"key":"Old Coin"},{"floor":14,"key":"War Paint"}],"event_choices":[{"cards_removed":["Strike_P"],"damage_healed":0,"gold_gain":0,"player_choice":"Card Removal","damage_taken":7,"max_hp_gain":0,"max_hp_loss":0,"event_name":"Golden Wing","floor":3,"gold_loss":0},{"damage_healed":0,"gold_gain":0,"player_choice":"Take Damage","damage_taken":18,"relics_obtained":["Golden Idol"],"max_hp_gain":0,"max_hp_loss":0,"event_name":"Golden Idol","floor":6,"gold_loss":0},{"damage_healed":0,"gold_gain":0,"player_choice":"Grow","damage_taken":0,"max_hp_gain":0,"max_hp_loss":0,"event_name":"Living Wall","floor":7,"gold_loss":0,"cards_upgraded":["WaveOfTheHand"]},{"damage_healed":0,"gold_gain":0,"player_choice":"Inject Mutagens","damage_taken":0,"relics_obtained":["MutagenicStrength"],"max_hp_gain":0,"max_hp_loss":0,"event_name":"Drug Dealer","floor":19,"gold_loss":0},{"cards_removed":["Strike_P"],"damage_healed":0,"gold_gain":0,"player_choice":"Gave Gold","damage_taken":0,"max_hp_gain":0,"max_hp_loss":0,"event_name":"Beggar","floor":20,"gold_loss":75},{"cards_removed":["Defend_P"],"damage_healed":0,"gold_gain":0,"player_choice":"Offered Basic","damage_taken":0,"max_hp_gain":0,"max_hp_loss":0,"event_name":"Bonfire Elementals","floor":21,"gold_loss":0},{"damage_healed":0,"gold_gain":0,"cards_transformed":["Defend_P"],"player_choice":"Transformed","damage_taken":0,"max_hp_gain":0,"max_hp_loss":0,"event_name":"Transmorgrifier","floor":29,"gold_loss":0,"cards_obtained":["Wallop"]}],"is_beta":false,"boss_relics":[{"not_picked":["Runic Pyramid","Black Star"],"picked":"Ectoplasm"}],"items_purged_floors":[],"is_endless":false,"potions_floor_spawned":[1,4,12,16,18,23],"killed_by":"Collector","ascension_level":0}}