{"host":"dxgv5rrg6e29tc63","time":1613788376,"event":{"mods":["BaseMod","Colored Map","Downfall","Minty Spire (QoL Compilation)","StSLib"],"gold_per_floor":[99,115,128,143,155,186,238,163,180,213,225,251,270,280,299,299,299,299],"floor_reached":16,"language":"ENG","playtime":1148,"items_purged":[],"score":134,"play_id":"4a4b3e65-b429-408a-a9bc-9279598add26","local_time":"20210219183256","is_ascension_mode":true,"campfire_choices":[{"data":"Slimebound:Split","floor":1.0,"key":"SMITH"}],"circlet_count":0,"master_deck":["Slimebound:Strike_Slimebound","Slimebound:Strike_Slimebound","Slimebound:Strike_Slimebound","Slimebound:Tackle","Slimebound:Defend_Slimebound","Slimebound:Defend_Slimebound","Slimebound:Defend_Slimebound","Slimebound:Defend_Slimebound","Slimebound:Split+1","Slimebound:CorrosiveSpit","Slimebound:GoopSpray","Slimebound:SlimeTap","Slimebound:RollThrough","Slimebound:MegaLick","Slimebound:GoopTackle","Slimebound:ViciousTackle","Slimebound:Chomp","Slimebound:GoopTackle"],"relics":["Runic Dome","The Courier","Happy Flower","Slimebound:GreedOozeRelic","Toy Ornithopter","Kunai"],"acts_visited":["Exordium"],"potions_floor_usage":[16,16,16],"damage_taken":[{"damage":0.0,"enemies":"2 Louse","floor":2.0,"turns":2.0},{"damage":6.0,"enemies":"Jaw Worm","floor":3.0,"turns":3.0},{"damage":0.0,"enemies":"Cultist","floor":4.0,"turns":3.0},{"damage":7.0,"enemies":"Gremlin Gang","floor":5.0,"turns":3.0},{"damage":11,"enemies":"Lagavulin","floor":6,"turns":6},{"damage":0,"enemies":"3 Louse","floor":9,"turns":2},{"damage":10,"enemies":"3 Sentries","floor":10,"turns":4},{"damage":3,"enemies":"downfall:LooterAlt","floor":11,"turns":2},{"damage":6,"enemies":"Lagavulin","floor":12,"turns":4},{"damage":1,"enemies":"Large Slime","floor":13,"turns":2},{"damage":0,"enemies":"3 Louse","floor":14,"turns":1},{"damage":16,"enemies":"Blue Slaver","floor":15,"turns":2},{"damage":24,"enemies":"IC_STATUS_ARCHETYPE","floor":16,"turns":4}],"seed_played":"8704397521999557763","potions_obtained":[{"floor":4.0,"key":"sneckomod:MuddlingPotion"},{"floor":6,"key":"LiquidBronze"},{"floor":12,"key":"champ:CounterPotion"},{"floor":13,"key":"Weak Potion"},{"floor":14,"key":"Block Potion"}],"is_trial":false,"path_per_floor":["R","M","M","M","M","E","T","?","M","E","M","E","M","M","M","B"],"character_chosen":"SLIMEBOUND","items_purchased":[],"campfire_rested":0,"item_purchase_floors":[],"current_hp_per_floor":[65,65,59,59,52,41,41,41,41,31,28,22,21,21,5,0,0,0],"gold":299,"neow_bonus":"BOSS_RELIC","is_daily":false,"chose_seed":false,"campfire_upgraded":1,"win_rate":0.0,"timestamp":1613788376,"path_taken":["R","M","M","M","M","E","T","?","M","E","M","E","M","M","M","BOSS"],"items_purchased_type":[],"build_version":"2020-12-22","purchased_purges":0,"victory":false,"max_hp_per_floor":[65,65,65,65,65,65,65,65,65,65,65,65,65,65,65,65,65,65],"card_choices":[{"not_picked":["Slimebound:Equalize","Slimebound:Schlurp"],"picked":"Slimebound:GoopSpray","floor":2.0},{"not_picked":["Slimebound:LeechingTouch","Slimebound:HauntingLick"],"picked":"Slimebound:SlimeTap","floor":3.0},{"not_picked":["Slimebound:FormOfPuddle","Slimebound:PressTheAttack"],"picked":"Slimebound:RollThrough","floor":4.0},{"not_picked":["Slimebound:ComboTackle","Slimebound:SlimeBarrage"],"picked":"Slimebound:MegaLick","floor":5},{"not_picked":["Slimebound:DouseInSlime","Slimebound:Schlurp","Slimebound:MinionMaster"],"picked":"SKIP","floor":6},{"not_picked":["Slimebound:ProtectTheBoss","Slimebound:RainOfGoop"],"picked":"Slimebound:GoopTackle","floor":9},{"not_picked":["Slimebound:DivideAndConquer","Slimebound:FinishingTackle","Slimebound:LivingWall"],"picked":"SKIP","floor":10},{"not_picked":["Slimebound:DivideAndConquer","Slimebound:HauntingLick","Slimebound:LivingWall"],"picked":"SKIP","floor":11},{"not_picked":["Slimebound:MegaLick","Slimebound:SplitAcid"],"picked":"Slimebound:ViciousTackle","floor":12},{"not_picked":["Slimebound:SamplingLick","Slimebound:Schlurp","Slimebound:SplitAcid"],"picked":"SKIP","floor":13},{"not_picked":["Slimebound:FinishingTackle","Slimebound:SplitLeeching"],"picked":"Slimebound:Chomp","floor":14},{"not_picked":["Slimebound:LeechEnergy","Slimebound:FinishingTackle"],"picked":"Slimebound:GoopTackle","floor":15}],"player_experience":375299,"relics_obtained":[{"floor":6,"key":"The Courier"},{"floor":7,"key":"Happy Flower"},{"floor":10,"key":"Toy Ornithopter"},{"floor":12,"key":"Kunai"}],"event_choices":[],"is_beta":false,"boss_relics":[],"items_purged_floors":[],"is_endless":false,"potions_floor_spawned":[4,6,12,13,14],"killed_by":"IC_STATUS_ARCHETYPE","ascension_level":1}}