{"host":"4qkvkh7pd9qr2mca","time":1613843782,"event":{"mods":["AchievementEnabler","Act Like it!","BaseMod","Colored Map","Colored Powertips","Highlight Path","Minty Spire (QoL Compilation)","Pale of the Ancients","Permanent Neow","Quick Restart","Relic Stats","StSLib","SuperFastMode"],"gold_per_floor":[17,27,27,44,56,56,86,96,121,35,35,45,45,65,65,137,137,150,160,35,35,55,55,81,81,105,134,149,149,174,186,186,261,261,280,37,50,50,325,350,350,378,378,378,406,50,50,63,63,63,63],"floor_reached":52,"language":"ENG","playtime":2484,"items_purged":["Strike_G","Regret"],"score":2175,"play_id":"29232a00-2532-4bf7-8888-7ded1ab6500f","local_time":"20210220185622","is_ascension_mode":true,"campfire_choices":[{"data":"Sadistic Nature","floor":6.0,"key":"SMITH"},{"floor":11.0,"key":"REST"},{"floor":13.0,"key":"REST"},{"data":"Bouncing Flask","floor":15.0,"key":"SMITH"},{"floor":23,"key":"REST"},{"floor":25,"key":"RECALL"},{"floor":32,"key":"REST"},{"floor":41,"key":"REST"},{"floor":44,"key":"REST"},{"floor":47,"key":"REST"},{"floor":49,"key":"REST"}],"circlet_count":0,"master_deck":["AscendersBane","Strike_G","Strike_G","Defend_G","Defend_G","Defend_G","Defend_G","Defend_G","Survivor","Neutralize","Sadistic Nature+1","Bouncing Flask+1","Blade Dance","Noxious Fumes","Backflip","Leg Sweep","Footwork","Crippling Poison","Adrenaline","Deflect","PiercingWail","PiercingWail","Crippling Poison","Noxious Fumes","Blur","Burst","Footwork","Calculated Gamble","Acrobatics","Adrenaline","Acrobatics+1","Decay","Concentrate","After Image+1","Blur","Finesse","Well Laid Plans+1"],"relics":["Ring of the Snake","Ornamental Fan","Art of War","Fusion Hammer","MealTicket","Ancient Tea Set","Vajra","Pear","Cursed Key","TwistedFunnel","Oddly Smooth Stone","Meat on the Bone","InkBottle","Frozen Egg 2"],"acts_visited":["Exordium","TheCity","TheBeyond"],"potions_floor_usage":[30,30,51,51],"damage_taken":[{"damage":4.0,"enemies":"2 Louse","floor":1.0,"turns":5.0},{"damage":0.0,"enemies":"Cultist","floor":2.0,"turns":2.0},{"damage":0.0,"enemies":"Small Slimes","floor":4.0,"turns":3.0},{"damage":12.0,"enemies":"Exordium Thugs","floor":5.0,"turns":3.0},{"damage":9.0,"enemies":"Gremlin Nob","floor":7.0,"turns":3.0},{"damage":23.0,"enemies":"3 Louse","floor":8.0,"turns":3.0},{"damage":1.0,"enemies":"Looter","floor":12.0,"turns":3.0},{"damage":8.0,"enemies":"Exordium Wildlife","floor":14.0,"turns":5.0},{"damage":7.0,"enemies":"The Guardian","floor":16.0,"turns":7.0},{"damage":0,"enemies":"3 Byrds","floor":18,"turns":2},{"damage":0,"enemies":"Shell Parasite","floor":19,"turns":4},{"damage":1,"enemies":"Cultist and Chosen","floor":22,"turns":5},{"damage":17,"enemies":"Book of Stabbing","floor":24,"turns":5},{"damage":0,"enemies":"Gremlin Leader","floor":27,"turns":5},{"damage":12,"enemies":"Snake Plant","floor":28,"turns":5},{"damage":27,"enemies":"Slavers","floor":30,"turns":5},{"damage":4,"enemies":"Snecko","floor":31,"turns":6},{"damage":24,"enemies":"Collector","floor":33,"turns":7},{"damage":1,"enemies":"Orb Walker","floor":35,"turns":2},{"damage":8,"enemies":"3 Shapes","floor":37,"turns":4},{"damage":64,"enemies":"Giant Head","floor":40,"turns":9},{"damage":5,"enemies":"Reptomancer","floor":42,"turns":4},{"damage":3,"enemies":"Giant Head","floor":45,"turns":8},{"damage":0,"enemies":"Transient","floor":48,"turns":6},{"damage":0,"enemies":"Awakened One","floor":50,"turns":16},{"damage":5,"enemies":"Time Eater","floor":51,"turns":15}],"seed_played":"3123820115874310858","potions_obtained":[{"floor":2.0,"key":"Energy Potion"},{"floor":5.0,"key":"Poison Potion"},{"floor":12.0,"key":"PowerPotion"},{"floor":22,"key":"Fire Potion"},{"floor":24,"key":"Fire Potion"},{"floor":42,"key":"SkillPotion"},{"floor":45,"key":"Poison Potion"}],"is_trial":false,"path_per_floor":["M","M","?","M","M","R","E","M","T","$","R","M","R","M","R","B",null,"M","M","$","?","M","R","E","R","T","E","M","?","E","M","R","B",null,"M","$","M","?","?","E","R","E","T","R","E","$","R","M","R","B","B",null],"character_chosen":"THE_SILENT","items_purchased":["Leg Sweep","PiercingWail","TwistedFunnel","Calculated Gamble","After Image+1","Blur","Finesse"],"campfire_rested":8,"item_purchase_floors":[10,20,36,36,46,46,46],"current_hp_per_floor":[55,55,55,55,43,43,34,11,11,11,30,29,48,40,40,33,58,58,58,58,58,57,66,49,49,49,49,37,33,16,12,34,10,60,59,74,66,66,66,2,24,19,19,41,50,65,76,76,76,76,71],"gold":63,"neow_bonus":"RANDOM_COLORLESS_2","is_daily":false,"chose_seed":false,"campfire_upgraded":2,"win_rate":0.0,"timestamp":1613843782,"path_taken":["M","M","?","M","M","R","E","M","T","?","R","M","R","?","R","BOSS","M","M","$","?","M","R","E","R","T","E","M","?","E","M","R","BOSS","M","$","M","?","?","E","R","E","T","R","E","$","R","M","R","BOSS","BOSS"],"items_purchased_type":["Card","Card","Relic","Card","Card","Card","Card"],"build_version":"2020-12-22","purchased_purges":2,"victory":true,"max_hp_per_floor":[66,66,66,66,66,66,66,66,66,66,66,66,66,66,66,66,66,66,66,66,66,66,66,66,66,66,66,66,66,76,76,76,76,76,76,76,76,76,76,76,76,76,76,76,76,76,76,76,76,76,76],"relic_stats":{"counters":[26,142],"Ornamental Fan":[84],"MealTicket":30,"Art of War":[65],"Cursed Key":1,"obtain_stats":[{"TwistedFunnel":36,"Pear":30,"Vajra":27,"Oddly Smooth Stone":40,"Frozen Egg 2":45,"Ancient Tea Set":26,"Cursed Key":34,"Ornamental Fan":7,"MealTicket":24,"Fusion Hammer":17,"Art of War":9,"InkBottle":43,"Ring of the Snake":0,"Meat on the Bone":42},{"TwistedFunnel":19,"Pear":16,"Vajra":14,"Oddly Smooth Stone":21,"Frozen Egg 2":23,"Ancient Tea Set":13,"Cursed Key":18,"Ornamental Fan":5,"MealTicket":13,"Fusion Hammer":9,"Art of War":6,"InkBottle":22,"Ring of the Snake":0,"Meat on the Bone":22},{"TwistedFunnel":80,"Pear":65,"Vajra":55,"Oddly Smooth Stone":93,"Frozen Egg 2":105,"Ancient Tea Set":50,"Cursed Key":78,"Ornamental Fan":16,"MealTicket":50,"Fusion Hammer":34,"Art of War":19,"InkBottle":97,"Ring of the Snake":0,"Meat on the Bone":97}],"InkBottle":[28],"Ring of the Snake":[52],"Meat on the Bone":12},"card_choices":[{"not_picked":["Panache","Metamorphosis"],"picked":"Sadistic Nature","floor":0.0},{"not_picked":["Deflect","Acrobatics"],"picked":"Bouncing Flask","floor":1.0},{"not_picked":["Backflip","Underhanded Strike","Grand Finale"],"picked":"SKIP","floor":2.0},{"not_picked":["Quick Slash","Dodge and Roll"],"picked":"Blade Dance","floor":4.0},{"not_picked":["Cloak And Dagger","Concentrate","Dodge and Roll"],"picked":"SKIP","floor":5.0},{"not_picked":["Cloak And Dagger","Acrobatics"],"picked":"Noxious Fumes","floor":7.0},{"not_picked":["Cloak And Dagger","Dodge and Roll"],"picked":"Backflip","floor":8.0},{"not_picked":["Bouncing Flask","Accuracy"],"picked":"Footwork","floor":12.0},{"not_picked":["Quick Slash","Infinite Blades"],"picked":"Crippling Poison","floor":14.0},{"not_picked":["Tools of the Trade","Unload"],"picked":"Adrenaline","floor":16.0},{"not_picked":["Finisher","Predator+1"],"picked":"Deflect","floor":18},{"not_picked":["Poisoned Stab","Tactician","Predator"],"picked":"SKIP","floor":19},{"not_picked":["Terror","Slice"],"picked":"PiercingWail","floor":22},{"not_picked":["Sucker Punch","Die Die Die","Prepared"],"picked":"SKIP","floor":24},{"not_picked":["Noxious Fumes","Terror"],"picked":"Crippling Poison","floor":27},{"not_picked":["Blade Dance","Expertise"],"picked":"Noxious Fumes","floor":28},{"not_picked":["Quick Slash","Blade Dance"],"picked":"Blur","floor":30},{"not_picked":["Cloak And Dagger","Prepared","Glass Knife"],"picked":"SKIP","floor":31},{"not_picked":["Unload","Adrenaline"],"picked":"Burst","floor":33},{"not_picked":["Dash+1","Bane"],"picked":"Footwork","floor":35},{"not_picked":["Riddle With Holes","Prepared+1"],"picked":"Acrobatics","floor":37},{"not_picked":["Deflect","Catalyst+1"],"picked":"Adrenaline","floor":40},{"not_picked":["Leg Sweep","Blade Dance"],"picked":"Acrobatics+1","floor":42},{"not_picked":["Cloak And Dagger","Underhanded Strike+1"],"picked":"Concentrate","floor":45},{"not_picked":["Heel Hook","Blade Dance"],"picked":"Well Laid Plans+1","floor":48}],"player_experience":651625,"relics_obtained":[{"floor":7.0,"key":"Ornamental Fan"},{"floor":9.0,"key":"Art of War"},{"floor":24,"key":"MealTicket"},{"floor":26,"key":"Ancient Tea Set"},{"floor":27,"key":"Vajra"},{"floor":30,"key":"Pear"},{"floor":40,"key":"Oddly Smooth Stone"},{"floor":42,"key":"Meat on the Bone"},{"floor":43,"key":"InkBottle"},{"floor":45,"key":"Frozen Egg 2"}],"event_choices":[{"cards_removed":["Strike_G"],"damage_healed":0.0,"max_hp_gain":0.0,"max_hp_loss":0.0,"gold_gain":0.0,"event_name":"Bonfire Elementals","player_choice":"Offered Basic","floor":3.0,"gold_loss":0.0,"damage_taken":0.0},{"damage_healed":0,"gold_gain":0,"player_choice":"Bought 0 Potions","damage_taken":0,"max_hp_gain":0,"max_hp_loss":0,"event_name":"The Woman in Blue","floor":29,"gold_loss":0},{"cards_removed":["Strike_G"],"damage_healed":0,"gold_gain":0,"player_choice":"Removed Attack","damage_taken":0,"max_hp_gain":0,"max_hp_loss":0,"event_name":"Falling","floor":38,"gold_loss":0},{"damage_healed":0,"gold_gain":275,"player_choice":"Desecrate","damage_taken":0,"max_hp_gain":0,"max_hp_loss":0,"event_name":"Golden Shrine","floor":39,"gold_loss":0,"cards_obtained":["Regret"]}],"is_beta":false,"boss_relics":[{"not_picked":["Ectoplasm","Ring of the Serpent"],"picked":"Fusion Hammer"},{"not_picked":["Sozu","SacredBark"],"picked":"Cursed Key"}],"items_purged_floors":[20,46],"is_endless":false,"potions_floor_spawned":[2,5,12,22,24,27,28,42,45],"ascension_level":20}}