{"host":"5dk97cf2ubw2v967","time":1613782151,"event":{"mods":["AlwaysNeverKeys","BaseMod","Better Altar","Better Vampires","Block Reminder","Card Filter","Colored Powertips","Downfall","Googly Eyes","Highlight Path","Minty Spire (QoL Compilation)","Permanent Neow","Potion Indicator Mod","Quick Restart","Relic Filter","Relic Stats","Say the Spire","Spicy Shops","StSLib","Waifu the Spire","everything is the same but u backflip on backflip"],"gold_per_floor":[116,167,167,180,196,196,227,245,269,269,301,376,13,27,27,104,104,104,64,64,64,64,64,64,64,64,64,64,64,64,10,10,10,10],"floor_reached":33,"language":"ENG","playtime":1041,"items_purged":[],"score":558,"play_id":"df11fd95-f36a-46b8-bf88-f77853cb6991","local_time":"20210220004911","is_ascension_mode":true,"campfire_choices":[{"data":"1","floor":6.0,"key":"LIFT"},{"data":"2","floor":10.0,"key":"LIFT"},{"data":"3","floor":15.0,"key":"LIFT"},{"floor":25.0,"key":"REST"},{"floor":30.0,"key":"REST"},{"data":"Heavy Blade","floor":32.0,"key":"SMITH"}],"circlet_count":0,"master_deck":["AscendersBane","Strike_R","Strike_R","Strike_R","Strike_R","Strike_R","Defend_R","Defend_R","Defend_R+1","Defend_R+1","Bash","Twin Strike","Thunderclap","Pommel Strike","Shockwave","Heavy Blade+1","Brutality","Flash of Steel","Double Tap","Sword Boomerang","Twin Strike","Flame Barrier","Metallicize","Shrug It Off+1","Burning Pact+1","Shrug It Off"],"relics":["Burning Blood","Girya","Bronze Scales","Omamori","War Paint","Bag of Preparation","White Beast Statue","Ectoplasm","MawBank","Centennial Puzzle"],"acts_visited":["Exordium","TheCity"],"potions_floor_usage":[],"damage_taken":[{"damage":3.0,"enemies":"Cultist","floor":1.0,"turns":3.0},{"damage":6.0,"enemies":"Jaw Worm","floor":4.0,"turns":3.0},{"damage":6.0,"enemies":"2 Louse","floor":5.0,"turns":3.0},{"damage":22.0,"enemies":"3 Sentries","floor":7.0,"turns":4.0},{"damage":4.0,"enemies":"Exordium Wildlife","floor":8.0,"turns":3.0},{"damage":32.0,"enemies":"Gremlin Nob","floor":11.0,"turns":4.0},{"damage":3.0,"enemies":"Looter","floor":14.0,"turns":2.0},{"damage":25.0,"enemies":"Hexaghost","floor":16.0,"turns":6.0},{"damage":6.0,"enemies":"Chosen","floor":18.0,"turns":3.0},{"damage":16.0,"enemies":"2 Thieves","floor":19.0,"turns":3.0},{"damage":22.0,"enemies":"Snake Plant","floor":20.0,"turns":3.0},{"damage":7.0,"enemies":"Centurion and Healer","floor":21.0,"turns":5.0},{"damage":25.0,"enemies":"Gremlin Leader","floor":23.0,"turns":5.0},{"damage":18.0,"enemies":"Snecko","floor":27.0,"turns":3.0},{"damage":7.0,"enemies":"3 Cultists","floor":28.0,"turns":4.0},{"damage":9.0,"enemies":"Centurion and Healer","floor":29.0,"turns":4.0},{"damage":0,"enemies":"Automaton","floor":33,"turns":1}],"seed_played":"-2570898778853286923","potions_obtained":[{"floor":3.0,"key":"Weak Potion"},{"floor":3.0,"key":"ColorlessPotion"},{"floor":4.0,"key":"GamblersBrew"},{"floor":7.0,"key":"BlessingOfTheForge"},{"floor":11.0,"key":"BloodPotion"},{"floor":14.0,"key":"SteroidPotion"},{"floor":16.0,"key":"Weak Potion"},{"floor":18.0,"key":"Dexterity Potion"},{"floor":19.0,"key":"Ancient Potion"},{"floor":20.0,"key":"SpeedPotion"},{"floor":21.0,"key":"PowerPotion"},{"floor":23.0,"key":"hexamod:SoulburnPotion"},{"floor":27.0,"key":"Guardian:BlockOnCardUsePotion"},{"floor":28.0,"key":"SpeedPotion"},{"floor":29.0,"key":"Slimebound:ThreeZeroPotion"}],"is_trial":false,"path_per_floor":["M","T","?","M","M","R","E","M","T","R","E","?","$","M","R","B",null,"M","M","M","M","?","E","?","R","T","M","M","M","R","$","R","B"],"character_chosen":"IRONCLAD","items_purchased":["White Beast Statue","Flash of Steel","Shrug It Off"],"campfire_rested":2,"item_purchase_floors":[13,13,31],"current_hp_per_floor":[71,71,71,71,71,71,55,57,57,57,31,20,20,23,23,19,61,61,51,35,34,34,15,15,37,37,25,24,21,43,43,43,43,43],"gold":10,"neow_bonus":"ONE_RARE_RELIC","is_daily":false,"chose_seed":false,"campfire_upgraded":1,"win_rate":0.0,"timestamp":1613782151,"path_taken":["M","?","?","?","M","R","E","M","T","R","E","?","$","M","R","BOSS","M","M","M","M","?","E","?","R","T","M","M","M","R","$","R","BOSS"],"items_purchased_type":["Relic","Card","Card"],"build_version":"2020-12-22","purchased_purges":0,"victory":false,"max_hp_per_floor":[75,75,75,75,75,75,75,75,75,75,75,75,75,75,75,75,75,75,75,75,75,75,75,75,75,75,75,75,75,75,75,75,75,75],"relic_stats":{"Centennial Puzzle":[9],"counters":[17,58],"Bronze Scales":[117],"Ectoplasm":310,"Bag of Preparation":[20],"War Paint":["Defend_R","Defend_R"],"MawBank":0,"obtain_stats":[{"Girya":0,"Centennial Puzzle":26,"Bronze Scales":2,"Ectoplasm":17,"Omamori":7,"Bag of Preparation":11,"War Paint":9,"MawBank":23,"Burning Blood":0,"White Beast Statue":13},{"Girya":0,"Centennial Puzzle":13,"Bronze Scales":1,"Ectoplasm":8,"Omamori":4,"Bag of Preparation":6,"War Paint":5,"MawBank":13,"Burning Blood":0,"White Beast Statue":6},{"Girya":0,"Centennial Puzzle":47,"Bronze Scales":3,"Ectoplasm":28,"Omamori":13,"Bag of Preparation":20,"War Paint":16,"MawBank":47,"Burning Blood":0,"White Beast Statue":20}],"Burning Blood":96},"card_choices":[{"not_picked":["Clothesline","Flex"],"picked":"Twin Strike","floor":1.0},{"not_picked":["Flex","Corruption"],"picked":"Thunderclap","floor":4.0},{"not_picked":["Clash","Armaments"],"picked":"Pommel Strike","floor":5.0},{"not_picked":["Burning Pact","Clash"],"picked":"Shockwave","floor":7.0},{"not_picked":["Wild Strike","Carnage"],"picked":"Heavy Blade","floor":8.0},{"not_picked":["True Grit","Thunderclap"],"picked":"Brutality","floor":11.0},{"not_picked":["Body Slam","Sentinel","Entrench"],"picked":"SKIP","floor":14.0},{"not_picked":["Exhume","Demon Form"],"picked":"Double Tap","floor":16.0},{"not_picked":["Wild Strike","Rage"],"picked":"Sword Boomerang","floor":18.0},{"not_picked":["Armaments","Pommel Strike"],"picked":"Twin Strike","floor":19.0},{"not_picked":["Infernal Blade","Entrench"],"picked":"Flame Barrier","floor":20.0},{"not_picked":["Bludgeon","Anger","Whirlwind"],"picked":"SKIP","floor":21.0},{"not_picked":["Hemokinesis","Intimidate"],"picked":"Metallicize","floor":23.0},{"not_picked":["Cleave","Iron Wave+1"],"picked":"Shrug It Off+1","floor":27.0},{"not_picked":["Flex","Anger","Sever Soul"],"picked":"SKIP","floor":28.0},{"not_picked":["Flex","Iron Wave+1"],"picked":"Burning Pact+1","floor":29.0}],"player_experience":1337251,"relics_obtained":[{"floor":2.0,"key":"Bronze Scales"},{"floor":7.0,"key":"Omamori"},{"floor":9.0,"key":"War Paint"},{"floor":11.0,"key":"Bag of Preparation"},{"floor":23.0,"key":"MawBank"},{"floor":26.0,"key":"Centennial Puzzle"}],"event_choices":[{"damage_healed":0.0,"max_hp_gain":0.0,"max_hp_loss":0.0,"gold_gain":0.0,"event_name":"Lab","player_choice":"Got Potions","floor":3.0,"gold_loss":0.0,"damage_taken":0.0},{"damage_healed":0.0,"max_hp_gain":0.0,"max_hp_loss":0.0,"gold_gain":75.0,"event_name":"World of Goop","player_choice":"Gather Gold","floor":12.0,"gold_loss":0.0,"damage_taken":11.0},{"cards_removed":["Shame"],"damage_healed":0.0,"max_hp_gain":0.0,"max_hp_loss":0.0,"gold_gain":0.0,"event_name":"Back to Basics","player_choice":"Elegance","floor":22.0,"gold_loss":0.0,"damage_taken":0.0},{"damage_healed":0.0,"max_hp_gain":0.0,"max_hp_loss":0.0,"gold_gain":0.0,"event_name":"Vampires","player_choice":"Ignored","floor":24.0,"gold_loss":0.0,"damage_taken":0.0}],"is_beta":false,"boss_relics":[{"not_picked":["SlaversCollar","Runic Dome"],"picked":"Ectoplasm"}],"items_purged_floors":[],"is_endless":false,"potions_floor_spawned":[4,7,11,14,16,18,19,20,21,23,27,28,29],"killed_by":"Automaton","ascension_level":20}}