{"host":"am9dcwhv7hq2nlsk","time":1613827002,"event":{"mods":["ATMod(°¢èªMod)","AchievementEnabler","Act Like it!","Aspiration","BaseMod","BetterRewards","Conspire","Custom Start","Dota2Spire","Marisa£¨ìFÓê¡¡Ä§ÀíÉ³£©","Minty Spire (QoL Compilation)","Reimu£¨²©ÀöÁéÃÎ£©","Remilia£¨ÀÙÃ×ÀòÑÇ£©","Replay The Spire","RumiaBox-Â¶Ã×æ«µÄÉñÃØºÐ×Ó","Shop Mod","Spicy Shops","StSLib","TestMod","The Cursed","The Hierophant","UnlockEverythingMod","[IsaacMod]ÒÔÈö¼âËþ","noobMod","¡¾ÒÅÎï¿¨ÅÆ¡¿REMEMod","óô»ðÖ¸ÄÏ"],"gold_per_floor":[115,115,136,8,8,49,49,82,163,181,181,204,129,153,153,251,251,276,2,2,2,402,422,453,453,453,181,221,244,263,297,297,395,395,415,438,491,117,185,185,185,185,185,219,235,268,268,286,286,286,286,286,286,47,81,81],"floor_reached":57,"language":"ZHS","playtime":3670,"items_purged":["Defend_G","Strike_G","Strike_G"],"score":2977,"play_id":"a7b9926e-8b7f-4fa8-9d4b-60a2edf646ff","local_time":"20210220211642","is_ascension_mode":true,"campfire_choices":[{"data":"AT_FamilyPortrait","floor":7.0,"key":"SMITH"},{"data":"AT_FocusSwordFire","floor":15.0,"key":"SMITH"},{"data":"Cloak And Dagger","floor":25.0,"key":"SMITH"},{"data":"AT_WomanClash","floor":32.0,"key":"SMITH"},{"data":"AT_FamilyPortrait","floor":40.0,"key":"SMITH"},{"data":"Envenom","floor":42.0,"key":"SMITH"},{"floor":47.0,"key":"RECALL"},{"data":"Defend_G","floor":49.0,"key":"PURGE"},{"data":"Neutralize","floor":53.0,"key":"SMITH"}],"circlet_count":0,"master_deck":["AscendersBane","Strike_G+1","Strike_G+1","Defend_G","Defend_G","Defend_G","Survivor","Neutralize+1","AT_FamilyPortrait+1","Blade Dance","Noxious Fumes","Strike_G","AT_FocusSwordFire+1","Hidden Blade","AT_WomanClash+1","After Image","Cloak And Dagger+1","conspire:DoublingDagger","Corpse Explosion","AT_FamilyPortrait+1","Envenom+1","Footwork"],"relics":["Ring of the Snake","testmod-TestBox","HushsDoor","REME_ComplimentaryCards","AT_ATBox","ice","testmod-SaigiyounoYou","GuppysTail","Golden Idol","REME_CardOfGreed","aspiration:FetidBarrel","conspire:DeflatedDodgeball","Coffee Dripper","CrazyTorch:ReiMu","testmod-Justice","TuHaoJin","Simple Rune","AnarchistCookbook","Replay:Wax Seal","Dota2Spire:Bloodstone","Art of War","Toy Ornithopter","Sling","CatCart","Paper Crane","UnicornStump","Mastiff:ReiMu","Dota2Spire:DrumOfEndurance","testmod-RealStoneCalender"],"acts_visited":["Exordium","TheCity","TheBeyond","TheEnding"],"potions_floor_usage":[56,56],"damage_taken":[{"damage":0.0,"enemies":"2 Louse","floor":1.0,"turns":1.0},{"damage":0.0,"enemies":"Jaw Worm","floor":3.0,"turns":1.0},{"damage":0.0,"enemies":"Lagavulin","floor":6.0,"turns":1.0},{"damage":4.0,"enemies":"3 Sentries","floor":8.0,"turns":3.0},{"damage":0.0,"enemies":"Small Slimes","floor":10.0,"turns":2.0},{"damage":8.0,"enemies":"Blue Slaver","floor":12.0,"turns":5.0},{"damage":0.0,"enemies":"Large Slime","floor":14.0,"turns":4.0},{"damage":51.0,"enemies":"Fading Forest","floor":16.0,"turns":13.0},{"damage":7.0,"enemies":"Chosen","floor":18.0,"turns":4.0},{"damage":13.0,"enemies":"Spheric Guardian","floor":23.0,"turns":4.0},{"damage":0.0,"enemies":"conspire:SneckoGhost","floor":24.0,"turns":4.0},{"damage":3.0,"enemies":"Gremlin Leader","floor":28.0,"turns":3.0},{"damage":8.0,"enemies":"Cultist and Chosen","floor":29.0,"turns":4.0},{"damage":0.0,"enemies":"Shelled Parasite and Fungi","floor":30.0,"turns":2.0},{"damage":3.0,"enemies":"REME_1_Revenger","floor":31.0,"turns":4.0},{"damage":6.0,"enemies":"Collector","floor":33.0,"turns":6.0},{"damage":0.0,"enemies":"Orb Walker","floor":35.0,"turns":2.0},{"damage":0.0,"enemies":"3 Shapes","floor":36.0,"turns":3.0},{"damage":6.0,"enemies":"conspire:MimicChest","floor":37.0,"turns":5.0},{"damage":0.0,"enemies":"Orin","floor":39.0,"turns":7.0},{"damage":0.0,"enemies":"R_Hoarder","floor":44.0,"turns":6.0},{"damage":0.0,"enemies":"Sphere and 2 Shapes","floor":45.0,"turns":2.0},{"damage":22.0,"enemies":"Nemesis","floor":46.0,"turns":5.0},{"damage":19.0,"enemies":"Spire Growth","floor":48.0,"turns":3.0},{"damage":16.0,"enemies":"Donu and Deca","floor":50.0,"turns":5.0},{"damage":56.0,"enemies":"Awakened One","floor":51.0,"turns":7.0},{"damage":18.0,"enemies":"Shield and Spear","floor":55.0,"turns":5.0},{"damage":83,"enemies":"The Heart","floor":56,"turns":8}],"seed_played":"1603164650254088484","potions_obtained":[{"floor":3.0,"key":"Poison Potion"},{"floor":6.0,"key":"Toxic Potion"},{"floor":10.0,"key":"CultistPotion"},{"floor":14.0,"key":"Weak Potion"},{"floor":23.0,"key":"Dota2Spire:HealingSalve"},{"floor":31.0,"key":"Block Potion"},{"floor":45.0,"key":"Poison Potion"}],"is_trial":false,"path_per_floor":["M","?","M","$","?","E","R","E","T","M","?","M","$","M","R","B",null,"M","$","?","?","?","M","E","R","T","$","E","M","M","E","R","B",null,"M","M","?","$","?","R","?","R","T","E","M","E","R","M","R","B","B",null,"R","$","E","B",null],"character_chosen":"THE_SILENT","items_purchased":["REME_CardOfGreed","Noxious Fumes","CrazyTorch:ReiMu","Simple Rune","AT_FamilyPortrait","Toy Ornithopter","Sling","Dota2Spire:DrumOfEndurance","Footwork"],"campfire_rested":0,"item_purchase_floors":[4,4,19,27,34,38,38,54,54],"current_hp_per_floor":[61,38,39,39,39,40,40,56,56,65,58,66,66,66,66,50,62,66,66,62,62,62,54,66,66,66,66,66,66,66,66,66,66,61,61,61,59,59,61,61,58,58,58,58,58,51,51,58,58,58,58,58,58,58,54,8],"gold":81,"neow_bonus":"THREE_ENEMY_KILL","is_daily":false,"chose_seed":false,"campfire_upgraded":7,"win_rate":0.0,"timestamp":1613827002,"path_taken":["M","?","M","$","?","E","R","E","T","M","?","M","$","M","R","BOSS","M","$","?","?","?","M","E","R","T","?","E","M","M","E","R","BOSS","M","M","?","$","?","R","?","R","T","E","M","E","R","M","R","BOSS","BOSS","R","$","E","BOSS"],"items_purchased_type":["Relic","Card","Relic","Relic","Card","Relic","Relic","Relic","Card"],"build_version":"2020-12-22","purchased_purges":3,"victory":true,"max_hp_per_floor":[66,66,66,66,66,66,66,66,66,66,66,66,66,66,66,66,66,66,66,66,66,66,66,66,66,66,66,66,66,66,66,66,66,61,61,61,61,61,61,61,58,58,58,58,58,58,58,58,58,58,58,58,58,58,58,58],"card_choices":[{"not_picked":["ReplayTheSpireMod:Scrap Shanks","Deflect"],"picked":"Blade Dance","floor":1.0},{"not_picked":["Caltrops","Dagger Throw","Choke"],"picked":"SKIP","floor":3.0},{"not_picked":["A Thousand Cuts","Acrobatics","AT_WindFlip"],"picked":"SKIP","floor":6.0},{"not_picked":["Poisoned Stab","Tools of the Trade"],"picked":"AT_FocusSwordFire","floor":8.0},{"not_picked":["Deflect","Flying Knee","Deadly Poison"],"picked":"SKIP","floor":10.0},{"not_picked":["Well Laid Plans","Flying Knee"],"picked":"Hidden Blade","floor":12.0},{"not_picked":["Backflip","Poisoned Stab"],"picked":"AT_WomanClash","floor":14.0},{"not_picked":["Adrenaline","Burst"],"picked":"After Image","floor":16.0},{"not_picked":["Noxious Fumes","Deadly Poison","Dodge and Roll"],"picked":"SKIP","floor":18.0},{"not_picked":["Dodge and Roll","Outmaneuver"],"picked":"Cloak And Dagger","floor":23.0},{"not_picked":["Draining Mist","AT_WindFlip","Sucker Punch"],"picked":"SKIP","floor":24.0},{"not_picked":["Slice","Night Terror","Dagger Spray"],"picked":"SKIP","floor":28.0},{"not_picked":["Deadly Poison","AT_KneejerkReflex"],"picked":"conspire:DoublingDagger","floor":29.0},{"not_picked":["Blade Dance","Slice","Blur"],"picked":"SKIP","floor":30.0},{"not_picked":["Reflex","REME_LeechingPoison","Riddle With Holes"],"picked":"SKIP","floor":31.0},{"not_picked":["REME_LeechingPoison","Poison Darts"],"picked":"Corpse Explosion","floor":33.0},{"not_picked":["Deadly Poison","Outmaneuver+1","Flechettes"],"picked":"SKIP","floor":35.0},{"not_picked":["Skewer","Blade Dance","Cloak And Dagger"],"picked":"SKIP","floor":36.0},{"not_picked":["Dagger Throw+1","Replay:Poison Smokescreen"],"picked":"Envenom","floor":39.0},{"not_picked":["Slice","Poisoned Stab+1","Well Laid Plans+1"],"picked":"SKIP","floor":44.0},{"not_picked":["Dagger Spray","Eviscerate+1","Poisoned Stab"],"picked":"SKIP","floor":45.0},{"not_picked":["Underhanded Strike","AT_KneejerkReflex","AT_TwilightShroud"],"picked":"SKIP","floor":46.0},{"not_picked":["PiercingWail","REME_GreenPollution","Deadly Poison"],"picked":"SKIP","floor":48.0},{"not_picked":["Prepared","Leg Sweep","Draining Mist"],"picked":"SKIP","floor":55.0}],"player_experience":546867,"relics_obtained":[{"floor":6.0,"key":"aspiration:FetidBarrel"},{"floor":8.0,"key":"conspire:DeflatedDodgeball"},{"floor":24.0,"key":"testmod-Justice"},{"floor":26.0,"key":"TuHaoJin"},{"floor":28.0,"key":"AnarchistCookbook"},{"floor":31.0,"key":"Replay:Wax Seal"},{"floor":37.0,"key":"Art of War"},{"floor":39.0,"key":"CatCart"},{"floor":43.0,"key":"Paper Crane"},{"floor":44.0,"key":"UnicornStump"},{"floor":46.0,"key":"Mastiff:ReiMu"},{"floor":55.0,"key":"testmod-RealStoneCalender"}],"event_choices":[{"damage_healed":0.0,"max_hp_gain":0.0,"max_hp_loss":0.0,"gold_gain":0.0,"event_name":"Golden Idol","player_choice":"Take Damage","floor":2.0,"gold_loss":0.0,"damage_taken":23.0,"relics_obtained":["Golden Idol"]},{"cards_removed":["Strike_G"],"damage_healed":0.0,"max_hp_gain":0.0,"max_hp_loss":0.0,"gold_gain":0.0,"event_name":"Golden Wing","player_choice":"Card Removal","floor":11.0,"gold_loss":0.0,"damage_taken":7.0},{"damage_healed":0.0,"max_hp_gain":0.0,"max_hp_loss":0.0,"gold_gain":0.0,"event_name":"conspire:Investor","player_choice":"Leave","floor":20.0,"gold_loss":0.0,"damage_taken":0.0},{"damage_healed":0.0,"max_hp_gain":0.0,"max_hp_loss":0.0,"gold_gain":0.0,"event_name":"Vampires","player_choice":"Ignored","floor":21.0,"gold_loss":0.0,"damage_taken":0.0},{"damage_healed":0.0,"max_hp_gain":0.0,"max_hp_loss":0.0,"gold_gain":400.0,"event_name":"¶÷ÂåË¹µÄÅÌ×Ó","player_choice":"Sell","floor":22.0,"relics_lost":["NeowsBlessing"],"gold_loss":0.0,"damage_taken":0.0},{"damage_healed":0.0,"max_hp_gain":0.0,"max_hp_loss":0.0,"gold_gain":0.0,"event_name":"OrinTheCat","player_choice":"Fight","floor":39.0,"gold_loss":0.0,"damage_taken":0.0},{"damage_healed":0.0,"max_hp_gain":0.0,"max_hp_loss":3.0,"gold_gain":0.0,"event_name":"Winding Halls","player_choice":"Max HP","floor":41.0,"gold_loss":0.0,"damage_taken":0.0}],"is_beta":false,"boss_relics":[{"not_picked":["Runic Dome","Abe\u0027s Treasure"],"picked":"Coffee Dripper"},{"not_picked":[]},{"not_picked":["conspire:SeveredTorchhead","Painkiller Herb"],"picked":"Dota2Spire:Bloodstone"},{"not_picked":[]}],"items_purged_floors":[13,27,38],"is_endless":false,"potions_floor_spawned":[3,6,10,14,16,23,28,30,31,36,44,45,48,55],"ascension_level":20}}