{"host":"iv24d026eac8pm4e","time":1613865190,"event":{"mods":["BaseMod","Minty Spire (QoL Compilation)"],"gold_per_floor":[109,51,67,77,2,2,22,37,90,90,108,108,108,140,140,219,219,234,249,249,249,274,303,322,322,322,322,341,351,351,34,34,108,108,119,137,37,37,50,50,50,50],"floor_reached":41,"language":"ENG","playtime":2382,"items_purged":["Shame","Injury"],"score":926,"play_id":"89a1ba7a-6d1d-4e56-86b9-ee4c47a43eb9","local_time":"20210220155310","is_ascension_mode":true,"campfire_choices":[{"data":"Apotheosis","floor":6,"key":"SMITH"},{"floor":10,"key":"REST"},{"floor":12,"key":"REST"},{"data":"Tools of the Trade","floor":15,"key":"SMITH"},{"floor":25,"key":"REST"},{"data":"Envenom","floor":27,"key":"SMITH"},{"data":"Noxious Fumes","floor":32,"key":"SMITH"},{"floor":40,"key":"REST"}],"circlet_count":0,"master_deck":["AscendersBane","Strike_G","Strike_G","Strike_G","Defend_G","Defend_G","Defend_G","Defend_G","Defend_G","Survivor","Neutralize","Apotheosis+1","Footwork","Blade Dance","PiercingWail","Leg Sweep","Tools of the Trade+1","Blade Dance","Terror","Reflex","Envenom+1","Finisher","Injury","Corpse Explosion","Eviscerate","Terror","Noxious Fumes+1","Bullet Time","Infinite Blades","Setup+1"],"relics":["Ring of the Snake","Tiny Chest","Potion Belt","Cursed Key","Lantern","Nloth\u0027s Gift","Art of War","Anchor","Eternal Feather","Bag of Marbles","Runic Pyramid"],"acts_visited":["Exordium","TheCity","TheBeyond"],"potions_floor_usage":[14,18,18,23,33,38,38],"damage_taken":[{"damage":8,"enemies":"Small Slimes","floor":1,"turns":5},{"damage":7,"enemies":"2 Louse","floor":3,"turns":4},{"damage":3,"enemies":"Cultist","floor":4,"turns":5},{"damage":11,"enemies":"Exordium Wildlife","floor":7,"turns":6},{"damage":8,"enemies":"Large Slime","floor":8,"turns":7},{"damage":6,"enemies":"3 Louse","floor":11,"turns":5},{"damage":0,"enemies":"3 Sentries","floor":14,"turns":10},{"damage":1,"enemies":"The Guardian","floor":16,"turns":14},{"damage":0,"enemies":"Spheric Guardian","floor":18,"turns":6},{"damage":0,"enemies":"3 Byrds","floor":19,"turns":6},{"damage":0,"enemies":"Gremlin Leader","floor":23,"turns":6},{"damage":49,"enemies":"Sentry and Sphere","floor":24,"turns":9},{"damage":0,"enemies":"Centurion and Healer","floor":28,"turns":3},{"damage":7,"enemies":"Snecko","floor":29,"turns":5},{"damage":24,"enemies":"Champ","floor":33,"turns":12},{"damage":6,"enemies":"3 Shapes","floor":35,"turns":3},{"damage":34,"enemies":"Orb Walker","floor":36,"turns":4},{"damage":0,"enemies":"2 Orb Walkers","floor":38,"turns":3},{"damage":10,"enemies":"4 Shapes","floor":39,"turns":8},{"damage":59,"enemies":"Giant Head","floor":41,"turns":5}],"seed_played":"1426191084287313587","potions_obtained":[{"floor":3,"key":"LiquidMemories"},{"floor":14,"key":"Block Potion"},{"floor":16,"key":"Ancient Potion"},{"floor":19,"key":"Weak Potion"},{"floor":29,"key":"SkillPotion"},{"floor":33,"key":"SmokeBomb"},{"floor":35,"key":"SpeedPotion"},{"floor":36,"key":"SteroidPotion"}],"is_trial":false,"path_per_floor":["M","$","M","M","?","R","M","M","T","R","M","R","?","E","R","B",null,"M","M","?","?","T","E","M","R","T","R","M","M","?","$","R","B",null,"M","M","$","?","M","R","E"],"character_chosen":"THE_SILENT","items_purchased":["Blade Dance","Bag of Marbles","Noxious Fumes"],"campfire_rested":4,"item_purchase_floors":[2,31,31],"current_hp_per_floor":[51,51,44,41,41,41,30,22,22,41,35,54,9,21,21,32,58,58,58,58,58,58,58,9,28,28,43,43,36,36,36,51,27,56,50,16,16,16,6,43,0,0],"gold":50,"neow_bonus":"RANDOM_COLORLESS_2","is_daily":false,"chose_seed":false,"campfire_upgraded":4,"win_rate":0.0,"timestamp":1613865190,"path_taken":["M","$","M","M","?","R","M","M","T","R","M","R","?","E","R","BOSS","M","M","?","?","?","E","M","R","T","R","M","?","?","$","R","BOSS","M","M","$","?","M","R","E"],"items_purchased_type":["Card","Relic","Card"],"build_version":"2020-12-22","purchased_purges":2,"victory":false,"max_hp_per_floor":[66,66,66,66,66,66,66,66,66,66,66,66,66,66,66,66,66,66,66,66,66,66,66,66,66,66,66,66,66,66,66,66,66,66,66,66,66,66,66,66,66,66],"card_choices":[{"not_picked":["Metamorphosis","Transmutation"],"picked":"Apotheosis","floor":0},{"not_picked":["Bane","Leg Sweep"],"picked":"Footwork","floor":1},{"not_picked":["Bane","Poisoned Stab"],"picked":"PiercingWail","floor":3},{"not_picked":["Deadly Poison","Cloak And Dagger"],"picked":"Leg Sweep","floor":4},{"not_picked":["Deflect","Catalyst"],"picked":"Tools of the Trade","floor":7},{"not_picked":["Heel Hook","All Out Attack"],"picked":"Blade Dance","floor":8},{"not_picked":["Sucker Punch","Prepared"],"picked":"Terror","floor":11},{"not_picked":["All Out Attack","Glass Knife"],"picked":"Reflex","floor":14},{"not_picked":["Storm of Steel","Unload"],"picked":"Envenom","floor":16},{"not_picked":["Dash","Caltrops"],"picked":"Finisher","floor":18},{"not_picked":["Sucker Punch","Acrobatics","Outmaneuver"],"picked":"SKIP","floor":19},{"not_picked":["Grand Finale","Bullet Time"],"picked":"Corpse Explosion","floor":23},{"not_picked":["Prepared","Deflect","Sucker Punch"],"picked":"SKIP","floor":24},{"not_picked":["All Out Attack","Cloak And Dagger","Deflect"],"picked":"SKIP","floor":28},{"not_picked":["Acrobatics","Die Die Die","Bane"],"picked":"SKIP","floor":29},{"not_picked":["Burst","Doppelganger"],"picked":"Bullet Time","floor":33},{"not_picked":["Blade Dance","Caltrops"],"picked":"Infinite Blades","floor":35},{"not_picked":["Acrobatics","Underhanded Strike"],"picked":"Setup+1","floor":36},{"not_picked":["Flying Knee","Dagger Spray","Cloak And Dagger"],"picked":"SKIP","floor":39}],"player_experience":2538269,"relics_obtained":[{"floor":9,"key":"Tiny Chest"},{"floor":14,"key":"Potion Belt"},{"floor":22,"key":"Art of War"},{"floor":23,"key":"Anchor"},{"floor":26,"key":"Eternal Feather"}],"event_choices":[{"cards_removed":["Decay"],"damage_healed":0,"gold_gain":0,"player_choice":"Card Removal","damage_taken":0,"max_hp_gain":0,"max_hp_loss":0,"event_name":"The Cleric","floor":5,"gold_loss":75},{"damage_healed":0,"gold_gain":0,"player_choice":"Success","damage_taken":45,"relics_obtained":["Meat on the Bone"],"max_hp_gain":0,"max_hp_loss":0,"event_name":"Scrap Ooze","floor":13,"gold_loss":0},{"damage_healed":0,"gold_gain":0,"player_choice":"Stole Relic","damage_taken":0,"relics_obtained":["Lantern"],"max_hp_gain":0,"max_hp_loss":0,"event_name":"Addict","floor":20,"gold_loss":0,"cards_obtained":["Shame"]},{"damage_healed":0,"gold_gain":0,"player_choice":"Traded Relic","damage_taken":0,"relics_obtained":["Nloth\u0027s Gift"],"max_hp_gain":0,"max_hp_loss":0,"event_name":"N\u0027loth","floor":21,"relics_lost":["Meat on the Bone"],"gold_loss":0},{"damage_healed":0,"gold_gain":0,"cards_transformed":["Strike_G","Strike_G"],"player_choice":"Became Test Subject","damage_taken":0,"max_hp_gain":0,"max_hp_loss":0,"event_name":"Drug Dealer","floor":30,"gold_loss":0,"cards_obtained":["Eviscerate","Terror"]},{"damage_healed":0,"gold_gain":0,"player_choice":"Fight","damage_taken":0,"max_hp_gain":0,"max_hp_loss":0,"event_name":"Mysterious Sphere","floor":38,"gold_loss":0}],"is_beta":false,"boss_relics":[{"not_picked":["Philosopher\u0027s Stone","Busted Crown"],"picked":"Cursed Key"},{"not_picked":["Black Star","Sozu"],"picked":"Runic Pyramid"}],"items_purged_floors":[31,37],"is_endless":false,"potions_floor_spawned":[3,14,16,19,29,33,35,36],"killed_by":"Giant Head","ascension_level":20}}