{"host":"bpr07pynnqpe5ded","time":1613829290,"event":{"mods":["2.2 Compatiblity","Aspiration","BaseMod","Better Note","Better Third Choice","BetterRewards","Downfall","Infinite Spire","Jorbs\u0027s Wanderer Trilogy","Minty Spire (QoL Compilation)","Replay The Spire","Shop Mod","StSLib","The Marked","??????REMEMod"],"gold_per_floor":[99,116,116,128,128,128,128,144,144,169,69,89,108,18,30,133,133,133,144,144,144,156,187,233,249,464,479,379,393,393,407,422,518,518,518,532,545,555,222,253,277,130,180,35,35,35,35],"floor_reached":45,"language":"ENG","playtime":2458,"items_purged":["bronze:Defend","bronze:Mutator+1"],"score":492,"play_id":"b2861605-ad05-4671-bef0-35f0985739cd","local_time":"20210220135450","is_ascension_mode":false,"campfire_choices":[{"data":"REME_BattleFury","floor":1,"key":"SMITH"},{"data":"bronze:ChosenStrike","floor":6,"key":"SMITH"},{"floor":9,"key":"RECALL"},{"data":"bronze:Strike","floor":11,"key":"SMITH"},{"data":"bronze:Strike","floor":18,"key":"SMITH"},{"floor":28,"key":"REST"},{"data":"bronze:Strike","floor":30,"key":"SMITH"}],"circlet_count":0,"master_deck":["bronze:Strike","bronze:Strike+1","bronze:Strike+1","bronze:Strike+1","bronze:Defend","bronze:Defend","bronze:Replicate","REME_BattleFury+1","bronze:ChosenStrike+1","bronze:TinkerersToolbox+1"],"relics":["bronze:BronzeCore","Bird Faced Urn","Golden Egg","downfall:HeartBlessingRed","Empty Cage","Nloth\u0027s Gift","StrikeDummy","downfall:HeartBlessingBlue","Coffee Dripper","Blue Candle","infinitespire:Eraser","Anchor","TheAbacus","CeramicFish","Medical Kit"],"acts_visited":["Exordium","TheCity","TheBeyond"],"potions_floor_usage":[8,14,14,23,26,29,33,40],"damage_taken":[{"damage":5,"enemies":"Jaw Worm","floor":2,"turns":4},{"damage":5,"enemies":"Small Slimes","floor":4,"turns":3},{"damage":0,"enemies":"Cultist","floor":5,"turns":1},{"damage":0,"enemies":"Lots of Slimes","floor":8,"turns":3},{"damage":18,"enemies":"Lagavulin","floor":10,"turns":4},{"damage":9,"enemies":"Blue Slaver","floor":12,"turns":3},{"damage":0,"enemies":"Large Slime","floor":13,"turns":3},{"damage":0,"enemies":"downfall:FleeingMerchant","floor":14,"turns":4},{"damage":5,"enemies":"3 Louse","floor":15,"turns":3},{"damage":36,"enemies":"DF_ARCHETYPE_STREAMLINE","floor":16,"turns":6},{"damage":10,"enemies":"3 Byrds","floor":19,"turns":4},{"damage":18,"enemies":"Shell Parasite","floor":22,"turns":3},{"damage":23,"enemies":"Slavers","floor":23,"turns":4},{"damage":10,"enemies":"Cultist and Chosen","floor":25,"turns":3},{"damage":5,"enemies":"downfall:FleeingMerchant","floor":26,"turns":4},{"damage":3,"enemies":"Snecko","floor":27,"turns":3},{"damage":0,"enemies":"Centurion and Healer","floor":29,"turns":2},{"damage":21,"enemies":"Shelled Parasite and Fungi","floor":31,"turns":3},{"damage":0,"enemies":"Sentry and Sphere","floor":32,"turns":2},{"damage":8,"enemies":"WA_ARCHETYPE_CALM","floor":33,"turns":4},{"damage":0,"enemies":"Orb Walker","floor":36,"turns":2},{"damage":25,"enemies":"3 Shapes","floor":37,"turns":3},{"damage":4,"enemies":"Sphere and 2 Shapes","floor":38,"turns":2},{"damage":17,"enemies":"Reptomancer","floor":40,"turns":4},{"damage":88,"enemies":"Nightmare","floor":45,"turns":8}],"seed_played":"-4050979290888008482","potions_obtained":[{"floor":2,"key":"Block Potion"},{"floor":10,"key":"SteroidPotion"},{"floor":13,"key":"Guardian:BlockOnCardUsePotion"},{"floor":16,"key":"bronze:CleanCodePotion"},{"floor":19,"key":"Energy Potion"},{"floor":25,"key":"FearPotion"},{"floor":27,"key":"bronze:BuildAFunctionPotion"},{"floor":32,"key":"sneckomod:MuddlingPotion"},{"floor":38,"key":"AttackPotion"}],"is_trial":false,"path_per_floor":["R","M","?","M","M","R","T","M","R","E","R","M","M","$","M","B",null,"R","M","?","?","M","E","T","M","$","M","R","M","R","M","M","B",null,"R","M","M","M","?","E","T","$","?","$","NM"],"character_chosen":"THE_AUTOMATON","items_purchased":["TheAbacus","Medical Kit"],"campfire_rested":1,"item_purchase_floors":[42,44],"current_hp_per_floor":[77,72,72,67,67,67,67,69,69,53,53,46,48,50,47,13,77,77,67,67,67,51,32,32,26,25,24,60,62,62,43,45,39,87,82,84,61,59,98,81,81,81,81,81,0,0,0],"gold":35,"neow_bonus":"TEN_PERCENT_HP_BONUS","is_daily":false,"chose_seed":false,"campfire_upgraded":5,"win_rate":0.0,"timestamp":1613829290,"path_taken":["R","M","?","M","M","R","T","M","R","E","R","M","M","$","M","BOSS","R","M","?","?","M","E","T","M","$","?","R","?","R","M","M","BOSS","R","M","M","M","?","E","T","$","?","?","NM"],"items_purchased_type":["Relic","Relic"],"build_version":"2020-12-22","purchased_purges":2,"victory":false,"max_hp_per_floor":[77,77,77,77,77,77,77,77,77,77,77,77,77,77,77,77,77,77,77,77,77,77,77,77,77,77,77,87,87,87,87,87,87,87,87,87,87,87,98,98,98,98,98,98,98,98,98],"card_choices":[{"not_picked":["bronze:DelayedGuard","bronze:ChildClass","bronze:Iterate"],"picked":"SKIP","floor":2},{"not_picked":["bronze:CutThrough","bronze:BronzeArmor","bronze:DelayedSlice"],"picked":"SKIP","floor":4},{"not_picked":["bronze:Allocate","bronze:Invalidate"],"picked":"bronze:ChosenStrike","floor":5},{"not_picked":["bronze:Constructor","bronze:WildBeam","bronze:Safeguard"],"picked":"SKIP","floor":8},{"not_picked":["bronze:ItsAFeature","bronze:ShipIt","bronze:FineTuning"],"picked":"SKIP","floor":10},{"not_picked":["bronze:OilSpill","bronze:Frontload","bronze:ChildClass"],"picked":"SKIP","floor":12},{"not_picked":["bronze:BitShift","bronze:Deprecate","bronze:Return"],"picked":"SKIP","floor":13},{"not_picked":["bronze:NullPointer","bronze:ForLoop","bronze:BronzeOrb"],"picked":"SKIP","floor":14},{"not_picked":["bronze:CloningBeam","bronze:Terminator","bronze:ShipIt"],"picked":"SKIP","floor":15},{"not_picked":["bronze:Format","bronze:SpaghettiCode"],"picked":"bronze:Mutator","floor":16},{"not_picked":["bronze:WildBeam+1","bronze:Branch+1","bronze:Safeguard"],"picked":"SKIP","floor":19},{"not_picked":["bronze:DarkDash+1","bronze:Mutator","bronze:ItsAFeature"],"picked":"SKIP","floor":22},{"not_picked":["bronze:DarkDash+1","bronze:Mutator","bronze:ItsAFeature"],"picked":"SKIP","floor":22},{"not_picked":["bronze:Flail","bronze:Overload","bronze:Separator"],"picked":"SKIP","floor":23},{"not_picked":["bronze:Overload","bronze:DigitalCarnage+1","bronze:Branch"],"picked":"SKIP","floor":25},{"not_picked":["bronze:MaxOutput","bronze:DelayedSlice","bronze:InfiniteBeams"],"picked":"SKIP","floor":26},{"not_picked":["bronze:DelayedSlice+1","bronze:ShipIt","bronze:Turbo"],"picked":"SKIP","floor":27},{"not_picked":["bronze:Shield","bronze:InfiniteBeams","bronze:FollowUp+1"],"picked":"SKIP","floor":29},{"not_picked":["bronze:ForLoop","bronze:Separator","bronze:Terminator"],"picked":"SKIP","floor":31},{"not_picked":["bronze:NullPointer","bronze:InfiniteBeams","bronze:Return"],"picked":"SKIP","floor":32},{"not_picked":["bronze:Break","bronze:FindAndReplace"],"picked":"bronze:TinkerersToolbox","floor":33},{"not_picked":["bronze:WhirlingStrike","bronze:ClassDefault+1","bronze:ThunderWave"],"picked":"SKIP","floor":36},{"not_picked":["bronze:Branch+1","bronze:BugBarrage+1","bronze:Shield+1"],"picked":"SKIP","floor":37},{"not_picked":["bronze:CloningBeam","bronze:OilSpill+1","bronze:Turbo"],"picked":"SKIP","floor":38},{"not_picked":["bronze:FollowUp","bronze:OilSpill","bronze:WhirlingStrike"],"picked":"SKIP","floor":40}],"player_experience":1173152,"relics_obtained":[{"floor":7,"key":"Bird Faced Urn"},{"floor":10,"key":"Golden Egg"},{"floor":23,"key":"StrikeDummy"},{"floor":40,"key":"infinitespire:Eraser"},{"floor":41,"key":"Anchor"},{"floor":43,"key":"CeramicFish"}],"event_choices":[{"cards_removed":["REME_BattleFury"],"damage_healed":0,"gold_gain":0,"player_choice":"Give","damage_taken":0,"max_hp_gain":0,"max_hp_loss":0,"event_name":"betterNote:BetterNote","floor":20,"gold_loss":0,"cards_obtained":["REME_EyeOfCthun"]}],"is_beta":false,"boss_relics":[{"not_picked":["Tiny House","aspiration:DefectSkillbook"],"picked":"Empty Cage"},{"not_picked":["Velvet Choker","Runic Pyramid"],"picked":"Coffee Dripper"}],"items_purged_floors":[14,26],"is_endless":false,"potions_floor_spawned":[2,10,13,16,19,25,27,32,38],"killed_by":"Nightmare","ascension_level":0}}