{"host":"g7sxcfouz24f0psv","time":1613854049,"event":{"mods":["Aspiration","BaseMod","Colored Powertips","Hermit","Highlight Path","Minty Spire (QoL Compilation)","Replay The Spire","StSLib","The Cursed","The Hierophant"],"gold_per_floor":[112,146,178,200,214,214,205,246,271,271,270,270,315,301,301,423,473,448,429,379,439,431,431,449,397,397],"floor_reached":25,"language":"ENG","playtime":2152,"items_purged":["hierophant:Defend_Hierophant"],"score":253,"play_id":"0a7609f4-7fbd-4bff-910c-99cb317ab39b","local_time":"20210220214729","is_ascension_mode":false,"campfire_choices":[{"data":"hierophant:ChurchCoffers","floor":6,"key":"SMITH"},{"floor":10,"key":"REST"},{"data":"hierophant:Charity","floor":12,"key":"SMITH"},{"data":"hierophant:AuricBeam","floor":15,"key":"SMITH"},{"floor":23,"key":"REST"}],"circlet_count":0,"master_deck":["hierophant:Strike_Hierophant","hierophant:Strike_Hierophant","hierophant:Strike_Hierophant","hierophant:Strike_Hierophant","hierophant:Punish","hierophant:Defend_Hierophant","hierophant:Defend_Hierophant","hierophant:Defend_Hierophant","hierophant:ChurchCoffers+1","hierophant:RustyCrate","hierophant:Doubloon+1","hierophant:Doubloon","hierophant:AuricShield","hierophant:AuricShield","hierophant:Doubloon","hierophant:CursedGold","hierophant:Doubloon","hierophant:Charity+1","hierophant:Doubloon","hierophant:ConvertCurrency","hierophant:RustyCrate","hierophant:Doubloon","hierophant:Doubloon","hierophant:Embezzle","hierophant:PristineSoul","Parasite","hierophant:AuricBeam+1","hierophant:Cornucopia","hierophant:HolyVerse","hierophant:OrnateJavelin","hierophant:RustyCrate","hierophant:Doubloon","hierophant:Doubloon"],"relics":["hierophant:PropheticMaskRelic","MealTicket","ReplayTheSpireMod:CursedCoin","Tiny House"],"acts_visited":["Exordium","TheCity"],"potions_floor_usage":[21],"damage_taken":[{"damage":1,"enemies":"Cultist","floor":1,"turns":3},{"damage":3,"enemies":"2 Louse","floor":2,"turns":2},{"damage":4,"enemies":"Small Slimes","floor":3,"turns":5},{"damage":4,"enemies":"Blue Slaver","floor":4,"turns":5},{"damage":1,"enemies":"Exordium Wildlife","floor":5,"turns":6},{"damage":26,"enemies":"Large Slime","floor":7,"turns":10},{"damage":10,"enemies":"Gremlin Gang","floor":8,"turns":4},{"damage":0,"enemies":"Blue Slaver","floor":11,"turns":4},{"damage":0,"enemies":"2 Fungi Beasts","floor":13,"turns":3},{"damage":38,"enemies":"Fading Forest","floor":16,"turns":11},{"damage":12,"enemies":"Shell Parasite","floor":18,"turns":6},{"damage":10,"enemies":"3 Byrds","floor":19,"turns":4},{"damage":26,"enemies":"Snecko","floor":21,"turns":6},{"damage":4,"enemies":"3 Cultists","floor":22,"turns":4},{"damage":37,"enemies":"Snake Plant","floor":24,"turns":5},{"damage":24,"enemies":"Sentry and Sphere","floor":25,"turns":3}],"seed_played":"947358037319205712","potions_obtained":[{"floor":2,"key":"BlessingOfTheForge"},{"floor":3,"key":"Venom Potion"},{"floor":4,"key":"Dexterity Potion"}],"is_trial":false,"path_per_floor":["M","M","M","M","M","R","M","M","T","R","M","R","M","$","R","B",null,"M","M","?","M","M","R","M","M"],"character_chosen":"HIEROPHANT","items_purchased":["ReplayTheSpireMod:CursedCoin","hierophant:PristineSoul","hierophant:AuricBeam"],"campfire_rested":2,"item_purchase_floors":[14,14,14],"current_hp_per_floor":[81,78,74,70,69,69,43,33,33,57,57,57,57,72,72,46,87,75,65,65,39,35,61,24,0,0],"gold":397,"neow_bonus":"TEN_PERCENT_HP_BONUS","is_daily":false,"chose_seed":false,"campfire_upgraded":3,"win_rate":0.0,"timestamp":1613854049,"path_taken":["M","M","M","M","M","R","?","M","T","R","M","R","M","$","R","BOSS","M","M","?","M","?","R","M","M"],"items_purchased_type":["Relic","Card","Card"],"build_version":"2020-12-22","purchased_purges":1,"victory":false,"max_hp_per_floor":[82,82,82,82,82,82,82,82,82,82,82,82,82,82,82,82,87,87,87,87,87,87,87,87,87,87],"card_choices":[{"not_picked":["hierophant:Patience","hierophant:PristineSoul"],"picked":"hierophant:RustyCrate","floor":1},{"not_picked":["hierophant:Encroach","hierophant:ThreeLashes"],"picked":"hierophant:AuricShield","floor":2},{"not_picked":["hierophant:DisplayOfPower","hierophant:FlamingChariot","hierophant:Community"],"picked":"SKIP","floor":3},{"not_picked":["hierophant:Smite","hierophant:AuricBeam"],"picked":"hierophant:AuricShield","floor":4},{"not_picked":["hierophant:RecallFunds","hierophant:Invocation"],"picked":"hierophant:CursedGold","floor":5},{"not_picked":["hierophant:Sermon","hierophant:Upheaval"],"picked":"hierophant:Charity","floor":7},{"not_picked":["hierophant:MorningPrayer","hierophant:OrnateBuckler"],"picked":"hierophant:ConvertCurrency","floor":8},{"not_picked":["hierophant:Anathema","hierophant:Purify"],"picked":"hierophant:RustyCrate","floor":11},{"not_picked":["hierophant:Purify","hierophant:FaithHealing"],"picked":"hierophant:Embezzle","floor":13},{"not_picked":["hierophant:Invocation","hierophant:Levitation"],"picked":"hierophant:Cornucopia","floor":16},{"not_picked":["hierophant:CursedGold","hierophant:HammerAndAnvil"],"picked":"hierophant:HolyVerse","floor":17},{"not_picked":["hierophant:ThreeLashes+1","hierophant:DisplayOfPower+1"],"picked":"hierophant:OrnateJavelin","floor":18},{"not_picked":["hierophant:FlamingChariot+1","hierophant:ArchangelShield","hierophant:RepressedViolence+1"],"picked":"SKIP","floor":19},{"not_picked":["hierophant:SealAway","hierophant:Prophecy","hierophant:DisplayOfPower+1"],"picked":"SKIP","floor":21},{"not_picked":["hierophant:DisplayOfPower","hierophant:Exaltation","hierophant:ThreeLashes"],"picked":"SKIP","floor":22},{"not_picked":["hierophant:Encroach+1","hierophant:FieryStrike+1"],"picked":"hierophant:RustyCrate","floor":24}],"player_experience":83127,"relics_obtained":[{"floor":9,"key":"MealTicket"}],"event_choices":[{"damage_healed":0,"gold_gain":0,"player_choice":"Bet on Murderer","damage_taken":0,"max_hp_gain":0,"max_hp_loss":0,"event_name":"The Joust","floor":20,"gold_loss":50}],"is_beta":false,"boss_relics":[{"not_picked":["Calling Bell","aspiration:RitualDagger"],"picked":"Tiny House"}],"items_purged_floors":[14],"is_endless":false,"potions_floor_spawned":[2,3,4,5,11,19,21],"killed_by":"Sentry and Sphere","ascension_level":0}}