{"host":"Pascal","time":1613864803,"event":{"mods":["BaseMod","Googly Eyes","Minty Spire (QoL Compilation)","Permanent Neow","Relic Stats","StSLib"],"gold_per_floor":[113,129,129,54,70,102,114,146,146,146,208,208,208,221,221,317,317,337,348,367,38,50,50,81,81,81,94,111,11,45,45,45,142,142,155,155,155,155,55,80,96,108,131,131,6,6,25,54,54,54,54,54,16,42,42,42],"floor_reached":55,"language":"ENG","playtime":5354,"items_purged":["Strike_R","Strike_R","Bash"],"score":968,"play_id":"bb1646c7-e43d-484f-9015-31c033df044d","local_time":"20210221004643","is_ascension_mode":true,"campfire_choices":[{"data":"Berserk","floor":10.0,"key":"SMITH"},{"floor":12.0,"key":"REST"},{"floor":15.0,"key":"REST"},{"data":"Whirlwind","floor":23.0,"key":"SMITH"},{"data":"Armaments","floor":25.0,"key":"SMITH"},{"data":"Seeing Red","floor":32,"key":"SMITH"},{"data":"Perfected Strike","floor":44,"key":"PURGE"},{"floor":46,"key":"RECALL"},{"data":"Strike_R","floor":49,"key":"PURGE"},{"data":"Strike_R","floor":52,"key":"PURGE"}],"circlet_count":0,"master_deck":["Strike_R","Defend_R","Defend_R","Defend_R","Defend_R","Inflame+1","Feed","Berserk+1","Whirlwind+1","Double Tap+1","Seeing Red+1","Secret Technique","Armaments+1","Battle Trance","CurseOfTheBell","Trip+1","Seeing Red","Inflame+1"],"relics":["Burning Blood","Ice Cream","Lantern","Torii","Pocketwatch","Du-Vu Doll","Gremlin Horn","Coffee Dripper","Molten Egg 2","The Courier","Calling Bell","Peace Pipe","Blood Vial","Pantograph","Potion Belt","War Paint","Lee\u0027s Waffle","Ornamental Fan","Pen Nib"],"acts_visited":["Exordium","TheCity","TheBeyond","TheEnding"],"potions_floor_usage":[40,50,55,55],"damage_taken":[{"damage":5.0,"enemies":"Small Slimes","floor":1.0,"turns":4.0},{"damage":1.0,"enemies":"Cultist","floor":2.0,"turns":3.0},{"damage":0.0,"enemies":"2 Louse","floor":5.0,"turns":2.0},{"damage":40.0,"enemies":"3 Sentries","floor":6.0,"turns":8.0},{"damage":7.0,"enemies":"Looter","floor":7.0,"turns":3.0},{"damage":5.0,"enemies":"Lagavulin","floor":8.0,"turns":5.0},{"damage":37.0,"enemies":"Lagavulin Event","floor":11.0,"turns":6.0},{"damage":8.0,"enemies":"Blue Slaver","floor":14.0,"turns":5.0},{"damage":13.0,"enemies":"The Guardian","floor":16.0,"turns":7.0},{"damage":8.0,"enemies":"Shell Parasite","floor":18.0,"turns":4.0},{"damage":12.0,"enemies":"2 Thieves","floor":19.0,"turns":3.0},{"damage":6.0,"enemies":"Sentry and Sphere","floor":20.0,"turns":3.0},{"damage":0.0,"enemies":"Cultist and Chosen","floor":22.0,"turns":2.0},{"damage":1.0,"enemies":"Book of Stabbing","floor":24.0,"turns":2.0},{"damage":17.0,"enemies":"Snake Plant","floor":27.0,"turns":3.0},{"damage":1.0,"enemies":"Snecko","floor":28.0,"turns":3.0},{"damage":26.0,"enemies":"Gremlin Leader","floor":30.0,"turns":3.0},{"damage":1,"enemies":"Automaton","floor":33,"turns":5},{"damage":38,"enemies":"Orb Walker","floor":35,"turns":5},{"damage":16,"enemies":"Reptomancer","floor":40,"turns":6},{"damage":21,"enemies":"3 Shapes","floor":41,"turns":2},{"damage":0,"enemies":"Spire Growth","floor":42,"turns":2},{"damage":7,"enemies":"Transient","floor":47,"turns":5},{"damage":1,"enemies":"Giant Head","floor":48,"turns":5},{"damage":87,"enemies":"Time Eater","floor":50,"turns":6},{"damage":47,"enemies":"Shield and Spear","floor":54,"turns":3},{"damage":69,"enemies":"The Heart","floor":55,"turns":3}],"seed_played":"5520908115922154577","potions_obtained":[{"floor":1.0,"key":"Fire Potion"},{"floor":6.0,"key":"FearPotion"},{"floor":7.0,"key":"Swift Potion"},{"floor":11.0,"key":"ElixirPotion"},{"floor":14.0,"key":"BlessingOfTheForge"},{"floor":19.0,"key":"DistilledChaos"},{"floor":20.0,"key":"Block Potion"},{"floor":27.0,"key":"Weak Potion"},{"floor":33,"key":"SpeedPotion"},{"floor":35,"key":"CultistPotion"},{"floor":47,"key":"DuplicationPotion"}],"is_trial":false,"path_per_floor":["M","M","?","$","M","E","M","E","T","R","?","R","?","M","R","B",null,"M","M","M","$","M","R","E","R","T","M","M","$","E","?","R","B",null,"M","?","?","?","$","E","M","M","T","R","$","R","M","E","R","B",null,"R","$","E","B"],"character_chosen":"IRONCLAD","items_purchased":["Inflame","Seeing Red","Secret Technique","Lee\u0027s Waffle","SpeedPotion"],"campfire_rested":2,"item_purchase_floors":[4,21,21,45,53],"current_hp_per_floor":[72,72,72,72,72,38,37,41,41,41,13,36,33,31,54,50,73,71,68,71,71,77,77,82,82,82,71,80,80,60,60,60,65,85,55,55,55,55,55,47,34,42,42,42,98,98,97,98,98,20,81,81,81,42,0,0],"gold":42,"neow_bonus":"ONE_RARE_RELIC","is_daily":false,"chose_seed":false,"campfire_upgraded":4,"win_rate":0.0,"timestamp":1613864803,"path_taken":["M","M","?","$","?","E","M","E","T","R","?","R","?","M","R","BOSS","M","M","M","$","M","R","E","R","T","M","M","$","E","?","R","BOSS","M","?","?","?","$","E","M","?","T","R","$","R","M","E","R","BOSS","R","$","E","BOSS"],"items_purchased_type":["Card","Card","Card","Relic","Potion"],"build_version":"2020-12-18","purchased_purges":3,"victory":false,"max_hp_per_floor":[72,72,72,72,72,72,72,75,75,75,78,78,78,78,78,81,81,81,84,87,87,87,87,87,87,87,87,91,91,91,91,91,91,91,91,91,91,91,91,91,91,91,91,91,98,98,98,98,98,101,101,101,101,101,101,101],"relic_stats":{"Lee\u0027s Waffle":56,"Torii":30,"Gremlin Horn":[13,13],"counters":[27,108],"Pen Nib":[0],"War Paint":["Trip","Double Tap"],"Burning Blood":139,"Peace Pipe":3,"Blood Vial":13,"Ornamental Fan":[0],"Pantograph":25,"obtain_stats":[{"Ice Cream":0,"Potion Belt":40,"Lantern":6,"Lee\u0027s Waffle":45,"Torii":8,"Gremlin Horn":13,"The Courier":30,"Pen Nib":54,"War Paint":43,"Burning Blood":0,"Du-Vu Doll":11,"Calling Bell":34,"Peace Pipe":34,"Blood Vial":34,"Ornamental Fan":48,"Pantograph":34,"Molten Egg 2":24,"Coffee Dripper":17,"Pocketwatch":9},{"Ice Cream":0,"Potion Belt":20,"Lantern":4,"Lee\u0027s Waffle":22,"Torii":6,"Gremlin Horn":7,"The Courier":17,"Pen Nib":26,"War Paint":22,"Burning Blood":0,"Du-Vu Doll":7,"Calling Bell":18,"Peace Pipe":18,"Blood Vial":18,"Ornamental Fan":24,"Pantograph":18,"Molten Egg 2":14,"Coffee Dripper":9,"Pocketwatch":6},{"Ice Cream":0,"Potion Belt":82,"Lantern":17,"Lee\u0027s Waffle":86,"Torii":25,"Gremlin Horn":31,"The Courier":66,"Pen Nib":105,"War Paint":86,"Burning Blood":0,"Du-Vu Doll":31,"Calling Bell":71,"Peace Pipe":71,"Blood Vial":71,"Ornamental Fan":96,"Pantograph":71,"Molten Egg 2":57,"Coffee Dripper":43,"Pocketwatch":25}],"Pocketwatch":[135]},"card_choices":[{"not_picked":["Reckless Charge","Clash"],"picked":"Perfected Strike","floor":1.0},{"not_picked":["Cleave","Uppercut"],"picked":"Inflame","floor":2.0},{"not_picked":["Headbutt","Disarm","Cleave"],"picked":"SKIP","floor":5.0},{"not_picked":["Clash","Reckless Charge"],"picked":"Feed","floor":6.0},{"not_picked":["Warcry","Sever Soul","Sentinel"],"picked":"SKIP","floor":7.0},{"not_picked":["Body Slam","Iron Wave"],"picked":"Berserk","floor":8.0},{"not_picked":["Metallicize","Disarm"],"picked":"Whirlwind","floor":11.0},{"not_picked":["Clash","Clothesline","Havoc"],"picked":"SKIP","floor":14.0},{"not_picked":["Impervious","Brutality"],"picked":"Double Tap","floor":16.0},{"not_picked":["Sword Boomerang+1","Iron Wave+1","Blood for Blood"],"picked":"SKIP","floor":18.0},{"not_picked":["Thunderclap","Cleave","Wild Strike"],"picked":"SKIP","floor":19.0},{"not_picked":["Pummel+1","Second Wind","Intimidate"],"picked":"SKIP","floor":20.0},{"not_picked":["Headbutt","Hemokinesis+1","Sword Boomerang"],"picked":"SKIP","floor":22.0},{"not_picked":["Reckless Charge+1","Flex"],"picked":"Armaments","floor":24.0},{"not_picked":["Rupture+1","Headbutt+1","Sentinel"],"picked":"SKIP","floor":27.0},{"not_picked":["Rage","Wild Strike+1","Headbutt+1"],"picked":"SKIP","floor":28.0},{"not_picked":["Combust","Burning Pact"],"picked":"Battle Trance","floor":30.0},{"not_picked":["Dual Wield+1","Pommel Strike+1","Searing Blow+1"],"picked":"SKIP","floor":35},{"not_picked":["Swift Strike+1","Enlightenment"],"picked":"Trip","floor":38},{"not_picked":["Thunderclap+1","Sword Boomerang+1"],"picked":"Seeing Red","floor":40},{"not_picked":["Second Wind","Havoc","Bloodletting+1"],"picked":"SKIP","floor":41},{"not_picked":["Combust","Demon Form","Bloodletting"],"picked":"SKIP","floor":42},{"not_picked":["Second Wind","Thunderclap+1","Clash+1"],"picked":"SKIP","floor":47},{"not_picked":["Second Wind","Thunderclap+1","Clash+1"],"picked":"SKIP","floor":47},{"not_picked":["Clothesline+1","Uppercut+1"],"picked":"Inflame+1","floor":48},{"not_picked":["Havoc","Shockwave","Anger+1"],"picked":"SKIP","floor":54}],"player_experience":182236,"relics_obtained":[{"floor":6.0,"key":"Lantern"},{"floor":8.0,"key":"Torii"},{"floor":9.0,"key":"Pocketwatch"},{"floor":11.0,"key":"Du-Vu Doll"},{"floor":24.0,"key":"Molten Egg 2"},{"floor":30.0,"key":"The Courier"},{"floor":34,"key":"Peace Pipe"},{"floor":34,"key":"Blood Vial"},{"floor":34,"key":"Pantograph"},{"floor":40,"key":"Potion Belt"},{"floor":43,"key":"War Paint"},{"floor":48,"key":"Ornamental Fan"},{"floor":54,"key":"Pen Nib"}],"event_choices":[{"damage_healed":0.0,"max_hp_gain":0.0,"max_hp_loss":0.0,"gold_gain":0.0,"event_name":"Upgrade Shrine","player_choice":"Upgraded","floor":3.0,"gold_loss":0.0,"damage_taken":0.0,"cards_upgraded":["Inflame"]},{"damage_healed":0.0,"max_hp_gain":0.0,"max_hp_loss":0.0,"gold_gain":30.0,"event_name":"Dead Adventurer","player_choice":"Searched \u00272\u0027 times","floor":11.0,"gold_loss":0.0,"damage_taken":0.0},{"damage_healed":0.0,"max_hp_gain":0.0,"max_hp_loss":0.0,"gold_gain":0.0,"event_name":"Scrap Ooze","player_choice":"Success","floor":13.0,"gold_loss":0.0,"damage_taken":3.0,"relics_obtained":["Gremlin Horn"]},{"damage_healed":0,"gold_gain":0,"player_choice":"Ignored","damage_taken":0,"max_hp_gain":0,"max_hp_loss":0,"event_name":"The Mausoleum","floor":31,"gold_loss":0},{"damage_healed":0,"gold_gain":0,"player_choice":"Ignored","damage_taken":0,"max_hp_gain":0,"max_hp_loss":0,"event_name":"Tomb of Lord Red Mask","floor":36,"gold_loss":0},{"cards_removed":["Inflame"],"damage_healed":0,"gold_gain":0,"player_choice":"Removed Power","damage_taken":0,"max_hp_gain":0,"max_hp_loss":0,"event_name":"Falling","floor":37,"gold_loss":0},{"damage_healed":0,"gold_gain":0,"player_choice":"Memory 1","damage_taken":0,"max_hp_gain":0,"max_hp_loss":0,"event_name":"SensoryStone","floor":38,"gold_loss":0}],"is_beta":true,"boss_relics":[{"not_picked":["Ectoplasm","Velvet Choker"],"picked":"Coffee Dripper"},{"not_picked":["Runic Cube","Snecko Eye"],"picked":"Calling Bell"}],"items_purged_floors":[21,29,39],"is_endless":false,"potions_floor_spawned":[1,6,7,11,14,19,20,27,33,35,47],"killed_by":"The Heart","ascension_level":6}}