{"host":"b5mzvg96njlg7ry9","time":1613823994,"event":{"mods":["AlwaysNeverKeys","BaseMod","Colored Map","Colored Powertips","Downfall","Highlight Path","Minty Spire (QoL Compilation)","Quick Restart","Relic Sorter","Shop Mod","StSLib","SuperFastMode","everything is the same but u backflip on backflip"],"gold_per_floor":[299,316,335,335,16,34,60,73,86,186,205,117,130,157,172,268,268,268,283,296,396,396,396,396,396,423,423,423,55,81,106,125,229,229,229,242,184,184,38,71,71,99,99,127,127,153,166,166,184,184,184,210,698,698,698,698],"floor_reached":57,"language":"ENG","playtime":3559,"items_purged":["downfall:Malfunctioning","Injury","champ:Strike","champ:Strike+1","champ:BladeFlurry"],"score":1755,"play_id":"395e4511-4850-436e-8b3c-6ae6c2d8a4a1","local_time":"20210220132634","is_ascension_mode":true,"campfire_choices":[{"data":"champ:Taunt","floor":1.0,"key":"SMITH"},{"data":"champ:ShieldSlam","floor":18,"key":"SMITH"},{"data":"champ:Lariat","floor":23,"key":"SMITH"},{"floor":25,"key":"REST"},{"floor":27,"key":"REST"},{"data":"champ:TripleStrike","floor":35,"key":"SMITH"},{"data":"champ:FaceSlap","floor":43,"key":"SMITH"},{"data":"champ:Execute","floor":54,"key":"SMITH"}],"circlet_count":0,"master_deck":["champ:Defend","champ:Defend","champ:Defend+1","champ:Execute+1","champ:Taunt+1","champ:Shatter+1","champ:Lariat+1","champ:ShieldSlam+1","champ:Encircle","champ:VampiricStrike","champ:ViciousMockery","champ:Endure+1","champ:CalledShot+1","champ:AdrenalArmor+1","champ:BerserkerStyle+1","champ:CrookedStrike+1","champ:Encircle+1","champ:FaceSlap+1","champ:TripleStrike+1","champ:FanOfKnives+1","champ:Taunt+1","champ:EnragedBash+1"],"relics":["champ:ChampionCrown","Torii","Blue Candle","downfall:HeartBlessingRed","downfall:HeartBlessingGreen","downfall:HeartBlessingBlue","MerchantsRug","Akabeko","Astrolabe","champ:BlackKnightHelmet","champ:SpectersHand","champ:GladiatorsBookOfMartialProwess","Centennial Puzzle","Anchor","Ginger","Nunchaku","sneckomod:SneckoTalon","Bottled Lightning","champ:FightingForDummies","Shuriken","Ornamental Fan","Letter Opener","InkBottle","champ:SignatureFinisher","champ:DuelingGlove","HornCleat","Lee\u0027s Waffle"],"acts_visited":["Exordium","TheCity","TheBeyond","TheEnding"],"potions_floor_usage":[21,21,29,53,56],"damage_taken":[{"damage":12.0,"enemies":"Jaw Worm","floor":2.0,"turns":3.0},{"damage":17.0,"enemies":"Cultist","floor":3.0,"turns":4.0},{"damage":2.0,"enemies":"downfall:FleeingMerchant","floor":5.0,"turns":4.0},{"damage":11.0,"enemies":"2 Louse","floor":6.0,"turns":3.0},{"damage":1.0,"enemies":"downfall:LooterAlt","floor":8.0,"turns":3.0},{"damage":1.0,"enemies":"Large Slime","floor":9.0,"turns":3.0},{"damage":23.0,"enemies":"Lots of Slimes","floor":11.0,"turns":4.0},{"damage":6.0,"enemies":"downfall:FleeingMerchant","floor":12.0,"turns":4.0},{"damage":10.0,"enemies":"Exordium Wildlife","floor":13.0,"turns":3.0},{"damage":40.0,"enemies":"Lagavulin","floor":14.0,"turns":6.0},{"damage":11.0,"enemies":"Exordium Thugs","floor":15.0,"turns":3.0},{"damage":45.0,"enemies":"WA_ARCHETYPE_RETAIN","floor":16.0,"turns":9.0},{"damage":57,"enemies":"Shell Parasite","floor":19,"turns":5},{"damage":16,"enemies":"Spheric Guardian","floor":20,"turns":4},{"damage":103,"enemies":"Spheric Guardian","floor":21,"turns":7},{"damage":91,"enemies":"Slavers","floor":26,"turns":6},{"damage":85,"enemies":"downfall:FleeingMerchant","floor":29,"turns":4},{"damage":34,"enemies":"Book of Stabbing","floor":30,"turns":5},{"damage":61,"enemies":"Shelled Parasite and Fungi","floor":32,"turns":2},{"damage":118,"enemies":"IC_MUSHROOM_ARCHETYPE","floor":33,"turns":5},{"damage":35,"enemies":"3 Darklings","floor":36,"turns":3},{"damage":0,"enemies":"downfall:FleeingMerchant","floor":37,"turns":1},{"damage":49,"enemies":"Nemesis","floor":40,"turns":3},{"damage":35,"enemies":"Reptomancer","floor":42,"turns":2},{"damage":31,"enemies":"Nemesis","floor":44,"turns":3},{"damage":35,"enemies":"Reptomancer","floor":46,"turns":2},{"damage":21,"enemies":"Orb Walker","floor":47,"turns":2},{"damage":75,"enemies":"4 Shapes","floor":49,"turns":3},{"damage":96,"enemies":"DF_ARCHETYPE_ORBS","floor":50,"turns":5},{"damage":40,"enemies":"downfall:CharBossMerchant","floor":52,"turns":3},{"damage":157,"enemies":"downfall:NeowBoss","floor":55,"turns":8},{"damage":176,"enemies":"downfall:NeowBossFinal","floor":56,"turns":6}],"seed_played":"-8609164169361769296","potions_obtained":[{"floor":6.0,"key":"SkillPotion"},{"floor":11.0,"key":"Ancient Potion"},{"floor":13.0,"key":"Fire Potion"},{"floor":16.0,"key":"ColorlessPotion"},{"floor":21,"key":"SkillPotion"},{"floor":30,"key":"hexamod:SoulburnPotion"},{"floor":32,"key":"champ:OpenerPotion"},{"floor":36,"key":"DistilledChaos"},{"floor":44,"key":"DuplicationPotion"}],"is_trial":false,"path_per_floor":["R","M","M","?","$","M","T","M","M","?","M","$","M","E","M","B",null,"R","M","M","?","?","R","T","R","E","R","?","$","E","T","M","B",null,"R","M","$","?","$","E","T","E","R","E","?","E","M","T","M","B",null,"E","$","R","B","B",null],"character_chosen":"THE_CHAMP","items_purchased":["champ:ShieldSlam","MerchantsRug","Toxic Egg 2","Tiny Chest","champ:Endure+1","champ:TripleStrike","Anchor","Bottled Lightning","champ:FightingForDummies","champ:DuelingGlove","HornCleat","Lee\u0027s Waffle","Fruit Juice"],"campfire_rested":2,"item_purchase_floors":[5,5,12,12,12,29,29,37,39,53,53,53,53],"current_hp_per_floor":[100,98,96,96,94,93,93,92,91,91,88,87,87,72,71,61,100,100,92,83,42,42,42,42,72,39,69,69,68,62,62,62,26,100,100,100,100,100,100,100,100,100,100,100,100,100,100,100,100,86,100,100,112,112,97,85],"gold":698,"neow_bonus":"ONE_RARE_RELIC","is_daily":false,"chose_seed":false,"campfire_upgraded":6,"win_rate":0.0,"timestamp":1613823994,"path_taken":["R","M","M","?","$","M","T","M","M","?","M","$","M","E","M","BOSS","R","M","M","?","?","R","T","R","E","R","?","$","E","?","M","BOSS","R","M","$","?","$","E","T","E","R","E","?","E","?","?","M","BOSS","E","$","R","BOSS","BOSS"],"items_purchased_type":["Card","Relic","Relic","Relic","Card","Card","Relic","Relic","Relic","Relic","Relic","Relic","Potion"],"build_version":"2020-12-22","purchased_purges":5,"victory":true,"max_hp_per_floor":[100,100,100,100,100,100,100,100,100,100,100,100,100,100,100,100,100,100,100,100,100,100,100,100,100,100,100,100,100,100,100,100,100,100,100,100,100,100,100,100,100,100,100,100,100,100,100,100,100,100,100,100,112,112,112,112],"card_choices":[{"not_picked":["champ:SwordSigil","champ:Backstep"],"picked":"champ:Shatter","floor":2.0},{"not_picked":["champ:SetATrap","champ:Circumvent","champ:GutPunch"],"picked":"SKIP","floor":3.0},{"not_picked":["champ:SetATrap","champ:FocusedBerserking"],"picked":"champ:Lariat","floor":5.0},{"not_picked":["champ:BringItOn","champ:BladeFlurry"],"picked":"champ:Encircle","floor":6.0},{"not_picked":["champ:BladeFlurry","champ:IronFortress"],"picked":"champ:VampiricStrike","floor":8.0},{"not_picked":["champ:Shatter","champ:Parry","champ:ShieldWall"],"picked":"SKIP","floor":9.0},{"not_picked":["champ:Backstep","champ:EndlessRage"],"picked":"champ:ViciousMockery","floor":11.0},{"not_picked":["champ:DefensiveStyle","champ:RecklessLeap","champ:PreciseThrust"],"picked":"SKIP","floor":12.0},{"not_picked":["champ:FancyFootwork+1","champ:PerfectedStrike","champ:Backstep+1"],"picked":"SKIP","floor":13.0},{"not_picked":["champ:FaceSlap","champ:BringItOn+1","champ:DefensiveShout+1"],"picked":"SKIP","floor":14.0},{"not_picked":["champ:MurderStrike","champ:FlashCut"],"picked":"champ:CalledShot+1","floor":15.0},{"not_picked":["champ:GutPunch","champ:FocusedDefense+1"],"picked":"champ:AdrenalArmor+1","floor":15.0},{"not_picked":["champ:DefensiveStyle","champ:Shatter","champ:StanceDance+1"],"picked":"SKIP","floor":19},{"not_picked":["champ:ViciousMockery+1","champ:BladeFlurry","champ:DefensiveShout+1"],"picked":"SKIP","floor":19},{"not_picked":["champ:Duel","champ:FocusedDefense+1","champ:GutPunch"],"picked":"SKIP","floor":20},{"not_picked":["champ:CalledShot+1","champ:GladiatorStyle+1","champ:Parry+1"],"picked":"SKIP","floor":20},{"not_picked":["champ:FlashCut","champ:PerfectedStrike","champ:SteelEdge"],"picked":"SKIP","floor":26},{"not_picked":["champ:Encircle","champ:TornadoPunch+1"],"picked":"champ:FaceSlap","floor":29},{"not_picked":["champ:StanceDance+1","champ:PreciseThrust","champ:PerfectedStrike"],"picked":"SKIP","floor":30},{"not_picked":["champ:PreciseThrust+1","champ:GutPunch+1"],"picked":"champ:FanOfKnives+1","floor":32},{"not_picked":["champ:Encircle","champ:TornadoPunch","champ:BringItOn+1"],"picked":"SKIP","floor":32},{"not_picked":["champ:FlashCut","champ:Shatter+1","champ:FanOfKnives"],"picked":"SKIP","floor":36},{"not_picked":["champ:TornadoPunch","champ:EnGarde+1","champ:GutPunch+1"],"picked":"SKIP","floor":36},{"not_picked":["champ:Shatter+1","champ:PreemptiveStrike","champ:Circumvent+1"],"picked":"SKIP","floor":37},{"not_picked":["champ:BringItOn+1","champ:SwordThrow","champ:EnGarde+1"],"picked":"SKIP","floor":40},{"not_picked":["champ:FanOfKnives+1","champ:LastStand","champ:BringItOn+1"],"picked":"SKIP","floor":42},{"not_picked":["champ:Circumvent+1","champ:FlashCut","champ:IronFortress"],"picked":"SKIP","floor":44},{"not_picked":["champ:DefensiveShout+1","champ:MurderStrike"],"picked":"champ:EnragedBash+1","floor":46},{"not_picked":["champ:BringItOn+1","champ:CrownThrow","champ:Shatter+1"],"picked":"SKIP","floor":47},{"not_picked":["champ:CrownThrow+1","champ:FanOfKnives+1","champ:FlashCut"],"picked":"SKIP","floor":47},{"not_picked":["champ:ShieldSigil+1","champ:AdrenalArmor+1","champ:GladiatorStyle+1"],"picked":"SKIP","floor":49},{"not_picked":["champ:IronFortress","champ:FalseCounter+1","champ:BerserkersShout+1"],"picked":"SKIP","floor":49},{"not_picked":["champ:ShieldSlam+1","champ:IronFortress","champ:PerfectedStrike+1"],"picked":"SKIP","floor":52}],"player_experience":850838,"relics_obtained":[{"floor":7.0,"key":"Akabeko"},{"floor":14.0,"key":"Prayer Wheel"},{"floor":21,"key":"champ:BlackKnightHelmet"},{"floor":21,"key":"champ:SpectersHand"},{"floor":24,"key":"champ:GladiatorsBookOfMartialProwess"},{"floor":26,"key":"Centennial Puzzle"},{"floor":30,"key":"Ginger"},{"floor":31,"key":"Nunchaku"},{"floor":40,"key":"Shuriken"},{"floor":41,"key":"Du-Vu Doll"},{"floor":42,"key":"Ornamental Fan"},{"floor":44,"key":"Letter Opener"},{"floor":46,"key":"Smiling Mask"},{"floor":48,"key":"InkBottle"},{"floor":52,"key":"champ:SignatureFinisher"}],"event_choices":[],"is_beta":false,"boss_relics":[{"not_picked":["Pandora\u0027s Box","Sozu"],"picked":"Astrolabe"},{"not_picked":["bronze:MakeshiftBattery","SacredBark"],"picked":"sneckomod:SneckoTalon"}],"items_purged_floors":[5,12,29,37,53],"is_endless":false,"potions_floor_spawned":[6,11,13,14,15,16,20,21,30,32,33,36,44,46,47],"ascension_level":4}}