{"host":"o88u0awh8mkwl1l8","time":1613800154,"event":{"mods":["BaseMod","Colored Map","Highlight Path","Minty Spire (QoL Compilation)","Relic Sorter"],"gold_per_floor":[117,132,132,143,157,157,177,187,258,183,183,210,221,221,221,293,293,308,308,223,44,55,55,72,88,115,115,126,161,161,161,161],"floor_reached":31,"language":"JPN","playtime":1470,"items_purged":["Defend_G","Defend_G"],"score":543,"play_id":"089f61a9-ebd0-4534-b224-ffd0306cf51b","local_time":"20210220144914","is_ascension_mode":true,"campfire_choices":[{"data":"Leg Sweep","floor":6.0,"key":"SMITH"},{"data":"Quick Slash","floor":11.0,"key":"SMITH"},{"data":"Catalyst","floor":15.0,"key":"SMITH"},{"data":"Footwork","floor":23.0,"key":"SMITH"},{"data":"Blur","floor":27,"key":"SMITH"},{"data":"Calculated Gamble","floor":30,"key":"SMITH"}],"circlet_count":0,"master_deck":["AscendersBane","Defend_G+1","Defend_G+1","Defend_G","Survivor","Neutralize+1","Quick Slash+1","Leg Sweep+1","PiercingWail","Cloak And Dagger","Terror","Bouncing Flask+1","Catalyst+1","Adrenaline","CurseOfTheBell","Caltrops","Bite","Bite","Bite","Bite","Bite","Footwork+1","Blur+1","PiercingWail","PiercingWail","Backflip+1","Calculated Gamble+1"],"relics":["Ring of the Snake","Pocketwatch","Ornamental Fan","Mercury Hourglass","Mummified Hand","Calling Bell","War Paint","Turnip","Regal Pillow","Ancient Tea Set"],"acts_visited":["Exordium","TheCity"],"potions_floor_usage":[],"damage_taken":[{"damage":5.0,"enemies":"2 Louse","floor":1.0,"turns":3.0},{"damage":2.0,"enemies":"Small Slimes","floor":2.0,"turns":3.0},{"damage":0.0,"enemies":"Jaw Worm","floor":4.0,"turns":5.0},{"damage":0.0,"enemies":"2 Fungi Beasts","floor":5.0,"turns":4.0},{"damage":0.0,"enemies":"Looter","floor":7.0,"turns":3.0},{"damage":3.0,"enemies":"Exordium Wildlife","floor":8.0,"turns":6.0},{"damage":5.0,"enemies":"Lagavulin","floor":12.0,"turns":6.0},{"damage":9.0,"enemies":"Exordium Thugs","floor":13.0,"turns":4.0},{"damage":15.0,"enemies":"Hexaghost","floor":16.0,"turns":9.0},{"damage":4.0,"enemies":"Chosen","floor":18.0,"turns":4.0},{"damage":9.0,"enemies":"3 Byrds","floor":22.0,"turns":4.0},{"damage":6.0,"enemies":"Centurion and Healer","floor":24.0,"turns":8.0},{"damage":3,"enemies":"Snake Plant","floor":25,"turns":2},{"damage":0,"enemies":"Snecko","floor":28,"turns":3},{"damage":23,"enemies":"Book of Stabbing","floor":29,"turns":6},{"damage":0,"enemies":"Gremlin Leader","floor":31,"turns":4}],"seed_played":"7789384342079369700","potions_obtained":[{"floor":1.0,"key":"AttackPotion"},{"floor":8.0,"key":"SkillPotion"},{"floor":12.0,"key":"AttackPotion"},{"floor":18.0,"key":"Fire Potion"}],"is_trial":false,"path_per_floor":["M","M","?","M","M","R","M","M","T","$","R","E","M","?","R","B",null,"M","?","?","$","M","R","M","M","T","R","M","E","R","E"],"character_chosen":"THE_SILENT","items_purchased":["Footwork"],"campfire_rested":0,"item_purchase_floors":[21],"current_hp_per_floor":[54,52,57,57,57,57,57,54,54,54,54,49,40,40,40,25,60,56,49,49,49,40,40,49,48,48,48,49,32,32,38,38],"gold":161,"neow_bonus":"UPGRADE_CARD","is_daily":false,"chose_seed":false,"campfire_upgraded":6,"win_rate":0.0,"timestamp":1613800154,"path_taken":["M","M","?","M","M","R","M","M","T","$","R","E","M","?","R","BOSS","M","?","?","$","M","R","M","M","T","R","M","E","R","E"],"items_purchased_type":["Card"],"build_version":"2020-12-22","purchased_purges":2,"victory":false,"max_hp_per_floor":[66,66,71,71,71,71,71,71,71,71,71,71,71,71,71,71,71,71,49,49,49,49,49,49,49,49,49,49,49,49,49,49],"card_choices":[{"not_picked":["Underhanded Strike","Outmaneuver"],"picked":"Quick Slash","floor":1.0},{"not_picked":["Outmaneuver","Flying Knee"],"picked":"Leg Sweep","floor":2.0},{"not_picked":["Dodge and Roll","Slice"],"picked":"PiercingWail","floor":4.0},{"not_picked":["Quick Slash","Prepared"],"picked":"Cloak And Dagger","floor":5.0},{"not_picked":["Underhanded Strike","Riddle With Holes","Acrobatics"],"picked":"SKIP","floor":7.0},{"not_picked":["Prepared","Masterful Stab"],"picked":"Terror","floor":8.0},{"not_picked":["Flying Knee","Dagger Spray"],"picked":"Bouncing Flask","floor":12.0},{"not_picked":["Leg Sweep","Distraction"],"picked":"Catalyst","floor":13.0},{"not_picked":["Grand Finale","Night Terror"],"picked":"Adrenaline","floor":16.0},{"not_picked":["Dodge and Roll","Slice"],"picked":"Caltrops","floor":18.0},{"not_picked":["Terror","Infinite Blades"],"picked":"Blur","floor":22.0},{"not_picked":["Flechettes+1","Deflect"],"picked":"PiercingWail","floor":24.0},{"not_picked":["Infinite Blades","Dodge and Roll"],"picked":"PiercingWail","floor":25},{"not_picked":["Accuracy","Dodge and Roll"],"picked":"Backflip+1","floor":28},{"not_picked":["Predator","Backflip"],"picked":"Calculated Gamble","floor":29}],"player_experience":1310343,"relics_obtained":[{"floor":9.0,"key":"Mercury Hourglass"},{"floor":12.0,"key":"Mummified Hand"},{"floor":17.0,"key":"War Paint"},{"floor":17.0,"key":"Ornamental Fan"},{"floor":17.0,"key":"Pocketwatch"},{"floor":26,"key":"Regal Pillow"},{"floor":29,"key":"Ancient Tea Set"}],"event_choices":[{"damage_healed":0.0,"max_hp_gain":5.0,"max_hp_loss":0.0,"gold_gain":0.0,"event_name":"Big Fish","player_choice":"Donut","floor":3.0,"gold_loss":0.0,"damage_taken":0.0},{"damage_healed":0.0,"max_hp_gain":0.0,"max_hp_loss":0.0,"gold_gain":0.0,"event_name":"Living Wall","player_choice":"Grow","floor":14.0,"gold_loss":0.0,"damage_taken":0.0,"cards_upgraded":["Bouncing Flask"]},{"damage_healed":0.0,"max_hp_gain":0.0,"max_hp_loss":22.0,"gold_gain":0.0,"event_name":"Vampires","player_choice":"Became a vampire","floor":19.0,"gold_loss":0.0,"damage_taken":0.0,"cards_obtained":["Bite","Bite","Bite","Bite","Bite"]},{"damage_healed":0.0,"max_hp_gain":0.0,"max_hp_loss":0.0,"gold_gain":0.0,"event_name":"Addict","player_choice":"Obtained Relic","floor":20.0,"gold_loss":85.0,"damage_taken":0.0,"relics_obtained":["Turnip"]}],"is_beta":false,"boss_relics":[{"not_picked":["WristBlade","HoveringKite"],"picked":"Calling Bell"}],"items_purged_floors":[10,21],"is_endless":false,"potions_floor_spawned":[1,8,12,18,22,25],"killed_by":"Gremlin Leader","ascension_level":20}}