{"host":"08t08ld674si40tv","time":1613812972,"event":{"mods":["AchievementEnabler","BaseMod","Colored Map","Minty Spire (QoL Compilation)","StSLib","SuperFastMode"],"gold_per_floor":[119,89,106,118,43,43,63,63,87,87,113,128,148,177,177,254,254,268,280,13,13,13,13,13],"floor_reached":23,"language":"KOR","playtime":670,"items_purged":["Strike_B","Strike_B"],"score":402,"play_id":"994e5143-26ca-4171-b1d0-79f43c042485","local_time":"20210220182252","is_ascension_mode":true,"campfire_choices":[{"data":"Conserve Battery","floor":6.0,"key":"SMITH"},{"floor":15.0,"key":"REST"}],"circlet_count":0,"master_deck":["AscendersBane","Strike_B","Strike_B","Defend_B","Defend_B+1","Defend_B","Defend_B","Zap+1","Dualcast","Gash+1","Gash+1","Reprogram+1","Trip","Conserve Battery+1","Barrage","Undo","Genetic Algorithm","Recycle","Sunder","Reboot","Ghostly","Ghostly","Ghostly"],"relics":["Cracked Core","Shuriken","Bag of Preparation","Oddly Smooth Stone","Emotion Chip","Nuclear Battery","Medical Kit","White Beast Statue"],"acts_visited":["Exordium","TheCity"],"potions_floor_usage":[23],"damage_taken":[{"damage":5.0,"enemies":"Small Slimes","floor":1.0,"turns":3.0},{"damage":0.0,"enemies":"Cultist","floor":3.0,"turns":4.0},{"damage":0.0,"enemies":"2 Louse","floor":4.0,"turns":3.0},{"damage":2.0,"enemies":"Looter","floor":7.0,"turns":3.0},{"damage":3.0,"enemies":"3 Sentries","floor":11.0,"turns":6.0},{"damage":0.0,"enemies":"Gremlin Gang","floor":12.0,"turns":5.0},{"damage":0.0,"enemies":"Lots of Slimes","floor":13.0,"turns":6.0},{"damage":36.0,"enemies":"Gremlin Nob","floor":14.0,"turns":4.0},{"damage":30,"enemies":"The Guardian","floor":16,"turns":13},{"damage":15,"enemies":"Shell Parasite","floor":18,"turns":5},{"damage":17,"enemies":"2 Thieves","floor":19,"turns":5},{"damage":27,"enemies":"Slavers","floor":23,"turns":6}],"seed_played":"-5307132427416835617","potions_obtained":[{"floor":2.0,"key":"Fire Potion"},{"floor":2.0,"key":"EssenceOfDarkness"},{"floor":4.0,"key":"Energy Potion"},{"floor":11.0,"key":"Regen Potion"},{"floor":19,"key":"EssenceOfSteel"}],"is_trial":false,"path_per_floor":["M","?","M","M","$","R","M","?","T","?","E","M","M","E","R","B",null,"M","M","$","T","?","E"],"character_chosen":"DEFECT","items_purchased":["Medical Kit"],"campfire_rested":1,"item_purchase_floors":[20],"current_hp_per_floor":[59,59,59,59,59,59,57,36,36,36,33,47,47,11,32,2,54,39,22,22,22,22,0,0],"gold":13,"neow_bonus":"RANDOM_COLORLESS","is_daily":false,"chose_seed":false,"campfire_upgraded":1,"win_rate":0.0,"timestamp":1613812972,"path_taken":["M","?","M","?","$","R","M","?","T","?","E","?","M","E","R","BOSS","M","M","$","?","?","E"],"items_purchased_type":["Relic"],"build_version":"2020-12-22","purchased_purges":2,"victory":false,"max_hp_per_floor":[71,71,71,71,71,71,71,71,71,71,71,71,71,71,71,71,71,71,71,71,71,35,35,35],"card_choices":[{"not_picked":["Mind Blast","Panacea"],"picked":"Trip","floor":0.0},{"not_picked":["Steam","Force Field"],"picked":"Conserve Battery","floor":1.0},{"not_picked":["Coolheaded","Force Field"],"picked":"Barrage","floor":3.0},{"not_picked":["Heatsinks","Melter"],"picked":"Undo","floor":4.0},{"not_picked":["Undo","Defragment"],"picked":"Genetic Algorithm","floor":7.0},{"not_picked":["Coolheaded","Capacitor"],"picked":"Recycle","floor":11.0},{"not_picked":["Rebound","Leap","Redo"],"picked":"SKIP","floor":12.0},{"not_picked":["White Noise","Doom and Gloom"],"picked":"Sunder","floor":13.0},{"not_picked":["Lockon","Storm","Rebound"],"picked":"SKIP","floor":14.0},{"not_picked":["Hyperbeam","Buffer"],"picked":"Reboot","floor":16},{"not_picked":["Ball Lightning","Cold Snap","Steam Power"],"picked":"SKIP","floor":18},{"not_picked":["Compile Driver+1","Barrage","Darkness"],"picked":"SKIP","floor":19}],"player_experience":309418,"relics_obtained":[{"floor":9.0,"key":"Bag of Preparation"},{"floor":11.0,"key":"Oddly Smooth Stone"},{"floor":14.0,"key":"Emotion Chip"},{"floor":21,"key":"White Beast Statue"}],"event_choices":[{"damage_healed":0.0,"max_hp_gain":0.0,"max_hp_loss":0.0,"gold_gain":0.0,"event_name":"The Woman in Blue","player_choice":"Bought 2 Potions","floor":2.0,"gold_loss":0.0,"damage_taken":0.0},{"damage_healed":0.0,"max_hp_gain":0.0,"max_hp_loss":0.0,"gold_gain":0.0,"event_name":"Shining Light","player_choice":"Entered Light","floor":8.0,"gold_loss":0.0,"damage_taken":21.0,"cards_upgraded":["Defend_B","Zap"]},{"damage_healed":0.0,"max_hp_gain":0.0,"max_hp_loss":0.0,"gold_gain":0.0,"event_name":"Match and Keep!","player_choice":"0 cards matched","floor":10.0,"gold_loss":0.0,"damage_taken":0.0,"cards_obtained":[]},{"damage_healed":0,"gold_gain":0,"player_choice":"Became a Ghost","damage_taken":0,"max_hp_gain":0,"max_hp_loss":36,"event_name":"Ghosts","floor":22,"gold_loss":0,"cards_obtained":["Ghostly","Ghostly","Ghostly"]}],"is_beta":false,"boss_relics":[{"not_picked":["Sozu","Tiny House"],"picked":"Nuclear Battery"}],"items_purged_floors":[5,20],"is_endless":false,"potions_floor_spawned":[4,7,11,19],"killed_by":"Slavers","ascension_level":20}}