{"host":"szcsc05p6ieg5q76","time":1613823316,"event":{"mods":["ATMod(阿瑾Mod)","Act Like it!","Arknights","BaseMod","Minty Spire (QoL Compilation)","Reimu（博丽灵梦）","Remilia（蕾米莉亚）","SOS（斯巴达之子）","StSLib","The Bug Knight","The Servant 0.9.4","Yakumo Yukari mod","Youmu（魂魄妖梦）","【功能Mod】聪明的最终Boss"],"gold_per_floor":[116,41,41,41,41,72,72,97,97,97,123,141,141,141,141,240,240,259,259,271,281,294,294,311,311,311,326,326,341,341,352,352,451,451,466,476,476,493,172,172,191,191,191,191,191,203,203,36,36,36,36],"floor_reached":50,"language":"ZHS","playtime":2172,"items_purged":["HollowMod:NailStrikeStart","HollowMod:NailStrikeStart","HollowMod:NailStrikeStart"],"score":512,"play_id":"93ee6910-0ff0-4fcf-952f-1d620d15e15d","local_time":"20210220131516","is_ascension_mode":false,"campfire_choices":[{"data":"HollowMod:FocusHealStart","floor":7,"key":"SMITH"},{"data":"HollowMod:SharpenedShadows","floor":10,"key":"SMITH"},{"data":"HollowMod:VengefulVoid","floor":15,"key":"SMITH"},{"data":"HollowMod:SlysStrikes","floor":23,"key":"SMITH"},{"data":"HollowMod:HuntersJournal","floor":25,"key":"SMITH"},{"floor":30,"key":"REST"},{"data":"HollowMod:RecoilStrike","floor":32,"key":"SMITH"},{"data":"HollowMod:SlysStrikes","floor":40,"key":"SMITH"},{"data":"HollowMod:CloakDash","floor":44,"key":"SMITH"},{"floor":47,"key":"REST"},{"floor":49,"key":"REST"}],"circlet_count":0,"master_deck":["HollowMod:QuickDashStart","HollowMod:QuickDashStart","HollowMod:QuickDashStart","HollowMod:QuickDashStart","HollowMod:FocusHealStart+1","HollowMod:PogoStrike","AT_DarkMatter","HollowMod:SoulStrike","HollowMod:FallenFury","HollowMod:SharpenedShadows+1","HollowMod:WraithStrike","HollowMod:DescendingDark","HollowMod:DescendingDark","HollowMod:VengefulVoid+1","HollowMod:SlysStrikes+1","HollowMod:MantisMark","HollowMod:CloakDash+1","HollowMod:CycloneSlash","HollowMod:HuntersJournal+1","HollowMod:CycloneSlash","HollowMod:RecoilStrike+1","HollowMod:MantisMark","HollowMod:SlysStrikes+1","HollowMod:DesolateDive","HollowMod:SiblingsShadow+1","HollowMod:GrimmsGift+1","HollowMod:QuirrelsAssistance+1","Madness","Madness","HollowMod:ShapeofUnn","Flash of Steel"],"relics":["HollowMod:VesselMask","AT_ATBox","NeowsBlessing","AT_LudenTempest","AT_EbonyIvory","Unceasing Top","HollowMod:MantisClawRelic","CrazyTorch:ReiMu","The Courier","SlaversCollar","Bottled Tornado","Busted Crown","Lee\u0027s Waffle","Potion Belt","Anchor"],"acts_visited":["Exordium","TheCity","TheBeyond"],"potions_floor_usage":[16,21,31,33,33,33,33,36,41,46,46,46,46,50,50],"damage_taken":[{"damage":0,"enemies":"Small Slimes","floor":1,"turns":1},{"damage":0,"enemies":"3 Sentries","floor":6,"turns":1},{"damage":0,"enemies":"Gremlin Nob","floor":8,"turns":1},{"damage":5,"enemies":"HollowMod:MossKnight","floor":11,"turns":6},{"damage":0,"enemies":"ats:Genji","floor":12,"turns":1},{"damage":0,"enemies":"2 Louse","floor":13,"turns":1},{"damage":25,"enemies":"HollowMod:FalseKnight","floor":16,"turns":5},{"damage":5,"enemies":"Spheric Guardian","floor":18,"turns":3},{"damage":11,"enemies":"2 Thieves","floor":20,"turns":3},{"damage":22,"enemies":"Shelled Parasite and Fungi","floor":21,"turns":4},{"damage":2,"enemies":"Chosen and Byrds","floor":22,"turns":3},{"damage":9,"enemies":"3 Cultists","floor":24,"turns":3},{"damage":14,"enemies":"Shelled Parasite and Fungi","floor":27,"turns":3},{"damage":0,"enemies":"Cultist and Chosen","floor":29,"turns":3},{"damage":5,"enemies":"Snecko","floor":31,"turns":3},{"damage":40,"enemies":"Collector","floor":33,"turns":6},{"damage":4,"enemies":"Orb Walker","floor":35,"turns":2},{"damage":8,"enemies":"3 Shapes","floor":36,"turns":2},{"damage":5,"enemies":"3 Darklings","floor":38,"turns":3},{"damage":5,"enemies":"4 Shapes","floor":41,"turns":3},{"damage":42,"enemies":"Spire Growth","floor":46,"turns":4},{"damage":91,"enemies":"Donu and Deca","floor":50,"turns":4}],"seed_played":"-1393073634556080902","potions_obtained":[{"floor":1,"key":"Weak Potion"},{"floor":6,"key":"MagicPotion:ReiMu"},{"floor":8,"key":"DuplicationPotion"},{"floor":12,"key":"EntropicBrew"},{"floor":18,"key":"Weak Potion"},{"floor":24,"key":"BlessingOfTheForge"},{"floor":31,"key":"DistilledChaos"},{"floor":33,"key":"AttackPotion"},{"floor":38,"key":"PowerPotion"},{"floor":41,"key":"GamblersBrew"}],"is_trial":false,"path_per_floor":["M","$","?","?","T","E","R","E","T","R","E","M","M","T","R","B",null,"M","?","M","M","M","R","M","R","T","M","?","M","R","M","R","B",null,"M","M","?","M","$","R","M","?","T","R","?","M","R","$","R","B"],"character_chosen":"THE_BUGKNIGHT","items_purchased":["Lee\u0027s Waffle","Potion Belt","Flash of Steel"],"campfire_rested":3,"item_purchase_floors":[39,39,48],"current_hp_per_floor":[75,75,75,75,75,75,75,75,75,75,75,75,75,75,75,50,75,70,70,59,37,35,35,32,32,32,18,18,24,46,41,41,11,75,71,63,63,58,82,82,80,80,80,80,70,34,58,58,82,0,0],"gold":36,"neow_bonus":"THREE_ENEMY_KILL","is_daily":false,"chose_seed":false,"campfire_upgraded":8,"win_rate":0.0,"timestamp":1613823316,"path_taken":["M","$","?","?","?","E","R","E","T","R","E","M","?","?","R","BOSS","M","?","M","M","?","R","M","R","T","M","?","M","R","M","R","BOSS","M","M","?","M","$","R","M","?","T","R","?","M","R","$","R","BOSS"],"items_purchased_type":["Relic","Relic","Card"],"build_version":"2020-12-22","purchased_purges":3,"victory":false,"max_hp_per_floor":[75,75,75,75,75,75,75,75,75,75,75,75,75,75,75,75,75,75,75,75,75,75,75,75,75,75,75,75,75,75,75,75,75,75,75,75,75,75,82,82,82,82,82,82,82,82,82,82,82,82,82],"card_choices":[{"not_picked":["HollowMod:DescendingDark","HollowMod:ShadowDash"],"picked":"HollowMod:SoulStrike","floor":1},{"not_picked":["HollowMod:VoidDash","HollowMod:NewJinnsSoul"],"picked":"HollowMod:SharpenedShadows","floor":6},{"not_picked":["HollowMod:InfectedAttack","HollowMod:HornetsHelp"],"picked":"HollowMod:WraithStrike","floor":8},{"not_picked":["HollowMod:FastStrike","HollowMod:HeavyBlow"],"picked":"HollowMod:DescendingDark","floor":11},{"not_picked":["HollowMod:SoulStrike","HollowMod:ChannelNail"],"picked":"HollowMod:DescendingDark","floor":12},{"not_picked":["HollowMod:MidwifesHunger","HollowMod:WraithStrike"],"picked":"HollowMod:VengefulVoid","floor":13},{"not_picked":["HollowMod:MidwifesHunger","HollowMod:AwokenDreamNail"],"picked":"HollowMod:SlysStrikes","floor":16},{"not_picked":["HollowMod:DungDefenderAura","HollowMod:InfectedCysts"],"picked":"HollowMod:MantisMark","floor":18},{"not_picked":["HollowMod:SiblingsSouls","HollowMod:HuntersJournal"],"picked":"HollowMod:CloakDash","floor":20},{"not_picked":["HollowMod:GoodIntentions","HollowMod:DescendingDark"],"picked":"HollowMod:CycloneSlash","floor":21},{"not_picked":["HollowMod:LifebloodCore","HollowMod:DescendingDark"],"picked":"HollowMod:HuntersJournal","floor":22},{"not_picked":["HollowMod:PerfectDash","HollowMod:SoulShaman"],"picked":"HollowMod:CycloneSlash","floor":24},{"not_picked":["HollowMod:SharpenedShadows","HollowMod:SoulShaman","HollowMod:ChannelNail"],"picked":"SKIP","floor":27},{"not_picked":["HollowMod:SoulMaster","HollowMod:SoulStrike"],"picked":"HollowMod:RecoilStrike","floor":29},{"not_picked":["HollowMod:SoulSplash","HollowMod:LifebloodCocoon"],"picked":"HollowMod:MantisMark","floor":31},{"not_picked":["HollowMod:Weaversong","HollowMod:SoulMaster"],"picked":"HollowMod:SlysStrikes","floor":33},{"not_picked":[],"picked":"HollowMod:DesolateDive","floor":35},{"not_picked":[],"picked":"HollowMod:SiblingsShadow+1","floor":36},{"not_picked":[],"picked":"Secret Technique","floor":37},{"not_picked":[],"picked":"HollowMod:GrimmsGift+1","floor":38},{"not_picked":[],"picked":"HollowMod:QuirrelsAssistance+1","floor":41},{"not_picked":[],"picked":"HollowMod:ShapeofUnn","floor":46}],"player_experience":188239,"relics_obtained":[{"floor":5,"key":"AT_LudenTempest"},{"floor":6,"key":"AT_EbonyIvory"},{"floor":8,"key":"Unceasing Top"},{"floor":9,"key":"HollowMod:MantisClawRelic"},{"floor":11,"key":"CrazyTorch:ReiMu"},{"floor":14,"key":"The Courier"},{"floor":26,"key":"Bottled Tornado"},{"floor":43,"key":"Anchor"}],"event_choices":[{"damage_healed":0,"gold_gain":0,"cards_transformed":["HollowMod:NailStrikeStart"],"player_choice":"Change","damage_taken":0,"max_hp_gain":0,"max_hp_loss":0,"event_name":"Living Wall","floor":4,"gold_loss":0,"cards_obtained":["HollowMod:FallenFury"]},{"damage_healed":0,"gold_gain":0,"player_choice":"Got Potions","damage_taken":0,"max_hp_gain":0,"max_hp_loss":0,"event_name":"Lab","floor":19,"gold_loss":0},{"damage_healed":0,"gold_gain":0,"player_choice":"Ignored","damage_taken":0,"max_hp_gain":0,"max_hp_loss":0,"event_name":"Ghosts","floor":28,"gold_loss":0},{"damage_healed":0,"gold_gain":0,"player_choice":"Memory 1","damage_taken":0,"max_hp_gain":0,"max_hp_loss":0,"event_name":"SensoryStone","floor":37,"gold_loss":0},{"cards_removed":["Secret Technique"],"damage_healed":0,"gold_gain":0,"player_choice":"Removed Skill","damage_taken":0,"max_hp_gain":0,"max_hp_loss":0,"event_name":"Falling","floor":42,"gold_loss":0},{"damage_healed":0,"gold_gain":0,"player_choice":"Embrace Madness","damage_taken":10,"max_hp_gain":0,"max_hp_loss":0,"event_name":"Winding Halls","floor":45,"gold_loss":0,"cards_obtained":["Madness","Madness"]}],"is_beta":false,"boss_relics":[{"not_picked":["Cursed Key","Runic Pyramid"],"picked":"SlaversCollar"},{"not_picked":["Snecko Eye","Sozu"],"picked":"Busted Crown"}],"items_purged_floors":[2,39,48],"is_endless":false,"potions_floor_spawned":[1,6,8,12,18,20,24,31,33,38,41],"killed_by":"Donu and Deca","ascension_level":0}}