{"host":"9pdg8buogrkk8pz5","time":1613857299,"event":{"mods":["AchievementEnabler","Bard","BaseMod","Downfall","Hermit","JesterMod","Mad Scientist","Minty Spire (QoL Compilation)","StSLib","The Cursed","The Disciple","The Necromancer","The Poker Player","The Runesmith","The Servant 0.9.4"],"gold_per_floor":[99,111,125,139,239,257,284,284,299,299,99,113,13,0,17,115,115,115,134,150,150,150,89,89,105,105,118,118,118,118],"floor_reached":28,"language":"ENG","playtime":2659,"items_purged":[],"score":262,"play_id":"e042559e-a55e-4ce0-999f-25277e33d4f5","local_time":"20210220164139","is_ascension_mode":false,"campfire_choices":[{"floor":1,"key":"RECALL"},{"floor":11,"key":"REST"},{"data":"Guardian:ExploitGems","floor":18,"key":"SMITH"}],"circlet_count":0,"master_deck":["Guardian:CurlUp","Guardian:TwinSlam","Guardian:PiercingHide","Guardian:FloatingOrbs","Guardian:WalkerClaw","Guardian:Reroute","Guardian:ChargeCore","Guardian:EvasiveProtocol","Guardian:CrystalBeam","Guardian:Repulse","Guardian:Clone","Guardian:PolyBeam","Guardian:WalkerClaw","Guardian:ExploitGems+1","Guardian:Planning","Guardian:Repulse","Guardian:RefractedBeam+1","Guardian:MultiBeam+1","Guardian:CrystalBeam","Guardian:CrystalBeam","Pride","Guardian:Incinerate"],"relics":["Guardian:ModeShifter","Strawberry","downfall:HeartBlessingBlue","downfall:HeartBlessingRed","Pandora\u0027s Box","sneckomod:BabySnecko","InkBottle","Bronze Scales"],"acts_visited":["Exordium","TheCity"],"potions_floor_usage":[12,16,16,16],"damage_taken":[{"damage":8,"enemies":"2 Louse","floor":2,"turns":4},{"damage":1,"enemies":"Cultist","floor":3,"turns":4},{"damage":7,"enemies":"Jaw Worm","floor":4,"turns":5},{"damage":3,"enemies":"downfall:LooterAlt","floor":6,"turns":4},{"damage":9,"enemies":"3 Louse","floor":9,"turns":5},{"damage":16,"enemies":"Large Slime","floor":12,"turns":7},{"damage":0,"enemies":"downfall:FleeingMerchant","floor":13,"turns":4},{"damage":8,"enemies":"downfall:FleeingMerchant","floor":14,"turns":4},{"damage":9,"enemies":"Blue Slaver","floor":15,"turns":4},{"damage":73,"enemies":"SI_SHIV_ARCHETYPE","floor":16,"turns":18},{"damage":10,"enemies":"Spheric Guardian","floor":19,"turns":3},{"damage":20,"enemies":"downfall:LooterAlt2","floor":20,"turns":3},{"damage":17,"enemies":"downfall:FleeingMerchant","floor":23,"turns":4},{"damage":21,"enemies":"Snake Plant","floor":25,"turns":3},{"damage":12,"enemies":"Centurion and Healer","floor":27,"turns":4},{"damage":33,"enemies":"Gremlin Leader","floor":28,"turns":2}],"seed_played":"-5499654008735427521","potions_obtained":[{"floor":2,"key":"SpeedPotion"},{"floor":3,"key":"Dexterity Potion"},{"floor":6,"key":"Weak Potion"},{"floor":15,"key":"AttackPotion"},{"floor":27,"key":"Ancient Potion"}],"is_trial":false,"path_per_floor":["R","M","M","M","?","M","T","?","M","?","R","M","$","$","M","B",null,"R","M","M","?","?","$","T","M","?","M","E"],"character_chosen":"GUARDIAN","items_purchased":["Guardian:ChargeCore","Guardian:EvasiveProtocol","Guardian:CrystalBeam"],"campfire_rested":1,"item_purchase_floors":[13,13,23],"current_hp_per_floor":[88,80,79,72,72,69,69,73,64,69,110,94,94,86,77,4,110,110,100,80,80,80,63,63,42,42,30,0,0,0],"gold":118,"neow_bonus":"TEN_PERCENT_HP_BONUS","is_daily":false,"chose_seed":false,"campfire_upgraded":1,"win_rate":0.0,"timestamp":1613857299,"path_taken":["R","M","M","M","?","?","T","?","M","?","R","M","?","$","M","BOSS","R","M","M","?","?","$","T","M","?","M","E"],"items_purchased_type":["Card","Card","Card"],"build_version":"2020-12-22","purchased_purges":0,"victory":false,"max_hp_per_floor":[88,88,88,88,88,88,88,95,95,100,110,110,110,110,110,110,110,110,110,110,110,110,110,110,110,110,110,110,110,110],"card_choices":[{"not_picked":["Guardian:Harden","Guardian:BronzeOrb"],"picked":"Guardian:PiercingHide","floor":2},{"not_picked":["Guardian:FloatingOrbs","Guardian:PrimingBeam"],"picked":"Guardian:Gem_White","floor":3},{"not_picked":["Guardian:BronzeOrb","Guardian:ChargeCore"],"picked":"Guardian:Gem_Red","floor":4},{"not_picked":["Guardian:WalkerClaw","Guardian:TemporalShield"],"picked":"Guardian:FloatingOrbs","floor":6},{"not_picked":["Guardian:Suspension","Guardian:ChargeCore"],"picked":"Guardian:WalkerClaw","floor":9},{"not_picked":["Guardian:RefractedBeam","Guardian:Gem_Green"],"picked":"Guardian:Gem_Fragmented","floor":12},{"not_picked":["Guardian:StasisField","Guardian:TemporalStrike"],"picked":"Guardian:Reroute","floor":13},{"not_picked":["Guardian:ArmoredProtocol","Guardian:GuardianWhirl"],"picked":"Guardian:CrystalBeam","floor":14},{"not_picked":["Guardian:RollAttack","Guardian:Gem_Green"],"picked":"Guardian:Repulse","floor":15},{"not_picked":["Guardian:AncientConstruct","Guardian:StasisField"],"picked":"Guardian:Gem_Synthetic","floor":16},{"not_picked":["Guardian:VentSteam","Guardian:PiercingHide"],"picked":"Guardian:Gem_Cyan","floor":19},{"not_picked":["Guardian:Gem_Cyan","Guardian:Harden"],"picked":"Guardian:RefractedBeam+1","floor":20},{"not_picked":["Guardian:Suspension","Guardian:GuardianWhirl+1"],"picked":"Guardian:MultiBeam+1","floor":23},{"not_picked":["Guardian:Gem_Purple","Guardian:Gem_Yellow"],"picked":"Guardian:CrystalBeam","floor":25},{"not_picked":["Guardian:Gem_Lightblue","Guardian:Recover"],"picked":"Guardian:Incinerate","floor":27}],"player_experience":76303,"relics_obtained":[{"floor":24,"key":"InkBottle"}],"event_choices":[{"damage_healed":0,"gold_gain":100,"player_choice":"Gold","damage_taken":0,"max_hp_gain":0,"max_hp_loss":0,"event_name":"Wheel of Change","floor":5,"gold_loss":0},{"damage_healed":0,"gold_gain":0,"player_choice":"Success","damage_taken":3,"relics_obtained":["Strawberry"],"max_hp_gain":0,"max_hp_loss":0,"event_name":"Scrap Ooze","floor":8,"gold_loss":0},{"damage_healed":0,"gold_gain":0,"player_choice":"Donut","damage_taken":0,"max_hp_gain":5,"max_hp_loss":0,"event_name":"Big Fish","floor":10,"gold_loss":0},{"damage_healed":0,"gold_gain":0,"player_choice":"Stole Relic","damage_taken":0,"relics_obtained":["Bronze Scales"],"max_hp_gain":0,"max_hp_loss":0,"event_name":"Addict","floor":26,"gold_loss":0,"cards_obtained":["Pride"]}],"is_beta":false,"boss_relics":[{"not_picked":["Philosopher\u0027s Stone","Fusion Hammer"],"picked":"Pandora\u0027s Box"}],"items_purged_floors":[],"is_endless":false,"potions_floor_spawned":[2,3,6,15,27],"killed_by":"Gremlin Leader","ascension_level":0}}