{"host":"pzgv5x4i9ftxktj0","time":1613842522,"event":{"mods":["Act Like it!","BaseMod","Colored Map","Colored Powertips","Downfall","Googly Eyes","Highlight Path","Minty Spire (QoL Compilation)","Replay The Spire","Robot Space Explorer","Ruina","Spire Arcade","StSLib","SuperFastMode","The Alterego","The Bug Knight","The Cursed","The Hierophant","The Marked","The Servant 0.9.4","WarShipGirlsR/????R mod"],"gold_per_floor":[112,112,127,137,148,148,181,200,226,257,269,269,286,20,20,20,20],"floor_reached":16,"language":"ENG","playtime":1367,"items_purged":["Defend_S"],"score":114,"play_id":"01680e0b-8a43-4597-b344-57794cd750b0","local_time":"20210220123522","is_ascension_mode":false,"campfire_choices":[{"data":"Exchange","floor":6,"key":"SMITH"},{"data":"MoonPhase","floor":12,"key":"SMITH"},{"data":"FlawlessForm","floor":15,"key":"SMITH"}],"circlet_count":0,"master_deck":["Strike_S","Strike_S","Strike_S","Strike_S","Defend_S","Defend_S","Defend_S","KidneyShot","Exchange+1","Contraction","ShatteredReality","Ricochet","Alleviate","SurpressingFire","MoonPhase+1","Unruled","FlawlessForm+1","Foresight","Flash of Steel"],"relics":["Uniform","NeowsBlessing","Ornamental Fan","Lantern","Omamori","Membership Card"],"acts_visited":["Exordium"],"potions_floor_usage":[5,7,7,10,13],"damage_taken":[{"damage":0,"enemies":"Jaw Worm","floor":1,"turns":1},{"damage":0,"enemies":"Cultist","floor":3,"turns":1},{"damage":0,"enemies":"2 Louse","floor":4,"turns":1},{"damage":0,"enemies":"Lots of Slimes","floor":5,"turns":1},{"damage":18,"enemies":"Gremlin Nob","floor":7,"turns":4},{"damage":0,"enemies":"Blue Slaver","floor":8,"turns":5},{"damage":12,"enemies":"3 Sentries","floor":10,"turns":8},{"damage":2,"enemies":"2 Fungi Beasts","floor":11,"turns":4},{"damage":0,"enemies":"Large Slime","floor":13,"turns":7},{"damage":48,"enemies":"The Guardian","floor":16,"turns":21}],"seed_played":"-1793608248259381423","potions_obtained":[{"floor":2,"key":"AttackPotion"},{"floor":2,"key":"CultistPotion"},{"floor":2,"key":"Doom Potion"},{"floor":3,"key":"Adrenaline Potion"},{"floor":8,"key":"Explosive Potion"},{"floor":10,"key":"Block Potion"}],"is_trial":false,"path_per_floor":["M","?","M","M","M","R","E","M","T","E","M","R","M","$","R","B"],"character_chosen":"THE_SERVANT","items_purchased":["Membership Card","Foresight","Flash of Steel"],"campfire_rested":0,"item_purchase_floors":[14,14,14],"current_hp_per_floor":[65,65,65,65,65,65,47,47,47,35,33,33,33,33,33,0,0],"gold":20,"neow_bonus":"THREE_ENEMY_KILL","is_daily":false,"chose_seed":false,"campfire_upgraded":3,"win_rate":0.0,"timestamp":1613842522,"path_taken":["M","?","M","M","M","R","E","M","T","E","M","R","?","$","R","BOSS"],"items_purchased_type":["Relic","Card","Card"],"build_version":"2020-12-22","purchased_purges":1,"victory":false,"max_hp_per_floor":[65,65,65,65,65,65,65,65,65,65,65,65,65,65,65,65,65],"card_choices":[{"not_picked":["Starlight","Rearm"],"picked":"Contraction","floor":1},{"not_picked":["BottledTime","ReturningBlade"],"picked":"ShatteredReality","floor":3},{"not_picked":["Rearm","BottledTime"],"picked":"Ricochet","floor":4},{"not_picked":["Shuttle","FastForward"],"picked":"Alleviate","floor":5},{"not_picked":["Sabotage","LightFlow"],"picked":"SurpressingFire","floor":7},{"not_picked":["Spin","DoubleEdge","Contraction"],"picked":"SKIP","floor":8},{"not_picked":["Ricochet","ForgedInTime"],"picked":"MoonPhase","floor":10},{"not_picked":["Spin","Ricochet"],"picked":"Unruled","floor":11},{"not_picked":["Ricochet","Starlight"],"picked":"FlawlessForm","floor":13}],"player_experience":390772,"relics_obtained":[{"floor":7,"key":"Ornamental Fan"},{"floor":9,"key":"Lantern"},{"floor":10,"key":"Omamori"}],"event_choices":[{"damage_healed":0,"gold_gain":0,"player_choice":"Got Potions","damage_taken":0,"max_hp_gain":0,"max_hp_loss":0,"event_name":"Lab","floor":2,"gold_loss":0}],"is_beta":false,"boss_relics":[],"items_purged_floors":[14],"is_endless":false,"potions_floor_spawned":[3,4,8,10],"killed_by":"The Guardian","ascension_level":0}}