{"host":"f5gffvlv6a66yqkd","time":1613788974,"event":{"mods":["2.2 Compatiblity","BaseMod","Colored Map","Custom Start","DeckTracker","Keyboard Shortcuts","Minty Spire (QoL Compilation)","Permanent Neow","Quick Restart","Relic Stats","StSLib","SuperFastMode"],"gold_per_floor":[111,111,36,47,66,66,95,95,141,161,177,195,250,250,250,250,250],"floor_reached":16,"language":"KOR","playtime":250,"items_purged":["Defend_P"],"score":204,"play_id":"b195febc-c706-44e5-a28e-5544815399dc","local_time":"20210220114254","is_ascension_mode":true,"campfire_choices":[{"data":"Eruption","floor":6.0,"key":"SMITH"},{"floor":8.0,"key":"REST"},{"data":"Tantrum","floor":15,"key":"SMITH"}],"circlet_count":0,"master_deck":["AscendersBane","Strike_P","Strike_P","Strike_P","Strike_P","Defend_P","Defend_P","Defend_P","Eruption+1","Vigilance","Consecrate","BowlingBash","EmptyFist","FlurryOfBlows","Tantrum+1"],"relics":["PureWater","NeowsBlessing","Anchor","Meat on the Bone"],"acts_visited":["Exordium"],"potions_floor_usage":[16],"damage_taken":[{"damage":0.0,"enemies":"2 Louse","floor":1.0,"turns":1.0},{"damage":0.0,"enemies":"Cultist","floor":4.0,"turns":1.0},{"damage":0.0,"enemies":"Jaw Worm","floor":5.0,"turns":1.0},{"damage":42.0,"enemies":"Lagavulin","floor":7.0,"turns":6.0},{"damage":3.0,"enemies":"Looter","floor":10.0,"turns":3.0},{"damage":1.0,"enemies":"3 Louse","floor":11.0,"turns":3.0},{"damage":0.0,"enemies":"Large Slime","floor":12.0,"turns":4.0},{"damage":24.0,"enemies":"Lagavulin Event","floor":13.0,"turns":4.0},{"damage":8,"enemies":"Hexaghost","floor":16,"turns":4}],"seed_played":"942223494251746320","potions_obtained":[{"floor":5.0,"key":"Weak Potion"},{"floor":10.0,"key":"SteroidPotion"},{"floor":13.0,"key":"EssenceOfSteel"}],"is_trial":false,"path_per_floor":["M","?","$","M","M","R","E","R","T","M","M","M","?","?","R","B"],"character_chosen":"WATCHER","items_purchased":[],"campfire_rested":1,"item_purchase_floors":[],"current_hp_per_floor":[61,51,51,51,51,51,9,29,29,26,25,25,13,13,13,5,5],"gold":250,"neow_bonus":"THREE_ENEMY_KILL","is_daily":false,"chose_seed":false,"campfire_upgraded":2,"win_rate":0.0,"timestamp":1613788974,"path_taken":["M","?","$","M","?","R","E","R","T","M","M","M","?","?","R","BOSS"],"items_purchased_type":[],"build_version":"2020-12-22","purchased_purges":1,"victory":false,"max_hp_per_floor":[68,68,68,68,68,68,68,68,68,68,68,68,68,68,68,68,68],"relic_stats":{"counters":[9,27],"obtain_stats":[{"Anchor":7,"NeowsBlessing":0,"PureWater":0,"Meat on the Bone":13},{"Anchor":4,"NeowsBlessing":0,"PureWater":0,"Meat on the Bone":7},{"Anchor":9,"NeowsBlessing":0,"PureWater":0,"Meat on the Bone":19}],"Meat on the Bone":12},"card_choices":[{"not_picked":["SashWhip","Swivel","JustLucky"],"picked":"SKIP","floor":1.0},{"not_picked":["Study","Evaluate"],"picked":"Consecrate","floor":4.0},{"not_picked":["Nirvana","PathToVictory"],"picked":"BowlingBash","floor":5.0},{"not_picked":["PathToVictory","JustLucky","Blasphemy"],"picked":"SKIP","floor":7.0},{"not_picked":["Halt","ThirdEye"],"picked":"EmptyFist","floor":10.0},{"not_picked":["LikeWater","ThirdEye"],"picked":"FlurryOfBlows","floor":11.0},{"not_picked":["ThirdEye","CrushJoints","Crescendo"],"picked":"SKIP","floor":12.0},{"not_picked":["JustLucky","FearNoEvil"],"picked":"Tantrum","floor":13.0}],"player_experience":1521441,"relics_obtained":[{"floor":7.0,"key":"Anchor"}],"event_choices":[{"damage_healed":0.0,"max_hp_gain":0.0,"max_hp_loss":0.0,"gold_gain":0.0,"event_name":"Wheel of Change","player_choice":"Damaged","floor":2.0,"gold_loss":0.0,"damage_taken":10.0},{"damage_healed":0.0,"max_hp_gain":0.0,"max_hp_loss":0.0,"gold_gain":0.0,"event_name":"Dead Adventurer","player_choice":"Searched \u00272\u0027 times","floor":13.0,"gold_loss":0.0,"damage_taken":0.0,"relics_obtained":["Meat on the Bone"]},{"damage_healed":0.0,"max_hp_gain":0.0,"max_hp_loss":0.0,"gold_gain":0.0,"event_name":"Scrap Ooze","player_choice":"Fled","floor":14.0,"gold_loss":0.0,"damage_taken":0.0}],"is_beta":false,"boss_relics":[],"items_purged_floors":[3],"is_endless":false,"potions_floor_spawned":[5,10,11,13],"killed_by":"Hexaghost","ascension_level":20}}