{"host":"l2lylj0omvglf5x0","time":1613833705,"event":{"mods":["2.2 Compatiblity","BaseMod","Bestiary","Block Reminder","Colored Map","Colored Powertips","Curses Come First","Highlight Path","Keyboard Shortcuts","Minty Spire (QoL Compilation)","Relic Sorter","Relic Stats","Slay the Relics Exporter","StSLib","SuperFastMode"],"gold_per_floor":[99,99,99,99,99,99,99,99,99,99,99,99,99],"floor_reached":12,"language":"ENG","playtime":321,"items_purged":[],"score":138,"play_id":"3df313ef-81c1-4304-a7a3-8d75b4846ac2","local_time":"20210220160824","is_ascension_mode":true,"campfire_choices":[{"floor":7,"key":"REST"}],"circlet_count":0,"master_deck":["AscendersBane","Strike_R","Strike_R","Strike_R","Strike_R","Defend_R","Defend_R+1","Defend_R+1","Defend_R","Bash","Uppercut","Sword Boomerang","Flame Barrier","Armaments","Iron Wave"],"relics":["Ectoplasm","MawBank","Calipers","HornCleat","Blood Vial"],"acts_visited":["Exordium"],"potions_floor_usage":[8],"damage_taken":[{"damage":2.0,"enemies":"Jaw Worm","floor":1.0,"turns":3.0},{"damage":9.0,"enemies":"Small Slimes","floor":4.0,"turns":3.0},{"damage":26,"enemies":"3 Sentries","floor":6,"turns":10},{"damage":13,"enemies":"Gremlin Nob","floor":8,"turns":4},{"damage":0,"enemies":"Cultist","floor":10,"turns":3},{"damage":17,"enemies":"3 Sentries","floor":12,"turns":6}],"seed_played":"-7294774183621125846","potions_obtained":[{"floor":1.0,"key":"BlessingOfTheForge"},{"floor":8,"key":"Ancient Potion"}],"is_trial":false,"path_per_floor":["M","?","?","M","?","E","R","E","T","M","?","E"],"character_chosen":"IRONCLAD","items_purchased":[],"campfire_rested":1,"item_purchase_floors":[],"current_hp_per_floor":[70,63,60,51,35,9,33,20,20,22,11,0,0],"gold":99,"neow_bonus":"BOSS_RELIC","is_daily":false,"chose_seed":false,"campfire_upgraded":0,"win_rate":0.0,"timestamp":1613833704,"path_taken":["M","?","?","M","?","E","R","E","T","M","?","E"],"items_purchased_type":[],"build_version":"2020-12-22","purchased_purges":0,"victory":false,"max_hp_per_floor":[80,80,80,80,80,80,80,80,80,80,80,80,80],"relic_stats":{"Blood Vial":4,"counters":[6,29],"Ectoplasm":345,"MawBank":0,"obtain_stats":[{"Blood Vial":9,"Calipers":6,"HornCleat":8,"Ectoplasm":0,"MawBank":3,"Burning Blood":0},{"Blood Vial":4,"Calipers":3,"HornCleat":4,"Ectoplasm":0,"MawBank":1,"Burning Blood":0},{"Blood Vial":20,"Calipers":16,"HornCleat":20,"Ectoplasm":0,"MawBank":3,"Burning Blood":0}]},"card_choices":[{"not_picked":["Power Through","Wild Strike"],"picked":"Uppercut","floor":1.0},{"not_picked":["Warcry","Wild Strike"],"picked":"Sword Boomerang","floor":4},{"not_picked":["Disarm","Intimidate"],"picked":"Flame Barrier","floor":6},{"not_picked":["Anger","Burning Pact"],"picked":"Armaments","floor":8},{"not_picked":["Ghostly Armor","Second Wind"],"picked":"Iron Wave","floor":10}],"player_experience":1007192,"relics_obtained":[{"floor":6,"key":"Calipers"},{"floor":8,"key":"HornCleat"},{"floor":9,"key":"Blood Vial"}],"event_choices":[{"cards_removed":["Strike_R"],"damage_healed":0.0,"max_hp_gain":0.0,"max_hp_loss":0.0,"gold_gain":0.0,"event_name":"Golden Wing","player_choice":"Card Removal","floor":2.0,"gold_loss":0.0,"damage_taken":7.0},{"damage_healed":0.0,"max_hp_gain":0.0,"max_hp_loss":0.0,"gold_gain":0.0,"event_name":"Scrap Ooze","player_choice":"Success","floor":3.0,"gold_loss":0.0,"damage_taken":3.0,"relics_obtained":["MawBank"]},{"damage_healed":0,"gold_gain":0,"player_choice":"Entered Light","damage_taken":16,"max_hp_gain":0,"max_hp_loss":0,"event_name":"Shining Light","floor":5,"gold_loss":0,"cards_upgraded":["Defend_R","Defend_R"]},{"damage_healed":0,"gold_gain":75,"player_choice":"Gather Gold","damage_taken":11,"max_hp_gain":0,"max_hp_loss":0,"event_name":"World of Goop","floor":11,"gold_loss":0}],"is_beta":false,"boss_relics":[],"items_purged_floors":[],"is_endless":false,"potions_floor_spawned":[1,8],"killed_by":"3 Sentries","ascension_level":12}}