{"host":"kmq7aw60w430zvtx","time":1613844510,"event":{"mods":["BaseMod","Downfall","GifTheSpireLib","Hermit","Hubris","Infinite Spire","Minty Spire (QoL Compilation)","Reliquary","Replay The Spire","Spire Arcade","StSLib","The Construct","The Cursed","The Hierophant","The Jungle","The Necromancer","The Runesmith"],"gold_per_floor":[114,134,150,100,100,100,120,120,146,146,158,192,90,109,109,213,213,188,200,200,200,200],"floor_reached":21,"language":"ENG","playtime":948,"items_purged":[],"score":253,"play_id":"8108d28b-96ed-43ff-b0c6-aab210810cb6","local_time":"20210220190830","is_ascension_mode":true,"campfire_choices":[{"floor":6,"key":"RECALL"},{"data":"Noxious Fumes","floor":8,"key":"SMITH"},{"floor":10,"key":"REST"},{"floor":15,"key":"REST"}],"circlet_count":0,"master_deck":["Strike_G+1","Strike_G","Strike_G+1","Strike_G","Defend_G","Defend_G","Defend_G","Defend_G","Survivor","Neutralize","hubris:Sniper","Acrobatics","Noxious Fumes+1","Cloak And Dagger","Deflect","Deflect","ReplayTheSpireMod:Scrap Shanks+1","Prepared","Doppelganger","Bullet Time","Prepared+1","Sucker Punch"],"relics":["Ring of the Snake","NeowsBlessing","Art of War","Whetstone","reliquary:RustamsPendant","CaptainsWheel"],"acts_visited":["Exordium","TheCity"],"potions_floor_usage":[12,16],"damage_taken":[{"damage":0,"enemies":"Cultist","floor":1,"turns":1},{"damage":0,"enemies":"Small Slimes","floor":2,"turns":1},{"damage":0,"enemies":"Jaw Worm","floor":3,"turns":1},{"damage":4,"enemies":"Red Slaver","floor":7,"turns":5},{"damage":3,"enemies":"Large Slime","floor":11,"turns":7},{"damage":11,"enemies":"Replay:BlueRogue","floor":12,"turns":9},{"damage":0,"enemies":"Looter","floor":14,"turns":4},{"damage":35,"enemies":"Slime Boss","floor":16,"turns":14},{"damage":26,"enemies":"2 Thieves","floor":18,"turns":5},{"damage":31,"enemies":"Spheric Guardian","floor":19,"turns":6},{"damage":6,"enemies":"Snake Plant","floor":21,"turns":1}],"seed_played":"1632528380946971069","potions_obtained":[{"floor":7,"key":"ColorlessPotion"},{"floor":12,"key":"Swift Potion"},{"floor":19,"key":"GamblersBrew"}],"is_trial":false,"path_per_floor":["M","M","M","?","?","R","M","R","T","R","M","E","$","M","R","B",null,"M","M","AVR","M"],"character_chosen":"THE_SILENT","items_purchased":["ReplayTheSpireMod:Scrap Shanks+1","Prepared"],"campfire_rested":2,"item_purchase_floors":[13,13],"current_hp_per_floor":[63,63,63,63,63,63,59,59,59,70,67,56,56,56,70,35,61,35,4,4,0,0],"gold":200,"neow_bonus":"THREE_ENEMY_KILL","is_daily":false,"chose_seed":false,"campfire_upgraded":1,"win_rate":0.0,"timestamp":1613844510,"path_taken":["M","M","?","?","?","R","?","R","T","R","M","E","$","M","R","BOSS","M","M","AVR","M"],"items_purchased_type":["Card","Card"],"build_version":"2020-12-22","purchased_purges":0,"victory":false,"max_hp_per_floor":[70,70,70,70,70,70,70,70,70,70,70,70,70,70,70,70,70,70,70,70,70,70],"card_choices":[{"not_picked":["Deflect","Underhanded Strike"],"picked":"hubris:Sniper","floor":1},{"not_picked":["Toxin Wave","Caltrops"],"picked":"Acrobatics","floor":2},{"not_picked":["Slice","Fluid Movement"],"picked":"Noxious Fumes","floor":3},{"not_picked":["Poisoned Stab","Well Laid Plans"],"picked":"Cloak And Dagger","floor":7},{"not_picked":["Dagger Spray","Outmaneuver"],"picked":"Deflect","floor":11},{"not_picked":["Acrobatics","Noxious Fumes"],"picked":"Deflect","floor":12},{"not_picked":["Quick Slash","Dagger Spray"],"picked":"Doppelganger","floor":14},{"not_picked":["Night Terror","Atom Bomb"],"picked":"Bullet Time","floor":16},{"not_picked":["Bouncing Flask+1","Deadly Poison+1"],"picked":"Prepared+1","floor":18},{"not_picked":["Bane+1","Quick Slash"],"picked":"Sucker Punch","floor":19}],"player_experience":387706,"relics_obtained":[{"floor":9,"key":"Art of War"},{"floor":12,"key":"Whetstone"}],"event_choices":[{"cards_removed":["Strike_G"],"damage_healed":0,"gold_gain":0,"player_choice":"Card Removal","damage_taken":0,"max_hp_gain":0,"max_hp_loss":0,"event_name":"The Cleric","floor":4,"gold_loss":50},{"cards_removed":["Defend_G"],"damage_healed":0,"gold_gain":0,"player_choice":"Offered Basic","damage_taken":0,"max_hp_gain":0,"max_hp_loss":0,"event_name":"Bonfire Elementals","floor":5,"gold_loss":0}],"is_beta":false,"boss_relics":[{"not_picked":["Replay:Grab Bag","reliquary:KinkedSpring"],"picked":"reliquary:RustamsPendant"}],"items_purged_floors":[],"is_endless":false,"potions_floor_spawned":[7,12,19],"killed_by":"Snake Plant","ascension_level":8}}