{"host":"8is2j71l4wmybkoi","time":1613809570,"event":{"mods":["AchievementEnabler","BaseMod","Colored Map","DeckTracker","Minty Spire (QoL Compilation)","Rare Cards Sparkle","Relic Stats","StSLib","SuperFastMode"],"gold_per_floor":[115,128,145,220,3,3,21,48,121,121,121,121,134,145,145,217,217,217,249,249,249,9,9,50,77,103,146,146,46,46,75,75,163,172,186,18,18,41,54,80,80,94,120,162,12,38,260,150,150,150,150,150,102,135,135],"floor_reached":56,"language":"KOR","playtime":2686,"items_purged":["Strike_G","Strike_G+1","Defend_G+1","Strike_G+1"],"score":2124,"play_id":"e76ad996-15f2-4454-8ff3-e0f585ad3ef5","local_time":"20210220172610","is_ascension_mode":true,"campfire_choices":[{"data":"A Thousand Cuts","floor":6.0,"key":"SMITH"},{"floor":10.0,"key":"REST"},{"data":"Dagger Spray","floor":12,"key":"SMITH"},{"data":"Footwork","floor":15,"key":"SMITH"},{"floor":23,"key":"REST"},{"data":"Venomology","floor":28,"key":"SMITH"},{"floor":30,"key":"REST"},{"data":"Night Terror","floor":32,"key":"SMITH"},{"data":"After Image","floor":41,"key":"SMITH"},{"floor":49,"key":"RECALL"},{"data":"Calculated Gamble","floor":52,"key":"SMITH"}],"circlet_count":0,"master_deck":["AscendersBane","Strike_G+1","Defend_G+1","Defend_G+1","Survivor","Neutralize+1","Sucker Punch","Dagger Spray+1","A Thousand Cuts+1","Finesse","Deflect","Footwork+1","Unload","Venomology+1","Dagger Throw","Calculated Gamble+1","Blade Dance+1","Heel Hook","Backstab","Night Terror+1","After Image+1","CurseOfTheBell","Prepared+1","Reflex+1","Acrobatics"],"relics":["Ring of the Snake","Ginger","Ninja Scroll","Black Star","Red Mask","MutagenicStrength","Toy Ornithopter","CeramicFish","Darkstone Periapt","Bag of Marbles","Ornamental Fan","Singing Bowl","Calling Bell","Anchor","Letter Opener","Dead Branch","Art of War","Bottled Lightning","Orichalcum","Boot","Ancient Tea Set","Shuriken","Kunai","Du-Vu Doll"],"acts_visited":["Exordium","TheCity","TheBeyond","TheEnding"],"potions_floor_usage":[18,19,24,24,27,33,33,33,39,40,40,40,46,46,50,55,55,55,55,55],"damage_taken":[{"damage":4.0,"enemies":"Cultist","floor":1.0,"turns":5.0},{"damage":1.0,"enemies":"Small Slimes","floor":2.0,"turns":4.0},{"damage":2.0,"enemies":"Jaw Worm","floor":3.0,"turns":5.0},{"damage":0.0,"enemies":"Looter","floor":7.0,"turns":4.0},{"damage":10.0,"enemies":"3 Sentries","floor":8.0,"turns":4.0},{"damage":0,"enemies":"Exordium Wildlife","floor":13,"turns":2},{"damage":2,"enemies":"Exordium Thugs","floor":14,"turns":3},{"damage":16,"enemies":"Hexaghost","floor":16,"turns":13},{"damage":0,"enemies":"2 Thieves","floor":18,"turns":1},{"damage":37,"enemies":"Masked Bandits","floor":19,"turns":4},{"damage":42,"enemies":"Book of Stabbing","floor":24,"turns":6},{"damage":0,"enemies":"3 Byrds","floor":25,"turns":3},{"damage":2,"enemies":"Gremlin Leader","floor":27,"turns":6},{"damage":0,"enemies":"3 Cultists","floor":31,"turns":3},{"damage":20,"enemies":"Automaton","floor":33,"turns":9},{"damage":0,"enemies":"Orb Walker","floor":35,"turns":1},{"damage":0,"enemies":"3 Shapes","floor":38,"turns":3},{"damage":6,"enemies":"Maw","floor":39,"turns":7},{"damage":10,"enemies":"Giant Head","floor":40,"turns":7},{"damage":1,"enemies":"3 Darklings","floor":42,"turns":3},{"damage":0,"enemies":"Nemesis","floor":44,"turns":7},{"damage":30,"enemies":"Giant Head","floor":46,"turns":11},{"damage":26,"enemies":"Awakened One","floor":50,"turns":10},{"damage":5,"enemies":"Shield and Spear","floor":54,"turns":3},{"damage":4,"enemies":"The Heart","floor":55,"turns":6}],"seed_played":"-3510259866295450993","potions_obtained":[{"floor":7.0,"key":"Fire Potion"},{"floor":14,"key":"SmokeBomb"},{"floor":19,"key":"LiquidBronze"},{"floor":31,"key":"ColorlessPotion"},{"floor":33,"key":"DuplicationPotion"},{"floor":38,"key":"DistilledChaos"},{"floor":39,"key":"LiquidMemories"}],"is_trial":false,"path_per_floor":["M","M","M","?","$","R","M","E","T","R","?","R","M","M","R","B",null,"M","?","?","?","$","R","E","M","T","E","R","$","R","M","R","B",null,"M","$","?","M","M","E","R","M","T","E","$","E","?","?","R","B",null,"R","$","E","B",null],"character_chosen":"THE_SILENT","items_purchased":["Finesse","Fire Potion","Toy Ornithopter","Calculated Gamble","Dexterity Potion","Prepared","SpeedPotion"],"campfire_rested":3,"item_purchase_floors":[5,5,22,22,22,36,53],"current_hp_per_floor":[40,39,37,26,26,26,26,16,16,35,35,35,35,33,33,17,54,54,17,17,17,17,36,16,16,16,19,19,19,38,38,38,33,64,66,66,74,74,70,73,73,74,74,74,74,56,56,56,56,35,70,70,70,67,84],"gold":135,"neow_bonus":"REMOVE_TWO","is_daily":false,"chose_seed":false,"campfire_upgraded":7,"win_rate":0.0,"timestamp":1613809570,"path_taken":["M","M","?","?","$","R","M","E","T","R","?","R","M","M","R","BOSS","M","?","?","?","$","R","E","M","T","E","R","?","R","M","R","BOSS","M","$","?","M","M","E","R","M","T","E","?","E","?","?","R","BOSS","R","$","E","BOSS"],"items_purchased_type":["Card","Potion","Relic","Card","Potion","Card","Potion"],"build_version":"2020-12-22","purchased_purges":4,"victory":true,"max_hp_per_floor":[66,66,66,66,66,66,66,66,66,66,66,66,66,66,66,66,66,66,66,66,66,66,66,66,66,66,66,66,66,66,66,66,66,72,74,74,74,74,76,78,78,80,80,80,80,82,82,82,82,82,82,82,82,84,84],"relic_stats":{"Darkstone Periapt":6,"Singing Bowl":12,"counters":[25,130],"CeramicFish":81,"Dead Branch":[167],"Ginger":[12],"Letter Opener":[239],"Orichalcum":[0],"Boot":[6],"Ornamental Fan":[280],"Shuriken":[24],"Black Star":6,"Art of War":[4],"Kunai":[8],"obtain_stats":[{"Darkstone Periapt":24,"Singing Bowl":27,"CeramicFish":24,"Dead Branch":34,"Ginger":8,"Letter Opener":34,"Orichalcum":44,"Boot":44,"Ancient Tea Set":46,"Calling Bell":34,"Du-Vu Doll":54,"Anchor":34,"Ninja Scroll":9,"Ornamental Fan":27,"Shuriken":46,"MutagenicStrength":20,"Black Star":17,"Red Mask":19,"Bag of Marbles":26,"Art of War":40,"Bottled Lightning":40,"Kunai":54,"Toy Ornithopter":22,"Ring of the Snake":0},{"Darkstone Periapt":11,"Singing Bowl":13,"CeramicFish":11,"Dead Branch":15,"Ginger":5,"Letter Opener":15,"Orichalcum":21,"Boot":21,"Ancient Tea Set":22,"Calling Bell":15,"Du-Vu Doll":24,"Anchor":15,"Ninja Scroll":5,"Ornamental Fan":13,"Shuriken":22,"MutagenicStrength":10,"Black Star":8,"Red Mask":10,"Bag of Marbles":12,"Art of War":19,"Bottled Lightning":19,"Kunai":24,"Toy Ornithopter":10,"Ring of the Snake":0},{"Darkstone Periapt":51,"Singing Bowl":60,"CeramicFish":51,"Dead Branch":72,"Ginger":22,"Letter Opener":72,"Orichalcum":100,"Boot":100,"Ancient Tea Set":111,"Calling Bell":72,"Du-Vu Doll":124,"Anchor":72,"Ninja Scroll":22,"Ornamental Fan":60,"Shuriken":111,"MutagenicStrength":45,"Black Star":40,"Red Mask":45,"Bag of Marbles":54,"Art of War":90,"Bottled Lightning":90,"Kunai":124,"Toy Ornithopter":45,"Ring of the Snake":0}],"Toy Ornithopter":77,"Ring of the Snake":[50]},"card_choices":[{"not_picked":["Underhanded Strike","Backflip"],"picked":"Sucker Punch","floor":1.0},{"not_picked":["Bane","Blade Dance"],"picked":"Dagger Spray","floor":2.0},{"not_picked":["Dodge and Roll","Deflect"],"picked":"A Thousand Cuts","floor":3.0},{"not_picked":["Masterful Stab","Dodge and Roll","Expertise"],"picked":"SKIP","floor":7.0},{"not_picked":["PiercingWail","Infinite Blades"],"picked":"Deflect","floor":8.0},{"not_picked":["Setup","Prepared"],"picked":"Footwork","floor":13},{"not_picked":["Outmaneuver","Deadly Poison"],"picked":"Unload","floor":14},{"not_picked":["Tools of the Trade","Glass Knife"],"picked":"Venomology","floor":16},{"not_picked":["Sucker Punch","Underhanded Strike"],"picked":"Dagger Throw","floor":19},{"not_picked":["Endless Agony","Poisoned Stab"],"picked":"Blade Dance+1","floor":24},{"not_picked":["Dagger Spray","Bane"],"picked":"Heel Hook","floor":25},{"not_picked":["Terror","Choke"],"picked":"Backstab","floor":27},{"not_picked":["Masterful Stab+1","PiercingWail"],"picked":"Night Terror","floor":31},{"not_picked":["Die Die Die","A Thousand Cuts"],"picked":"After Image","floor":33},{"not_picked":["Footwork","Outmaneuver","Leg Sweep+1"],"picked":"Singing Bowl","floor":35},{"not_picked":["Poisoned Stab","Blur"],"picked":"Reflex+1","floor":38},{"not_picked":["PiercingWail","Backstab","Riddle With Holes"],"picked":"Singing Bowl","floor":39},{"not_picked":["Envenom","Eviscerate","Deflect"],"picked":"Singing Bowl","floor":40},{"not_picked":["Underhanded Strike+1","Bouncing Flask+1","Footwork"],"picked":"Singing Bowl","floor":42},{"not_picked":["Cloak And Dagger","Crippling Poison"],"picked":"Acrobatics","floor":44},{"not_picked":["Flying Knee","Expertise","Tools of the Trade"],"picked":"Singing Bowl","floor":46},{"not_picked":["Underhanded Strike+1","Eviscerate","Sucker Punch"],"picked":"Singing Bowl","floor":54}],"player_experience":1263337,"relics_obtained":[{"floor":8.0,"key":"Ginger"},{"floor":9.0,"key":"Ninja Scroll"},{"floor":19,"key":"Red Mask"},{"floor":24,"key":"CeramicFish"},{"floor":24,"key":"Darkstone Periapt"},{"floor":26,"key":"Bag of Marbles"},{"floor":27,"key":"Ornamental Fan"},{"floor":27,"key":"Singing Bowl"},{"floor":34,"key":"Anchor"},{"floor":34,"key":"Letter Opener"},{"floor":34,"key":"Dead Branch"},{"floor":40,"key":"Art of War"},{"floor":40,"key":"Bottled Lightning"},{"floor":44,"key":"Orichalcum"},{"floor":44,"key":"Boot"},{"floor":46,"key":"Ancient Tea Set"},{"floor":46,"key":"Shuriken"},{"floor":54,"key":"Kunai"},{"floor":54,"key":"Du-Vu Doll"}],"event_choices":[{"damage_healed":0.0,"max_hp_gain":0.0,"max_hp_loss":0.0,"gold_gain":75.0,"event_name":"World of Goop","player_choice":"Gather Gold","floor":4.0,"gold_loss":0.0,"damage_taken":11.0},{"damage_healed":0,"gold_gain":0,"player_choice":"Forge","damage_taken":0,"max_hp_gain":0,"max_hp_loss":0,"event_name":"Accursed Blacksmith","floor":11,"gold_loss":0,"cards_upgraded":["Neutralize"]},{"damage_healed":0,"gold_gain":0,"player_choice":"Fought Bandits","damage_taken":0,"max_hp_gain":0,"max_hp_loss":0,"event_name":"Masked Bandits","floor":19,"gold_loss":0},{"damage_healed":0,"gold_gain":0,"player_choice":"Inject Mutagens","damage_taken":0,"relics_obtained":["MutagenicStrength"],"max_hp_gain":0,"max_hp_loss":0,"event_name":"Drug Dealer","floor":20,"gold_loss":0},{"damage_healed":0,"gold_gain":0,"player_choice":"Simplicity","damage_taken":0,"max_hp_gain":0,"max_hp_loss":0,"event_name":"Back to Basics","floor":21,"gold_loss":0,"cards_upgraded":["Strike_G","Strike_G","Strike_G","Defend_G","Defend_G","Defend_G","Defend_G"]},{"damage_healed":8,"gold_gain":0,"player_choice":"Full Heal","damage_taken":0,"max_hp_gain":0,"max_hp_loss":0,"event_name":"Wheel of Change","floor":37,"gold_loss":0},{"damage_healed":0,"gold_gain":222,"player_choice":"Wore Mask","damage_taken":0,"max_hp_gain":0,"max_hp_loss":0,"event_name":"Tomb of Lord Red Mask","floor":47,"gold_loss":0},{"cards_removed":["Defend_G"],"damage_healed":0,"gold_gain":0,"player_choice":"Upgrade and Remove","damage_taken":0,"max_hp_gain":0,"max_hp_loss":0,"event_name":"Designer","floor":48,"gold_loss":110,"cards_upgraded":["Prepared"]}],"is_beta":false,"boss_relics":[{"not_picked":["Runic Dome","Ectoplasm"],"picked":"Black Star"},{"not_picked":["SacredBark","Pandora\u0027s Box"],"picked":"Calling Bell"}],"items_purged_floors":[5,29,36,45],"is_endless":false,"potions_floor_spawned":[7,14,19,31,33,38,39],"ascension_level":15}}