{"host":"abdxwahegzejqccj","time":1613810869,"event":{"mods":["BaseMod","Better Note","BetterRewards","Colored Powertips","Downfall","Hermit","Minty Spire (QoL Compilation)","StSLib","The Cursed"],"gold_per_floor":[99,116,134,150,150,164,243,271,288,318,338,368,61,61,75,75,75,75],"floor_reached":16,"language":"ENG","playtime":1053,"items_purged":["hexamod:Strike"],"score":130,"play_id":"caa4b7c7-40d5-4c17-9210-9e86ef69138f","local_time":"20210220194749","is_ascension_mode":true,"campfire_choices":[{"data":"hexamod:Float","floor":1.0,"key":"SMITH"}],"circlet_count":0,"master_deck":["hexamod:Strike","hexamod:Strike+1","hexamod:Strike+1","hexamod:Defend","hexamod:Defend+1","hexamod:Defend+1","hexamod:Defend+1","hexamod:Sear+1","hexamod:Float+1","Doubt","hexamod:SixthSeal","hexamod:SpectersWail+1","hexamod:FlamesFromBeyond+1","hexamod:Hexaguard+1","hexamod:FlamesFromBeyond","hexamod:SwordOfDarkness","hexamod:SpectersWail","hexamod:FlamesFromBeyond+1","hexamod:SkipABeat+1","hexamod:ChargedBarrage","hexamod:EmpoweredFlame","hexamod:FourthSeal","hexamod:ForkedFlame"],"relics":["hexamod:SpiritBrand","Matryoshka","Bronze Scales","Blue Candle","War Paint","Sling"],"acts_visited":["Exordium"],"potions_floor_usage":[10,12,12],"damage_taken":[{"damage":6.0,"enemies":"Cultist","floor":2.0,"turns":5.0},{"damage":1.0,"enemies":"Jaw Worm","floor":3.0,"turns":5.0},{"damage":15,"enemies":"Small Slimes","floor":4,"turns":4},{"damage":5,"enemies":"Exordium Wildlife","floor":6,"turns":3},{"damage":11,"enemies":"3 Sentries","floor":8,"turns":6},{"damage":0,"enemies":"3 Louse","floor":9,"turns":2},{"damage":8,"enemies":"Lagavulin","floor":10,"turns":6},{"damage":12,"enemies":"2 Fungi Beasts","floor":11,"turns":3},{"damage":4,"enemies":"3 Sentries","floor":12,"turns":3},{"damage":0,"enemies":"downfall:FleeingMerchant","floor":13,"turns":4},{"damage":4,"enemies":"Blue Slaver","floor":15,"turns":3},{"damage":5,"enemies":"IC_STATUS_ARCHETYPE","floor":16,"turns":2}],"seed_played":"-5683076394052346840","potions_obtained":[{"floor":3,"key":"FearPotion"},{"floor":6,"key":"hexamod:EctoCoolerPotion"},{"floor":8,"key":"Explosive Potion"},{"floor":11,"key":"BlessingOfTheForge"},{"floor":15,"key":"PowerPotion"}],"is_trial":false,"path_per_floor":["R","M","M","M","?","M","T","E","M","E","M","E","$","?","M","B"],"character_chosen":"THE_SPIRIT","items_purchased":["hexamod:FourthSeal","Sling"],"campfire_rested":0,"item_purchase_floors":[13,13],"current_hp_per_floor":[70,64,63,48,48,43,43,32,32,24,12,8,8,8,4,0,0,0],"gold":75,"neow_bonus":"THREE_RARE_CARDS","is_daily":false,"chose_seed":false,"campfire_upgraded":1,"win_rate":0.0,"timestamp":1613810869,"path_taken":["R","M","?","M","?","M","T","E","?","E","M","E","$","?","M","BOSS"],"items_purchased_type":["Card","Relic"],"build_version":"2020-12-22","purchased_purges":1,"victory":false,"max_hp_per_floor":[70,70,70,70,70,70,70,70,70,70,70,70,70,70,70,70,70,70],"card_choices":[{"not_picked":["hexamod:FifthSeal","hexamod:UnleashSpirits"],"picked":"hexamod:SixthSeal","floor":0.0},{"not_picked":["hexamod:RecurringNightmare","hexamod:HeatMetal"],"picked":"hexamod:SpectersWail","floor":2.0},{"not_picked":["hexamod:SpectersWail","hexamod:GhostOfSpirePast"],"picked":"hexamod:FlamesFromBeyond","floor":3},{"not_picked":["hexamod:AdvancingGuard","hexamod:HeatCrush"],"picked":"hexamod:Hexaguard","floor":4},{"not_picked":["hexamod:AdvancingGuard","hexamod:SuperheatedStrike"],"picked":"hexamod:SwordOfDarkness","floor":6},{"not_picked":["hexamod:SoulSteal","hexamod:SwordOfDarkness"],"picked":"hexamod:SpectersWail","floor":8},{"not_picked":["hexamod:NightmareStrike","hexamod:HeatMetal"],"picked":"hexamod:FlamesFromBeyond","floor":9},{"not_picked":["hexamod:TimeWarp","hexamod:NightmareGuise"],"picked":"hexamod:SkipABeat","floor":10},{"not_picked":["hexamod:RetreatToShadows","hexamod:ThermalTransfer","hexamod:SpectralSpark"],"picked":"SKIP","floor":11},{"not_picked":["hexamod:Rewind","hexamod:HauntingEcho"],"picked":"hexamod:ChargedBarrage","floor":12},{"not_picked":["hexamod:HeatMetal","hexamod:EtherealExpedition"],"picked":"hexamod:EmpoweredFlame","floor":13},{"not_picked":["hexamod:NightmareGuise","hexamod:NightmareStrike"],"picked":"hexamod:ForkedFlame","floor":15}],"player_experience":411102,"relics_obtained":[{"floor":7,"key":"Matryoshka"},{"floor":8,"key":"Bronze Scales"},{"floor":10,"key":"Blue Candle"},{"floor":12,"key":"War Paint"}],"event_choices":[],"is_beta":false,"boss_relics":[],"items_purged_floors":[13],"is_endless":false,"potions_floor_spawned":[3,6,8,11],"killed_by":"IC_STATUS_ARCHETYPE","ascension_level":1}}