{"host":"6p0attdrtjqaih7v","time":1613852874,"event":{"mods":["2.2 Compatiblity","AchievementEnabler","Bard","BaseMod","Better Skull","Better Third Choice","Card Filter","Colored Powertips","Hermit","Highlight Path","Hubris","Key Reminder","Minty Spire (QoL Compilation)","Permanent Neow","Quick Restart","Random Character Button","Relic Filter","Relic Stats","Reliquary","Replay The Spire","StSLib","The Construct","The Hayseed","The Witch"],"gold_per_floor":[212,232,243,243,78,113,27,27,77,77,90,90,90,106,106,106,106],"floor_reached":16,"language":"ENG","playtime":578,"items_purged":["construct:Strike_Gold"],"score":195,"play_id":"c7000dbe-aad9-437d-949f-6b5b4e591423","local_time":"20210220152754","is_ascension_mode":true,"campfire_choices":[{"floor":8,"key":"REST"},{"data":"construct:NuclearCore","floor":10,"key":"SMITH"},{"data":"construct:Dampening","floor":13,"key":"SMITH"},{"data":"construct:NuclearCore+1","floor":15,"key":"SMITH"}],"circlet_count":0,"master_deck":["AscendersBane","construct:Strike_Gold","construct:Strike_Gold","construct:Strike_Gold","construct:Defend_Gold","construct:Defend_Gold","construct:Defend_Gold","construct:Defend_Gold","construct:Defend_Gold","construct:AttackMode","construct:DefenseMode","construct:NuclearCore+2","construct:PhosphorStorm","construct:Dampening+1","construct:NuclearCore","construct:QuickAttack","construct:BlazingSpeed","construct:ScrapCannon"],"relics":["construct:ClockworkPhoenix","Mercury Hourglass","reliquary:SilkGlove","hubris:Icosahedron"],"acts_visited":["Exordium"],"potions_floor_usage":[6,16,16],"damage_taken":[{"damage":4,"enemies":"Jaw Worm","floor":1,"turns":4},{"damage":8,"enemies":"Cultist","floor":2,"turns":5},{"damage":7,"enemies":"Small Slimes","floor":3,"turns":4},{"damage":45,"enemies":"Lagavulin","floor":6,"turns":12},{"damage":4,"enemies":"Looter","floor":11,"turns":3},{"damage":0,"enemies":"Exordium Wildlife","floor":14,"turns":2},{"damage":34,"enemies":"Slime Boss","floor":16,"turns":7}],"seed_played":"152810947525949152","potions_obtained":[{"floor":1,"key":"Dexterity Potion"},{"floor":2,"key":"ColorlessPotion"},{"floor":3,"key":"Fire Potion"},{"floor":11,"key":"BlessingOfTheForge"}],"is_trial":false,"path_per_floor":["M","M","M","?","$","E","$","R","T","R","M","?","R","M","R","B"],"character_chosen":"THE_CONSTRUCT_MOD","items_purchased":["construct:NuclearCore","construct:QuickAttack"],"campfire_rested":1,"item_purchase_floors":[5,7],"current_hp_per_floor":[68,60,53,53,53,8,8,32,32,32,28,28,28,28,28,0,0],"gold":106,"neow_bonus":"HUNDRED_GOLD","is_daily":false,"chose_seed":false,"campfire_upgraded":3,"win_rate":0.0,"timestamp":1613852874,"path_taken":["M","M","M","?","$","E","?","R","T","R","M","?","R","M","R","BOSS"],"items_purchased_type":["Card","Card"],"build_version":"2020-12-22","purchased_purges":1,"victory":false,"max_hp_per_floor":[80,80,80,80,80,80,80,80,80,80,80,80,80,80,80,80,80],"relic_stats":{"counters":[7,36],"obtain_stats":[{"reliquary:SilkGlove":9,"hubris:Icosahedron":12,"construct:ClockworkPhoenix":0,"Mercury Hourglass":6},{"reliquary:SilkGlove":4,"hubris:Icosahedron":5,"construct:ClockworkPhoenix":0,"Mercury Hourglass":4},{"reliquary:SilkGlove":25,"hubris:Icosahedron":28,"construct:ClockworkPhoenix":0,"Mercury Hourglass":25}],"Mercury Hourglass":[45]},"card_choices":[{"not_picked":["construct:SaveState","construct:ModeShift"],"picked":"construct:NuclearCore","floor":1},{"not_picked":["construct:Analyze","construct:Bunker"],"picked":"construct:PhosphorStorm","floor":2},{"not_picked":["construct:SuppressiveFire","construct:ForceCore"],"picked":"construct:Dampening","floor":3},{"not_picked":["construct:CreateCores","construct:ScopeCore","construct:FlameCore"],"picked":"SKIP","floor":6},{"not_picked":["construct:Synchronize","construct:FierceBash"],"picked":"construct:BlazingSpeed","floor":11},{"not_picked":["construct:ModeShift","construct:ShiftStrike"],"picked":"construct:ScrapCannon","floor":14}],"player_experience":1232658,"relics_obtained":[{"floor":6,"key":"Mercury Hourglass"},{"floor":9,"key":"reliquary:SilkGlove"}],"event_choices":[{"cards_removed":["construct:Strike_Gold"],"damage_healed":0,"gold_gain":0,"player_choice":"Offered Basic","damage_taken":0,"max_hp_gain":0,"max_hp_loss":0,"event_name":"Bonfire Elementals","floor":4,"gold_loss":0}],"is_beta":false,"boss_relics":[],"items_purged_floors":[5],"is_endless":false,"potions_floor_spawned":[1,2,3,11],"killed_by":"Slime Boss","ascension_level":19}}