{"host":"2l5k2wp87eek7qja","time":1613833602,"event":{"mods":["BaseMod","Colored Map","Minty Spire (QoL Compilation)","Relic Stats"],"gold_per_floor":[110,260,260,71,81,115,115,125,125,125,6,40,40,58,58,154,154,179,179,13,28,28,66,66,66,66],"floor_reached":25,"language":"ENG","playtime":683,"items_purged":["Strike_G"],"score":554,"play_id":"d66c5880-3b8f-4f7f-a413-a5a5590b161f","local_time":"20210220170642","is_ascension_mode":true,"campfire_choices":[{"data":"Blade Dance","floor":7.0,"key":"SMITH"},{"data":"Cloak And Dagger","floor":10.0,"key":"SMITH"},{"data":"Accuracy","floor":15.0,"key":"SMITH"},{"data":"Storm of Steel","floor":24,"key":"SMITH"}],"circlet_count":0,"master_deck":["AscendersBane","Strike_G","Strike_G","Strike_G","Strike_G","Defend_G","Defend_G","Defend_G","Defend_G","Defend_G","Survivor","Neutralize","Flying Knee","Doubt","Blade Dance+1","Storm of Steel+1","Flying Knee","Cloak And Dagger+1","Accuracy+1","Phantasmal Killer","CurseOfTheBell","Cloak And Dagger","Backflip+1"],"relics":["Ring of the Snake","NeowsBlessing","Toy Ornithopter","Eternal Feather","Kunai","Orichalcum","Golden Idol","Calling Bell","Akabeko","Letter Opener","Bird Faced Urn","MutagenicStrength","Membership Card","Sundial"],"acts_visited":["Exordium","TheCity"],"potions_floor_usage":[23],"damage_taken":[{"damage":0.0,"enemies":"Small Slimes","floor":1.0,"turns":1.0},{"damage":0.0,"enemies":"Jaw Worm","floor":5.0,"turns":1.0},{"damage":0.0,"enemies":"3 Sentries","floor":6.0,"turns":1.0},{"damage":0.0,"enemies":"2 Louse","floor":8.0,"turns":2.0},{"damage":0.0,"enemies":"Gremlin Nob","floor":12.0,"turns":3.0},{"damage":2.0,"enemies":"Blue Slaver","floor":14.0,"turns":4.0},{"damage":42.0,"enemies":"Hexaghost","floor":16.0,"turns":9.0},{"damage":0.0,"enemies":"3 Byrds","floor":18.0,"turns":5.0},{"damage":14,"enemies":"Shell Parasite","floor":21,"turns":5},{"damage":40,"enemies":"Book of Stabbing","floor":23,"turns":5},{"damage":21,"enemies":"Snake Plant","floor":25,"turns":3}],"seed_played":"7879917757334096836","potions_obtained":[{"floor":5.0,"key":"SteroidPotion"},{"floor":12.0,"key":"SpeedPotion"},{"floor":21,"key":"FearPotion"}],"is_trial":false,"path_per_floor":["M","?","?","$","M","E","R","M","T","R","$","E","?","M","R","B",null,"M","?","$","M","?","E","R","M"],"character_chosen":"THE_SILENT","items_purchased":["Blade Dance","Toy Ornithopter","Accuracy","Membership Card"],"campfire_rested":0,"item_purchase_floors":[4,4,11,20],"current_hp_per_floor":[59,59,64,64,64,64,71,71,71,71,71,71,64,62,64,22,54,56,56,56,44,44,11,23,2,2],"gold":66,"neow_bonus":"THREE_ENEMY_KILL","is_daily":false,"chose_seed":false,"campfire_upgraded":4,"win_rate":0.0,"timestamp":1613833602,"path_taken":["M","?","?","$","M","E","R","M","T","R","$","E","?","M","R","BOSS","M","?","$","M","?","E","R","M"],"items_purchased_type":["Card","Relic","Card","Relic"],"build_version":"2020-12-22","purchased_purges":1,"victory":false,"max_hp_per_floor":[66,66,71,71,71,71,71,71,71,71,71,71,64,64,64,64,64,64,64,64,64,64,64,64,64,64],"relic_stats":{"counters":[11,39],"Golden Idol":39,"Sundial":[0],"Bird Faced Urn":[6],"Eternal Feather":21,"Kunai":[31],"Letter Opener":[10],"Orichalcum":[48],"obtain_stats":[{"NeowsBlessing":0,"Golden Idol":13,"Eternal Feather":6,"Letter Opener":17,"Orichalcum":12,"Akabeko":17,"Calling Bell":17,"Sundial":23,"Bird Faced Urn":17,"MutagenicStrength":19,"Kunai":9,"Membership Card":20,"Toy Ornithopter":4,"Ring of the Snake":0},{"NeowsBlessing":0,"Golden Idol":5,"Eternal Feather":3,"Letter Opener":7,"Orichalcum":5,"Akabeko":7,"Calling Bell":7,"Sundial":10,"Bird Faced Urn":7,"MutagenicStrength":8,"Kunai":4,"Membership Card":8,"Toy Ornithopter":1,"Ring of the Snake":0},{"NeowsBlessing":0,"Golden Idol":8,"Eternal Feather":3,"Letter Opener":21,"Orichalcum":8,"Akabeko":21,"Calling Bell":21,"Sundial":36,"Bird Faced Urn":21,"MutagenicStrength":26,"Kunai":5,"Membership Card":26,"Toy Ornithopter":1,"Ring of the Snake":0}],"Toy Ornithopter":5,"Ring of the Snake":[22]},"card_choices":[{"not_picked":["Underhanded Strike","Backflip"],"picked":"Flying Knee","floor":1.0},{"not_picked":["PiercingWail","Deflect"],"picked":"Storm of Steel","floor":5.0},{"not_picked":["Deflect","Prepared"],"picked":"Flying Knee","floor":6.0},{"not_picked":["Sucker Punch","Deadly Poison"],"picked":"Cloak And Dagger","floor":8.0},{"not_picked":["Sucker Punch","Dagger Throw","Venomology"],"picked":"SKIP","floor":12.0},{"not_picked":["Escape Plan","Outmaneuver","Masterful Stab"],"picked":"SKIP","floor":14.0},{"not_picked":["Doppelganger","Bullet Time"],"picked":"Phantasmal Killer","floor":16.0},{"not_picked":["Backstab","Prepared","Flying Knee"],"picked":"SKIP","floor":18.0},{"not_picked":["Predator","Dash"],"picked":"Cloak And Dagger","floor":21},{"not_picked":["Endless Agony+1","Concentrate"],"picked":"Backflip+1","floor":23}],"player_experience":836606,"relics_obtained":[{"floor":6.0,"key":"Eternal Feather"},{"floor":9.0,"key":"Kunai"},{"floor":12.0,"key":"Orichalcum"},{"floor":17.0,"key":"Akabeko"},{"floor":17.0,"key":"Letter Opener"},{"floor":17.0,"key":"Bird Faced Urn"},{"floor":23,"key":"Sundial"}],"event_choices":[{"damage_healed":0.0,"max_hp_gain":0.0,"max_hp_loss":0.0,"gold_gain":150.0,"event_name":"Liars Game","player_choice":"AGREE","floor":2.0,"gold_loss":0.0,"damage_taken":0.0,"cards_obtained":["Doubt"]},{"damage_healed":0.0,"max_hp_gain":5.0,"max_hp_loss":0.0,"gold_gain":0.0,"event_name":"Big Fish","player_choice":"Donut","floor":3.0,"gold_loss":0.0,"damage_taken":0.0},{"damage_healed":0.0,"max_hp_gain":0.0,"max_hp_loss":7.0,"gold_gain":0.0,"event_name":"Golden Idol","player_choice":"Lose Max HP","floor":13.0,"gold_loss":0.0,"damage_taken":0.0,"relics_obtained":["Golden Idol"]},{"damage_healed":0.0,"max_hp_gain":0.0,"max_hp_loss":0.0,"gold_gain":0.0,"event_name":"Drug Dealer","player_choice":"Inject Mutagens","floor":19.0,"gold_loss":0.0,"damage_taken":0.0,"relics_obtained":["MutagenicStrength"]},{"damage_healed":0,"gold_gain":0,"player_choice":"Ignored","damage_taken":0,"max_hp_gain":0,"max_hp_loss":0,"event_name":"The Mausoleum","floor":22,"gold_loss":0}],"is_beta":false,"boss_relics":[{"not_picked":["SlaversCollar","HoveringKite"],"picked":"Calling Bell"}],"items_purged_floors":[11],"is_endless":false,"potions_floor_spawned":[5,12,21],"killed_by":"Snake Plant","ascension_level":20}}