{"host":"7sni158j623xchr2","time":1613800163,"event":{"mods":["BaseMod","Colored Map","Highlight Path","Minty Spire (QoL Compilation)","Permanent Neow","Potion Indicator Mod","Rare Cards Sparkle","Relic Sorter","Relic Stats","StSLib","everything is the same but u backflip on backflip"],"gold_per_floor":[109,109,121,121,140,140,167,167,167,342,357,378,388,417,417,417,417],"floor_reached":16,"language":"ENG","playtime":277,"items_purged":[],"score":142,"play_id":"ef100633-f367-4fac-9040-e2b4070f09c8","local_time":"20210219234923","is_ascension_mode":true,"campfire_choices":[{"data":"ForeignInfluence","floor":6,"key":"SMITH"},{"data":"Meditate","floor":8,"key":"SMITH"},{"data":"Adaptation","floor":15,"key":"SMITH"}],"circlet_count":0,"master_deck":["Strike_P","Strike_P","Strike_P","Strike_P","Defend_P","Defend_P","Defend_P","Defend_P","Eruption","Vigilance","CrushJoints","BowlingBash","ForeignInfluence+1","Meditate+1","Doubt","CutThroughFate","EmptyMind","Adaptation+1"],"relics":["PureWater","NeowsBlessing","NlothsMask","PreservedInsect","Odd Mushroom","InkBottle"],"acts_visited":["Exordium"],"potions_floor_usage":[12,12,14,16],"damage_taken":[{"damage":0,"enemies":"Jaw Worm","floor":1,"turns":1},{"damage":0,"enemies":"Cultist","floor":3,"turns":1},{"damage":0,"enemies":"Small Slimes","floor":5,"turns":1},{"damage":46,"enemies":"Lagavulin","floor":7,"turns":6},{"damage":0,"enemies":"Exordium Thugs","floor":11,"turns":3},{"damage":22,"enemies":"The Mushroom Lair","floor":12,"turns":4},{"damage":0,"enemies":"Large Slime","floor":13,"turns":2},{"damage":0,"enemies":"Gremlin Nob","floor":14,"turns":1},{"damage":10,"enemies":"Hexaghost","floor":16,"turns":4}],"seed_played":"-2657146048492462693","potions_obtained":[{"floor":5,"key":"Energy Potion"},{"floor":11,"key":"Swift Potion"},{"floor":13,"key":"ColorlessPotion"},{"floor":14,"key":"BottledMiracle"}],"is_trial":false,"path_per_floor":["M","?","M","?","M","R","E","R","T","?","M","?","M","E","R","B"],"character_chosen":"WATCHER","items_purchased":[],"campfire_rested":0,"item_purchase_floors":[],"current_hp_per_floor":[72,72,72,77,77,77,31,31,31,31,31,9,9,9,9,0,0],"gold":417,"neow_bonus":"THREE_ENEMY_KILL","is_daily":false,"chose_seed":false,"campfire_upgraded":3,"win_rate":0.0,"timestamp":1613800163,"path_taken":["M","?","?","?","M","R","E","R","T","?","?","?","M","E","R","BOSS"],"items_purchased_type":[],"build_version":"2020-12-22","purchased_purges":0,"victory":false,"max_hp_per_floor":[72,72,72,77,77,77,77,77,77,77,77,77,77,77,77,77,77],"relic_stats":{"counters":[9,23],"PreservedInsect":21,"obtain_stats":[{"NeowsBlessing":0,"PreservedInsect":7,"PureWater":0,"Odd Mushroom":12,"InkBottle":14,"NlothsMask":2},{"NeowsBlessing":0,"PreservedInsect":4,"PureWater":0,"Odd Mushroom":6,"InkBottle":8,"NlothsMask":1},{"NeowsBlessing":0,"PreservedInsect":9,"PureWater":0,"Odd Mushroom":16,"InkBottle":19,"NlothsMask":1}],"InkBottle":[2]},"card_choices":[{"not_picked":["SashWhip","SignatureMove"],"picked":"CrushJoints","floor":1},{"not_picked":["Pray","FlyingSleeves"],"picked":"BowlingBash","floor":3},{"not_picked":["ClearTheMind","Indignation"],"picked":"ForeignInfluence","floor":5},{"not_picked":["CarveReality","CrushJoints"],"picked":"Meditate","floor":7},{"not_picked":["BowlingBash","Perseverance"],"picked":"CutThroughFate","floor":11},{"not_picked":["Crescendo","Prostrate"],"picked":"EmptyMind","floor":12},{"not_picked":["Meditate","Protect","Worship"],"picked":"SKIP","floor":13},{"not_picked":["Worship","FlurryOfBlows"],"picked":"Adaptation","floor":14}],"player_experience":1829263,"relics_obtained":[{"floor":7,"key":"PreservedInsect"},{"floor":12,"key":"Odd Mushroom"},{"floor":14,"key":"InkBottle"}],"event_choices":[{"damage_healed":0,"gold_gain":0,"player_choice":"Trade","damage_taken":0,"relics_obtained":["NlothsMask"],"max_hp_gain":0,"max_hp_loss":0,"event_name":"FaceTrader","floor":2,"gold_loss":0},{"damage_healed":0,"gold_gain":0,"player_choice":"Donut","damage_taken":0,"max_hp_gain":5,"max_hp_loss":0,"event_name":"Big Fish","floor":4,"gold_loss":0},{"damage_healed":0,"gold_gain":175,"player_choice":"AGREE","damage_taken":0,"max_hp_gain":0,"max_hp_loss":0,"event_name":"Liars Game","floor":10,"gold_loss":0,"cards_obtained":["Doubt"]},{"damage_healed":0,"gold_gain":0,"player_choice":"Fought Mushrooms","damage_taken":0,"max_hp_gain":0,"max_hp_loss":0,"event_name":"Mushrooms","floor":12,"gold_loss":0}],"is_beta":false,"boss_relics":[],"items_purged_floors":[],"is_endless":false,"potions_floor_spawned":[5,11,13,14],"killed_by":"Hexaghost","ascension_level":1}}