{"host":"onfdonezo2qmaex3","time":1613852392,"event":{"mods":["2.2 Compatiblity","AchievementEnabler","Act Like it!","Aspiration","BaseMod","Colored Powertips","Downfall","Friendly Minions","Gensokyo","Hallownest","Hermit","Highlight Path","Jorbs\u0027s Wanderer Trilogy","Marisa????????","Marked Mod","Minty Spire (QoL Compilation)","Quick Restart","Reliquary","Shop Mod","StSLib","The Disciple","The Hayseed","The Hierophant","The Marked","The Runesmith"],"gold_per_floor":[113,113,113,113,127,127,207,207,207,222,234,259,272,302,302,405,405,417,87,121,121,139,139,139,139],"floor_reached":24,"language":"ENG","playtime":1368,"items_purged":["Crippling Poison"],"score":213,"play_id":"c600f4c0-b206-42d7-a5f8-cf57cc69196d","local_time":"20210220211952","is_ascension_mode":true,"campfire_choices":[{"data":"Wireheading","floor":6,"key":"SMITH"},{"data":"Eruption","floor":8,"key":"SMITH"},{"data":"MarkedMod:PinPointDefense","floor":15,"key":"SMITH"},{"data":"MarkedMod:SlowDance","floor":23,"key":"SMITH"}],"circlet_count":0,"master_deck":["Strike_P","Strike_P","Defend_P","Defend_P","Defend_P","Eruption+1","Vigilance","MarkedMod:FirstStrike","MarkedMod:PinPointDefense+1","Finisher","Wireheading+1","MarkedMod:PinPointDefense+1","MarkedMod:SlowDance+1","PathToVictory","SpiritShield","MarkedMod:GentlePulse","Nirvana"],"relics":["PureWater","reliquary:PrincelyHelmet","reliquary:BoilingFlask","Strawberry","reliquary:Solitaire","aspiration:HummingbirdHeart","Red Mask"],"acts_visited":["Gensokyo:Gensokyo","TheCity"],"potions_floor_usage":[12],"damage_taken":[{"damage":1,"enemies":"Gensokyo:Gryphon","floor":1,"turns":4},{"damage":9,"enemies":"Gensokyo:Python","floor":5,"turns":3},{"damage":0,"enemies":"Gensokyo:3_Fairies","floor":10,"turns":4},{"damage":4,"enemies":"Gensokyo:VengefulSpirit","floor":11,"turns":4},{"damage":7,"enemies":"Gensokyo:Cirno","floor":12,"turns":6},{"damage":10,"enemies":"Gensokyo:Gryphon_and_Rabbit","floor":13,"turns":7},{"damage":40,"enemies":"Gensokyo:Aya","floor":14,"turns":6},{"damage":5,"enemies":"Gensokyo:Yukari","floor":16,"turns":8},{"damage":3,"enemies":"3 Byrds","floor":18,"turns":5},{"damage":7,"enemies":"Masked Bandits","floor":20,"turns":6},{"damage":8,"enemies":"Spheric Guardian","floor":22,"turns":4},{"damage":73,"enemies":"3 Cultists","floor":24,"turns":4}],"seed_played":"-2411421496411777844","potions_obtained":[{"floor":1,"key":"Strength Potion"},{"floor":11,"key":"Ancient Potion"},{"floor":16,"key":"Dexterity Potion"},{"floor":18,"key":"Guardian:BlockOnCardUsePotion"},{"floor":20,"key":"SkillPotion"}],"is_trial":false,"path_per_floor":["M","?","?","?","M","R","?","R","T","M","M","E","M","E","R","B",null,"M","$","?","?","M","R","M"],"character_chosen":"WATCHER","items_purchased":["aspiration:HummingbirdHeart"],"campfire_rested":0,"item_purchase_floors":[19],"current_hp_per_floor":[78,78,78,78,69,69,69,69,69,69,65,58,48,15,15,10,86,83,83,76,76,68,68,0,0],"gold":139,"neow_bonus":"TEN_PERCENT_HP_BONUS","is_daily":false,"chose_seed":false,"campfire_upgraded":4,"win_rate":0.0,"timestamp":1613852392,"path_taken":["M","?","?","?","?","R","?","R","T","M","M","E","M","E","R","BOSS","M","$","?","?","?","R","M"],"items_purchased_type":["Relic"],"build_version":"2020-12-22","purchased_purges":1,"victory":false,"max_hp_per_floor":[79,79,79,79,79,79,79,79,79,79,79,79,79,86,86,86,86,86,86,86,86,86,86,86,86],"card_choices":[{"not_picked":["Collect","Sanctity"],"picked":"MarkedMod:FirstStrike","floor":1},{"not_picked":["Protect","Wallop"],"picked":"Wireheading","floor":5},{"not_picked":["SashWhip","Evaluate"],"picked":"MarkedMod:PinPointDefense","floor":10},{"not_picked":["Protect","FollowUp"],"picked":"MarkedMod:SlowDance","floor":11},{"not_picked":["FlyingSleeves","Crescendo","ClearTheMind"],"picked":"SKIP","floor":12},{"not_picked":["FollowUp","Protect","FlyingSleeves"],"picked":"SKIP","floor":13},{"not_picked":["Devotion","Prostrate"],"picked":"PathToVictory","floor":14},{"not_picked":["LessonLearned","Scrawl"],"picked":"SpiritShield","floor":16},{"not_picked":["SashWhip","SandsOfTime","WindmillStrike+1"],"picked":"SKIP","floor":18},{"not_picked":["MarkedMod:FirstStrike","WheelKick+1"],"picked":"MarkedMod:GentlePulse","floor":20},{"not_picked":["FlyingSleeves","Halt"],"picked":"Nirvana","floor":22}],"player_experience":228227,"relics_obtained":[{"floor":9,"key":"reliquary:PrincelyHelmet"},{"floor":12,"key":"reliquary:BoilingFlask"},{"floor":14,"key":"Strawberry"},{"floor":20,"key":"Red Mask"}],"event_choices":[{"damage_healed":0,"gold_gain":0,"player_choice":"Fought Bandits","damage_taken":0,"max_hp_gain":0,"max_hp_loss":0,"event_name":"Masked Bandits","floor":20,"gold_loss":0},{"cards_removed":["Bane"],"damage_healed":0,"gold_gain":0,"player_choice":"Card Removal","damage_taken":0,"max_hp_gain":0,"max_hp_loss":0,"event_name":"Wheel of Change","floor":21,"gold_loss":0}],"is_beta":false,"boss_relics":[{"not_picked":["Philosopher\u0027s Stone","Ectoplasm"],"picked":"reliquary:Solitaire"}],"items_purged_floors":[19],"is_endless":false,"potions_floor_spawned":[1,11,16,18,20,22],"killed_by":"3 Cultists","ascension_level":1}}