{"host":"8u9gkmadxi1im6dj","time":1613827363,"event":{"mods":["Act Like it!","Bard","BaseMod","Block Reminder","Colored Map","Colored Powertips","DeckTracker","Downfall","Infinite Spire","Jorbs\u0027s Wanderer Trilogy","Marisa????????","Minty Spire (QoL Compilation)","Pale of the Ancients","Permanent Neow","Quick Restart","Random Character Button","Relic Sorter","Relic Stats","Replay The Spire","Shade Mod","StSLib","The Bug Knight","The Cursed","The IronCluck","The Necromancer","The Servant 0.9.4"],"gold_per_floor":[117,134,309,322,397,432,456,456,456,456,473,15,35,64,64,169,169,187,50,50,66,84,98,98],"floor_reached":23,"language":"ENG","playtime":1015,"items_purged":["Doubt","Strike_G"],"score":317,"play_id":"b186366b-455d-4a41-8a3d-1b1d537a25ea","local_time":"20210220142243","is_ascension_mode":true,"campfire_choices":[{"data":"Accuracy","floor":8,"key":"SMITH"},{"data":"Hidden Blade","floor":10,"key":"SMITH"},{"floor":15,"key":"REST"}],"circlet_count":0,"master_deck":["Strike_G","Strike_G","Strike_G","Defend_G","Defend_G","Defend_G","Defend_G","Defend_G","Survivor","Neutralize","Dodge and Roll","Accuracy+1","Hidden Blade+1","Leg Sweep","Deadly Poison","infinitespire:Neurotoxin+1","Crippling Poison+1","Deadly Poison+1","Cloak And Dagger+1","Corpse Explosion+1","Prepared+1","Noxious Fumes","Prepared+1","Blade Dance+1"],"relics":["Ring of the Serpent","NeowsBlessing","Calipers","infinitespire:Midas Blood","Toxic Egg 2","ReplayTheSpireMod:TigerMarble","Blood Vial","Omamori"],"acts_visited":["Exordium","TheCity"],"potions_floor_usage":[14,16,16,18,23,23],"damage_taken":[{"damage":0,"enemies":"Cultist","floor":1,"turns":1},{"damage":0,"enemies":"Small Slimes","floor":4,"turns":1},{"damage":0,"enemies":"3 Sentries","floor":6,"turns":2},{"damage":7,"enemies":"2 Louse","floor":7,"turns":5},{"damage":6,"enemies":"Gremlin Gang","floor":11,"turns":7},{"damage":15,"enemies":"Large Slime","floor":13,"turns":6},{"damage":2,"enemies":"Lagavulin","floor":14,"turns":6},{"damage":0,"enemies":"Hexaghost","floor":16,"turns":7},{"damage":26,"enemies":"2 Thieves","floor":18,"turns":4},{"damage":0,"enemies":"Chosen","floor":21,"turns":4},{"damage":12,"enemies":"3 Cultists","floor":22,"turns":3},{"damage":48,"enemies":"Slavers","floor":23,"turns":3}],"seed_played":"1191230624788194708","potions_obtained":[{"floor":4,"key":"Venom Potion"},{"floor":6,"key":"Languid Potion"},{"floor":13,"key":"Block Potion"},{"floor":14,"key":"GhostInAJar"},{"floor":16,"key":"DuplicationPotion"},{"floor":18,"key":"ColorlessPotion"}],"is_trial":false,"path_per_floor":["M","?","?","M","?","E","M","R","T","R","M","$","M","E","R","B",null,"M","$","?","M","M","E"],"character_chosen":"THE_SILENT","items_purchased":["ReplayTheSpireMod:TigerMarble","Blood Vial","Crippling Poison+1","Noxious Fumes"],"campfire_rested":1,"item_purchase_floors":[12,12,12,19],"current_hp_per_floor":[70,53,53,53,46,46,39,39,39,39,33,33,20,20,41,43,70,44,44,44,46,36,0,0],"gold":98,"neow_bonus":"THREE_ENEMY_KILL","is_daily":false,"chose_seed":false,"campfire_upgraded":2,"win_rate":0.0,"timestamp":1613827363,"path_taken":["M","?","?","M","?","E","M","R","T","R","M","$","M","E","R","BOSS","M","?","?","M","M","E"],"items_purchased_type":["Relic","Relic","Card","Card"],"build_version":"2020-12-22","purchased_purges":2,"victory":false,"max_hp_per_floor":[70,70,70,70,70,70,70,70,70,70,70,70,70,70,70,70,70,70,70,70,70,70,70,70],"relic_stats":{"Blood Vial":12,"counters":[12,49],"obtain_stats":[{"Blood Vial":12,"Calipers":2,"NeowsBlessing":0,"ReplayTheSpireMod:TigerMarble":12,"Omamori":14,"Toxic Egg 2":9,"Ring of the Serpent":17,"Ring of the Snake":0,"infinitespire:Midas Blood":6},{"Blood Vial":5,"Calipers":1,"NeowsBlessing":0,"ReplayTheSpireMod:TigerMarble":5,"Omamori":7,"Toxic Egg 2":4,"Ring of the Serpent":8,"Ring of the Snake":0,"infinitespire:Midas Blood":3},{"Blood Vial":16,"Calipers":1,"NeowsBlessing":0,"ReplayTheSpireMod:TigerMarble":16,"Omamori":28,"Toxic Egg 2":9,"Ring of the Serpent":35,"Ring of the Snake":0,"infinitespire:Midas Blood":4}]},"card_choices":[{"not_picked":["Quick Slash","PiercingWail"],"picked":"Dodge and Roll","floor":1},{"not_picked":["Prepared","Dagger Throw"],"picked":"Accuracy","floor":2},{"not_picked":["Calculated Gamble","Deadly Poison"],"picked":"Hidden Blade","floor":4},{"not_picked":["PiercingWail","Dagger Spray"],"picked":"Leg Sweep","floor":6},{"not_picked":["Sucker Punch","Dodge and Roll"],"picked":"Deadly Poison","floor":7},{"not_picked":["Deflect+1","Prepared+1"],"picked":"infinitespire:Neurotoxin+1","floor":11},{"not_picked":["Dash","Poisoned Stab"],"picked":"Deadly Poison+1","floor":13},{"not_picked":["Prepared+1","Leg Sweep+1"],"picked":"Cloak And Dagger+1","floor":14},{"not_picked":["Tools of the Trade","A Thousand Cuts"],"picked":"Corpse Explosion+1","floor":16},{"not_picked":["Tactician+1","Escape Plan+1"],"picked":"Prepared+1","floor":18},{"not_picked":["Poisoned Stab","Underhanded Strike"],"picked":"Prepared+1","floor":21},{"not_picked":["Dash","Well Laid Plans"],"picked":"Blade Dance+1","floor":22}],"player_experience":106828,"relics_obtained":[{"floor":2,"key":"Calipers"},{"floor":6,"key":"infinitespire:Midas Blood"},{"floor":9,"key":"Toxic Egg 2"},{"floor":14,"key":"Omamori"}],"event_choices":[{"damage_healed":0,"gold_gain":175,"player_choice":"AGREE","damage_taken":0,"max_hp_gain":0,"max_hp_loss":0,"event_name":"Liars Game","floor":3,"gold_loss":0,"cards_obtained":["Doubt"]},{"damage_healed":0,"gold_gain":75,"player_choice":"Touch","damage_taken":7,"max_hp_gain":0,"max_hp_loss":0,"event_name":"FaceTrader","floor":5,"gold_loss":0},{"cards_removed":["Strike_G"],"damage_healed":0,"gold_gain":0,"player_choice":"Offered Basic","damage_taken":0,"max_hp_gain":0,"max_hp_loss":0,"event_name":"Bonfire Elementals","floor":20,"gold_loss":0}],"is_beta":false,"boss_relics":[{"not_picked":["Replay:Ancient Bell","Snecko Eye"],"picked":"Ring of the Serpent"}],"items_purged_floors":[12,19],"is_endless":false,"potions_floor_spawned":[4,6,13,14,16,18],"killed_by":"Slavers","ascension_level":3}}