{"host":"iodn1af76021fjto","time":1613803374,"event":{"mods":["AchievementEnabler","BaseMod","BetterRewards","Colored Map","Downfall","Hermit","Infinite Spire","Jorbs\u0027s Wanderer Trilogy","Minty Spire (QoL Compilation)","Quick Restart","StSLib","SuperFastMode","The Cursed","The Hierophant","The Jungle","The Runesmith","The Servant 0.9.4"],"gold_per_floor":[118,81,81,100,100,133,133,161,214,225,190,516,528,541,541,638,638,619,619,544,544,117,117,143,153,153,153,153,153],"floor_reached":28,"language":"ENG","playtime":886,"items_purged":[],"score":321,"play_id":"36276f61-42d2-4936-aab0-3ca9f4d066d5","local_time":"20210220014254","is_ascension_mode":true,"campfire_choices":[{"data":"Echo Form","floor":7,"key":"SMITH"},{"data":"Dualcast","floor":15,"key":"SMITH"},{"data":"Redo","floor":23,"key":"SMITH"}],"circlet_count":0,"master_deck":["Strike_B","Strike_B","Strike_B","Defend_B","Defend_B","Defend_B","Defend_B","Zap","Dualcast+1","Self Repair","Conserve Battery","Echo Form+1","Capacitor","Double Energy","Redo+1","Electrodynamics","RitualDagger","Static Discharge","Genetic Algorithm+1","Leap+1"],"relics":["Cracked Core","NeowsBlessing","DataDisk","Question Card","Lantern","Dream Catcher","Old Coin","Black Star","Toxic Egg 2","ClockworkSouvenir","infinitespire:Freezer","Symbiotic Virus","infinitespire:WardingShard"],"acts_visited":["Exordium","TheCity"],"potions_floor_usage":[16],"damage_taken":[{"damage":0,"enemies":"Jaw Worm","floor":1,"turns":1},{"damage":0,"enemies":"2 Louse","floor":4,"turns":1},{"damage":0,"enemies":"Lagavulin","floor":6,"turns":1},{"damage":33,"enemies":"Gremlin Nob","floor":8,"turns":4},{"damage":1,"enemies":"Small Slimes","floor":10,"turns":3},{"damage":25,"enemies":"Lagavulin","floor":12,"turns":8},{"damage":9,"enemies":"Blue Slaver","floor":13,"turns":3},{"damage":12,"enemies":"Large Slime","floor":14,"turns":8},{"damage":36,"enemies":"The Guardian","floor":16,"turns":15},{"damage":19,"enemies":"2 Thieves","floor":18,"turns":4},{"damage":33,"enemies":"Book of Stabbing","floor":24,"turns":3},{"damage":9,"enemies":"Chosen","floor":25,"turns":4},{"damage":22,"enemies":"Slavers","floor":28,"turns":2}],"seed_played":"-7546503305099566425","potions_obtained":[{"floor":6,"key":"BlessingOfTheForge"},{"floor":8,"key":"PowerPotion"},{"floor":13,"key":"hexamod:SoulburnPotion"},{"floor":24,"key":"LiquidBronze"}],"is_trial":false,"path_per_floor":["M","$","?","M","?","E","R","E","T","M","?","E","M","M","R","B",null,"M","?","?","?","$","R","E","M","T","?","E"],"character_chosen":"DEFECT","items_purchased":["Chaos","Toxic Egg 2","ClockworkSouvenir","Static Discharge"],"campfire_rested":0,"item_purchase_floors":[2,22,22,22],"current_hp_per_floor":[75,75,68,75,68,68,68,42,42,48,66,48,39,41,41,12,75,63,45,45,39,39,39,13,18,18,18,0,0],"gold":153,"neow_bonus":"THREE_ENEMY_KILL","is_daily":false,"chose_seed":false,"campfire_upgraded":3,"win_rate":0.0,"timestamp":1613803374,"path_taken":["M","$","?","M","?","E","R","E","T","M","?","E","?","M","R","BOSS","M","?","?","?","?","R","E","M","T","?","E"],"items_purchased_type":["Card","Relic","Relic","Card"],"build_version":"2020-12-22","purchased_purges":0,"victory":false,"max_hp_per_floor":[75,75,75,75,75,75,75,75,75,75,75,75,75,75,75,75,75,75,75,75,75,75,75,75,75,75,75,75,75],"card_choices":[{"not_picked":["Cold Snap","Gash"],"picked":"Self Repair","floor":1},{"not_picked":["Barrage","Hologram"],"picked":"Conserve Battery","floor":4},{"not_picked":["Steam Power","Go for the Eyes"],"picked":"Echo Form","floor":6},{"not_picked":["FTL","BootSequence","Lockon"],"picked":"Capacitor","floor":8},{"not_picked":["Barrage","Beam Cell","Streamline","Stack"],"picked":"SKIP","floor":10},{"not_picked":["Gash","Conserve Battery","Reinforced Body","Redo"],"picked":"SKIP","floor":12},{"not_picked":["Beam Cell","Conserve Battery","Redo"],"picked":"Double Energy","floor":13},{"not_picked":["Auto Shields","Sunder","All For One"],"picked":"Redo","floor":14},{"not_picked":["Echo Form","Multi-Cast","Thunder Strike"],"picked":"Electrodynamics","floor":16},{"not_picked":["Blizzard+1","Redo+1","Compile Driver","Sweeping Beam"],"picked":"SKIP","floor":18},{"not_picked":["infinitespire:UltimateForm","infinitespire:FinalStrike"],"picked":"infinitespire:SealOfDarkness+","floor":19},{"not_picked":["Consume+1","Sunder","FTL+1"],"picked":"Genetic Algorithm+1","floor":24},{"not_picked":["Consume+1","Chill+1","Doom and Gloom"],"picked":"Leap+1","floor":25}],"player_experience":278667,"relics_obtained":[{"floor":6,"key":"Question Card"},{"floor":8,"key":"Lantern"},{"floor":9,"key":"Dream Catcher"},{"floor":12,"key":"Old Coin"},{"floor":24,"key":"infinitespire:Freezer"},{"floor":24,"key":"Symbiotic Virus"},{"floor":26,"key":"infinitespire:WardingShard"}],"event_choices":[{"damage_healed":0,"gold_gain":0,"player_choice":"Success","damage_taken":7,"relics_obtained":["DataDisk"],"max_hp_gain":0,"max_hp_loss":0,"event_name":"Scrap Ooze","floor":3,"gold_loss":0},{"cards_removed":["Strike_B"],"damage_healed":0,"gold_gain":0,"player_choice":"Card Removal","damage_taken":7,"max_hp_gain":0,"max_hp_loss":0,"event_name":"Golden Wing","floor":5,"gold_loss":0},{"damage_healed":18,"gold_gain":0,"player_choice":"Healed","damage_taken":0,"max_hp_gain":0,"max_hp_loss":0,"event_name":"The Cleric","floor":11,"gold_loss":35},{"cards_removed":["Chaos"],"damage_healed":0,"gold_gain":0,"player_choice":"Gave Gold","damage_taken":0,"max_hp_gain":0,"max_hp_loss":0,"event_name":"Beggar","floor":20,"gold_loss":75},{"damage_healed":0,"gold_gain":0,"player_choice":"Joined the Cult","damage_taken":6,"max_hp_gain":0,"max_hp_loss":0,"event_name":"Nest","floor":21,"gold_loss":0,"cards_obtained":["RitualDagger"]}],"is_beta":false,"boss_relics":[{"not_picked":["Cursed Key","Empty Cage"],"picked":"Black Star"}],"items_purged_floors":[],"is_endless":false,"potions_floor_spawned":[6,8,13,14,24],"killed_by":"Slavers","ascension_level":3}}