{"host":"y9t3brv5y5t41vuj","time":1613847484,"event":{"mods":["AchievementEnabler","BaseMod","BetterRewards","Block Reminder","Colored Map","Colored Powertips","Conspire","Highlight Path","Hubris","Infinite Spire","Minty Spire (QoL Compilation)","Quick Restart","Replay The Spire","Shop Mod","StSLib","SuperFastMode","Unceasing Turn Reminder"],"gold_per_floor":[118,137,156,0,16,16,47,58,58,58,58,12,26,83,83,184,184,184,184,184,184,184,184,184,184,184,19,19,19,19,19,19,19,19,19,19,19,19,19,19,19,19,19,19,19,19,19,19,19,19,19,19,19],"floor_reached":52,"language":"ENG","playtime":1156,"items_purged":["Strike_R","Strike_R","Evolve","Strike_R"],"score":679,"play_id":"b481e987-5d9c-43e2-983b-09297bc8a93a","local_time":"20210220195804","is_ascension_mode":false,"campfire_choices":[{"floor":6,"key":"REST"},{"floor":10,"key":"REST"},{"floor":15,"key":"REST"},{"floor":25,"key":"REST"},{"floor":29,"key":"REST"},{"data":"Inflame","floor":32,"key":"SMITH"},{"data":"Heavy Blade","floor":40,"key":"SMITH"},{"floor":51,"key":"REST"}],"circlet_count":0,"master_deck":["Strike_R+1","Strike_R","Defend_R+1","Defend_R","Defend_R","Defend_R","Bash+1","Inflame+1","Trip+1","Heavy Blade+1","Armaments","Demon Form","Replay:Undeath\u0027s Touch","Twin Strike","Flex+1","Feed","Combust","Iron Wave+1","Replay:Undeath\u0027s Touch","Inflame","Twin Strike","Iron Wave+1","Armaments+1","Heavy Blade+1"],"relics":["Burning Blood","MerchantsRug","ReplayTheSpireMod:Ninjato","Bag of Marbles","Shuriken","Bag of Preparation","Gremlin Food","Ectoplasm","MutagenicStrength","infinitespire:Lychee Nut","Omamori","War Paint","Ornamental Fan","conspire:SpecialSausage","hubris:Towel","hubris:ChampionShield","Fusion Hammer","Vajra"],"acts_visited":["Exordium","TheCity","TheBeyond"],"potions_floor_usage":[7,14,14,23,23,23,52,52,52],"damage_taken":[{"damage":1,"enemies":"Cultist","floor":1,"turns":3},{"damage":20,"enemies":"Jaw Worm","floor":2,"turns":4},{"damage":2,"enemies":"conspire:RoseBush","floor":3,"turns":2},{"damage":12,"enemies":"3 Louse","floor":5,"turns":4},{"damage":27,"enemies":"Gremlin Nob","floor":7,"turns":4},{"damage":11,"enemies":"Exordium Wildlife","floor":8,"turns":4},{"damage":10,"enemies":"Looter","floor":13,"turns":3},{"damage":23,"enemies":"3 Sentries","floor":14,"turns":7},{"damage":18,"enemies":"The Guardian","floor":16,"turns":7},{"damage":42,"enemies":"3 Byrds","floor":18,"turns":6},{"damage":16,"enemies":"conspire:FuzzyDice","floor":21,"turns":5},{"damage":26,"enemies":"Replay:Snechameleon","floor":23,"turns":6},{"damage":22,"enemies":"Snake Plant","floor":24,"turns":3},{"damage":0,"enemies":"Centurion and Healer","floor":31,"turns":2},{"damage":15,"enemies":"conspire:MysteriousRune","floor":33,"turns":5},{"damage":2,"enemies":"3 Shapes","floor":35,"turns":1},{"damage":11,"enemies":"3 Darklings","floor":36,"turns":3},{"damage":0,"enemies":"Transient","floor":37,"turns":5},{"damage":7,"enemies":"Giant Head","floor":41,"turns":6},{"damage":16,"enemies":"Sphere and 2 Shapes","floor":47,"turns":4},{"damage":0,"enemies":"4 Shapes","floor":48,"turns":2},{"damage":10,"enemies":"Writhing Mass","floor":49,"turns":2},{"damage":0,"enemies":"Spire Growth","floor":50,"turns":3},{"damage":73,"enemies":"Awakened One","floor":52,"turns":5}],"seed_played":"-8754948009031885284","potions_obtained":[{"floor":1,"key":"Weak Potion"},{"floor":2,"key":"ColorlessPotion"},{"floor":5,"key":"Languid Potion"},{"floor":8,"key":"DistilledChaos"},{"floor":16,"key":"Regen Potion"},{"floor":18,"key":"Weak Potion"},{"floor":24,"key":"Block Potion"},{"floor":33,"key":"Swift Potion"},{"floor":35,"key":"Reflective Coating"},{"floor":50,"key":"Adrenaline Potion"}],"is_trial":false,"path_per_floor":["M","M","M","$","M","R","E","M","T","R","?","$","M","?","R","B",null,"M","?","AVR","M","?","E","M","R","T","$","$","R","?","M","R","B",null,"M","M","M","?","$","R","E","AVR","T","$","PTL","PTL","M","M","M","M","R","B"],"character_chosen":"IRONCLAD","items_purchased":["MerchantsRug","ReplayTheSpireMod:Ninjato","Inflame","Trip","Heavy Blade","Bag of Marbles","Demon Form","Flex","Inflame"],"campfire_rested":6,"item_purchase_floors":[0,0,0,0,0,0,4,12,27],"current_hp_per_floor":[44,30,34,34,28,52,31,26,26,50,50,50,46,29,53,41,80,44,44,44,40,25,20,9,27,27,27,27,45,45,54,54,54,63,63,60,63,63,63,63,62,62,62,62,62,62,61,66,62,69,69,0,0],"gold":19,"neow_bonus":"","is_daily":false,"chose_seed":false,"campfire_upgraded":2,"win_rate":0.0,"timestamp":1613847484,"path_taken":["M","M","M","$","M","R","E","M","T","R","?","?","M","?","R","BOSS","M","?","AVR","M","?","E","M","R","T","?","$","R","?","M","R","BOSS","M","?","?","?","$","R","E","AVR","T","$","PTL","PTL","M","M","M","M","R","BOSS"],"items_purchased_type":["Relic","Relic","Card","Card","Card","Relic","Card","Card","Card"],"build_version":"2020-12-22","purchased_purges":4,"victory":false,"max_hp_per_floor":[80,80,80,80,80,80,80,80,80,80,80,80,80,80,80,80,80,80,80,60,60,60,60,60,60,60,60,60,60,60,60,60,63,63,63,63,63,63,63,63,63,63,63,63,63,63,66,66,66,69,69,69,69],"card_choices":[{"not_picked":["Wild Strike","Iron Wave"],"picked":"Evolve","floor":1},{"not_picked":["Rampage","Replay:Undeath\u0027s Touch"],"picked":"Armaments","floor":2},{"not_picked":["Run Through","Perfected Strike","Warcry"],"picked":"SKIP","floor":3},{"not_picked":["Whirlwind","Sword Boomerang"],"picked":"Replay:Undeath\u0027s Touch","floor":5},{"not_picked":["Immolate","Bludgeon","Defy Death"],"picked":"SKIP","floor":7},{"not_picked":["Armaments","Feel No Pain"],"picked":"Twin Strike","floor":8},{"not_picked":["Disarm","Thunderclap","hubris:ReadiedAction"],"picked":"SKIP","floor":13},{"not_picked":["conspire:Purge","hubris:StunningStrike"],"picked":"Feed","floor":16},{"not_picked":["Seeing Red","Warcry+1"],"picked":"Combust","floor":18},{"not_picked":["Clothesline+1","Shrug It Off"],"picked":"Iron Wave","floor":21},{"not_picked":["ReplayTheSpireMod:Strike From Hell+1","Carnage"],"picked":"Replay:Undeath\u0027s Touch","floor":22},{"not_picked":["Clothesline","Thunderclap","Body Slam"],"picked":"SKIP","floor":23},{"not_picked":["Clash","hubris:ReadiedAction","Havoc+1"],"picked":"SKIP","floor":24},{"not_picked":["ReplayTheSpireMod:Strike From Hell+1","Body Slam"],"picked":"Iron Wave+1","floor":31},{"not_picked":["Thunderclap+1","Havoc+1"],"picked":"Armaments+1","floor":35},{"not_picked":["hubris:ReadiedAction+1","Pommel Strike","Wild Strike+1"],"picked":"SKIP","floor":36},{"not_picked":["Havoc+1","Headbutt+1"],"picked":"Heavy Blade","floor":37},{"not_picked":["Havoc","ReplayTheSpireMod:Stacked","Searing Blow"],"picked":"SKIP","floor":41},{"not_picked":["Thunderclap","Anger","Barricade"],"picked":"SKIP","floor":47},{"not_picked":["Pummel+1","Heavy Blade","Headbutt"],"picked":"SKIP","floor":48},{"not_picked":["Entrench","Clash+1","Run Through+1"],"picked":"SKIP","floor":49},{"not_picked":["Thunderclap","Clothesline","Pommel Strike+1"],"picked":"SKIP","floor":50}],"player_experience":540087,"relics_obtained":[{"floor":7,"key":"Shuriken"},{"floor":9,"key":"Bag of Preparation"},{"floor":14,"key":"Gremlin Food"},{"floor":22,"key":"Omamori"},{"floor":23,"key":"War Paint"},{"floor":26,"key":"Ornamental Fan"},{"floor":41,"key":"hubris:ChampionShield"},{"floor":43,"key":"Vajra"}],"event_choices":[{"damage_healed":0,"gold_gain":0,"player_choice":"Searched \u00271\u0027 times","damage_taken":0,"max_hp_gain":0,"max_hp_loss":0,"event_name":"Dead Adventurer","floor":14,"gold_loss":0},{"damage_healed":0,"gold_gain":0,"player_choice":"Inject Mutagens","damage_taken":0,"relics_obtained":["MutagenicStrength"],"max_hp_gain":0,"max_hp_loss":0,"event_name":"Drug Dealer","floor":19,"gold_loss":0},{"damage_healed":0,"gold_gain":0,"player_choice":"1 cards matched","damage_taken":0,"max_hp_gain":0,"max_hp_loss":0,"event_name":"Match and Keep!","floor":30,"gold_loss":0,"cards_obtained":["Twin Strike"]}],"is_beta":false,"boss_relics":[{"not_picked":["Runic Pyramid","Replay:Wanted Poster"],"picked":"Ectoplasm"},{"not_picked":["Coffee Dripper","hubris:CrackedHourglass"],"picked":"conspire:SpecialSausage"}],"items_purged_floors":[0,0,20,27],"is_endless":false,"potions_floor_spawned":[1,2,5,8,13,16,18,24,33,35,37,41,50],"killed_by":"Awakened One","ascension_level":0}}