{"host":"eaiphzh066bwqdh7","time":1613856157,"event":{"mods":["AchievementEnabler","Aspiration","BaseMod","Bestiary","Better Note","Better Third Choice","Colored Powertips","Curses Come First","GifTheSpireLib","Halation","Highlight Path","Hubris","Infinite Spire","Minty Spire (QoL Compilation)","Quick Restart","Reliquary","Replay The Spire","StSLib","Stuff the Spire"],"gold_per_floor":[116,116,136,61,61,93,93,93,167,167,199,217,67,82,82,90,90],"floor_reached":16,"language":"ENG","playtime":321,"items_purged":["Strike_G"],"score":187,"play_id":"ff189b33-16d0-41ee-a8db-8689e8f74eba","local_time":"20210220162237","is_ascension_mode":true,"campfire_choices":[{"floor":8,"key":"REST"},{"floor":10,"key":"REST"}],"circlet_count":0,"master_deck":["Strike_G","Strike_G","Strike_G","Defend_G","Defend_G+1","Defend_G","Defend_G","Defend_G+1","Survivor","Neutralize","StuffTheSpire:BumpUp","Poisoned Stab","StuffTheSpire:Injection","Catalyst","Bane","infinitespire:Neurotoxin"],"relics":["Ring of the Snake","NeowsBlessing","Replay:Kaleidoscope","War Paint","Letter Opener","infinitespire:Midas Blood","infinitespire:Magic Flask","Toy Ornithopter"],"acts_visited":["Exordium"],"potions_floor_usage":[16],"damage_taken":[{"damage":0,"enemies":"Small Slimes","floor":1,"turns":1},{"damage":0,"enemies":"Lagavulin","floor":6,"turns":1},{"damage":0,"enemies":"Gremlin Nob","floor":11,"turns":1},{"damage":0,"enemies":"Jaw Worm","floor":12,"turns":2},{"damage":0,"enemies":"2 Louse","floor":14,"turns":2},{"damage":70,"enemies":"Slime Boss","floor":16,"turns":9}],"seed_played":"770880881275535572","potions_obtained":[{"floor":1,"key":"Weak Potion"}],"is_trial":false,"path_per_floor":["M","?","?","$","?","E","$","R","T","R","E","M","$","M","R","B"],"character_chosen":"THE_SILENT","items_purchased":["Toy Ornithopter"],"campfire_rested":2,"item_purchase_floors":[13],"current_hp_per_floor":[70,70,42,42,35,35,35,56,56,70,70,70,70,70,70,0,0],"gold":90,"neow_bonus":"THREE_ENEMY_KILL","is_daily":false,"chose_seed":false,"campfire_upgraded":0,"win_rate":0.0,"timestamp":1613856157,"path_taken":["M","?","?","$","?","E","$","R","T","R","E","M","?","M","R","BOSS"],"items_purchased_type":["Relic"],"build_version":"2020-12-22","purchased_purges":1,"victory":false,"max_hp_per_floor":[70,70,70,70,70,70,70,70,70,70,70,70,70,70,70,70,70],"card_choices":[{"not_picked":["PiercingWail","Backflip"],"picked":"StuffTheSpire:BumpUp","floor":1},{"not_picked":["Slice","StuffTheSpire:Python"],"picked":"Poisoned Stab","floor":3},{"not_picked":["Acrobatics","Deflect"],"picked":"StuffTheSpire:Injection","floor":6},{"not_picked":["StuffTheSpire:BumpUp","hubris:Counter"],"picked":"Catalyst","floor":11},{"not_picked":["Concentrate","Setup","Dagger Spray"],"picked":"SKIP","floor":12},{"not_picked":["Dagger Spray","StuffTheSpire:ClusterCrunch"],"picked":"Bane","floor":14}],"player_experience":337193,"relics_obtained":[{"floor":3,"key":"Replay:Kaleidoscope"},{"floor":6,"key":"Letter Opener"},{"floor":9,"key":"infinitespire:Midas Blood"},{"floor":11,"key":"infinitespire:Magic Flask"}],"event_choices":[{"damage_healed":0,"gold_gain":0,"player_choice":"Relic ","damage_taken":7,"max_hp_gain":0,"max_hp_loss":0,"event_name":"betterThird:BetterScrap","floor":5,"gold_loss":0,"cards_obtained":["Combust"]}],"is_beta":false,"boss_relics":[],"items_purged_floors":[4],"is_endless":false,"potions_floor_spawned":[1],"killed_by":"Slime Boss","ascension_level":4}}