{"host":"pzgv5x4i9ftxktj0","time":1613855703,"event":{"mods":["Act Like it!","BaseMod","Colored Map","Colored Powertips","Highlight Path","Minty Spire (QoL Compilation)","Robot Space Explorer","Spire Arcade","StSLib","SuperFastMode","The Alterego","The Cursed","The Hierophant","The Marked","The Servant 0.9.4","WarShipGirlsR/????R mod"],"gold_per_floor":[115,135,155,168,168,168,14,14,38,38,49,61,71,84,84,186,186,202,214,214,214,214,214,214,129,129,143,143,68,68,94,94,195,195,213,213,213,14,14,34,34,34,34,44,61,61,115,115,115,115],"floor_reached":51,"language":"ENG","playtime":4725,"items_purged":["rmod:wife+1","rmod:defend"],"score":705,"play_id":"da0daf62-03d1-4d52-9295-882cc8cef2ed","local_time":"20210220161503","is_ascension_mode":false,"campfire_choices":[{"data":"rmod:wife","floor":6,"key":"SMITH"},{"data":"rmod:basicallowance","floor":8,"key":"SMITH"},{"floor":15,"key":"REST"},{"floor":23,"key":"REST"},{"floor":32,"key":"REST"},{"floor":41,"key":"REST"},{"floor":46,"key":"RECALL"},{"floor":49,"key":"REST"}],"circlet_count":0,"master_deck":["rmod:defend","rmod:defend","rmod:defend","rmod:basicallowance+1","rmod:maingunfire","rmod:firesupport","rmod:aluminumsupply","rmod:fletcherpendant","rmod:smokecover","rmod:expedition","rmod:fletcherpendant","rmod:firesupport","rmod:steelsupply","rmod:fletcherpendant","rmod:mineteam","rmod:highspeedmaneuver","rmod:supportescort","rmod:diamondstrike","Bite","Bite","Bite","Bite","Bite","rmod:rockthrower","rmod:bulid","rmod:capitalist","rmod:diaomin+1","rmod:ridicule","rmod:lonelyqueen","Madness","Madness","rmod:steelsupply","rmod:expedition","Madness","Apotheosis","Panacea","rmod:firesupport","rmod:firesupport"],"relics":["rmod:firstchargereward","NeowsBlessing","rmod:extraamm","Fusion Hammer","Juzu Bracelet","Pear","Meat on the Bone","Enchiridion","Centennial Puzzle","rmod:monthlycard","Bottled Lightning","Boot"],"acts_visited":["Exordium","TheCity","TheBeyond"],"potions_floor_usage":[11,13,16,16,19,27,35,44],"damage_taken":[{"damage":0,"enemies":"2 Louse","floor":1,"turns":1},{"damage":0,"enemies":"Jaw Worm","floor":2,"turns":1},{"damage":0,"enemies":"Cultist","floor":3,"turns":1},{"damage":20,"enemies":"Exordium Thugs","floor":4,"turns":6},{"damage":5,"enemies":"2 Fungi Beasts","floor":11,"turns":5},{"damage":16,"enemies":"Large Slime","floor":12,"turns":6},{"damage":19,"enemies":"Exordium Wildlife","floor":13,"turns":5},{"damage":12,"enemies":"3 Louse","floor":14,"turns":2},{"damage":9,"enemies":"Hexaghost","floor":16,"turns":10},{"damage":4,"enemies":"Chosen","floor":18,"turns":5},{"damage":14,"enemies":"3 Byrds","floor":19,"turns":7},{"damage":47,"enemies":"Shelled Parasite and Fungi","floor":27,"turns":6},{"damage":15,"enemies":"Slavers","floor":31,"turns":8},{"damage":30,"enemies":"Champ","floor":33,"turns":12},{"damage":28,"enemies":"3 Darklings","floor":35,"turns":8},{"damage":8,"enemies":"Orb Walker","floor":40,"turns":4},{"damage":16,"enemies":"3 Darklings","floor":44,"turns":5},{"damage":0,"enemies":"Maw","floor":45,"turns":5},{"damage":62,"enemies":"Awakened One","floor":50,"turns":14}],"seed_played":"-8786500038805430078","potions_obtained":[{"floor":3,"key":"EssenceOfSteel"},{"floor":12,"key":"SteroidPotion"},{"floor":13,"key":"Weak Potion"},{"floor":14,"key":"EssenceOfSteel"},{"floor":18,"key":"DistilledChaos"},{"floor":19,"key":"Energy Potion"},{"floor":33,"key":"Energy Potion"},{"floor":40,"key":"Regen Potion"}],"is_trial":false,"path_per_floor":["M","M","M","M","?","R","$","R","T","?","M","M","M","M","R","B",null,"M","M","?","?","?","R","?","?","T","M","?","$","?","E","R","B",null,"M","?","?","$","?","M","R","?","T","M","M","R","T","?","R","B",null],"character_chosen":"PRAEFECT","items_purchased":["rmod:goodsister","rmod:firesupport","rmod:steelsupply","rmod:steelsupply","rmod:expedition"],"campfire_rested":5,"item_purchase_floors":[7,7,7,38,38],"current_hp_per_floor":[75,75,75,55,55,55,55,55,55,75,70,54,35,23,45,36,75,71,57,43,43,43,67,56,66,66,36,20,20,20,25,44,41,66,52,52,44,44,44,42,61,51,51,50,65,65,65,65,66,37],"gold":115,"neow_bonus":"THREE_ENEMY_KILL","is_daily":false,"chose_seed":false,"campfire_upgraded":2,"win_rate":0.0,"timestamp":1613855703,"path_taken":["M","M","M","M","?","R","$","R","T","?","?","M","M","M","R","BOSS","M","M","?","?","?","R","?","?","T","M","?","$","?","E","R","BOSS","M","?","?","?","?","M","R","?","T","M","M","R","?","?","R","BOSS"],"items_purchased_type":["Card","Card","Card","Card","Card"],"build_version":"2020-12-22","purchased_purges":2,"victory":true,"max_hp_per_floor":[75,75,75,75,75,75,75,75,75,75,75,75,75,75,75,75,75,75,75,80,80,80,80,56,66,66,66,66,66,66,66,66,66,66,66,66,66,66,66,66,66,66,66,66,66,66,66,66,66,66],"card_choices":[{"not_picked":["rmod:robin","rmod:guardianhero"],"picked":"rmod:firesupport","floor":1},{"not_picked":["rmod:intelligenceanalysis","rmod:fuelsupply"],"picked":"rmod:aluminumsupply","floor":2},{"not_picked":["rmod:lonelyqueen","rmod:selfconfidence"],"picked":"rmod:fletcherpendant","floor":3},{"not_picked":["rmod:secretscript","rmod:fuelsupply"],"picked":"rmod:wife","floor":4},{"not_picked":["rmod:salvage","rmod:guardianhero","rmod:firesupport"],"picked":"SKIP","floor":11},{"not_picked":["rmod:aluminumsupply","rmod:ammunitionsupply"],"picked":"rmod:fletcherpendant","floor":12},{"not_picked":["rmod:rockthrower","rmod:fletcherpendant"],"picked":"rmod:mineteam","floor":13},{"not_picked":["rmod:ammunitionsupply","rmod:garrisonisland","rmod:heivgo"],"picked":"SKIP","floor":14},{"not_picked":["rmod:timeschanged","rmod:stealaluminum"],"picked":"rmod:highspeedmaneuver","floor":16},{"not_picked":["rmod:goodfighter","rmod:fuelsupply"],"picked":"rmod:supportescort","floor":18},{"not_picked":["rmod:circuitoustactics","rmod:fletcherpendant"],"picked":"rmod:diamondstrike","floor":19},{"not_picked":["rmod:firesupport","rmod:victimresponsibility"],"picked":"rmod:rockthrower","floor":27},{"not_picked":["rmod:bulid","rmod:mineteam"],"picked":"rmod:diaomin+1","floor":31},{"not_picked":["rmod:fletcher","rmod:highspeedmaneuver"],"picked":"rmod:ridicule","floor":33},{"not_picked":["rmod:wife+1","rmod:intelligenceanalysis"],"picked":"rmod:lonelyqueen","floor":35},{"not_picked":["rmod:fletcherpendant+1","rmod:aluminumsupply"],"picked":"rmod:circuitoustactics+1","floor":40},{"not_picked":["Jack Of All Trades","Deep Breath"],"picked":"Madness","floor":42},{"not_picked":["Purity","Swift Strike"],"picked":"Apotheosis","floor":42},{"not_picked":["Swift Strike","Dark Shackles"],"picked":"Panacea","floor":42},{"not_picked":["rmod:robin","rmod:launchingtorpedo"],"picked":"rmod:firesupport","floor":44},{"not_picked":["rmod:circuitoustactics+1","rmod:steelsupply+1"],"picked":"rmod:firesupport","floor":45}],"player_experience":357356,"relics_obtained":[{"floor":9,"key":"rmod:extraamm"},{"floor":26,"key":"Meat on the Bone"},{"floor":28,"key":"Enchiridion"},{"floor":31,"key":"Centennial Puzzle"},{"floor":43,"key":"Bottled Lightning"}],"event_choices":[{"cards_removed":["rmod:expedition"],"damage_healed":20,"gold_gain":0,"player_choice":"Offered Uncommon","damage_taken":0,"max_hp_gain":0,"max_hp_loss":0,"event_name":"Bonfire Elementals","floor":10,"gold_loss":0},{"damage_healed":0,"gold_gain":0,"player_choice":"Shed Blood","damage_taken":19,"max_hp_gain":5,"max_hp_loss":0,"event_name":"Forgotten Altar","floor":20,"gold_loss":0},{"damage_healed":0,"gold_gain":0,"player_choice":"Ignored","damage_taken":0,"max_hp_gain":0,"max_hp_loss":0,"event_name":"Ghosts","floor":21,"gold_loss":0},{"damage_healed":0,"gold_gain":0,"player_choice":"Opened","damage_taken":0,"relics_obtained":["Juzu Bracelet"],"max_hp_gain":0,"max_hp_loss":0,"event_name":"The Mausoleum","floor":22,"gold_loss":0},{"damage_healed":0,"gold_gain":0,"player_choice":"Became a vampire","damage_taken":0,"max_hp_gain":0,"max_hp_loss":24,"event_name":"Vampires","floor":24,"gold_loss":0,"cards_obtained":["Bite","Bite","Bite","Bite","Bite"]},{"damage_healed":0,"gold_gain":0,"player_choice":"Obtained Relic","damage_taken":0,"relics_obtained":["Pear"],"max_hp_gain":0,"max_hp_loss":0,"event_name":"Addict","floor":25,"gold_loss":85},{"damage_healed":0,"gold_gain":0,"player_choice":"Obtained Book","damage_taken":16,"max_hp_gain":0,"max_hp_loss":0,"event_name":"Cursed Tome","floor":28,"gold_loss":0},{"damage_healed":0,"gold_gain":0,"cards_transformed":["rmod:goodsister","rmod:wife"],"player_choice":"Became Test Subject","damage_taken":0,"max_hp_gain":0,"max_hp_loss":0,"event_name":"Drug Dealer","floor":30,"gold_loss":0,"cards_obtained":["rmod:bulid","rmod:capitalist"]},{"damage_healed":0,"gold_gain":0,"player_choice":"Embrace Madness","damage_taken":8,"max_hp_gain":0,"max_hp_loss":0,"event_name":"Winding Halls","floor":37,"gold_loss":0,"cards_obtained":["Madness","Madness"]},{"damage_healed":0,"gold_gain":0,"player_choice":"Memory 3","damage_taken":10,"max_hp_gain":0,"max_hp_loss":0,"event_name":"SensoryStone","floor":42,"gold_loss":0},{"cards_removed":["rmod:circuitoustactics"],"damage_healed":0,"gold_gain":0,"player_choice":"Gave Card","damage_taken":0,"relics_obtained":["Boot"],"max_hp_gain":0,"max_hp_loss":0,"event_name":"WeMeetAgain","floor":48,"gold_loss":0}],"is_beta":false,"boss_relics":[{"not_picked":["Runic Dome","SacredBark"],"picked":"Fusion Hammer"},{"not_picked":["Busted Crown","Empty Cage"],"picked":"rmod:monthlycard"}],"items_purged_floors":[29,38],"is_endless":false,"potions_floor_spawned":[3,12,13,14,18,19,33,40],"ascension_level":0}}