{"host":"8vqkh0x3c7vpgzzm","time":1613835541,"event":{"mods":["AchievementEnabler","BaseMod","Colored Map","Colored Powertips","Curses Come First","DeckTracker","Highlight Path","Minty Spire (QoL Compilation)","Permanent Neow","Quick Restart","Random Character Mod","Rare Cards Sparkle","Relic Sorter","Relic Stats","StSLib","SuperFastMode","Unceasing Turn Reminder","egg","everything is the same but u backflip on backflip"],"gold_per_floor":[111,36,36,36,36,36,62,62,62,75,93,93,93,127,127,198,198,215,215,215,230,8,8,24,57,57,57,57,72,72,91,91,91,91],"floor_reached":33,"language":"ENG","playtime":1369,"items_purged":["Strike_G"],"score":560,"play_id":"47ed4dd8-9191-4dd0-96c1-8dcef9a42cb7","local_time":"20210220163901","is_ascension_mode":true,"campfire_choices":[{"data":"Survivor","floor":6,"key":"SMITH"},{"floor":13,"key":"REST"},{"data":"Flechettes","floor":15,"key":"SMITH"},{"floor":23,"key":"REST"},{"floor":32,"key":"REST"}],"circlet_count":0,"master_deck":["AscendersBane","Strike_G","Strike_G","Defend_G","Defend_G","Defend_G","Defend_G","Survivor+1","Neutralize+1","Blade Dance+1","Flechettes+1","Dagger Throw","Terror","Corpse Explosion","Malaise","Burst+1","Acrobatics","Infinite Blades","Blade Dance","Predator"],"relics":["Ring of the Snake","Tiny Chest","Odd Mushroom","Gremlin Horn","InkBottle","Strawberry","Sozu","Matryoshka","Potion Belt","Bag of Marbles","Blue Candle","Art of War","Pear"],"acts_visited":["Exordium","TheCity"],"potions_floor_usage":[16,16],"damage_taken":[{"damage":4,"enemies":"Small Slimes","floor":1,"turns":6},{"damage":11,"enemies":"The Mushroom Lair","floor":7,"turns":5},{"damage":0,"enemies":"2 Louse","floor":10,"turns":2},{"damage":0,"enemies":"Jaw Worm","floor":11,"turns":2},{"damage":10,"enemies":"3 Sentries","floor":14,"turns":5},{"damage":0,"enemies":"Slime Boss","floor":16,"turns":4},{"damage":3,"enemies":"Shell Parasite","floor":18,"turns":3},{"damage":0,"enemies":"3 Byrds","floor":21,"turns":2},{"damage":11,"enemies":"Cultist and Chosen","floor":24,"turns":7},{"damage":7,"enemies":"Gremlin Leader","floor":25,"turns":7},{"damage":8,"enemies":"Chosen and Byrds","floor":29,"turns":4},{"damage":20,"enemies":"Sentry and Sphere","floor":31,"turns":4},{"damage":50,"enemies":"Collector","floor":33,"turns":6}],"seed_played":"1244352868376159991","potions_obtained":[{"floor":7,"key":"CultistPotion"},{"floor":14,"key":"AttackPotion"}],"is_trial":false,"path_per_floor":["M","$","?","?","$","R","?","T","T","M","M","?","R","E","R","B",null,"M","?","T","M","$","R","M","E","T","?","$","M","T","M","R","B"],"character_chosen":"THE_SILENT","items_purchased":["Burst","Acrobatics"],"campfire_rested":3,"item_purchase_floors":[22,22],"current_hp_per_floor":[55,55,50,32,32,32,21,21,21,21,21,14,32,29,29,29,58,55,37,37,37,37,58,47,40,40,40,40,32,42,22,46,0,0],"gold":91,"neow_bonus":"REMOVE_TWO","is_daily":false,"chose_seed":false,"campfire_upgraded":2,"win_rate":0.0,"timestamp":1613835541,"path_taken":["M","$","?","?","?","R","?","?","T","?","M","?","R","E","R","BOSS","M","?","?","M","$","R","?","E","T","?","?","M","?","M","R","BOSS"],"items_purchased_type":["Card","Card"],"build_version":"2020-12-22","purchased_purges":1,"victory":false,"max_hp_per_floor":[60,60,60,60,60,60,60,60,60,60,60,60,60,67,67,67,67,67,72,72,72,72,72,72,72,72,72,72,72,82,82,82,82,82],"relic_stats":{"Sozu":3,"Gremlin Horn":[17,17],"counters":[13,57],"Blue Candle":[0],"Tiny Chest":3,"Art of War":[0],"obtain_stats":[{"Potion Belt":25,"Pear":30,"Gremlin Horn":8,"Blue Candle":26,"Odd Mushroom":7,"Sozu":17,"Matryoshka":20,"Strawberry":14,"Tiny Chest":3,"Bag of Marbles":26,"Art of War":30,"InkBottle":9,"Ring of the Snake":0},{"Potion Belt":10,"Pear":11,"Gremlin Horn":2,"Blue Candle":10,"Odd Mushroom":2,"Sozu":6,"Matryoshka":7,"Strawberry":5,"Tiny Chest":1,"Bag of Marbles":10,"Art of War":11,"InkBottle":2,"Ring of the Snake":0},{"Potion Belt":43,"Pear":47,"Gremlin Horn":11,"Blue Candle":43,"Odd Mushroom":11,"Sozu":24,"Matryoshka":27,"Strawberry":20,"Tiny Chest":6,"Bag of Marbles":43,"Art of War":47,"InkBottle":11,"Ring of the Snake":0}],"InkBottle":[25],"Ring of the Snake":[26]},"card_choices":[{"not_picked":["Outmaneuver","Acrobatics"],"picked":"Blade Dance","floor":1},{"not_picked":["Bane","Poisoned Stab"],"picked":"Flechettes","floor":7},{"not_picked":["Choke","Tactician"],"picked":"Dagger Throw","floor":10},{"not_picked":["Flying Knee","Caltrops"],"picked":"Terror","floor":11},{"not_picked":["Accuracy","Poisoned Stab"],"picked":"Corpse Explosion","floor":14},{"not_picked":["A Thousand Cuts","Die Die Die"],"picked":"Malaise","floor":16},{"not_picked":["Dodge and Roll","Caltrops","Sucker Punch"],"picked":"SKIP","floor":18},{"not_picked":["Terror","Bane","Skewer"],"picked":"SKIP","floor":21},{"not_picked":["Sucker Punch","Expertise"],"picked":"Infinite Blades","floor":24},{"not_picked":["Eviscerate","Acrobatics","Skewer+1"],"picked":"SKIP","floor":25},{"not_picked":["Slice","Sucker Punch"],"picked":"Blade Dance","floor":29},{"not_picked":["Distraction","Setup"],"picked":"Predator","floor":31}],"player_experience":581900,"relics_obtained":[{"floor":7,"key":"Odd Mushroom"},{"floor":8,"key":"Gremlin Horn"},{"floor":9,"key":"InkBottle"},{"floor":14,"key":"Strawberry"},{"floor":20,"key":"Matryoshka"},{"floor":25,"key":"Potion Belt"},{"floor":26,"key":"Bag of Marbles"},{"floor":26,"key":"Blue Candle"},{"floor":30,"key":"Art of War"},{"floor":30,"key":"Pear"}],"event_choices":[{"damage_healed":0,"gold_gain":0,"player_choice":"Success","damage_taken":5,"relics_obtained":["Tiny Chest"],"max_hp_gain":0,"max_hp_loss":0,"event_name":"Scrap Ooze","floor":3,"gold_loss":0},{"damage_healed":0,"gold_gain":0,"player_choice":"Entered Light","damage_taken":18,"max_hp_gain":0,"max_hp_loss":0,"event_name":"Shining Light","floor":4,"gold_loss":0,"cards_upgraded":["Neutralize","Blade Dance"]},{"damage_healed":0,"gold_gain":0,"player_choice":"Fought Mushrooms","damage_taken":0,"max_hp_gain":0,"max_hp_loss":0,"event_name":"Mushrooms","floor":7,"gold_loss":0},{"cards_removed":["Strike_G"],"damage_healed":0,"gold_gain":0,"player_choice":"Card Removal","damage_taken":7,"max_hp_gain":0,"max_hp_loss":0,"event_name":"Golden Wing","floor":12,"gold_loss":0},{"damage_healed":0,"gold_gain":0,"player_choice":"Shed Blood","damage_taken":23,"max_hp_gain":5,"max_hp_loss":0,"event_name":"Forgotten Altar","floor":19,"gold_loss":0},{"damage_healed":0,"gold_gain":0,"player_choice":"Forge","damage_taken":0,"max_hp_gain":0,"max_hp_loss":0,"event_name":"Accursed Blacksmith","floor":27,"gold_loss":0,"cards_upgraded":["Burst"]}],"is_beta":false,"boss_relics":[{"not_picked":["Runic Pyramid","Philosopher\u0027s Stone"],"picked":"Sozu"}],"items_purged_floors":[2],"is_endless":false,"potions_floor_spawned":[7,14,21,24,29],"killed_by":"Collector","ascension_level":16}}