{"host":"vrsxkkch9ccrec7k","time":1613810652,"event":{"mods":["Act Like it!","BaseMod","Bestiary","Better Altar","Better Match","Better Note","Better Sensory Stone","Better Skull","Better Third Choice","Better Vampires","Downfall","Minty Spire (QoL Compilation)","Permanent Neow","Relic Stats","Spicy Shops","StSLib"],"gold_per_floor":[99,110,110,129,129,129,129,145,145,161,187,202,231,0,13,113,113,113,128,141,158,358,358,409,425,458,558,758,77,112,123,137,236,236,236,250,275,295,311,311,311,311,109,109,125,6,6,39,39,39],"floor_reached":51,"language":"ENG","playtime":5096,"items_purged":["Guardian:Strike_Guardian","Guardian:Strike_Guardian"],"score":1318,"play_id":"c1dbf9e4-f242-48ab-8802-03134b4dde8e","local_time":"20210220034412","is_ascension_mode":true,"campfire_choices":[{"data":"Guardian:TwinSlam","floor":1.0,"key":"SMITH"},{"data":"Guardian:BronzeArmor","floor":6.0,"key":"SMITH"},{"data":"Guardian:TimeCapacitor","floor":9.0,"key":"SMITH"},{"data":"Guardian:StasisField","floor":18.0,"key":"SMITH"},{"floor":23.0,"key":"REST"},{"floor":28,"key":"REST"},{"data":"Guardian:Emergency","floor":35,"key":"SMITH"},{"data":"Guardian:Planning","floor":42,"key":"SMITH"},{"floor":47,"key":"REST"},{"data":"Guardian:StasisEngine","floor":49,"key":"SMITH"}],"circlet_count":0,"master_deck":["AscendersBane","Guardian:Defend_Guardian","Guardian:Defend_Guardian","Guardian:Defend_Guardian","Guardian:CurlUp","Guardian:Reroute","Guardian:BronzeArmor+1","Guardian:TimeCapacitor+1","Guardian:StasisField+1","Guardian:ShieldCharger","Guardian:Planning","Guardian:ChargeUp","Guardian:StasisStrike","Guardian:TimeSifter","Guardian:ArmoredProtocol","downfall:Haunted","Guardian:Planning+1","Guardian:FuturePlans","Mayhem","expansioncontent:Chronoboost","Guardian:Emergency+1","Guardian:StasisEngine+1","Guardian:FastForward+1","Guardian:GemFinder+1","Guardian:FierceBash+1","Guardian:Gem_Red","Guardian:AncientConstruct","Guardian:Gem_Red","Guardian:TimeCapacitor","Guardian:FuturePlans","Guardian:StasisEngine"],"relics":["Guardian:ModeShifter","Lantern","Dead Branch","Tiny Chest","Strawberry","Membership Card","Empty Cage","Orichalcum","Singing Bowl","downfall:GremlinWheel","Mummified Hand","OrangePellets","Lee\u0027s Waffle","Centennial Puzzle","TungstenRod","Astrolabe","Guardian:DefensiveModeMoreBlock","Sundial","Ice Cream","The Courier"],"acts_visited":["Exordium","TheCity","TheBeyond"],"potions_floor_usage":[29,36,50,50],"damage_taken":[{"damage":7.0,"enemies":"Jaw Worm","floor":2.0,"turns":5.0},{"damage":3.0,"enemies":"Small Slimes","floor":4.0,"turns":4.0},{"damage":0.0,"enemies":"Cultist","floor":8.0,"turns":3.0},{"damage":6.0,"enemies":"Blue Slaver","floor":10.0,"turns":4.0},{"damage":20.0,"enemies":"Gremlin Nob","floor":11.0,"turns":5.0},{"damage":0.0,"enemies":"Large Slime","floor":12.0,"turns":5.0},{"damage":11.0,"enemies":"Lagavulin","floor":13.0,"turns":6.0},{"damage":3.0,"enemies":"downfall:FleeingMerchant","floor":14.0,"turns":4.0},{"damage":8.0,"enemies":"Gremlin Gang","floor":15.0,"turns":4.0},{"damage":8.0,"enemies":"WA_ARCHETYPE_RETAIN","floor":16.0,"turns":9.0},{"damage":7.0,"enemies":"Spheric Guardian","floor":19.0,"turns":8.0},{"damage":0.0,"enemies":"Shell Parasite","floor":20.0,"turns":6.0},{"damage":24.0,"enemies":"Cultist and Chosen","floor":21.0,"turns":7.0},{"damage":22.0,"enemies":"Chosen and Byrds","floor":25.0,"turns":9.0},{"damage":17.0,"enemies":"Book of Stabbing","floor":26.0,"turns":7.0},{"damage":11,"enemies":"Book of Stabbing","floor":27,"turns":4},{"damage":0,"enemies":"downfall:FleeingMerchant","floor":29,"turns":4},{"damage":18,"enemies":"Slavers","floor":30,"turns":7},{"damage":21,"enemies":"3 Cultists","floor":31,"turns":7},{"damage":2,"enemies":"Centurion and Healer","floor":32,"turns":6},{"damage":31,"enemies":"IC_MUSHROOM_ARCHETYPE","floor":33,"turns":7},{"damage":11,"enemies":"3 Darklings","floor":36,"turns":6},{"damage":4,"enemies":"Orb Walker","floor":38,"turns":5},{"damage":7,"enemies":"Sphere and 2 Shapes","floor":39,"turns":4},{"damage":0,"enemies":"downfall:FleeingMerchant","floor":43,"turns":4},{"damage":21,"enemies":"Maw","floor":45,"turns":6},{"damage":8,"enemies":"downfall:FleeingMerchant","floor":46,"turns":4},{"damage":17,"enemies":"Nemesis","floor":48,"turns":7},{"damage":0,"enemies":"SI_POISON_ARCHETYPE","floor":50,"turns":8}],"seed_played":"5139448208291209656","potions_obtained":[{"floor":8.0,"key":"CultistPotion"},{"floor":11.0,"key":"ColorlessPotion"},{"floor":12.0,"key":"FearPotion"},{"floor":16.0,"key":"PowerPotion"},{"floor":26.0,"key":"Regen Potion"},{"floor":27,"key":"BlessingOfTheForge"},{"floor":30,"key":"Guardian:AcceleratePotion"},{"floor":39,"key":"LiquidBronze"},{"floor":48,"key":"Dexterity Potion"}],"is_trial":false,"path_per_floor":["R","M","?","M","?","R","T","M","R","M","E","M","E","$","M","B",null,"R","M","M","M","?","R","T","M","E","?","R","$","E","M","M","B",null,"R","M","T","M","M","?","T","R","$","?","M","$","R","E","R","B",null],"character_chosen":"GUARDIAN","items_purchased":["Membership Card","Guardian:ChargeUp","Guardian:DonusPower","Mummified Hand","Guardian:FuturePlans","OrangePellets","Lee\u0027s Waffle","Centennial Puzzle","Mayhem","expansioncontent:Chronoboost","Block Potion","Ice Cream","Guardian:TimeCapacitor","Guardian:StasisEngine","Guardian:Gem_Lightblue"],"campfire_rested":3,"item_purchase_floors":[14,14,14,29,29,29,29,29,29,29,29,43,43,46,46],"current_hp_per_floor":[80,73,78,75,56,56,56,56,56,50,30,30,26,23,15,7,77,77,70,70,46,46,76,76,54,37,26,56,109,93,72,72,41,95,95,84,84,82,77,77,77,77,81,81,64,56,93,80,80,80],"gold":39,"neow_bonus":"TEN_PERCENT_HP_BONUS","is_daily":false,"chose_seed":false,"campfire_upgraded":7,"win_rate":0.0,"timestamp":1613810652,"path_taken":["R","M","?","M","?","R","T","M","R","M","E","M","E","$","M","BOSS","R","M","M","?","?","R","T","M","E","?","R","$","E","M","M","BOSS","R","M","?","M","?","?","T","R","$","?","M","$","R","E","R","BOSS"],"items_purchased_type":["Relic","Card","Card","Relic","Card","Relic","Relic","Relic","Card","Card","Potion","Relic","Card","Card","Card"],"build_version":"2020-12-22","purchased_purges":2,"victory":true,"max_hp_per_floor":[88,88,93,93,93,93,93,93,93,93,93,93,100,100,100,100,100,100,100,100,100,100,100,100,100,100,100,100,109,111,111,113,113,113,113,113,113,115,117,117,117,117,121,121,125,125,125,129,129,129],"relic_stats":{"Lee\u0027s Waffle":37,"Singing Bowl":22,"counters":[29,165],"Dead Branch":[221],"Astrolabe":["Guardian:FastForward","Guardian:GemFinder","Guardian:FierceBash"],"Orichalcum":[84],"OrangePellets":[20],"Centennial Puzzle":[30],"Mummified Hand":[148],"Sundial":[10],"Tiny Chest":1,"obtain_stats":[{"Guardian:DefensiveModeMoreBlock":37,"Ice Cream":43,"Lantern":5,"Lee\u0027s Waffle":29,"Singing Bowl":26,"Dead Branch":7,"Astrolabe":34,"Guardian:ModeShifter":0,"The Courier":48,"Orichalcum":24,"Empty Cage":17,"OrangePellets":29,"Centennial Puzzle":29,"downfall:GremlinWheel":27,"Mummified Hand":29,"Sundial":41,"Strawberry":13,"Tiny Chest":11,"Membership Card":14,"TungstenRod":30},{"Guardian:DefensiveModeMoreBlock":22,"Ice Cream":25,"Lantern":2,"Lee\u0027s Waffle":17,"Singing Bowl":15,"Dead Branch":2,"Astrolabe":21,"Guardian:ModeShifter":0,"The Courier":28,"Orichalcum":13,"Empty Cage":10,"OrangePellets":17,"Centennial Puzzle":17,"downfall:GremlinWheel":16,"Mummified Hand":17,"Sundial":24,"Strawberry":7,"Tiny Chest":5,"Membership Card":8,"TungstenRod":18},{"Guardian:DefensiveModeMoreBlock":127,"Ice Cream":140,"Lantern":9,"Lee\u0027s Waffle":94,"Singing Bowl":86,"Dead Branch":9,"Astrolabe":121,"Guardian:ModeShifter":0,"The Courier":157,"Orichalcum":70,"Empty Cage":49,"OrangePellets":94,"Centennial Puzzle":94,"downfall:GremlinWheel":90,"Mummified Hand":94,"Sundial":136,"Strawberry":32,"Tiny Chest":21,"Membership Card":36,"TungstenRod":101}],"TungstenRod":20},"card_choices":[{"not_picked":["Guardian:ChargeCore","Guardian:Gem_Lightblue"],"picked":"Guardian:Reroute","floor":2.0},{"not_picked":["Guardian:PiercingHide","Guardian:PrimingBeam"],"picked":"Guardian:BronzeArmor","floor":4.0},{"not_picked":["Guardian:ShieldCharger","Guardian:ChargeCore"],"picked":"Guardian:TimeCapacitor","floor":8.0},{"not_picked":["Guardian:WalkerClaw","Guardian:TemporalStrike"],"picked":"Guardian:Reroute","floor":10.0},{"not_picked":["Guardian:ShieldCharger","Guardian:PiercingHide"],"picked":"Guardian:StasisField","floor":11.0},{"not_picked":["Guardian:WalkerClaw","Guardian:PrismaticBeam"],"picked":"Guardian:ChargeCore","floor":12.0},{"not_picked":["Guardian:TimeCapacitor","Guardian:Orbwalk"],"picked":"Guardian:ShieldCharger","floor":13.0},{"not_picked":["Guardian:RollAttack","Guardian:ShieldCharger"],"picked":"Guardian:Planning","floor":14.0},{"not_picked":["Guardian:ShieldCharger","Guardian:BronzeOrb"],"picked":"Guardian:StasisStrike","floor":15.0},{"not_picked":["Guardian:HyperBeam_Guardian","Guardian:Gem_Synthetic"],"picked":"Guardian:TimeSifter","floor":16.0},{"not_picked":["Guardian:TemporalStrike","Guardian:BodySlam"],"picked":"Guardian:ArmoredProtocol","floor":19.0},{"not_picked":["Guardian:PrismaticBeam","Guardian:SpikerProtocol"],"picked":"Guardian:Gem_Green","floor":20.0},{"not_picked":["Guardian:Clone","Guardian:Preprogram"],"picked":"Guardian:Gem_Green","floor":21.0},{"not_picked":["Guardian:TemporalShield","Guardian:Gem_Lightblue"],"picked":"Guardian:Planning","floor":25.0},{"not_picked":["Guardian:ChargeCore","Guardian:TemporalStrike+1"],"picked":"Guardian:Gem_Purple","floor":26.0},{"not_picked":["Guardian:PolyBeam","Guardian:PrismaticBarrier","Guardian:PrismaticBeam"],"picked":"Singing Bowl","floor":29},{"not_picked":["Guardian:DonusPower","Guardian:Gem_Purple","Guardian:PrimingBeam"],"picked":"Singing Bowl","floor":30},{"not_picked":["Guardian:Planning","Guardian:ShieldCharger"],"picked":"Guardian:Emergency","floor":31},{"not_picked":["Guardian:WalkerClaw","Guardian:ChargeCore+1","Guardian:Harden"],"picked":"Singing Bowl","floor":32},{"not_picked":["Guardian:RevengeProtocol","Guardian:StasisStrike"],"picked":"Guardian:StasisEngine","floor":33},{"not_picked":["Guardian:ChargeCore","Guardian:Gem_Red"],"picked":"Guardian:Gem_Yellow","floor":36},{"not_picked":["Guardian:Gem_Lightblue","Guardian:Gem_Cyan"],"picked":"Guardian:Gem_Red","floor":36},{"not_picked":["Guardian:Gem_Cyan","Guardian:Gem_Lightblue"],"picked":"Guardian:Gem_Red","floor":38},{"not_picked":["Guardian:Gem_Lightblue","Guardian:Suspension","Guardian:TimeBomb"],"picked":"Singing Bowl","floor":38},{"not_picked":["Guardian:EvasiveProtocol","Guardian:TemporalShield"],"picked":"Guardian:AncientConstruct","floor":39},{"not_picked":["Guardian:Gem_Red","Guardian:Gem_Lightblue","Guardian:Gem_Cyan"],"picked":"Singing Bowl","floor":39},{"not_picked":["Guardian:Gem_Cyan","Guardian:Gem_Green","Guardian:Gem_Red"],"picked":"Singing Bowl","floor":43},{"not_picked":["Guardian:Gem_Red","Guardian:TemporalShield","Guardian:Gem_Green"],"picked":"Singing Bowl","floor":43},{"not_picked":["Guardian:Recover+1","Guardian:Harden","Guardian:RollAttack"],"picked":"Singing Bowl","floor":45},{"not_picked":["Guardian:Gem_Red","Guardian:Gem_Green","Guardian:Gem_Lightblue"],"picked":"Singing Bowl","floor":45},{"not_picked":["Guardian:GemFire","Guardian:Gem_Purple"],"picked":"Guardian:FuturePlans","floor":46},{"not_picked":["Guardian:Incinerate+1","Guardian:VentSteam+1","Guardian:TemporalShield+1"],"picked":"Singing Bowl","floor":48},{"not_picked":["Guardian:Gem_Red","Guardian:Gem_Cyan","Guardian:Gem_Lightblue"],"picked":"Singing Bowl","floor":48}],"player_experience":1979208,"relics_obtained":[{"floor":7.0,"key":"Dead Branch"},{"floor":11.0,"key":"Tiny Chest"},{"floor":13.0,"key":"Strawberry"},{"floor":24.0,"key":"Orichalcum"},{"floor":26.0,"key":"Singing Bowl"},{"floor":27,"key":"downfall:GremlinWheel"},{"floor":30,"key":"TungstenRod"},{"floor":37,"key":"Guardian:DefensiveModeMoreBlock"},{"floor":41,"key":"Sundial"},{"floor":48,"key":"The Courier"}],"event_choices":[{"damage_healed":0.0,"max_hp_gain":5.0,"max_hp_loss":0.0,"gold_gain":0.0,"event_name":"Big Fish","player_choice":"Donut","floor":3.0,"gold_loss":0.0,"damage_taken":0.0},{"damage_healed":0.0,"max_hp_gain":0.0,"max_hp_loss":0.0,"gold_gain":0.0,"event_name":"betterSkull:BetterSkull","player_choice":"RE ","floor":5.0,"gold_loss":0.0,"damage_taken":21.0,"cards_upgraded":[],"relics_obtained":["Lantern"]},{"damage_healed":0,"gold_gain":200,"player_choice":"Gold","damage_taken":0,"max_hp_gain":0,"max_hp_loss":0,"event_name":"Wheel of Change","floor":28,"gold_loss":0}],"is_beta":false,"boss_relics":[{"not_picked":["Tiny House","sneckomod:SneckoTalon"],"picked":"Empty Cage"},{"not_picked":["Fusion Hammer","Snecko Eye"],"picked":"Astrolabe"}],"items_purged_floors":[29,29],"is_endless":false,"potions_floor_spawned":[8,11,12,16,26,27,30,31,39,48],"ascension_level":12}}