{"host":"v54ek091sdz7ha6h","time":1613833052,"event":{"mods":["BaseMod","Colored Map","Colored Powertips","DeckTracker","Highlight Path","KOR Keyword Fix","Minty Spire (QoL Compilation)","Random Character Button","Rare Cards Sparkle","Relic Stats","StSLib","SuperFastMode","everything is the same but u backflip on backflip"],"gold_per_floor":[118,135,135,155,155,155,186,336,336,350,350,38,38,38,38,113,113,131,131,131,131,30,30,30],"floor_reached":23,"language":"KOR","playtime":397,"items_purged":["Doubt","Defend_G"],"score":374,"play_id":"a3b7ef7c-4608-4f11-a0bc-7fe15fdc6114","local_time":"20210220235732","is_ascension_mode":true,"campfire_choices":[{"data":"Deadly Poison","floor":6.0,"key":"SMITH"},{"data":"Neutralize","floor":11.0,"key":"SMITH"},{"floor":15.0,"key":"DIG"}],"circlet_count":0,"master_deck":["AscendersBane","Strike_G","Strike_G","Strike_G","Strike_G","Defend_G","Defend_G","Defend_G","Survivor","Neutralize+1","Flying Knee","Deadly Poison+1","Blade Dance","Crippling Poison","Prepared+1","Bouncing Flask","Reflex","Storm of Steel","Reflex","Backflip"],"relics":["Ring of the Snake","NeowsBlessing","Shovel","The Courier","Art of War","Du-Vu Doll","HoveringKite"],"acts_visited":["Exordium","TheCity"],"potions_floor_usage":[23],"damage_taken":[{"damage":0.0,"enemies":"Cultist","floor":1.0,"turns":1.0},{"damage":0.0,"enemies":"Jaw Worm","floor":2.0,"turns":1.0},{"damage":0.0,"enemies":"2 Louse","floor":4.0,"turns":1.0},{"damage":24.0,"enemies":"Gremlin Nob","floor":7.0,"turns":4.0},{"damage":1.0,"enemies":"2 Fungi Beasts","floor":10.0,"turns":3.0},{"damage":17.0,"enemies":"The Guardian","floor":16.0,"turns":9.0},{"damage":8.0,"enemies":"3 Byrds","floor":18.0,"turns":6.0},{"damage":0.0,"enemies":"2 Thieves","floor":19.0,"turns":1.0},{"damage":53,"enemies":"Slavers","floor":23,"turns":5}],"seed_played":"8463327175903216649","potions_obtained":[{"floor":2.0,"key":"SpeedPotion"},{"floor":4.0,"key":"SmokeBomb"},{"floor":16.0,"key":"GamblersBrew"}],"is_trial":false,"path_per_floor":["M","M","?","M","?","R","E","?","T","M","R","$","?","$","R","B",null,"M","M","?","?","$","E"],"character_chosen":"THE_SILENT","items_purchased":["Bouncing Flask","Reflex","Art of War","Backflip"],"campfire_rested":0,"item_purchase_floors":[12,12,12,22],"current_hp_per_floor":[59,59,59,59,52,52,28,28,28,27,27,27,27,27,27,10,52,44,44,44,44,44,0,0],"gold":30,"neow_bonus":"THREE_ENEMY_KILL","is_daily":false,"chose_seed":false,"campfire_upgraded":2,"win_rate":0.0,"timestamp":1613833052,"path_taken":["M","?","?","?","?","R","E","?","T","M","R","$","?","?","R","BOSS","M","M","?","?","?","E"],"items_purchased_type":["Card","Card","Relic","Card"],"build_version":"2020-12-22","purchased_purges":2,"victory":false,"max_hp_per_floor":[66,66,66,66,66,66,66,66,66,66,66,66,66,66,66,66,66,66,66,66,66,66,66,66],"relic_stats":{"Shovel":1,"counters":[9,31],"HoveringKite":[5],"Art of War":[8],"obtain_stats":[{"Du-Vu Doll":15,"Shovel":7,"NeowsBlessing":0,"HoveringKite":17,"The Courier":9,"Art of War":12,"Ring of the Snake":0},{"Du-Vu Doll":5,"Shovel":4,"NeowsBlessing":0,"HoveringKite":6,"The Courier":4,"Art of War":5,"Ring of the Snake":0},{"Du-Vu Doll":10,"Shovel":7,"NeowsBlessing":0,"HoveringKite":19,"The Courier":7,"Art of War":10,"Ring of the Snake":0}],"Ring of the Snake":[18]},"card_choices":[{"not_picked":["Sucker Punch","Heel Hook"],"picked":"Flying Knee","floor":1.0},{"not_picked":["Prepared","Sucker Punch","Concentrate"],"picked":"SKIP","floor":2.0},{"not_picked":["Poisoned Stab","Outmaneuver"],"picked":"Blade Dance","floor":4.0},{"not_picked":["Caltrops","Dagger Throw"],"picked":"Crippling Poison","floor":7.0},{"not_picked":["Quick Slash","Underhanded Strike"],"picked":"Prepared","floor":10.0},{"not_picked":["Glass Knife","Bullet Time"],"picked":"Storm of Steel","floor":16.0},{"not_picked":["Dagger Throw","Prepared","Dash"],"picked":"SKIP","floor":18.0}],"player_experience":1480731,"relics_obtained":[{"floor":7.0,"key":"Shovel"},{"floor":9.0,"key":"The Courier"},{"floor":15.0,"key":"Du-Vu Doll"}],"event_choices":[{"damage_healed":0.0,"max_hp_gain":0.0,"max_hp_loss":0.0,"gold_gain":0.0,"cards_transformed":["Defend_G"],"event_name":"Transmorgrifier","player_choice":"Transformed","floor":3.0,"gold_loss":0.0,"damage_taken":0.0,"cards_obtained":["Deadly Poison"]},{"cards_removed":["Strike_G"],"damage_healed":0.0,"max_hp_gain":0.0,"max_hp_loss":0.0,"gold_gain":0.0,"event_name":"Golden Wing","player_choice":"Card Removal","floor":5.0,"gold_loss":0.0,"damage_taken":7.0},{"damage_healed":0.0,"max_hp_gain":0.0,"max_hp_loss":0.0,"gold_gain":150.0,"event_name":"Liars Game","player_choice":"AGREE","floor":8.0,"gold_loss":0.0,"damage_taken":0.0,"cards_obtained":["Doubt"]},{"damage_healed":0.0,"max_hp_gain":0.0,"max_hp_loss":0.0,"gold_gain":0.0,"event_name":"Living Wall","player_choice":"Grow","floor":13.0,"gold_loss":0.0,"damage_taken":0.0,"cards_upgraded":["Prepared"]},{"damage_healed":0.0,"max_hp_gain":0.0,"max_hp_loss":0.0,"gold_gain":0.0,"event_name":"Vampires","player_choice":"Ignored","floor":20.0,"gold_loss":0.0,"damage_taken":0.0},{"damage_healed":0.0,"max_hp_gain":0.0,"max_hp_loss":0.0,"gold_gain":0.0,"event_name":"The Library","player_choice":"Read","floor":21.0,"gold_loss":0.0,"damage_taken":0.0,"cards_obtained":["Reflex"]}],"is_beta":false,"boss_relics":[{"not_picked":["Runic Pyramid","Tiny House"],"picked":"HoveringKite"}],"items_purged_floors":[12,22],"is_endless":false,"potions_floor_spawned":[2,4,10,16],"killed_by":"Slavers","ascension_level":20}}