{"host":"309cd6jyiw3t7f6r","time":1613796913,"event":{"mods":["100% Spire Juice","ATMod(ªü½@Mod)","Act Like it!","Arknights","BaseMod","CapriCore","Downfall","Gensokyo","Koishi","KomeijiMod","Marisa¡]Ãú«B¡@Å]²z¨F¡^","Minty Spire (QoL Compilation)","Prisma Mod","READ ME - Guardian Mod","Remilia¡]Á¢¦Ì²ú?¡^","RumiaBox-ÅS¦Ì?ªº¯«¯µ²°¤l","StSLib","The Administrix","The Immortal","The Marked","Youmu¡]»î¾z§¯?¡^","noobMod","¡i¨¤¦âmod¡j¤Q¤K®ä¤H","?¯d¤§ª«"],"gold_per_floor":[114,134,145,163,163,163,163,163,163,23,42,59,79,94,94,193,193,212,212,68,84,84,84,101,101,127,77,94,94,94,111,111,214,214,227,227,167,184,200,200,200,214,214,234,253,270,121,131,131,131],"floor_reached":51,"language":"ZHS","playtime":2918,"items_purged":["PlaceholderMod:HornyCollision"],"score":722,"play_id":"fb7acb2d-1522-4324-84bf-49d7c5db8dcf","local_time":"20210220125513","is_ascension_mode":false,"campfire_choices":[{"data":"AT_FamilyPortrait","floor":6.0,"key":"SMITH"},{"data":"PlaceholderMod:FastReaction","floor":8.0,"key":"SMITH"},{"data":"PlaceholderMod:DiffusionPoison","floor":15.0,"key":"SMITH"},{"data":"PlaceholderMod:Activation","floor":23.0,"key":"SMITH"},{"data":"PlaceholderMod:FinalSpray","floor":25.0,"key":"SMITH"},{"data":"PlaceholderMod:DoublePoint","floor":29.0,"key":"SMITH"},{"data":"PlaceholderMod:PoisonBlast","floor":32.0,"key":"SMITH"},{"data":"PlaceholderMod:QualitativeChange","floor":40,"key":"SMITH"},{"data":"PlaceholderMod:PericyclicReaction","floor":49,"key":"SMITH"}],"circlet_count":0,"master_deck":["AT_FamilyPortrait+1","PlaceholderMod:PoisonAbsorb","PlaceholderMod:RadicalHit","PlaceholderMod:HardStrike","PlaceholderMod:FastReaction+1","PlaceholderMod:QualitativeChange","PlaceholderMod:DoublePoint","PlaceholderMod:ReactionCatalyze","PlaceholderMod:FinalSpray+1","PlaceholderMod:DoublePoint","PlaceholderMod:ReactionCatalyze","PlaceholderMod:CorePoison","PlaceholderMod:DoublePoint+1","PlaceholderMod:InnerSoften","PlaceholderMod:DiffusionPoison+1","PlaceholderMod:ComplexForm","PlaceholderMod:Activation+1","PlaceholderMod:CycleAttack","PlaceholderMod:CycleAttack+1","PlaceholderMod:PoisonBlast+1","PlaceholderMod:QualitativeChange+1","PlaceholderMod:HardStinger+1","Gensokyo:CustomPotion","PlaceholderMod:DirectingGroup+1","PlaceholderMod:FastReaction+1","PlaceholderMod:HighConcentration+1","PlaceholderMod:PericyclicReaction+1"],"relics":["PlaceholderMod:Tancle","AT_ATBox","ice","NeowsBlessing","SumBook","PlaceholderMod:FlatBlood","SoulBox","Happy Flower","PlaceholderMod:LiveLive","InkBottle","AT_ChloranthyRing"],"acts_visited":["Gensokyo:Gensokyo","Gensokyo:Gensokyoer","Gensokyo:Gensokyoest"],"potions_floor_usage":[46],"damage_taken":[{"damage":0.0,"enemies":"Gensokyo:3_Fairies","floor":1.0,"turns":2.0},{"damage":0.0,"enemies":"Gensokyo:2_Kodama","floor":2.0,"turns":1.0},{"damage":0.0,"enemies":"Gensokyo:Gryphon","floor":3.0,"turns":1.0},{"damage":5.0,"enemies":"Gensokyo:3_Kodama","floor":4.0,"turns":6.0},{"damage":11.0,"enemies":"Gensokyo:Python_and_Kodama","floor":11.0,"turns":6.0},{"damage":6.0,"enemies":"Gensokyo:2_Rabbits","floor":12.0,"turns":5.0},{"damage":9.0,"enemies":"Gensokyo:Kitsune","floor":13.0,"turns":4.0},{"damage":0.0,"enemies":"Gensokyo:LivingMonolith","floor":14.0,"turns":3.0},{"damage":27.0,"enemies":"Gensokyo:Yukari","floor":16.0,"turns":5.0},{"damage":2.0,"enemies":"Gensokyo:3_Dogs","floor":18.0,"turns":2.0},{"damage":0.0,"enemies":"Gensokyo:2_Gloops","floor":21.0,"turns":3.0},{"damage":1.0,"enemies":"Gensokyo:Swordslinger","floor":24.0,"turns":2.0},{"damage":10.0,"enemies":"Gensokyo:Monolith_and_Dog","floor":28.0,"turns":2.0},{"damage":0.0,"enemies":"Gensokyo:Slime_Group","floor":31.0,"turns":2.0},{"damage":47,"enemies":"Gensokyo:Kaguya","floor":33,"turns":10},{"damage":0,"enemies":"Gensokyo:AncientGuardian","floor":35,"turns":4},{"damage":0,"enemies":"Gensokyo:3_Boulders","floor":38,"turns":2},{"damage":0,"enemies":"Gensokyo:4_Bats","floor":39,"turns":2},{"damage":0,"enemies":"Gensokyo:SeedOfUnknown","floor":42,"turns":2},{"damage":0,"enemies":"Gensokyo:Rafflesia","floor":44,"turns":2},{"damage":0,"enemies":"Gensokyo:Sharpion","floor":45,"turns":1},{"damage":0,"enemies":"Gensokyo:4_Bats","floor":46,"turns":1},{"damage":0,"enemies":"Gensokyo:Dusk_and_Dawn","floor":48,"turns":2},{"damage":0,"enemies":"Gensokyo:Scarlet_Devils","floor":50,"turns":3}],"seed_played":"-8181821565599126395","potions_obtained":[{"floor":1.0,"key":"Energy Potion"},{"floor":12.0,"key":"Energy Potion"},{"floor":13.0,"key":"Swift Potion"},{"floor":16.0,"key":"DistilledChaos"},{"floor":24.0,"key":"EntropicBrew"},{"floor":31.0,"key":"CalmPotion"},{"floor":38,"key":"SkillPotion"},{"floor":39,"key":"Swift Potion"},{"floor":42,"key":"Energy Potion"}],"is_trial":false,"path_per_floor":["M","M","M","M","?","R","?","R","T","COS","M","M","M","M","R","B",null,"M","?","$","M","?","R","M","R","T","?","M","R","$","M","R","B",null,"M","?","?","M","M","R","?","M","T","M","M","M","$","M","R","B",null],"character_chosen":"THE_PLACEHOLDER","items_purchased":["PlaceholderMod:CycleAttack","AT_ChloranthyRing"],"campfire_rested":0,"item_purchase_floors":[20,47],"current_hp_per_floor":[78,78,78,73,80,80,80,80,80,80,73,67,62,62,62,35,85,83,83,83,85,85,85,84,84,84,91,81,81,81,81,81,34,92,92,92,92,92,92,92,92,92,92,92,92,92,92,92,92,92],"gold":131,"neow_bonus":"THREE_ENEMY_KILL","is_daily":false,"chose_seed":false,"campfire_upgraded":9,"win_rate":0.0,"timestamp":1613796913,"path_taken":["M","?","M","M","?","R","?","R","T","COS","M","M","M","?","R","BOSS","M","?","$","M","?","R","M","R","T","?","?","R","$","M","R","BOSS","M","?","?","M","M","R","?","M","T","?","M","M","$","M","R","BOSS"],"items_purchased_type":["Card","Relic"],"build_version":"2020-12-22","purchased_purges":1,"victory":true,"max_hp_per_floor":[78,78,78,78,85,85,85,85,85,85,85,85,85,85,85,85,85,85,85,85,85,85,85,85,85,85,92,92,92,92,92,92,92,92,92,92,92,92,92,92,92,92,92,92,92,92,92,92,92,92],"card_choices":[{"not_picked":["PlaceholderMod:UnpureUse","PlaceholderMod:CycleAttack"],"picked":"PlaceholderMod:PoisonAbsorb","floor":1.0},{"not_picked":["PlaceholderMod:Sweep","PlaceholderMod:Turn"],"picked":"PlaceholderMod:RadicalHit","floor":2.0},{"not_picked":["PlaceholderMod:ConsolidateHit","PlaceholderMod:PoisonExcitation"],"picked":"PlaceholderMod:HardStrike","floor":3.0},{"not_picked":["PlaceholderMod:ThreeBenzyolStart","PlaceholderMod:Stratification"],"picked":"PlaceholderMod:FastReaction","floor":4.0},{"not_picked":["PlaceholderMod:BlastSpray","PlaceholderMod:OHStrongAttack"],"picked":"PlaceholderMod:ComplexForm","floor":11.0},{"not_picked":["PlaceholderMod:SprayAttack","PlaceholderMod:HardStrike"],"picked":"PlaceholderMod:PoisonExcitation","floor":12.0},{"not_picked":["PlaceholderMod:StressReaction","PlaceholderMod:Hard","PlaceholderMod:ContinueSpray"],"picked":"SKIP","floor":13.0},{"not_picked":["PlaceholderMod:FastReaction","PlaceholderMod:Hyperplasia","PlaceholderMod:HardStrike"],"picked":"SKIP","floor":14.0},{"not_picked":["PlaceholderMod:AbsorbTouch","PlaceholderMod:QualitativeChange"],"picked":"PlaceholderMod:Activation","floor":16.0},{"not_picked":["PlaceholderMod:SpinBlade","PlaceholderMod:SeverePoisonStrike","PlaceholderMod:ProliferateStrike+1"],"picked":"SKIP","floor":18.0},{"not_picked":["PlaceholderMod:Turn","PlaceholderMod:ProliferateStrike+1","PlaceholderMod:ParasiteChange"],"picked":"SKIP","floor":21.0},{"not_picked":["PlaceholderMod:OHStrongAttack+1","PlaceholderMod:HardStrike"],"picked":"PlaceholderMod:CycleAttack+1","floor":24.0},{"not_picked":["PlaceholderMod:Hyperplasia","PlaceholderMod:HardStrike","PlaceholderMod:OHStrongAttack"],"picked":"SKIP","floor":28.0},{"not_picked":["PlaceholderMod:StrongAcid","PlaceholderMod:Corrosion"],"picked":"PlaceholderMod:PoisonBlast","floor":31.0},{"not_picked":["PlaceholderMod:AbsorbTouch","PlaceholderMod:HornyCollision"],"picked":"PlaceholderMod:QualitativeChange","floor":33},{"not_picked":["PlaceholderMod:ComplexForm+1","PlaceholderMod:SelectReaction"],"picked":"PlaceholderMod:HardStinger+1","floor":35},{"not_picked":["PlaceholderMod:AngryAttack+1","PlaceholderMod:Turn"],"picked":"PlaceholderMod:DirectingGroup+1","floor":38},{"not_picked":["PlaceholderMod:Sweep","PlaceholderMod:PoisonAbsorb+1"],"picked":"PlaceholderMod:FastReaction+1","floor":39},{"not_picked":["PlaceholderMod:HealingAttack+1","PlaceholderMod:Turn+1","PlaceholderMod:OHStrongAttack"],"picked":"SKIP","floor":42},{"not_picked":["PlaceholderMod:PoisonExcitation","PlaceholderMod:Internalization","PlaceholderMod:DissolvingSpikes+1"],"picked":"SKIP","floor":44},{"not_picked":["PlaceholderMod:RadicalHit+1","PlaceholderMod:Package","PlaceholderMod:EvolutionSpray"],"picked":"SKIP","floor":45},{"not_picked":["PlaceholderMod:CrystallizationStrike+1","PlaceholderMod:Break"],"picked":"PlaceholderMod:HighConcentration+1","floor":46},{"not_picked":["PlaceholderMod:TriggerStrike+1","PlaceholderMod:Internalization"],"picked":"PlaceholderMod:PericyclicReaction","floor":48}],"player_experience":286228,"relics_obtained":[{"floor":9.0,"key":"SumBook"},{"floor":26.0,"key":"Happy Flower"},{"floor":43,"key":"InkBottle"}],"event_choices":[],"is_beta":false,"boss_relics":[{"not_picked":["Velvet Choker","SlaversCollar"],"picked":"SoulBox"},{"not_picked":["Astrolabe","Runic Pyramid"],"picked":"PlaceholderMod:LiveLive"}],"items_purged_floors":[20],"is_endless":false,"potions_floor_spawned":[1,12,13,14,16,24,31,38,39,42],"ascension_level":0}}