{"host":"tzwikg9s6mkzv6w0","time":1613815865,"event":{"mods":["BaseMod","Good Game Mod","Minty Spire (QoL Compilation)","Spicy Shops","StSLib"],"gold_per_floor":[111,36,36,54,54,89,89,115,142,173,201,213,225,263,275,287,287],"floor_reached":16,"language":"ZHS","playtime":357,"items_purged":[],"score":402,"play_id":"efb1d2b1-519d-4fe1-b8a0-eb04bc50d3d6","local_time":"20210220181105","is_ascension_mode":true,"campfire_choices":[{"data":"Eruption","floor":7.0,"key":"SMITH"},{"floor":13.0,"key":"RECALL"},{"data":"WheelKick","floor":15.0,"key":"SMITH"}],"circlet_count":0,"master_deck":["AscendersBane","Strike_P+1","Strike_P","Strike_P","Strike_P+1","Defend_P","Defend_P","Defend_P","Eruption+1","Vigilance","DeusExMachina+1","WheelKick+1","Indignation","LessonLearned","BowlingBash"],"relics":["PureWater","REME:ComplimentaryCards","NeowsBlessing","Potion Belt","Toy Ornithopter","Orichalcum","MawBank","Omamori","Dream Catcher"],"acts_visited":["Exordium"],"potions_floor_usage":[],"damage_taken":[{"damage":0.0,"enemies":"Jaw Worm","floor":1.0,"turns":1.0},{"damage":0.0,"enemies":"Cultist","floor":4.0,"turns":1.0},{"damage":0.0,"enemies":"Gremlin Nob","floor":6.0,"turns":1.0},{"damage":17.0,"enemies":"3 Sentries","floor":8.0,"turns":8.0},{"damage":0.0,"enemies":"Lagavulin","floor":10.0,"turns":4.0},{"damage":0.0,"enemies":"Small Slimes","floor":11.0,"turns":2.0},{"damage":0.0,"enemies":"Gremlin Nob","floor":14.0,"turns":2.0},{"damage":54,"enemies":"Hexaghost","floor":16,"turns":7}],"seed_played":"3454858026750637867","potions_obtained":[{"floor":4.0,"key":"BottledMiracle"},{"floor":6.0,"key":"PowerPotion"},{"floor":8.0,"key":"AttackPotion"}],"is_trial":false,"path_per_floor":["M","?","$","M","?","E","R","E","T","E","M","?","R","E","R","B"],"character_chosen":"WATCHER","items_purchased":[],"campfire_rested":0,"item_purchase_floors":[],"current_hp_per_floor":[61,61,61,61,61,61,61,44,44,49,49,38,38,38,38,0,0],"gold":287,"neow_bonus":"THREE_ENEMY_KILL","is_daily":false,"chose_seed":false,"campfire_upgraded":2,"win_rate":0.0,"timestamp":1613815865,"path_taken":["M","?","$","M","?","E","R","E","T","E","?","?","R","E","R","BOSS"],"items_purchased_type":[],"build_version":"2020-12-22","purchased_purges":0,"victory":false,"max_hp_per_floor":[68,68,68,68,68,68,68,68,68,68,68,68,68,68,68,68,68],"card_choices":[{"not_picked":["Halt","LikeWater"],"picked":"WheelKick","floor":1.0},{"not_picked":["SashWhip","Halt","Wireheading"],"picked":"SKIP","floor":4.0},{"not_picked":["CutThroughFate","EmptyBody"],"picked":"BowlingBash","floor":6.0},{"not_picked":["EmptyFist","SpiritShield","Swivel"],"picked":"SKIP","floor":8.0},{"not_picked":["Evaluate","LikeWater","BattleHymn"],"picked":"SKIP","floor":10.0},{"not_picked":["Weave","Halt","SashWhip"],"picked":"SKIP","floor":11.0},{"not_picked":["Halt","Evaluate","Vengeance"],"picked":"SKIP","floor":14.0}],"player_experience":169664,"relics_obtained":[{"floor":6.0,"key":"Potion Belt"},{"floor":8.0,"key":"Toy Ornithopter"},{"floor":9.0,"key":"Orichalcum"},{"floor":10.0,"key":"MawBank"},{"floor":14.0,"key":"Dream Catcher"}],"event_choices":[{"cards_removed":["Defend_P"],"damage_healed":0.0,"max_hp_gain":0.0,"max_hp_loss":0.0,"gold_gain":0.0,"event_name":"The Cleric","player_choice":"Card Removal","floor":2.0,"gold_loss":75.0,"damage_taken":0.0},{"damage_healed":0.0,"max_hp_gain":0.0,"max_hp_loss":0.0,"gold_gain":0.0,"event_name":"Match and Keep!","player_choice":"2 cards matched","floor":5.0,"gold_loss":0.0,"damage_taken":0.0,"cards_obtained":["Indignation","LessonLearned"]},{"damage_healed":0.0,"max_hp_gain":0.0,"max_hp_loss":0.0,"gold_gain":0.0,"event_name":"Scrap Ooze","player_choice":"Success","floor":12.0,"gold_loss":0.0,"damage_taken":11.0,"relics_obtained":["Omamori"]}],"is_beta":false,"boss_relics":[],"items_purged_floors":[],"is_endless":false,"potions_floor_spawned":[4,6,8],"killed_by":"Hexaghost","ascension_level":20}}