{"host":"4gkev1dtxxhiue3x","time":1613826892,"event":{"mods":["AchievementEnabler","BaseMod","Better Altar","Better Match","Better Note","Better Sensory Stone","Better Skull","Better Third Choice","Colored Powertips","Friendly Minions","Hermit","Minty Spire (QoL Compilation)","Relic Stats","Robot Space Explorer","Shop Mod","StSLib","The Disciple","The Hierophant"],"gold_per_floor":[112,112,124,124,12,12,24,40,67,92,115,141,169,194,194,306,306,340,340,364,364,364,364,364],"floor_reached":23,"language":"ENG","playtime":2301,"items_purged":["Strike_Br"],"score":220,"play_id":"628efaac-5e06-45c6-9df5-a0800eb8c857","local_time":"20210220141452","is_ascension_mode":false,"campfire_choices":[{"data":"LockedTurtyl","floor":6.0,"key":"SMITH"},{"floor":15.0,"key":"REST"}],"circlet_count":0,"master_deck":["Defend_Br","Defend_Br","Defend_Br","SecondHand","PatternShift","LockedScales","HandsUpC","ResonantCall","LockedTurtyl+1","LockedAnchor","LockedWhetstone","LockedMawBank","LockedPlans","Keepsakes","LockedTornado","TickedOff+1","Cuckoo","Bite","Bite","Bite","Bite","Bite","LockedLightning","LockedScales"],"relics":["Chronograph","NeowsBlessing","Potion Belt","Anchor"],"acts_visited":["Exordium","TheCity"],"potions_floor_usage":[23],"damage_taken":[{"damage":0.0,"enemies":"2 Louse","floor":1.0,"turns":2.0},{"damage":0.0,"enemies":"Cultist","floor":3.0,"turns":1.0},{"damage":0.0,"enemies":"Jaw Worm","floor":7.0,"turns":2.0},{"damage":19.0,"enemies":"Gremlin Gang","floor":8.0,"turns":7.0},{"damage":16.0,"enemies":"Gremlin Nob","floor":10.0,"turns":5.0},{"damage":2.0,"enemies":"Blue Slaver","floor":11.0,"turns":4.0},{"damage":8.0,"enemies":"Exordium Thugs","floor":12.0,"turns":5.0},{"damage":0.0,"enemies":"3 Louse","floor":13.0,"turns":4.0},{"damage":2.0,"enemies":"Looter","floor":14.0,"turns":4.0},{"damage":5.0,"enemies":"Hexaghost","floor":16.0,"turns":9.0},{"damage":14,"enemies":"Shell Parasite","floor":18,"turns":6},{"damage":43,"enemies":"Chosen","floor":20,"turns":8},{"damage":3,"enemies":"Gremlin Leader","floor":23,"turns":3}],"seed_played":"8831283138591611761","potions_obtained":[{"floor":3.0,"key":"Ancient Potion"},{"floor":12.0,"key":"EssenceOfSteel"},{"floor":13.0,"key":"BlessingOfTheForge"},{"floor":16.0,"key":"AttackPotion"},{"floor":18,"key":"SteroidPotion"}],"is_trial":false,"path_per_floor":["M","?","M","?","$","R","M","M","T","E","M","M","M","M","R","B",null,"M","?","M","?","?","E"],"character_chosen":"CHRONO_CLASS","items_purchased":["LockedTurtyl"],"campfire_rested":1,"item_purchase_floors":[5],"current_hp_per_floor":[65,65,65,65,65,65,65,46,46,30,28,20,20,18,37,32,65,51,51,8,8,8,14,14],"gold":364,"neow_bonus":"THREE_ENEMY_KILL","is_daily":false,"chose_seed":false,"campfire_upgraded":1,"win_rate":0.0,"timestamp":1613826892,"path_taken":["M","?","?","?","$","R","M","?","T","E","M","M","M","M","R","BOSS","M","?","M","?","?","E"],"items_purchased_type":["Card"],"build_version":"2020-12-22","purchased_purges":1,"victory":false,"max_hp_per_floor":[65,65,65,65,65,65,65,65,65,65,65,65,65,65,65,65,65,65,65,65,45,45,45,45],"relic_stats":{"counters":[13,60],"obtain_stats":[{"Potion Belt":9,"Anchor":10,"NeowsBlessing":0,"Chronometer":0,"Chronograph":17},{"Potion Belt":4,"Anchor":5,"NeowsBlessing":0,"Chronometer":0,"Chronograph":10},{"Potion Belt":12,"Anchor":17,"NeowsBlessing":0,"Chronometer":0,"Chronograph":43}]},"card_choices":[{"not_picked":["Engulf","LockedTornado"],"picked":"LockedScales","floor":1.0},{"not_picked":["LockedBlood","ReapSow"],"picked":"HandsUpC","floor":3.0},{"not_picked":["Tempo","ExoVibe"],"picked":"LockedAnchor","floor":7.0},{"not_picked":["LockedScales","PrimeTime"],"picked":"LockedWhetstone","floor":8.0},{"not_picked":["Recurrance","Engulf"],"picked":"LockedMawBank","floor":10.0},{"not_picked":["Echoward","HandsUpC"],"picked":"LockedPlans","floor":11.0},{"not_picked":["BlueShift","LockedScales","FormalWear"],"picked":"SKIP","floor":12.0},{"not_picked":["LockedBlood","RageCommand"],"picked":"Keepsakes","floor":13.0},{"not_picked":["LockedBlood","Echoward"],"picked":"LockedTornado","floor":14.0},{"not_picked":["Flay","Chronoelasticity"],"picked":"LockedBell","floor":16.0},{"not_picked":["LockedAnchor","LockedWhetstone"],"picked":"TickedOff+1","floor":18},{"not_picked":["Parity+1","WindUp"],"picked":"Cuckoo","floor":20}],"player_experience":205391,"relics_obtained":[{"floor":9.0,"key":"Potion Belt"},{"floor":10.0,"key":"Anchor"}],"event_choices":[{"damage_healed":0.0,"max_hp_gain":0.0,"max_hp_loss":0.0,"gold_gain":0.0,"event_name":"The Woman in Blue","player_choice":"Bought 0 Potions","floor":2.0,"gold_loss":0.0,"damage_taken":0.0},{"damage_healed":0.0,"max_hp_gain":0.0,"max_hp_loss":0.0,"gold_gain":0.0,"cards_transformed":["Strike_Br"],"event_name":"Transmorgrifier","player_choice":"Transformed","floor":4.0,"gold_loss":0.0,"damage_taken":0.0,"cards_obtained":["ResonantCall"]},{"cards_removed":["Keepsakes"],"damage_healed":0,"gold_gain":0,"player_choice":"Give","damage_taken":0,"max_hp_gain":0,"max_hp_loss":0,"event_name":"betterNote:BetterNote","floor":19,"gold_loss":0,"cards_obtained":["None"]},{"damage_healed":0,"gold_gain":0,"player_choice":"Became a vampire","damage_taken":0,"max_hp_gain":0,"max_hp_loss":20,"event_name":"Vampires","floor":21,"gold_loss":0,"cards_obtained":["Bite","Bite","Bite","Bite","Bite"]}],"is_beta":false,"boss_relics":[{"not_picked":["Calling Bell","Black Star"],"picked":"Chronograph"}],"items_purged_floors":[5],"is_endless":false,"potions_floor_spawned":[3,12,13,16,18],"killed_by":"Gremlin Leader","ascension_level":0}}