{"host":"mljkxr5b6an9e5iz","time":1613856306,"event":{"mods":["AchievementEnabler","Aspiration","BaseMod","Colored Map","Conspire","Downfall","Hubris","Minty Spire (QoL Compilation)","Permanent Neow","Reliquary","Replay The Spire","StSLib"],"gold_per_floor":[10,29,43,74,86,86,118,118,118,133,58,69,86,106,106,204,204,222,222,235,300,319,349,159,159,206,206,251,282,382,382,382,478,478,496,511,144,154,168,200,200,213,239,92,92,106,116,156,156,156],"floor_reached":51,"language":"ENG","playtime":7813,"items_purged":["Strike_R","Amnesia","Strike_R"],"score":700,"play_id":"ba81e81d-ae7e-43cd-9fa7-eee97409dfc2","local_time":"20210220222506","is_ascension_mode":false,"campfire_choices":[{"data":"True Grit","floor":6.0,"key":"SMITH"},{"floor":8.0,"key":"REST"},{"data":"hubris:CleavingFinish","floor":15.0,"key":"SMITH"},{"floor":25.0,"key":"REST"},{"data":"Replay:Bootleg Shield Generator","floor":27.0,"key":"SMITH"},{"data":"Heavy Blade","floor":32.0,"key":"SMITH"},{"data":"WaveOfTheHand","floor":32.0,"key":"SMITH"},{"data":"Juggernaut","floor":41,"key":"SMITH"},{"data":"Bash","floor":41,"key":"SMITH"},{"floor":45,"key":"REST"},{"floor":49,"key":"REST"}],"circlet_count":0,"master_deck":["Strike_R","Strike_R","Strike_R","Defend_R","Defend_R","Defend_R","Defend_R","Bash+1","ReplayTheSpireMod:Stacked","Metallicize+1","hubris:CleavingFinish+1","Infernal Blade","True Grit+1","Spot Weakness","Berserk+1","ReplayTheSpireMod:Stacked","True Grit+1","Heavy Blade+1","Juggernaut+1","Replay:Bootleg Shield Generator+1","Ghostly Armor+1","Heavy Blade+1","WaveOfTheHand+1","Impervious","Iron Wave+1","Spot Weakness+1","Flex+1","Life Link+1","Inflame+1"],"relics":["Burning Blood","Ginger","Mirror","MealTicket","Mercury Hourglass","reliquary:RedCape","Ring of Peace","ReplayTheSpireMod:Ring of Challenge","reliquary:Buckler","reliquary:Aerogel","ReplayFunnel","Replay:Arrowhead","hubris:CrystalStatue","hubris:HollowSoul","Gremlin Horn","reliquary:SharkskinSheath","Vajra","Replay:Baseball","conspire:InfiniteJournal"],"acts_visited":["Exordium","TheCity","TheBeyond"],"potions_floor_usage":[],"damage_taken":[{"damage":15.0,"enemies":"Cultist","floor":1.0,"turns":4.0},{"damage":0.0,"enemies":"Jaw Worm","floor":2.0,"turns":6.0},{"damage":1.0,"enemies":"2 Louse","floor":3.0,"turns":4.0},{"damage":29.0,"enemies":"conspire:MimicChest","floor":4.0,"turns":6.0},{"damage":20.0,"enemies":"Large Slime","floor":5.0,"turns":8.0},{"damage":20.0,"enemies":"3 Sentries","floor":7.0,"turns":11.0},{"damage":7.0,"enemies":"Blue Slaver","floor":10.0,"turns":3.0},{"damage":10.0,"enemies":"Looter","floor":12.0,"turns":4.0},{"damage":0.0,"enemies":"Large Slime","floor":13.0,"turns":6.0},{"damage":1.0,"enemies":"2 Fungi Beasts","floor":14.0,"turns":3.0},{"damage":37.0,"enemies":"Fading Forest","floor":16.0,"turns":11.0},{"damage":11.0,"enemies":"Chosen","floor":18.0,"turns":5.0},{"damage":5.0,"enemies":"Shell Parasite","floor":20.0,"turns":4.0},{"damage":56.0,"enemies":"Centurion and Healer","floor":21.0,"turns":8.0},{"damage":5.0,"enemies":"Snake Plant","floor":22.0,"turns":5.0},{"damage":12.0,"enemies":"Slavers","floor":23.0,"turns":7.0},{"damage":16.0,"enemies":"Sentry and Sphere","floor":28.0,"turns":6.0},{"damage":26.0,"enemies":"Gremlin Leader","floor":29.0,"turns":6.0},{"damage":2.0,"enemies":"Colosseum Slavers","floor":30.0,"turns":5.0},{"damage":0.0,"enemies":"Colosseum Nobs","floor":30.0,"turns":5.0},{"damage":27.0,"enemies":"Automaton","floor":33.0,"turns":11.0},{"damage":39,"enemies":"3 Shapes","floor":35,"turns":3},{"damage":11,"enemies":"Orb Walker","floor":36,"turns":4},{"damage":18,"enemies":"Writhing Mass","floor":38,"turns":6},{"damage":12,"enemies":"3 Darklings","floor":39,"turns":10},{"damage":0,"enemies":"Nemesis","floor":40,"turns":7},{"damage":16,"enemies":"Jaw Worm Horde","floor":42,"turns":4},{"damage":5,"enemies":"4 Shapes","floor":46,"turns":4},{"damage":0,"enemies":"Writhing Mass","floor":47,"turns":5},{"damage":44,"enemies":"Awakened One","floor":50,"turns":11}],"seed_played":"-6414923061354751328","potions_obtained":[{"floor":3.0,"key":"BloodPotion"},{"floor":7.0,"key":"PowerPotion"},{"floor":10.0,"key":"PowerPotion"},{"floor":12.0,"key":"AttackPotion"},{"floor":14.0,"key":"BlessingOfTheForge"},{"floor":23.0,"key":"Fire Potion"},{"floor":28.0,"key":"LiquidMemories"},{"floor":29.0,"key":"hexamod:SoulburnPotion"},{"floor":30.0,"key":"FearPotion"},{"floor":33.0,"key":"Energy Potion"},{"floor":35,"key":"Energy Potion"},{"floor":46,"key":"EntropicBrew"}],"is_trial":false,"path_per_floor":["M","M","M","?","M","R","E","R","T","M","$","M","M","M","R","B",null,"M","?","M","M","M","E","$","R","T","R","M","E","?","?","R","B",null,"M","M","$","M","M","E","R","M","T","$","R","M","M","?","R","B",null],"character_chosen":"IRONCLAD","items_purchased":["Replay:Bootleg Shield Generator","Gremlin Horn","Replay:Baseball"],"campfire_rested":4,"item_purchase_floors":[24,37,44],"current_hp_per_floor":[71,77,80,57,43,43,29,53,53,68,80,76,80,80,80,67,80,75,75,76,26,27,21,36,60,60,60,50,30,40,40,40,19,80,47,42,57,45,39,40,40,30,30,45,69,70,76,44,68,30],"gold":156,"neow_bonus":"ONE_RARE_RELIC","is_daily":false,"chose_seed":false,"campfire_upgraded":7,"win_rate":0.0,"timestamp":1613856306,"path_taken":["M","?","M","?","M","R","E","R","T","M","$","M","M","M","R","BOSS","M","?","M","M","M","E","$","R","T","R","M","E","?","?","R","BOSS","M","M","$","M","M","E","R","M","T","$","R","M","M","?","R","BOSS"],"items_purchased_type":["Card","Relic","Relic"],"build_version":"2020-12-22","purchased_purges":3,"victory":true,"max_hp_per_floor":[80,80,80,80,80,80,80,80,80,80,80,80,80,80,80,80,80,80,80,80,80,80,80,80,80,80,80,80,80,80,80,80,80,80,80,80,80,80,80,80,80,80,80,80,80,80,80,80,80,80],"card_choices":[{"not_picked":["Thunderclap","hubris:ReadiedAction"],"picked":"ReplayTheSpireMod:Stacked","floor":1.0},{"not_picked":["Clothesline","Power Through"],"picked":"Metallicize","floor":2.0},{"not_picked":["ReplayTheSpireMod:Strike From Hell","Cleave"],"picked":"hubris:CleavingFinish","floor":3.0},{"not_picked":["Shrug It Off","Carnage"],"picked":"Infernal Blade","floor":4.0},{"not_picked":["Defy Death","Infernal Blade"],"picked":"True Grit","floor":5.0},{"not_picked":["Searing Blow","Anger","Flex"],"picked":"SKIP","floor":7.0},{"not_picked":["hubris:StunningStrike","Headbutt","Cleave"],"picked":"SKIP","floor":10.0},{"not_picked":["Run Through","Iron Wave"],"picked":"Spot Weakness","floor":12.0},{"not_picked":["Clothesline","Headbutt","hubris:ReadiedAction"],"picked":"SKIP","floor":13.0},{"not_picked":["Clothesline","Heavy Blade","Warcry"],"picked":"SKIP","floor":14.0},{"not_picked":["Double Tap","Eclipse"],"picked":"Berserk","floor":16.0},{"not_picked":["Armaments","Hemokinesis"],"picked":"ReplayTheSpireMod:Stacked","floor":18.0},{"not_picked":["Battle Trance","Spot Weakness","hubris:CleavingFinish"],"picked":"SKIP","floor":20.0},{"not_picked":["Body Slam+1","hubris:ReadiedAction"],"picked":"True Grit+1","floor":21.0},{"not_picked":["hubris:ReadiedAction","Flex"],"picked":"Heavy Blade","floor":22.0},{"not_picked":["Sever Soul","Bludgeon"],"picked":"Juggernaut","floor":23.0},{"not_picked":["Feel No Pain+1","Second Wind","ReplayTheSpireMod:Strike From Hell"],"picked":"SKIP","floor":28.0},{"not_picked":["Run Through","Uppercut+1"],"picked":"Ghostly Armor+1","floor":29.0},{"not_picked":["Bloodletting","ReplayTheSpireMod:Corrosion Curse"],"picked":"Heavy Blade+1","floor":30.0},{"not_picked":["Brutality","hubris:StunningStrike"],"picked":"Impervious","floor":33.0},{"not_picked":["Replay:Undeath\u0027s Touch+1","Twin Strike","Body Slam"],"picked":"SKIP","floor":35},{"not_picked":["Armaments+1","Shrug It Off+1"],"picked":"Iron Wave+1","floor":36},{"not_picked":["Twin Strike","Seeing Red","hubris:CleavingFinish"],"picked":"SKIP","floor":38},{"not_picked":["Pommel Strike+1","ReplayTheSpireMod:Limb From Limb"],"picked":"Spot Weakness+1","floor":39},{"not_picked":["Barricade","conspire:Purge"],"picked":"Flex+1","floor":40},{"not_picked":["Armaments","Cleave"],"picked":"Life Link+1","floor":42},{"not_picked":["Run Through","Battle Trance+1","Searing Blow"],"picked":"SKIP","floor":46},{"not_picked":["Twin Strike","conspire:Charge+1","Dark Embrace"],"picked":"SKIP","floor":47},{"not_picked":["Flex","Metallicize"],"picked":"Inflame+1","floor":48}],"player_experience":14401,"relics_obtained":[{"floor":4.0,"key":"Mirror"},{"floor":7.0,"key":"MealTicket"},{"floor":9.0,"key":"Mercury Hourglass"},{"floor":19.0,"key":"Ring of Peace"},{"floor":19.0,"key":"ReplayTheSpireMod:Ring of Challenge"},{"floor":23.0,"key":"reliquary:Buckler"},{"floor":26.0,"key":"reliquary:Aerogel"},{"floor":29.0,"key":"ReplayFunnel"},{"floor":30.0,"key":"Replay:Arrowhead"},{"floor":30.0,"key":"hubris:CrystalStatue"},{"floor":40,"key":"reliquary:SharkskinSheath"},{"floor":43,"key":"Vajra"},{"floor":48,"key":"conspire:InfiniteJournal"}],"event_choices":[{"damage_healed":0.0,"max_hp_gain":0.0,"max_hp_loss":0.0,"gold_gain":0.0,"event_name":"Colosseum","player_choice":"Fight","floor":30.0,"gold_loss":0.0,"damage_taken":0.0},{"damage_healed":0.0,"max_hp_gain":0.0,"max_hp_loss":0.0,"gold_gain":0.0,"event_name":"Colosseum","player_choice":"Fought Nobs","floor":30.0,"gold_loss":0.0,"damage_taken":0.0},{"damage_healed":0.0,"max_hp_gain":0.0,"max_hp_loss":0.0,"gold_gain":0.0,"event_name":"The Library","player_choice":"Read","floor":31.0,"gold_loss":0.0,"damage_taken":0.0,"cards_obtained":["WaveOfTheHand"]}],"is_beta":false,"boss_relics":[{"not_picked":["ChewingGum","Black Blood"],"picked":"reliquary:RedCape"},{"not_picked":["conspire:SeveredTorchhead","Replay:Bronze Core"],"picked":"hubris:HollowSoul"}],"items_purged_floors":[11,24,37],"is_endless":false,"potions_floor_spawned":[3,7,10,12,14,23,28,29,30,33,35,46],"ascension_level":0}}