{"host":"z4nt7tdd4gjrinn7","time":1613786275,"event":{"mods":["100% Spire Juice","BaseMod","Minty Spire (QoL Compilation)","StS++","StSLib","The Hierophant"],"gold_per_floor":[117,117,127,202,202,202,231,231,231,36,36,48,48,59,59,164,164,182,182,200,200,49,76,76,91,91,65,65,65],"floor_reached":28,"language":"ENG","playtime":2128,"items_purged":[],"score":234,"play_id":"d508560d-d26c-43df-a3e8-824e0712c510","local_time":"20210219205755","is_ascension_mode":false,"campfire_choices":[{"floor":6,"key":"REST"},{"floor":13,"key":"REST"},{"floor":15,"key":"REST"},{"floor":24,"key":"REST"}],"circlet_count":0,"master_deck":["Strike_B","Strike_B","Strike_B","Strike_B","Defend_B","Defend_B","Defend_B","Defend_B","Zap","Dualcast","Self Repair+1","Doom and Gloom","Electrodynamics","Gash","Barrage","Gash","Echo Form","Glacier","StSpp:Igniter","Sweeping Beam","Rebound"],"relics":["Cracked Core","Dream Catcher","Singing Bowl","TheAbacus","Inserter","Orichalcum","Pantograph","StSpp:PetrifiedCaterpillar"],"acts_visited":["Exordium","TheCity"],"potions_floor_usage":[7,7,14,16,23,23,28],"damage_taken":[{"damage":1,"enemies":"Jaw Worm","floor":1,"turns":4},{"damage":5,"enemies":"Small Slimes","floor":3,"turns":4},{"damage":13,"enemies":"3 Sentries","floor":7,"turns":4},{"damage":5,"enemies":"2 Louse","floor":12,"turns":2},{"damage":12,"enemies":"Large Slime","floor":14,"turns":3},{"damage":30,"enemies":"Slime Boss","floor":16,"turns":7},{"damage":25,"enemies":"Spheric Guardian","floor":18,"turns":4},{"damage":14,"enemies":"Shell Parasite","floor":20,"turns":5},{"damage":55,"enemies":"Slavers","floor":23,"turns":5},{"damage":32,"enemies":"3 Cultists","floor":25,"turns":5},{"damage":37,"enemies":"Colosseum Slavers","floor":28,"turns":3}],"seed_played":"-8618577891483608999","potions_obtained":[{"floor":0,"key":"DistilledChaos"},{"floor":0,"key":"Swift Potion"},{"floor":0,"key":"Explosive Potion"},{"floor":3,"key":"PowerPotion"},{"floor":12,"key":"StSpp:ScatteredWeakPotion"},{"floor":18,"key":"SneckoOil"},{"floor":25,"key":"SpeedPotion"}],"is_trial":false,"path_per_floor":["M","?","M","?","?","R","E","?","T","$","?","M","R","M","R","B",null,"M","?","M","?","$","E","R","M","T","$","?"],"character_chosen":"DEFECT","items_purchased":["TheAbacus","Gash","Orichalcum","Rebound"],"campfire_rested":4,"item_purchase_floors":[10,10,22,27],"current_hp_per_floor":[74,74,75,64,69,80,77,70,70,70,70,65,82,72,84,64,84,79,79,86,83,83,30,56,34,34,34,0,0],"gold":65,"neow_bonus":"THREE_SMALL_POTIONS","is_daily":false,"chose_seed":false,"campfire_upgraded":0,"win_rate":0.0,"timestamp":1613786275,"path_taken":["M","?","M","?","?","R","E","?","T","?","?","?","R","M","R","BOSS","M","?","M","?","$","E","R","?","T","$","?"],"items_purchased_type":["Relic","Card","Relic","Card"],"build_version":"2020-12-22","purchased_purges":0,"victory":false,"max_hp_per_floor":[75,75,75,75,80,80,80,80,80,80,80,80,82,84,84,84,84,84,84,86,86,86,88,88,88,88,88,88,88],"card_choices":[{"not_picked":["Go for the Eyes","Conserve Battery"],"picked":"Self Repair","floor":1},{"not_picked":["Turbo","Cold Snap"],"picked":"Doom and Gloom","floor":3},{"not_picked":["Leap","Skim"],"picked":"Electrodynamics","floor":7},{"not_picked":["Leap","Stack"],"picked":"Barrage","floor":12},{"not_picked":["Force Field","Double Energy","Ball Lightning"],"picked":"Singing Bowl","floor":13},{"not_picked":["Go for the Eyes","Coolheaded","StSpp:Pointer"],"picked":"Singing Bowl","floor":14},{"not_picked":["Sweeping Beam","StSpp:Pointer"],"picked":"Gash","floor":15},{"not_picked":["Multi-Cast","Biased Cognition"],"picked":"Echo Form","floor":16},{"not_picked":["Streamline","Go for the Eyes"],"picked":"Glacier","floor":18},{"not_picked":["Rebound","Recycle","Compile Driver+1"],"picked":"Singing Bowl","floor":20},{"not_picked":["Compile Driver","Cold Snap","Coolheaded+1"],"picked":"Singing Bowl","floor":23},{"not_picked":["StSpp:Mask+1","Leap"],"picked":"StSpp:Igniter","floor":24},{"not_picked":["Conserve Battery","Ball Lightning+1"],"picked":"Sweeping Beam","floor":25}],"player_experience":206646,"relics_obtained":[{"floor":7,"key":"Dream Catcher"},{"floor":9,"key":"Singing Bowl"},{"floor":23,"key":"Pantograph"},{"floor":26,"key":"StSpp:PetrifiedCaterpillar"}],"event_choices":[{"damage_healed":0,"gold_gain":0,"player_choice":"Grow","damage_taken":0,"max_hp_gain":0,"max_hp_loss":0,"event_name":"Living Wall","floor":2,"gold_loss":0,"cards_upgraded":["Self Repair"]},{"damage_healed":0,"gold_gain":75,"player_choice":"Gather Gold","damage_taken":11,"max_hp_gain":0,"max_hp_loss":0,"event_name":"World of Goop","floor":4,"gold_loss":0},{"damage_healed":0,"gold_gain":0,"player_choice":"Donut","damage_taken":0,"max_hp_gain":5,"max_hp_loss":0,"event_name":"Big Fish","floor":5,"gold_loss":0},{"damage_healed":0,"gold_gain":0,"player_choice":"Fled","damage_taken":7,"max_hp_gain":0,"max_hp_loss":0,"event_name":"Scrap Ooze","floor":8,"gold_loss":0},{"damage_healed":0,"gold_gain":0,"player_choice":"Leave","damage_taken":0,"max_hp_gain":0,"max_hp_loss":0,"event_name":"The Cleric","floor":11,"gold_loss":0},{"damage_healed":0,"gold_gain":0,"player_choice":"Ignored","damage_taken":0,"max_hp_gain":0,"max_hp_loss":0,"event_name":"Beggar","floor":19,"gold_loss":0},{"damage_healed":0,"gold_gain":0,"player_choice":"Punched","damage_taken":3,"max_hp_gain":0,"max_hp_loss":0,"event_name":"Designer","floor":21,"gold_loss":0},{"damage_healed":0,"gold_gain":0,"player_choice":"Fight","damage_taken":0,"max_hp_gain":0,"max_hp_loss":0,"event_name":"Colosseum","floor":28,"gold_loss":0}],"is_beta":false,"boss_relics":[{"not_picked":["Ectoplasm","Calling Bell"],"picked":"Inserter"}],"items_purged_floors":[],"is_endless":false,"potions_floor_spawned":[3,12,18,25],"killed_by":"Colosseum Slavers","ascension_level":0}}