{"host":"03qh43t1tt22vioj","time":1613815861,"event":{"mods":["2.2 Compatiblity","A Penny For Your Troubles","AchievementEnabler","Alarm Clock","Aspiration","BaseMod","Beaked The Cultist","Bestiary","Better Altar","Better Match","Better Note","Better Sensory Stone","Better Skull","Better Third Choice","Better Vampires","Bossed Relics","CapriCore","Colored Map","Colored Powertips","Conspire","Curses Come First","DeckTracker","Disable Question Mark Monsters","Displayed Cursed Tome","Downfall","Friendly Minions","Halation","Highlight Path","Hubris","Infinite Spire","Jedi Mod","Key Reminder","Marked Mod","Mimic Mod","Minty Spire (QoL Compilation)","Permanent Neow","Quick Restart","Random Character Button","Random Character Mod","Rare Cards Sparkle","Relic Stats","Reliquary","Replay The Spire","SacredBarkPlus","Shop Mod","Spire Arcade","StSLib","Synergy Search","The Blue Laboratory","The Construct","Uncapped","Unceasing Turn Reminder","Unknown Chances"],"gold_per_floor":[110,110,385,403,421,421,455,17,17,48,48,48,48,48,48,145,145,159,159,159,172,188,188,204,240,276,276,296,296,311,321,321,421,421,434,434,434,47,47,47],"floor_reached":39,"language":"ENG","playtime":3275,"items_purged":["Regret","beaked:Strike_Y"],"score":412,"play_id":"91a29728-3652-4522-b667-4f81f5712ac7","local_time":"20210220111101","is_ascension_mode":false,"campfire_choices":[{"data":"beaked:WarriorSpirit","floor":6,"key":"SMITH"},{"data":"beaked:Insight","floor":11,"key":"SMITH"},{"data":"beaked:Brace","floor":12,"key":"SMITH"},{"data":"beaked:Ceremony","floor":13,"key":"SMITH"},{"data":"beaked:Ceremony","floor":15,"key":"SMITH"},{"data":"beaked:MaddeningMurmurs","floor":23,"key":"SMITH"},{"data":"beaked:StickSmack","floor":32,"key":"SMITH"}],"circlet_count":0,"master_deck":["beaked:Strike_Y","beaked:Strike_Y","beaked:Strike_Y","beaked:Strike_Y","beaked:Defend_Y","beaked:Defend_Y","beaked:Defend_Y","beaked:Defend_Y","beaked:Ceremony","beaked:Ceremony+1","beaked:Ceremony+1","beaked:WarriorSpirit+1","beaked:CursingBlood","beaked:Brace+1","beaked:Insight+1","beaked:MaddeningMurmurs+1","beaked:CursingBlood+1","beaked:StickSmack+1","beaked:Poke"],"relics":["beaked:MendingPlumage","halation:QuantumPhysicsTextbook","MerchantsRug","jedi:cryingmask","Counterbalance","Bag of Marbles","halation:PinkSoulGem","Philosopher\u0027s Stone","Ginger","Cauldron","Bottled Tornado","keyreminder:keyreminder","conspire:SlowCooker","hubris:Towel","Replay:Byrd Feeder"],"acts_visited":["Exordium","TheCity","TheBeyond"],"potions_floor_usage":[10,16,16,33,33,33],"damage_taken":[{"damage":10,"enemies":"Cultist","floor":1,"turns":4},{"damage":10,"enemies":"Small Slimes","floor":4,"turns":4},{"damage":17,"enemies":"Jaw Worm","floor":5,"turns":5},{"damage":28,"enemies":"Lagavulin","floor":7,"turns":7},{"damage":30,"enemies":"Gremlin Nob","floor":10,"turns":5},{"damage":39,"enemies":"The Guardian","floor":16,"turns":10},{"damage":41,"enemies":"Shell Parasite","floor":18,"turns":6},{"damage":11,"enemies":"Chosen","floor":21,"turns":6},{"damage":0,"enemies":"Sentry and Sphere","floor":22,"turns":2},{"damage":48,"enemies":"Cultist and Chosen","floor":24,"turns":9},{"damage":7,"enemies":"3 Cultists","floor":25,"turns":8},{"damage":9,"enemies":"3 Cultists","floor":26,"turns":7},{"damage":56,"enemies":"3 Cultists","floor":28,"turns":6},{"damage":6,"enemies":"Snake Plant","floor":30,"turns":6},{"damage":15,"enemies":"Centurion and Healer","floor":31,"turns":7},{"damage":17,"enemies":"Champ","floor":33,"turns":7},{"damage":42,"enemies":"3 Shapes","floor":35,"turns":6},{"damage":54,"enemies":"3 Darklings","floor":39,"turns":4}],"seed_played":"-7726522080870451441","potions_obtained":[{"floor":1,"key":"blueLaboratory:LouseDecoction"},{"floor":10,"key":"Flashbang"},{"floor":18,"key":"champ:CounterPotion"},{"floor":20,"key":"Reflective Coating"},{"floor":20,"key":"Energy Potion"},{"floor":24,"key":"blueLaboratory:TrueEctoplasm"}],"is_trial":false,"path_per_floor":["M","?","?","M","M","R","E","$","T","E","R","R","R","?","R","B",null,"M","?","AVR","M","M","R","M","MIM","MIM","?","M","R","M","M","R","B",null,"M","?","?","$","M"],"character_chosen":"BEAKED_THE_CULTIST","items_purchased":["BargainBundle","beaked:MendingBrew","BlessingOfTheForge","beaked:Insight","MerchantsRug","jedi:cryingmask","Replay:Byrd Feeder"],"campfire_rested":0,"item_purchase_floors":[8,8,8,8,8,8,38],"current_hp_per_floor":[43,43,43,43,39,39,28,28,28,12,12,12,12,12,12,29,50,25,25,25,33,38,38,19,35,50,50,19,19,37,50,50,50,50,35,35,35,35,0,0],"gold":47,"neow_bonus":"THREE_CARDS","is_daily":false,"chose_seed":false,"campfire_upgraded":7,"win_rate":0.0,"timestamp":1613815861,"path_taken":["M","?","?","M","?","R","E","$","T","E","R","R","R","?","R","BOSS","M","?","AVR","M","?","R","?","?","MIM","?","M","R","M","M","R","BOSS","M","?","?","$","?"],"items_purchased_type":["Relic","Potion","Potion","Card","Relic","Relic","Relic"],"build_version":"2020-12-22","purchased_purges":2,"victory":false,"max_hp_per_floor":[50,50,50,50,50,50,50,50,50,50,50,50,50,50,50,50,50,50,50,50,50,50,50,50,50,50,50,50,50,50,50,50,50,50,50,50,50,50,50,50],"relic_stats":{"counters":[18,109],"Ginger":[21],"obtain_stats":[{"MerchantsRug":8,"BargainBundle":8,"Replay:Byrd Feeder":38,"halation:QuantumPhysicsTextbook":7,"Counterbalance":9,"conspire:SlowCooker":34,"Ginger":19,"Bottled Tornado":25,"hubris:Towel":36,"keyreminder:keyreminder":26,"Cauldron":20,"jedi:cryingmask":8,"Philosopher\u0027s Stone":17,"Bag of Marbles":10,"beaked:MendingPlumage":0,"halation:PinkSoulGem":14},{"MerchantsRug":4,"BargainBundle":4,"Replay:Byrd Feeder":17,"halation:QuantumPhysicsTextbook":4,"Counterbalance":4,"conspire:SlowCooker":16,"Ginger":7,"Bottled Tornado":11,"hubris:Towel":17,"keyreminder:keyreminder":12,"Cauldron":7,"jedi:cryingmask":4,"Philosopher\u0027s Stone":6,"Bag of Marbles":5,"beaked:MendingPlumage":0,"halation:PinkSoulGem":5},{"MerchantsRug":20,"BargainBundle":20,"Replay:Byrd Feeder":105,"halation:QuantumPhysicsTextbook":20,"Counterbalance":20,"conspire:SlowCooker":99,"Ginger":41,"Bottled Tornado":66,"hubris:Towel":105,"keyreminder:keyreminder":73,"Cauldron":41,"jedi:cryingmask":20,"Philosopher\u0027s Stone":35,"Bag of Marbles":25,"beaked:MendingPlumage":0,"halation:PinkSoulGem":25}]},"card_choices":[{"not_picked":["beaked:Brace","beaked:Daydream"],"picked":"beaked:WarriorSpirit","floor":0},{"not_picked":["ReplayTheSpireMod:Wings of Steel","beaked:Molting","beaked:Resilience"],"picked":"SKIP","floor":1},{"not_picked":["beaked:BraceForImpact","beaked:MachineSpirit"],"picked":"beaked:CursingBlood","floor":4},{"not_picked":["beaked:Flinch","beaked:Cower","beaked:Negation"],"picked":"SKIP","floor":5},{"not_picked":["beaked:Tweet","beaked:TuckingFeathers"],"picked":"beaked:Brace","floor":7},{"not_picked":["beaked:VolatileMisfortune","beaked:Resilience","beaked:Hexing"],"picked":"SKIP","floor":10},{"not_picked":["beaked:DarkTribute","beaked:WildInstinct"],"picked":"beaked:KnowThyFoe","floor":16},{"not_picked":["beaked:Hexing","beaked:Redirect+1"],"picked":"beaked:MaddeningMurmurs","floor":18},{"not_picked":["beaked:Negation","beaked:Evade","beaked:Recite+1"],"picked":"SKIP","floor":21},{"not_picked":["beaked:Insight","beaked:RuinSticks+1","beaked:Foresight"],"picked":"SKIP","floor":22},{"not_picked":["beaked:Flinch","beaked:StunningBlow"],"picked":"beaked:CursingBlood+1","floor":24},{"not_picked":["ReplayTheSpireMod:Prepare the Ceremony","beaked:Tradeoff"],"picked":"beaked:StickSmack","floor":25},{"not_picked":["beaked:Daydream","beaked:Brace","beaked:Cower+1"],"picked":"SKIP","floor":28},{"not_picked":["beaked:MimicMachine","beaked:TuckingFeathers","beaked:WildInstinct"],"picked":"SKIP","floor":30},{"not_picked":["beaked:FeelMyPain","beaked:SacrificialDive"],"picked":"beaked:Poke","floor":31},{"not_picked":["beaked:Daydream","beaked:Tweet","beaked:Insight+1"],"picked":"SKIP","floor":35}],"player_experience":216393,"relics_obtained":[{"floor":7,"key":"halation:QuantumPhysicsTextbook"},{"floor":9,"key":"Counterbalance"},{"floor":10,"key":"Bag of Marbles"},{"floor":25,"key":"Bottled Tornado"}],"event_choices":[{"damage_healed":0,"gold_gain":275,"player_choice":"Desecrate","damage_taken":0,"max_hp_gain":0,"max_hp_loss":0,"event_name":"Golden Shrine","floor":3,"gold_loss":0,"cards_obtained":["Regret"]},{"cards_removed":["beaked:KnowThyFoe"],"damage_healed":0,"gold_gain":0,"player_choice":"Gave Card","damage_taken":0,"relics_obtained":["Ginger"],"max_hp_gain":0,"max_hp_loss":0,"event_name":"WeMeetAgain","floor":19,"gold_loss":0},{"cards_removed":["beaked:Strike_Y"],"damage_healed":0,"gold_gain":0,"player_choice":"Offered Basic","damage_taken":0,"max_hp_gain":0,"max_hp_loss":0,"event_name":"Bonfire Elementals","floor":37,"gold_loss":0}],"is_beta":false,"boss_relics":[{"not_picked":["Sozu","Empty Cage"],"picked":"Philosopher\u0027s Stone"},{"not_picked":["beaked:FlawlessSticks","Coffee Dripper"],"picked":"conspire:SlowCooker"}],"items_purged_floors":[8,38],"is_endless":false,"potions_floor_spawned":[1,10,18,24,28],"killed_by":"3 Darklings","ascension_level":0}}