{"host":"sxnl403xm2xmiyj1","time":1613829818,"event":{"mods":["BaseMod","Colored Map","Keyboard Shortcuts","Koishi","Minty Spire (QoL Compilation)","Quick Restart","StSLib","SuperFastMode"],"gold_per_floor":[117,127,52,52,127,127,157,167,167,185,195,195,175,204,204,276,276,293,293,307,74,74,74,88,88,88,98,12,39,59,88,88,88,88],"floor_reached":33,"language":"KOR","playtime":736,"items_purged":[],"score":656,"play_id":"7e962a10-2e17-4868-97f2-4c19aeed76c5","local_time":"20210220230338","is_ascension_mode":true,"campfire_choices":[{"data":"Koishi:CatchAndRose","floor":6,"key":"SMITH"},{"data":"Koishi:ParalyzingFear","floor":15,"key":"SMITH"},{"data":"Koishi:MentalBreakdown","floor":23,"key":"SMITH"},{"data":"Koishi:FidgetySnatcher","floor":25,"key":"SMITH"},{"data":"Koishi:CatchAndRose","floor":32,"key":"SMITH"}],"circlet_count":0,"master_deck":["AscendersBane","Koishi:BasicStrike","Koishi:BasicDefend","Koishi:BasicDefend","Koishi:BasicDefend","Koishi:BasicDefend","Koishi:Provoke","Koishi:HauntingSlash","Koishi:CatchAndRose+1","Koishi:DreadfulBlow","Koishi:DanmakuParanoia","Koishi:UnconsciousUprising","Koishi:ParalyzingFear+1","Koishi:YoukaiPolygraph","Koishi:TremblingHands","Koishi:SilentAndRestless","Koishi:TraumaticStroke","Koishi:CatchAndRose+1","Koishi:MentalBreakdown+1","Koishi:SubterraneanRose","Koishi:FidgetySnatcher+1","Koishi:GrowingPain","Koishi:RorschachInDanmaku","Koishi:UnconsciousUrges","Koishi:CatchAndRose","Koishi:DanmakuParanoia"],"relics":["Koishi:ImaginaryFriend","NeowsBlessing","Blue Candle","Koishi:TeethAndClaws","Toy Ornithopter","Coffee Dripper","Oddly Smooth Stone","Koishi:LettersToReimu","MealTicket"],"acts_visited":["Exordium","TheCity"],"potions_floor_usage":[10,14,20,31,31,33],"damage_taken":[{"damage":0,"enemies":"Jaw Worm","floor":1,"turns":1},{"damage":0,"enemies":"Small Slimes","floor":2,"turns":1},{"damage":0,"enemies":"Gremlin Nob","floor":7,"turns":1},{"damage":1,"enemies":"Cultist","floor":8,"turns":4},{"damage":0,"enemies":"Lots of Slimes","floor":10,"turns":5},{"damage":5,"enemies":"Red Slaver","floor":11,"turns":5},{"damage":4,"enemies":"Lagavulin","floor":14,"turns":7},{"damage":1,"enemies":"Hexaghost","floor":16,"turns":13},{"damage":2,"enemies":"Shell Parasite","floor":18,"turns":8},{"damage":6,"enemies":"Chosen","floor":20,"turns":6},{"damage":0,"enemies":"Centurion and Healer","floor":24,"turns":8},{"damage":30,"enemies":"Chosen and Byrds","floor":27,"turns":7},{"damage":0,"enemies":"Gremlin Leader","floor":29,"turns":8},{"damage":3,"enemies":"Snecko","floor":30,"turns":6},{"damage":32,"enemies":"Slavers","floor":31,"turns":12},{"damage":14,"enemies":"Collector","floor":33,"turns":3}],"seed_played":"1029574910944704041","potions_obtained":[{"floor":1,"key":"AttackPotion"},{"floor":7,"key":"Strength Potion"},{"floor":13,"key":"Ancient Potion"},{"floor":16,"key":"Weak Potion"},{"floor":18,"key":"Regen Potion"},{"floor":24,"key":"Weak Potion"},{"floor":31,"key":"Explosive Potion"}],"is_trial":false,"path_per_floor":["M","M","?","$","?","R","E","M","T","M","M","?","?","E","R","B",null,"M","?","M","$","T","R","M","R","T","M","$","E","M","E","R","B"],"character_chosen":"KOISHI","items_purchased":["Koishi:MentalBreakdown","Koishi:SubterraneanRose","Koishi:RorschachInDanmaku"],"campfire_rested":0,"item_purchase_floors":[21,21,28],"current_hp_per_floor":[51,51,51,51,40,40,40,42,42,44,41,41,41,41,41,46,54,54,54,57,57,57,57,57,57,57,29,29,30,28,9,9,0,0],"gold":88,"neow_bonus":"THREE_ENEMY_KILL","is_daily":false,"chose_seed":false,"campfire_upgraded":5,"win_rate":0.0,"timestamp":1613829818,"path_taken":["M","M","?","?","?","R","E","M","T","M","M","?","?","E","R","BOSS","M","?","?","$","?","R","M","R","T","M","?","E","M","E","R","BOSS"],"items_purchased_type":["Card","Card","Card"],"build_version":"2020-12-22","purchased_purges":0,"victory":false,"max_hp_per_floor":[57,57,57,57,57,57,57,57,57,57,57,57,57,57,57,57,57,57,57,57,57,57,57,57,57,57,57,57,57,57,57,57,57,57],"card_choices":[{"not_picked":["Koishi:DanmakuParanoia","Koishi:SpiritedAway"],"picked":"Koishi:CatchAndRose","floor":1},{"not_picked":["Koishi:HeartAttack","Koishi:Prune"],"picked":"Koishi:DreadfulBlow","floor":2},{"not_picked":["Koishi:StingingMind","Koishi:HeartfeltFancy"],"picked":"Koishi:DanmakuParanoia","floor":7},{"not_picked":["Koishi:DreadfulBlow","Koishi:IdleWhim"],"picked":"Koishi:UnconsciousUprising","floor":8},{"not_picked":["Koishi:UnconsciousUrges","Koishi:HeartfeltFancy"],"picked":"Koishi:ParalyzingFear","floor":10},{"not_picked":["Koishi:SubconsciousSweep","Koishi:PhantomBarrier"],"picked":"Koishi:YoukaiPolygraph","floor":11},{"not_picked":["Koishi:UnconsciousUprising","Koishi:UnseenTerror"],"picked":"Koishi:TremblingHands","floor":14},{"not_picked":["Koishi:GrowingPain","Koishi:ConfinedInnocent"],"picked":"Koishi:SilentAndRestless","floor":16},{"not_picked":["Koishi:RacingHeart","Koishi:JumpScare"],"picked":"Koishi:TraumaticStroke","floor":18},{"not_picked":["Koishi:UnconsciousUrges+1","Koishi:EmbryosDream"],"picked":"Koishi:CatchAndRose","floor":20},{"not_picked":["Koishi:RacingHeart+1","Koishi:GhostParty"],"picked":"Koishi:FidgetySnatcher","floor":24},{"not_picked":["Koishi:EmbryosDream+1","Koishi:RacingHeart"],"picked":"Koishi:GrowingPain","floor":27},{"not_picked":["Koishi:ReflexRadar","Koishi:Prune"],"picked":"Koishi:UnconsciousUrges","floor":29},{"not_picked":["Koishi:PhantomBarrier","Koishi:UnconsciousUprising+1"],"picked":"Koishi:CatchAndRose","floor":30},{"not_picked":["Koishi:HeartStoppingHorror","Koishi:FleetingPhantom"],"picked":"Koishi:DanmakuParanoia","floor":31}],"player_experience":283932,"relics_obtained":[{"floor":7,"key":"Blue Candle"},{"floor":9,"key":"Koishi:TeethAndClaws"},{"floor":14,"key":"Toy Ornithopter"},{"floor":26,"key":"Oddly Smooth Stone"},{"floor":29,"key":"Koishi:LettersToReimu"},{"floor":31,"key":"MealTicket"}],"event_choices":[{"cards_removed":["Koishi:BasicStrike"],"damage_healed":0,"gold_gain":0,"player_choice":"Card Removal","damage_taken":0,"max_hp_gain":0,"max_hp_loss":0,"event_name":"The Cleric","floor":3,"gold_loss":75},{"damage_healed":0,"gold_gain":75,"player_choice":"Gather Gold","damage_taken":11,"max_hp_gain":0,"max_hp_loss":0,"event_name":"World of Goop","floor":5,"gold_loss":0},{"cards_removed":["Koishi:BasicStrike"],"damage_healed":0,"gold_gain":0,"player_choice":"Forget","damage_taken":0,"max_hp_gain":0,"max_hp_loss":0,"event_name":"Living Wall","floor":12,"gold_loss":0},{"damage_healed":0,"gold_gain":0,"player_choice":"Bought 1 Potion","damage_taken":0,"max_hp_gain":0,"max_hp_loss":0,"event_name":"The Woman in Blue","floor":13,"gold_loss":0},{"cards_removed":["Koishi:BasicStrike"],"damage_healed":0,"gold_gain":0,"player_choice":"Offered Basic","damage_taken":0,"max_hp_gain":0,"max_hp_loss":0,"event_name":"Bonfire Elementals","floor":19,"gold_loss":0}],"is_beta":false,"boss_relics":[{"not_picked":["Snecko Eye","Pandora\u0027s Box"],"picked":"Coffee Dripper"}],"items_purged_floors":[],"is_endless":false,"potions_floor_spawned":[1,7,16,18,24,29,31],"killed_by":"Collector","ascension_level":18}}