{"host":"trw84khdytc0ixrp","time":1613862432,"event":{"mods":["BaseMod","Downfall","Hermit","Jorbs\u0027s Wanderer Trilogy","Minty Spire (QoL Compilation)","StSLib","The Cursed","The Disciple"],"gold_per_floor":[114,129,304,11,11,41,56,71,71,86,161,11,11,26,26,126,126,141,156,156,171,186,216,231,261,261,261,261,291,306,321,321,421,421,436,451,62,86,101,131,131,131,156,198,225,237,264,276,288,300],"floor_reached":51,"language":"ENG","playtime":5271,"items_purged":["Doubt","TheCursedMod:Strike_TheCursed"],"score":971,"play_id":"f16f43d6-fc7e-418f-b28c-61130213fbe4","local_time":"20210221000712","daily_mods":["Allstar","Colorless Cards","Terminal"],"is_ascension_mode":false,"campfire_choices":[{"data":"Apotheosis","floor":15,"key":"SMITH"},{"data":"Master of Strategy","floor":28,"key":"SMITH"},{"data":"TheCursedMod:CircleOfWindfury","floor":32,"key":"SMITH"},{"data":"TheCursedMod:EmpowerCircles","floor":41,"key":"SMITH"},{"data":"TheCursedMod:CircleOfCorruption","floor":46,"key":"SMITH"},{"data":"TheCursedMod:Stretching","floor":49,"key":"SMITH"}],"circlet_count":0,"master_deck":["TheCursedMod:Strike_TheCursed","TheCursedMod:Strike_TheCursed","TheCursedMod:Strike_TheCursed","TheCursedMod:Defend_TheCursed","TheCursedMod:Defend_TheCursed","TheCursedMod:Defend_TheCursed","TheCursedMod:Defend_TheCursed","TheCursedMod:CursedWand+1","TheCursedMod:CleanUpWorkshop","TheCursedMod:Dregs","Good Instincts","Finesse","Deep Breath","Master of Strategy","Master of Strategy+1","TheCursedMod:CircleOfFlame","TheCursedMod:Stretching+1","TheCursedMod:CircleOfCorruption","Apotheosis+1","TheCursedMod:CursedShiv+1","TheCursedMod:NeowsMight","TheCursedMod:AntiAging","TheCursedMod:CircleOfBlood+1","TheCursedMod:Evocation","TheCursedMod:SurpriseAttack+1","TheCursedMod:CircleOfWindfury+1","TheCursedMod:CircleOfCorruption+1","TheCursedMod:EmpowerCircles+1","TheCursedMod:SurpriseAttack","Panacea+1","Deep Breath+1","Panache","Flash of Steel","Pain","Deep Breath"],"relics":["TheCursedMod:BlackMagic101","Omamori","Whetstone","Medical Kit","Cursed Key","TheCursedMod:SoulVessel","MealTicket","Eternal Feather","Juzu Bracelet","Calling Bell","Potion Belt","Meat on the Bone","Prayer Wheel","Bottled Lightning","champ:DuelingGlove","TheCursedMod:DemonicMark","MawBank","hexamod:CandleOfCauterizing"],"acts_visited":["Exordium","TheCity","TheBeyond"],"potions_floor_usage":[21,22,23,33,50],"damage_taken":[{"damage":0,"enemies":"Cultist","floor":1,"turns":3},{"damage":0,"enemies":"Jaw Worm","floor":2,"turns":3},{"damage":4,"enemies":"3 Sentries","floor":6,"turns":5},{"damage":0,"enemies":"Small Slimes","floor":7,"turns":3},{"damage":0,"enemies":"Looter","floor":8,"turns":4},{"damage":0,"enemies":"2 Fungi Beasts","floor":10,"turns":2},{"damage":0,"enemies":"Large Slime","floor":14,"turns":1},{"damage":0,"enemies":"Hexaghost","floor":16,"turns":9},{"damage":0,"enemies":"Spheric Guardian","floor":18,"turns":3},{"damage":0,"enemies":"Chosen","floor":19,"turns":3},{"damage":9,"enemies":"Snecko","floor":21,"turns":6},{"damage":0,"enemies":"Snake Plant","floor":22,"turns":2},{"damage":14,"enemies":"Slavers","floor":23,"turns":4},{"damage":6,"enemies":"Cultist and Chosen","floor":24,"turns":6},{"damage":0,"enemies":"Gremlin Leader","floor":25,"turns":9},{"damage":3,"enemies":"Book of Stabbing","floor":29,"turns":5},{"damage":0,"enemies":"Centurion and Healer","floor":30,"turns":6},{"damage":0,"enemies":"Shelled Parasite and Fungi","floor":31,"turns":3},{"damage":0,"enemies":"Collector","floor":33,"turns":2},{"damage":0,"enemies":"3 Shapes","floor":35,"turns":1},{"damage":0,"enemies":"Orb Walker","floor":36,"turns":2},{"damage":8,"enemies":"2 Orb Walkers","floor":38,"turns":2},{"damage":2,"enemies":"Writhing Mass","floor":39,"turns":4},{"damage":0,"enemies":"Nemesis","floor":40,"turns":2},{"damage":0,"enemies":"Giant Head","floor":44,"turns":2},{"damage":25,"enemies":"Maw","floor":45,"turns":4},{"damage":0,"enemies":"Jaw Worm Horde","floor":47,"turns":1},{"damage":13,"enemies":"Time Eater","floor":50,"turns":10}],"seed_played":"3618718455484561711","potions_obtained":[{"floor":5,"key":"DistilledChaos"},{"floor":5,"key":"EssenceOfSteel"},{"floor":5,"key":"Guardian:BlockOnCardUsePotion"},{"floor":6,"key":"hexamod:SoulburnPotion"},{"floor":22,"key":"Explosive Potion"},{"floor":24,"key":"CultistPotion"},{"floor":25,"key":"Dexterity Potion"},{"floor":30,"key":"PowerPotion"},{"floor":31,"key":"GamblersBrew"},{"floor":36,"key":"EssenceOfSteel"},{"floor":40,"key":"Guardian:BlockOnCardUsePotion"},{"floor":44,"key":"Energy Potion"},{"floor":47,"key":"GamblersBrew"}],"is_trial":false,"path_per_floor":["M","M","?","$","?","E","M","M","T","M","?","$","?","M","R","B",null,"M","M","?","M","M","E","M","E","T","?","R","E","M","M","R","B",null,"M","M","$","?","M","E","R","?","T","E","M","R","M","?","R","B",null],"character_chosen":"THE_CURSED","items_purchased":["TheCursedMod:CircleOfCorruption","Apotheosis","Medical Kit","TheCursedMod:EmpowerCircles","Bottled Lightning"],"campfire_rested":0,"item_purchase_floors":[4,4,12,37,37],"current_hp_per_floor":[73,72,71,70,69,65,65,65,65,64,53,53,58,58,58,58,62,63,65,64,57,64,53,60,70,69,68,67,69,71,73,72,74,73,72,71,70,72,74,76,75,65,65,75,55,73,75,74,73,68],"gold":312,"neow_bonus":"","is_daily":true,"chose_seed":false,"campfire_upgraded":6,"win_rate":0.0,"timestamp":1613862432,"path_taken":["M","M","?","$","?","E","M","?","T","?","?","$","?","M","R","BOSS","M","M","?","M","M","E","M","E","T","?","R","E","M","M","R","BOSS","M","M","$","?","M","E","R","?","T","E","M","R","M","?","R","BOSS"],"items_purchased_type":["Card","Card","Relic","Card","Relic"],"build_version":"2020-12-22","purchased_purges":2,"victory":true,"max_hp_per_floor":[73,72,71,70,69,68,67,66,65,64,63,62,66,65,64,63,62,63,65,64,65,64,66,68,70,69,68,67,69,71,73,72,74,73,72,71,70,72,74,76,75,74,73,75,74,73,75,74,73,75],"card_choices":[{"not_picked":["TheCursedMod:VitalStrike","TheCursedMod:RapidMovement"],"picked":"TheCursedMod:CircleOfFlame","floor":1},{"not_picked":["Madness","TheCursedMod:RapidMovement"],"picked":"TheCursedMod:Stretching","floor":2},{"not_picked":["TheCursedMod:CursedArmor","TheCursedMod:ManaCirculation","TheCursedMod:SaltUponWound"],"picked":"SKIP","floor":6},{"not_picked":["TheCursedMod:Stretching","TheCursedMod:CursedStaff","Forethought"],"picked":"SKIP","floor":7},{"not_picked":["TheCursedMod:Wield","TheCursedMod:TacticalStrike"],"picked":"TheCursedMod:CursedShiv","floor":8},{"not_picked":["TheCursedMod:SmokeScreen","TheCursedMod:CursedMace","TheCursedMod:SpitefulStrike"],"picked":"SKIP","floor":10},{"not_picked":["TheCursedMod:SpitefulStrike","Blind"],"picked":"TheCursedMod:NeowsMight","floor":14},{"not_picked":["TheCursedMod:Neurasthenia","TheCursedMod:ShockAndAwe"],"picked":"TheCursedMod:AntiAging","floor":16},{"not_picked":["TheCursedMod:VitalStrike","Trip"],"picked":"TheCursedMod:CircleOfBlood+1","floor":18},{"not_picked":["TheCursedMod:RapidMovement","TheCursedMod:SpitefulPray"],"picked":"TheCursedMod:Evocation","floor":19},{"not_picked":["TheCursedMod:Stretching","TheCursedMod:WearCloak","TheCursedMod:Stigma"],"picked":"SKIP","floor":21},{"not_picked":["Forethought","TheCursedMod:CursedSpellbook","TheCursedMod:CursedMace"],"picked":"SKIP","floor":22},{"not_picked":["TheCursedMod:Grudge","TheCursedMod:TroublousMinions","TheCursedMod:Obscuration"],"picked":"SKIP","floor":23},{"not_picked":["TheCursedMod:CursedAmulet+1","TheCursedMod:SmokeScreen+1"],"picked":"TheCursedMod:SurpriseAttack+1","floor":24},{"not_picked":["TheCursedMod:WearCloak","Bandage Up+1","TheCursedMod:CursedAmulet"],"picked":"SKIP","floor":25},{"not_picked":["TheCursedMod:Stretching","TheCursedMod:CursedMace","TheCursedMod:PrepareRite"],"picked":"SKIP","floor":29},{"not_picked":["TheCursedMod:ShockAndAwe","TheCursedMod:CursedAmulet"],"picked":"TheCursedMod:CircleOfWindfury","floor":30},{"not_picked":["TheCursedMod:SmokeScreen","TheCursedMod:Evocation+1"],"picked":"TheCursedMod:CircleOfCorruption","floor":31},{"not_picked":["TheCursedMod:CircleOfCorruption+1","TheCursedMod:TacticalStrike+1","TheCursedMod:SpitefulStrike+1"],"picked":"SKIP","floor":35},{"not_picked":["TheCursedMod:FleshFromBone+1","TheCursedMod:ManaBullet","TheCursedMod:CircleOfWindfury+1"],"picked":"SKIP","floor":35},{"not_picked":["Swift Strike+1","TheCursedMod:WearCloak","TheCursedMod:SoulReap"],"picked":"SKIP","floor":36},{"not_picked":["TheCursedMod:CircleOfCorruption","TheCursedMod:RapidMovement+1","TheCursedMod:Wield+1"],"picked":"SKIP","floor":36},{"not_picked":["TheCursedMod:BloodBarrier+1","Deep Breath"],"picked":"TheCursedMod:SurpriseAttack","floor":38},{"not_picked":["TheCursedMod:CursedBoomerang","TheCursedMod:HellfireBreathing+1"],"picked":"Panacea+1","floor":39},{"not_picked":["TheCursedMod:Stigma+1","PanicButton","TheCursedMod:SpitefulPlan"],"picked":"SKIP","floor":39},{"not_picked":["The Bomb","TheCursedMod:WearCloak"],"picked":"Deep Breath+1","floor":40},{"not_picked":["Flash of Steel","Trip"],"picked":"Panache","floor":42},{"not_picked":["Impatience","Blind"],"picked":"Flash of Steel","floor":42},{"not_picked":["TheCursedMod:Wield+1","TheCursedMod:PrepareRite+1","TheCursedMod:SmokeScreen+1"],"picked":"SKIP","floor":44},{"not_picked":["TheCursedMod:SpitefulStrike","Bandage Up+1"],"picked":"Deep Breath","floor":45},{"not_picked":["Enlightenment","TheCursedMod:Evocation","TheCursedMod:Grudge"],"picked":"SKIP","floor":45},{"not_picked":["TheCursedMod:AshesToAshes+1","TheCursedMod:SpitefulPray","TheCursedMod:FleshFromBone+1"],"picked":"SKIP","floor":47},{"not_picked":["TheCursedMod:HellfireBreathing","TheCursedMod:SmokeScreen+1","TheCursedMod:Grudge+1"],"picked":"SKIP","floor":47}],"player_experience":166876,"relics_obtained":[{"floor":6,"key":"Omamori"},{"floor":9,"key":"Whetstone"},{"floor":23,"key":"TheCursedMod:SoulVessel"},{"floor":25,"key":"MealTicket"},{"floor":26,"key":"Eternal Feather"},{"floor":29,"key":"Juzu Bracelet"},{"floor":34,"key":"Potion Belt"},{"floor":34,"key":"Meat on the Bone"},{"floor":34,"key":"Prayer Wheel"},{"floor":38,"key":"champ:DuelingGlove"},{"floor":40,"key":"TheCursedMod:DemonicMark"},{"floor":43,"key":"MawBank"},{"floor":44,"key":"hexamod:CandleOfCauterizing"}],"event_choices":[{"damage_healed":0,"gold_gain":175,"player_choice":"AGREE","damage_taken":0,"max_hp_gain":0,"max_hp_loss":0,"event_name":"Liars Game","floor":3,"gold_loss":0,"cards_obtained":["Doubt"]},{"damage_healed":0,"gold_gain":0,"player_choice":"Got Potions","damage_taken":0,"max_hp_gain":0,"max_hp_loss":0,"event_name":"Lab","floor":5,"gold_loss":0},{"damage_healed":0,"gold_gain":75,"player_choice":"Gather Gold","damage_taken":11,"max_hp_gain":0,"max_hp_loss":0,"event_name":"World of Goop","floor":11,"gold_loss":0},{"damage_healed":0,"gold_gain":0,"player_choice":"Donut","damage_taken":0,"max_hp_gain":5,"max_hp_loss":0,"event_name":"Big Fish","floor":13,"gold_loss":0},{"damage_healed":0,"gold_gain":0,"player_choice":"Ignored","damage_taken":0,"max_hp_gain":0,"max_hp_loss":0,"event_name":"Ghosts","floor":20,"gold_loss":0},{"damage_healed":0,"gold_gain":0,"player_choice":"Fight","damage_taken":0,"max_hp_gain":0,"max_hp_loss":0,"event_name":"Mysterious Sphere","floor":38,"gold_loss":0},{"damage_healed":0,"gold_gain":0,"player_choice":"Memory 3","damage_taken":10,"max_hp_gain":0,"max_hp_loss":0,"event_name":"SensoryStone","floor":42,"gold_loss":0}],"is_beta":false,"boss_relics":[{"not_picked":["Empty Cage","Snecko Eye"],"picked":"Cursed Key"},{"not_picked":["Sozu","sneckomod:SneckoTalon"],"picked":"Calling Bell"}],"items_purged_floors":[4,37],"is_endless":false,"potions_floor_spawned":[6,14,16,18,22,24,25,30,31,36,40,44,47],"ascension_level":0}}