{"host":"nxydmt0dvj4m8em3","time":1613780462,"event":{"mods":["AchievementEnabler","Aspiration","BaseMod","Better Altar","Better Match","Better Note","Better Sensory Stone","Better Skull","Better Third Choice","BetterRewards","Colored Map","Colored Powertips","Downfall","GifTheSpireLib","Googly Eyes","Hermit","Hubris","Infinite Spire","Minty Spire (QoL Compilation)","Permanent Neow","Quick Restart","Rare Cards Sparkle","Replay The Spire","Shop Mod","Spicy Shops","StSLib","Stuff the Spire","egg","everything is the same but u backflip on backflip","slay the spire mod where everything is the same but ironclad has a cowboy hat"],"gold_per_floor":[109,109,38,38,54,54,74,88,114,114,134,147,190,208,208,332,332,353,353,372,17,292,292,292,292,319,319,319,357,372,391,391,391,391],"floor_reached":33,"language":"ENG","playtime":2243,"items_purged":[],"score":267,"play_id":"a94594be-38c7-4db1-8bab-c82fdb76a758","local_time":"20210219162102","is_ascension_mode":false,"campfire_choices":[{"data":"ReplayTheSpireMod:Muscle Training","floor":6,"key":"SMITH"},{"data":"Headbutt","floor":10,"key":"SMITH"},{"floor":15,"key":"REST"},{"data":"Searing Blow","floor":23,"key":"SMITH"},{"data":"Searing Blow+1","floor":25,"key":"SMITH"},{"floor":32,"key":"REST"}],"circlet_count":0,"master_deck":["Strike_R+1","Strike_R+1","Strike_R","Strike_R","Strike_R","Defend_R","Defend_R","Defend_R","Bash+1","Anger","ReplayTheSpireMod:Muscle Training+1","Rampage","Headbutt+1","Searing Blow+2","Run Through","Hemogenesis","hubris:ReadiedAction","Replay:Many Hands","Anger","Regret","Injury","hubris:InfiniteBlow","Warcry","True Grit+1","Fire Breathing"],"relics":["Burning Blood","Golden Idol","Whetstone","Vajra","Mirror","aspiration:SecretTechniqueScroll","MerchantsRug","ReplayTheSpireMod:TigerMarble","ReplayTheSpireMod:Spearhead","Boot"],"acts_visited":["Exordium","TheCity"],"potions_floor_usage":[12,16,29,29,29,30,31,31,31,31,31,33,33],"damage_taken":[{"damage":1,"enemies":"Cultist","floor":1,"turns":3},{"damage":1,"enemies":"2 Louse","floor":5,"turns":2},{"damage":6,"enemies":"Jaw Worm","floor":7,"turns":2},{"damage":5,"enemies":"Blue Slaver","floor":8,"turns":3},{"damage":7,"enemies":"3 Louse","floor":11,"turns":3},{"damage":8,"enemies":"Lots of Slimes","floor":12,"turns":4},{"damage":32,"enemies":"Gremlin Nob","floor":13,"turns":4},{"damage":3,"enemies":"2 Fungi Beasts","floor":14,"turns":3},{"damage":80,"enemies":"The Guardian","floor":16,"turns":8},{"damage":4,"enemies":"Chosen","floor":18,"turns":4},{"damage":20,"enemies":"Shell Parasite","floor":20,"turns":3},{"damage":23,"enemies":"Nightmare","floor":29,"turns":5},{"damage":35,"enemies":"Chosen and Byrds","floor":30,"turns":5},{"damage":8,"enemies":"Centurion and Healer","floor":31,"turns":6},{"damage":64,"enemies":"hubris:MusketHawk","floor":33,"turns":6}],"seed_played":"-827152791457331644","potions_obtained":[{"floor":5,"key":"Swift Potion"},{"floor":7,"key":"infinitespire:BlackPotion"},{"floor":8,"key":"FairyPotion"},{"floor":16,"key":"FearPotion"},{"floor":29,"key":"Energy Potion"},{"floor":30,"key":"SkillPotion"},{"floor":31,"key":"Cursed Concoction"}],"is_trial":false,"path_per_floor":["M","?","$","?","M","R","M","M","T","R","M","M","E","M","R","B",null,"M","?","M","$","?","R","?","R","T","AVR","?","NM","M","M","R","B"],"character_chosen":"IRONCLAD","items_purchased":["Whetstone","MerchantsRug","ReplayTheSpireMod:TigerMarble","DistilledChaos","Block Potion"],"campfire_rested":2,"item_purchase_floors":[3,21,21,21,21],"current_hp_per_floor":[80,80,80,80,80,80,80,80,80,80,79,77,51,54,78,30,80,80,80,66,66,66,66,66,66,66,66,66,56,32,30,54,0,0],"gold":391,"neow_bonus":"UPGRADE_CARD","is_daily":false,"chose_seed":false,"campfire_upgraded":4,"win_rate":0.0,"timestamp":1613780462,"path_taken":["M","?","$","?","M","R","M","M","T","R","M","M","E","M","R","BOSS","M","?","M","$","?","R","?","R","T","AVR","?","NM","M","?","R","BOSS"],"items_purchased_type":["Relic","Relic","Relic","Potion","Potion"],"build_version":"2020-12-22","purchased_purges":0,"victory":false,"max_hp_per_floor":[80,80,80,80,80,80,80,80,80,80,80,80,80,80,80,80,80,80,80,80,80,80,80,80,80,80,80,80,80,80,80,80,80,80],"card_choices":[{"not_picked":["Body Slam","Warcry"],"picked":"Anger","floor":1},{"not_picked":["StuffTheSpire:RockThrow","ReplayTheSpireMod:Strike From Hell"],"picked":"ReplayTheSpireMod:Muscle Training","floor":5},{"not_picked":["hubris:ReadiedAction","Intimidate"],"picked":"Rampage","floor":7},{"not_picked":["Blood for Blood","StuffTheSpire:RockThrow"],"picked":"Headbutt","floor":8},{"not_picked":["Flame Barrier","ReplayTheSpireMod:Corrosion Curse"],"picked":"Searing Blow","floor":11},{"not_picked":["Body Slam","Inflame"],"picked":"Run Through","floor":12},{"not_picked":["Burning Pact","hubris:SharpeningStone"],"picked":"Hemogenesis","floor":13},{"not_picked":["Evolve","Perfected Strike"],"picked":"hubris:ReadiedAction","floor":14},{"not_picked":["Demon Form","Brutality"],"picked":"Replay:Many Hands","floor":16},{"not_picked":["StuffTheSpire:Slingshot","Thunderclap"],"picked":"Anger","floor":18},{"not_picked":["hubris:ReadiedAction","Twin Strike+1","Warcry"],"picked":"SKIP","floor":20},{"not_picked":["Run Through+1","Battle Trance+1"],"picked":"True Grit+1","floor":29},{"not_picked":["Inflame","Heavy Blade"],"picked":"Fire Breathing","floor":30},{"not_picked":["hubris:SharpeningStone","Perfected Strike","Flex"],"picked":"SKIP","floor":31}],"player_experience":126244,"relics_obtained":[{"floor":9,"key":"Vajra"},{"floor":13,"key":"Mirror"},{"floor":26,"key":"ReplayTheSpireMod:Spearhead"},{"floor":29,"key":"Boot"}],"event_choices":[{"damage_healed":0,"gold_gain":0,"player_choice":"Take Wound","damage_taken":0,"relics_obtained":["Golden Idol"],"max_hp_gain":0,"max_hp_loss":0,"event_name":"Golden Idol","floor":2,"gold_loss":0,"cards_obtained":["Injury"]},{"damage_healed":0,"gold_gain":0,"player_choice":"Leave","damage_taken":0,"max_hp_gain":0,"max_hp_loss":0,"event_name":"The Cleric","floor":4,"gold_loss":0},{"cards_removed":["Injury"],"damage_healed":0,"gold_gain":0,"player_choice":"Removed Curses","damage_taken":0,"max_hp_gain":0,"max_hp_loss":0,"event_name":"Fountain of Cleansing","floor":19,"gold_loss":0},{"damage_healed":0,"gold_gain":275,"player_choice":"Desecrate","damage_taken":0,"max_hp_gain":0,"max_hp_loss":0,"event_name":"Golden Shrine","floor":22,"gold_loss":0,"cards_obtained":["Regret"]},{"cards_removed":["Regret"],"damage_healed":0,"gold_gain":0,"player_choice":"Take \u0026 Give","damage_taken":0,"max_hp_gain":0,"max_hp_loss":0,"event_name":"betterNote:BetterNote","floor":24,"gold_loss":0,"cards_obtained":["Injury"]},{"damage_healed":0,"gold_gain":0,"cards_transformed":["Defend_R"],"player_choice":"Transformed","damage_taken":0,"max_hp_gain":0,"max_hp_loss":0,"event_name":"Transmorgrifier","floor":28,"gold_loss":0,"cards_obtained":["Warcry"]}],"is_beta":false,"boss_relics":[{"not_picked":["infinitespire:Burning Sword","Black Star"],"picked":"aspiration:SecretTechniqueScroll"}],"items_purged_floors":[],"is_endless":true,"potions_floor_spawned":[5,7,8,16,29,30,31],"killed_by":"hubris:MusketHawk","ascension_level":0}}