{"host":"p7tmakh9l6iw5m47","time":1613792849,"event":{"mods":["Act Like it!","BaseMod","Conspire","Downfall","Googly Eyes","Highlight Path","Hubris","Ironclad Rager","Mimic Mod","Minty Spire (QoL Compilation)","Pale of the Ancients","Random Character Mod","Replay The Spire","Reworked Bosses","Ruina","Shapeshifter Mod","StSLib","The Forsaken","The IronCluck","The Juggle","The Jungle","The Necromancer","The Runesmith"],"gold_per_floor":[99,99,99,24,24,24,50,76,94,106,116,145,164,179,192,292,292,242,260,272,372,386,399,422,372,160,110,140,90,90,190,201,299,299,249,260,273,573,453,470,497,352,377,395,415,415,432,432,432,450,461,461],"floor_reached":53,"language":"ENG","playtime":2504,"items_purged":["Slimebound:Split"],"score":873,"play_id":"6f13a146-2d63-4505-8dbf-eb12d4e14957","local_time":"20210220124729","is_ascension_mode":false,"campfire_choices":[{"data":"Slimebound:CorrosiveSpit","floor":1,"key":"SMITH"},{"floor":18,"key":"DIG"},{"floor":25,"key":"REST"},{"data":"Slimebound:FirmFortitude","floor":27,"key":"SMITH"},{"data":"Pot Of Greed","floor":29,"key":"SMITH"},{"data":"Pot Of Greed","floor":35,"key":"SMITH"}],"circlet_count":0,"master_deck":["Slimebound:CorrosiveSpit+1","Slimebound:FinishingTackle","Slimebound:TongueLash","Slimebound:SplitAcid","Slimebound:HauntingLick","Slimebound:Schlurp","Slimebound:RainOfGoop","Slimebound:SplitBruiser","Slimebound:SplitLeeching","Slimebound:OozeBath","Slimebound:Schlurp","Slimebound:GoopSpray","Slimebound:LeechingTouch","Slimebound:SelfFormingGoo","Slimebound:SlimeBrawl","Slimebound:LeadByExample","Slimebound:LeechEnergy","Slimebound:SplitMire","Slimebound:SlimeSlap","J.A.X.","Slimebound:SlimeTap","Slimebound:SlimeBarrage","Slimebound:AcidTongue+1","Slimebound:FirmFortitude+1","Pot Of Greed+1","Pot Of Greed+1","Pot Of Greed","Slimebound:LeechingTouch","CommonCold","Slimebound:SlimeSpikes+1","Slimebound:FirmFortitude","Slimebound:PressTheAttack+1","Slimebound:Nibble","Slimebound:LeadByExample","Slimebound:SplitMire+1","Slimebound:AcidTongue+1","expansioncontent:DashGenerateEvil","Slimebound:AcidTongue","Pot Of Greed","Slimebound:LivingWall","Slimebound:Gluttony","expansioncontent:PolyBeam","expansioncontent:Chronoboost","Replay:SS_forest_2","Slimebound:MinionMaster","Slimebound:RejuvenatingLick+1"],"relics":["Slimebound:AbsorbEndCombat","downfall:HeartsMalice","Slimebound:GreedOozeRelic","MealTicket","Replay:Ringing Soul","hubris:Metronome","Replay:Grab Bag","hubris:RunicObelisk","Philosopher\u0027s Stone","Pandora\u0027s Box","conspire:TopHat","MutagenicStrength","Regal Pillow","Grinning Jar","Ring of Fury","ReplayTheSpireMod:Ring of Addiction","SacredBark","Toy Ornithopter","Snecko Heart","Nunchaku","Pet Ghost","Juzu Bracelet"],"acts_visited":["Exordium","TheCity","TheBeyond"],"potions_floor_usage":[12,16,19,21,23,33,37,43,43,43,51,52],"damage_taken":[{"damage":0,"enemies":"2 Louse","floor":2,"turns":1},{"damage":0,"enemies":"Small Slimes","floor":6,"turns":1},{"damage":0,"enemies":"Lagavulin","floor":8,"turns":1},{"damage":5,"enemies":"Jaw Worm","floor":9,"turns":2},{"damage":3,"enemies":"2 Fungi Beasts","floor":10,"turns":2},{"damage":18,"enemies":"Exordium Thugs","floor":11,"turns":3},{"damage":19,"enemies":"3 Sentries","floor":12,"turns":4},{"damage":8,"enemies":"Red Slaver","floor":13,"turns":2},{"damage":26,"enemies":"Gremlin Gang","floor":14,"turns":4},{"damage":7,"enemies":"downfall:LooterAlt","floor":15,"turns":2},{"damage":45,"enemies":"DF_ARCHETYPE_STREAMLINE","floor":16,"turns":8},{"damage":14,"enemies":"3 Byrds","floor":19,"turns":3},{"damage":20,"enemies":"downfall:LooterAlt2","floor":20,"turns":3},{"damage":34,"enemies":"downfall:Augmenter","floor":21,"turns":4},{"damage":27,"enemies":"Snake Plant","floor":22,"turns":2},{"damage":17,"enemies":"Centurion and Healer","floor":23,"turns":5},{"damage":3,"enemies":"downfall:FleeingMerchant","floor":26,"turns":4},{"damage":35,"enemies":"Slavers","floor":28,"turns":3},{"damage":1,"enemies":"3 Cultists","floor":32,"turns":3},{"damage":10,"enemies":"WA_ARCHETYPE_CALM","floor":33,"turns":5},{"damage":5,"enemies":"3 Shapes","floor":36,"turns":3},{"damage":17,"enemies":"3 Darklings","floor":37,"turns":4},{"damage":3,"enemies":"downfall:FleeingMerchant","floor":39,"turns":4},{"damage":34,"enemies":"Spire Growth","floor":40,"turns":4},{"damage":0,"enemies":"downfall:FleeingMerchant","floor":42,"turns":2},{"damage":41,"enemies":"R_Hoarder","floor":43,"turns":6},{"damage":34,"enemies":"Maw","floor":44,"turns":5},{"damage":13,"enemies":"Sphere and 2 Shapes","floor":45,"turns":4},{"damage":10,"enemies":"Jaw Worm Horde","floor":47,"turns":3},{"damage":24,"enemies":"Writhing Mass","floor":50,"turns":4},{"damage":15,"enemies":"Maw","floor":51,"turns":5},{"damage":44,"enemies":"SI_POISON_ARCHETYPE","floor":52,"turns":6}],"seed_played":"-4705537039728120613","potions_obtained":[{"floor":8,"key":"AttackPotion"},{"floor":10,"key":"FairyPotion"},{"floor":11,"key":"SteroidPotion"},{"floor":15,"key":"ColorlessPotion"},{"floor":16,"key":"DistilledChaos"},{"floor":20,"key":"DistilledChaos"},{"floor":21,"key":"Regen Potion"},{"floor":28,"key":"ColorlessPotion"},{"floor":30,"key":"Adrenaline Potion"},{"floor":30,"key":"Weak Potion"},{"floor":36,"key":"Block Potion"},{"floor":43,"key":"CultistPotion"},{"floor":47,"key":"BlessingOfTheForge"}],"is_trial":false,"path_per_floor":["R","M","?","?","?","M","T","E","M","M","M","E","M","M","M","B",null,"R","M","M","?","M","M","T","R","$","R","E","R","?","?","M","B",null,"R","M","M","?","$","M","T","$","E","M","M","?","M","PTL","PTL","M","M","B",null],"character_chosen":"SLIMEBOUND","items_purchased":["Slimebound:SlimedPotion","Slimebound:FirmFortitude","Slimebound:LeadByExample","Elixir","Pet Ghost","expansioncontent:DashGenerateEvil","Slimebound:AcidTongue"],"campfire_rested":1,"item_purchase_floors":[26,26,39,39,42,42,42],"current_hp_per_floor":[65,65,65,65,65,65,65,68,66,70,59,47,46,27,24,22,92,92,87,74,51,30,35,35,80,101,101,75,75,78,78,88,94,116,116,118,104,104,120,91,91,111,108,85,81,74,75,75,75,58,56,25],"gold":461,"neow_bonus":"THREE_ENEMY_KILL","is_daily":false,"chose_seed":false,"campfire_upgraded":4,"win_rate":0.0,"timestamp":1613792849,"path_taken":["R","M","?","?","?","M","T","E","M","M","M","E","M","M","M","BOSS","R","M","M","?","M","M","T","R","$","R","E","R","?","?","M","BOSS","R","M","M","?","$","?","T","$","E","M","M","?","M","PTL","PTL","M","M","BOSS"],"items_purchased_type":["Potion","Card","Card","Potion","Relic","Card","Card"],"build_version":"2020-12-22","purchased_purges":1,"victory":true,"max_hp_per_floor":[65,65,65,65,65,65,65,68,71,74,77,80,83,86,86,89,92,92,95,98,101,101,101,101,101,104,104,107,107,110,110,113,116,116,116,119,117,117,120,123,121,124,124,127,130,133,134,134,134,135,135,135],"card_choices":[{"not_picked":["Slimebound:ViciousTackle","Slimebound:FormOfPuddle"],"picked":"Slimebound:FinishingTackle","floor":2},{"not_picked":["Slimebound:MegaLick","Slimebound:ViciousTackle"],"picked":"Slimebound:TongueLash","floor":6},{"not_picked":["Slimebound:ServeAndProtect","Slimebound:Replication"],"picked":"Slimebound:SamplingLick","floor":8},{"not_picked":["Slimebound:FlameTackle","Slimebound:ItLooksTasty"],"picked":"Slimebound:SplitAcid","floor":9},{"not_picked":["Slimebound:SplitAcid","Slimebound:TongueLash"],"picked":"Slimebound:HauntingLick","floor":10},{"not_picked":["Slimebound:SlimeSpikes","Slimebound:MegaLick"],"picked":"Slimebound:Schlurp","floor":11},{"not_picked":["Slimebound:SplitAcid","Slimebound:SlimeBrawl"],"picked":"Slimebound:RainOfGoop","floor":12},{"not_picked":["Slimebound:WasteNot","Slimebound:Repurpose"],"picked":"Slimebound:SplitBruiser","floor":13},{"not_picked":["Slimebound:Replication","Slimebound:SpikyOuterGoop"],"picked":"Slimebound:SplitLeeching","floor":14},{"not_picked":["Slimebound:ComboTackle","Slimebound:Prepare","Slimebound:SplitAcid"],"picked":"SKIP","floor":15},{"not_picked":["Slimebound:RallyTheTroops","Slimebound:MassRepurpose"],"picked":"Slimebound:OozeBath","floor":16},{"not_picked":["Slimebound:GrowthPunch","Slimebound:FinishingTackle"],"picked":"Slimebound:LeechEnergy","floor":19},{"not_picked":["Slimebound:RollThrough","Slimebound:SplitLeeching"],"picked":"Slimebound:SplitMire","floor":20},{"not_picked":[],"picked":"J.A.X.","floor":21},{"not_picked":["Slimebound:SplitLeeching+1","Slimebound:SlimeBarrage"],"picked":"Slimebound:SlimeTap","floor":21},{"not_picked":["Slimebound:FormOfPuddle","Slimebound:LivingWall","Slimebound:ComboTackle+1"],"picked":"SKIP","floor":22},{"not_picked":["Slimebound:RollThrough","Slimebound:SplitLeeching+1","Slimebound:Schlurp"],"picked":"SKIP","floor":23},{"not_picked":["Slimebound:SplitAcid","Slimebound:Nibble"],"picked":"Slimebound:AcidTongue+1","floor":26},{"not_picked":["Slimebound:FirmFortitude","Slimebound:GrowthPunch"],"picked":"Slimebound:LeechingTouch","floor":28},{"not_picked":["Slimebound:LeechEnergy","Slimebound:SplitLeeching"],"picked":"Slimebound:SlimeSpikes+1","floor":32},{"not_picked":["Slimebound:DouseInSlime","Slimebound:WasteNot"],"picked":"Slimebound:FirmFortitude","floor":33},{"not_picked":["Slimebound:SplitBruiser","Slimebound:SlimeSpikes+1"],"picked":"Slimebound:PressTheAttack+1","floor":36},{"not_picked":["Slimebound:TongueLash","Slimebound:HauntingLick+1","Slimebound:GoopSpray"],"picked":"SKIP","floor":37},{"not_picked":["Slimebound:GoopTackle+1","Slimebound:ForwardTackle"],"picked":"Slimebound:Nibble","floor":39},{"not_picked":["Slimebound:GoopSpray","Slimebound:FinishingTackle"],"picked":"Slimebound:SplitMire+1","floor":40},{"not_picked":["Slimebound:HauntingLick","Slimebound:SpikyOuterGoop"],"picked":"Slimebound:AcidTongue+1","floor":42},{"not_picked":["Slimebound:SamplingLick+1","Slimebound:Repurpose","Slimebound:ComboTackle+1"],"picked":"SKIP","floor":43},{"not_picked":["Slimebound:SpikyOuterGoop","Slimebound:SplitBruiser"],"picked":"Slimebound:LivingWall","floor":44},{"not_picked":["Slimebound:OozeBath","Slimebound:RainOfGoop+1"],"picked":"Slimebound:Gluttony","floor":45},{"not_picked":["expansioncontent:HyperBeam","expansioncontent:GuardianWhirl"],"picked":"expansioncontent:PolyBeam","floor":46},{"not_picked":["Replay:SS_fish_1","expansioncontent:LastStand"],"picked":"expansioncontent:Chronoboost","floor":46},{"not_picked":["expansioncontent:LastStand","Replay:SS_fish_1"],"picked":"Replay:SS_forest_2","floor":46},{"not_picked":["Slimebound:Equalize+1","Slimebound:LivingWall"],"picked":"Slimebound:MinionMaster","floor":47},{"not_picked":["Slimebound:SplitLeeching","Slimebound:Nibble+1"],"picked":"Slimebound:RejuvenatingLick+1","floor":50},{"not_picked":["Slimebound:Prepare+1","Slimebound:ItLooksTasty","Slimebound:PressTheAttack"],"picked":"SKIP","floor":51}],"player_experience":174429,"relics_obtained":[{"floor":7,"key":"MealTicket"},{"floor":8,"key":"Replay:Ringing Soul"},{"floor":12,"key":"hubris:Metronome"},{"floor":18,"key":"conspire:TopHat"},{"floor":21,"key":"MutagenicStrength"},{"floor":24,"key":"Regal Pillow"},{"floor":28,"key":"Grinning Jar"},{"floor":30,"key":"Ring of Fury"},{"floor":30,"key":"ReplayTheSpireMod:Ring of Addiction"},{"floor":30,"key":"SacredBark"},{"floor":30,"key":"Toy Ornithopter"},{"floor":41,"key":"Nunchaku"},{"floor":43,"key":"Juzu Bracelet"}],"event_choices":[{"damage_healed":0,"gold_gain":300,"player_choice":"Gold","damage_taken":0,"max_hp_gain":0,"max_hp_loss":0,"event_name":"Wheel of Change","floor":38,"gold_loss":0}],"is_beta":false,"boss_relics":[{"not_picked":["Tiny House","Sozu"],"picked":"Replay:Grab Bag"},{"not_picked":["Replay:Fungal Core","conspire:SeveredTorchhead"],"picked":"hubris:RunicObelisk"},{"not_picked":["ReplayTheSpireMod:Onyx Gauntlets","Fusion Hammer"],"picked":"Philosopher\u0027s Stone"},{"not_picked":["hubris:ScarierMask","SacredBark"],"picked":"Pandora\u0027s Box"},{"not_picked":["Ring of Chaos","Empty Cage"],"picked":"Snecko Heart"}],"items_purged_floors":[42],"is_endless":false,"potions_floor_spawned":[8,10,11,15,16,20,21,28,32,36,43,45,47],"ascension_level":0}}