{"host":"xyexbe31ku0ov20l","time":1613856540,"event":{"mods":["AchievementEnabler","AlwaysNeverKeys","BaseMod","Bestiary","Block Reminder","Colored Map","Colored Powertips","Curses Come First","Displayed Cursed Tome","Minty Spire (QoL Compilation)","Permanent Neow","Quick Restart","Random Character Button","Rare Cards Sparkle","Relic Stats","StSLib"],"gold_per_floor":[117,117,117,117,132,132,147,182,182,199,349,378,390,410,410,410,410],"floor_reached":16,"language":"ENG","playtime":840,"items_purged":[],"score":224,"play_id":"64b90a49-6843-4fb1-af2e-0f97da8e15e3","local_time":"20210220132900","is_ascension_mode":true,"campfire_choices":[{"floor":6,"key":"REST"},{"floor":15,"key":"REST"}],"circlet_count":0,"master_deck":["AscendersBane","Strike_G","Strike_G","Strike_G","Defend_G","Defend_G","Defend_G","Defend_G","Defend_G","Survivor","Neutralize","Acrobatics","Blade Dance","Riddle With Holes","Sucker Punch","Deadly Poison","Slice","Doubt","Slice","Backflip","Caltrops"],"relics":["Busted Crown","Turnip","Question Card","Pocketwatch","Tiny Chest"],"acts_visited":["Exordium"],"potions_floor_usage":[8,13,14],"damage_taken":[{"damage":12,"enemies":"Jaw Worm","floor":1,"turns":6},{"damage":0,"enemies":"Small Slimes","floor":5,"turns":3},{"damage":6,"enemies":"2 Louse","floor":7,"turns":3},{"damage":36,"enemies":"Gremlin Nob","floor":8,"turns":5},{"damage":0,"enemies":"Large Slime","floor":10,"turns":5},{"damage":5,"enemies":"3 Sentries","floor":12,"turns":7},{"damage":0,"enemies":"Blue Slaver","floor":13,"turns":2},{"damage":0,"enemies":"Lots of Slimes","floor":14,"turns":2},{"damage":23,"enemies":"Hexaghost","floor":16,"turns":9}],"seed_played":"8789526115819055189","potions_obtained":[{"floor":7,"key":"Weak Potion"},{"floor":12,"key":"BlessingOfTheForge"},{"floor":13,"key":"DistilledChaos"}],"is_trial":false,"path_per_floor":["M","?","?","?","M","R","M","E","T","M","?","E","M","M","R","B"],"character_chosen":"THE_SILENT","items_purchased":[],"campfire_rested":2,"item_purchase_floors":[],"current_hp_per_floor":[47,40,29,29,29,48,42,6,6,6,6,1,1,1,20,0,0],"gold":410,"neow_bonus":"BOSS_RELIC","is_daily":false,"chose_seed":false,"campfire_upgraded":0,"win_rate":0.0,"timestamp":1613856540,"path_taken":["M","?","?","?","M","R","M","E","T","M","?","E","?","M","R","BOSS"],"items_purchased_type":[],"build_version":"2020-12-22","purchased_purges":0,"victory":false,"max_hp_per_floor":[66,66,66,66,66,66,66,66,66,66,66,66,66,66,66,66,66],"relic_stats":{"Busted Crown":16,"counters":[9,42],"Tiny Chest":0,"Turnip":[6],"Question Card":4,"obtain_stats":[{"Busted Crown":0,"Tiny Chest":12,"Turnip":3,"Question Card":8,"Ring of the Snake":0,"Pocketwatch":9},{"Busted Crown":0,"Tiny Chest":6,"Turnip":1,"Question Card":4,"Ring of the Snake":0,"Pocketwatch":4},{"Busted Crown":0,"Tiny Chest":29,"Turnip":6,"Question Card":17,"Ring of the Snake":0,"Pocketwatch":17}],"Pocketwatch":[15]},"card_choices":[{"not_picked":[],"picked":"Acrobatics","floor":1},{"not_picked":[],"picked":"Riddle With Holes","floor":5},{"not_picked":[],"picked":"Sucker Punch","floor":7},{"not_picked":[],"picked":"Deadly Poison","floor":8},{"not_picked":["Deadly Poison"],"picked":"Slice","floor":10},{"not_picked":["Dodge and Roll"],"picked":"Slice","floor":12},{"not_picked":["Slice"],"picked":"Backflip","floor":13},{"not_picked":["Dodge and Roll"],"picked":"Caltrops","floor":14}],"player_experience":2318248,"relics_obtained":[{"floor":8,"key":"Question Card"},{"floor":9,"key":"Pocketwatch"},{"floor":12,"key":"Tiny Chest"}],"event_choices":[{"cards_removed":["Strike_G"],"damage_healed":0,"gold_gain":0,"player_choice":"Card Removal","damage_taken":7,"max_hp_gain":0,"max_hp_loss":0,"event_name":"Golden Wing","floor":2,"gold_loss":0},{"damage_healed":0,"gold_gain":0,"player_choice":"Success","damage_taken":11,"relics_obtained":["Turnip"],"max_hp_gain":0,"max_hp_loss":0,"event_name":"Scrap Ooze","floor":3,"gold_loss":0},{"damage_healed":0,"gold_gain":0,"cards_transformed":["Strike_G"],"player_choice":"Change","damage_taken":0,"max_hp_gain":0,"max_hp_loss":0,"event_name":"Living Wall","floor":4,"gold_loss":0,"cards_obtained":["Blade Dance"]},{"damage_healed":0,"gold_gain":150,"player_choice":"AGREE","damage_taken":0,"max_hp_gain":0,"max_hp_loss":0,"event_name":"Liars Game","floor":11,"gold_loss":0,"cards_obtained":["Doubt"]}],"is_beta":false,"boss_relics":[],"items_purged_floors":[],"is_endless":false,"potions_floor_spawned":[7,12,13],"killed_by":"Hexaghost","ascension_level":20}}