{"host":"s924z949m5wc23z2","time":1613839530,"event":{"mods":["100% Spire Juice","ATMod(∞¢Ë™Mod)","Act Like it!","Arknights","BaseMod","Colored Map","Colored Powertips","Conspire","Downfall","Good Game Mod","Lobotomy","LobotomyExtend","Luminous","Marisa£®ÏF”Í°°ƒß¿Ì…≥£©","Minty Spire (QoL Compilation)","MostiFishMod","Reimu£®≤©¿ˆ¡È√Œ£©","Relic Stats","Reliquary","Replay The Spire","Ruina","Spicy Shops","StSLib","WarShipGirlsR/’ΩΩ¢…Ÿ≈ÆR mod","Yakumo Yukari mod","Youmu£®ªÍ∆«—˝√Œ£©","Yuyuko","noobMod"],"gold_per_floor":[116,116,128,128,143,176,196,224,247,422,441,452,452,472,472,577,577,587,537,3,19,37,66,66,81,108,78,103,103,103,133,133,236,236,252,298,348,367,367,398,187,219,219,232,232,265,265,277,277,277,277,277,277,277,312,312],"floor_reached":57,"language":"ZHS","playtime":4328,"items_purged":["Regret","Injury","Doubt"],"score":1948,"play_id":"7b151a11-4579-425a-90a1-8cf76c8f3086","local_time":"20210221014530","is_ascension_mode":true,"campfire_choices":[{"floor":15,"key":"RECALL"},{"data":"MostiFishMod:ReadyAimFire","floor":24,"key":"SMITH"},{"data":"ruina:Thirst","floor":32,"key":"SMITH"},{"data":"AT_EMC2","floor":45,"key":"SMITH"},{"data":"AT_RightCognition","floor":49,"key":"SMITH"},{"data":"MostiFishMod:Galeforce","floor":53,"key":"SMITH"}],"circlet_count":0,"master_deck":["Strike_B+1","Strike_B+1","Strike_B+1","Defend_B+1","Defend_B+1","Defend_B+1","Defend_B+1","Zap+1","Dualcast+1","AT_PowerWithin+1","Master of Strategy+1","MHz","Go for the Eyes+1","Turbo","SpiderBud","Fission+1","Redo+1","HeroicMonk","Chaos+1","Panic Button+1","Scarecrow","MostiFishMod:TalkingToTheRain+1","Doom and Gloom","MostiFishMod:Prepare","MostiFishMod:ReadyAimFire+1","FIFO Queue+1","ruina:Thirst+1","ruina:Smile+1","FIFO Queue+1","Steam+1","Stack+1","Blizzard+1","Doom and Gloom","ReplayTheSpireMod:Dual Polarity+1","Coolheaded+1","Pot Of Greed+1","Pot Of Greed+1","Pot Of Greed","Pot Of Greed+1","MostiFishMod:Distribution+1","BlueStar","Hologram+1","Recycle+1","Sweeping Beam+1","AT_WaterDrop+1","BodiesMountain","Ball Lightning+1","AT_WarpDrive+1","AT_ThunderBolt+1","AT_EMC2+1","Pot Of Greed+1","Turbo+1","MostiFishMod:Galeforce+1","Coolheaded+1","Steam+1","Lockon+1","Doom and Gloom+1","Compile Driver+1","Ball Lightning+1","AT_RightCognition+1","Sweeping Beam+1","MostiFishMod:ElfcollectionBox","Enlightenment","FIFO Queue+1","Pot Of Greed","AT_DarkMatter","AT_DarkMatter","Compile Driver","Go for the Eyes","BasicCrystalCard","Defragment"],"relics":["Cracked Core","AT_ATBox","ice","REME:ComplimentaryCards","DaveBox","DSteel32","CogitoBucket","RabbitCall","SynthV:TestCard","LetterFromLob","AT_DeathDance","reliquary:Boomerang","AspirationHeart","Tiny Chest","ExusiaiGun","ruina:FalsePresent","conspire:TreasureMap","BargainBundle","BehaviorAdjustment","Grinning Jar","RuthlessExorcism:ReiMu","reliquary:SharkskinSheath","StrikeDummy","Heaven_r","Moonlight_r","Gaze_r","MagicBullet_r","reliquary:SilkGlove","Philosopher\u0027s Stone","ResearcherNote","CatCart","BionicSphere","Bottled Flame","Bronze Scales","AT_SunfireAegis","DiscerningMonocle","DaCapo","Replay:Mystery Machine","TentaclePot:ReiMu","Pocketwatch","Mummified Hand","AT_TimeSand","BirthdayGift-Tetrahedron","Pondfish Scales","ReplayTheSpireMod:Lightbulb","ChiLing","Chi","Ling","Centennial Puzzle","Nunchaku","Orichalcum"],"acts_visited":["Exordium","ruina:Briah","TheBeyond","TheEnding"],"potions_floor_usage":[16,16],"damage_taken":[{"damage":19,"enemies":"ats:Genji","floor":1,"turns":3},{"damage":10,"enemies":"2 Louse","floor":3,"turns":3},{"damage":21,"enemies":"conspire:RoseBush","floor":5,"turns":3},{"damage":103,"enemies":"Gremlin Nob","floor":6,"turns":8},{"damage":0,"enemies":"Exordium Wildlife","floor":7,"turns":2},{"damage":1,"enemies":"Replay:BlueRogue","floor":8,"turns":2},{"damage":11,"enemies":"Lots of Slimes","floor":11,"turns":2},{"damage":5,"enemies":"Blue Slaver","floor":12,"turns":2},{"damage":0,"enemies":"Exordium Wildlife","floor":14,"turns":2},{"damage":39,"enemies":"Fading Forest","floor":16,"turns":7},{"damage":0,"enemies":"ruina:BadWolf","floor":18,"turns":1},{"damage":0,"enemies":"ruina:3_Bats","floor":21,"turns":1},{"damage":0,"enemies":"ruina:3_Scarecrows","floor":22,"turns":1},{"damage":10,"enemies":"ruina:ServantOfWrath","floor":23,"turns":1},{"damage":10,"enemies":"ruina:Woodsman","floor":25,"turns":1},{"damage":0,"enemies":"ruina:RoadHome","floor":28,"turns":1},{"damage":4,"enemies":"ruina:KnightOfDespair","floor":30,"turns":1},{"damage":0,"enemies":"ruina:KnightOfDespair","floor":30,"turns":1},{"damage":0,"enemies":"ruina:ServantOfWrath","floor":31,"turns":1},{"damage":0,"enemies":"ruina:Red_and_Wolf","floor":33,"turns":1},{"damage":0,"enemies":"3 Darklings","floor":35,"turns":2},{"damage":1,"enemies":"Orin","floor":36,"turns":2},{"damage":2,"enemies":"Mind Bloom Boss Battle","floor":37,"turns":1},{"damage":8,"enemies":"Orb Walker","floor":38,"turns":1},{"damage":0,"enemies":"Reptomancer","floor":40,"turns":1},{"damage":0,"enemies":"Giant Head","floor":42,"turns":1},{"damage":0,"enemies":"4 Shapes","floor":44,"turns":1},{"damage":0,"enemies":"R_Hoarder","floor":46,"turns":1},{"damage":0,"enemies":"Jaw Worm Horde","floor":48,"turns":1},{"damage":1,"enemies":"Time Eater","floor":50,"turns":2},{"damage":8,"enemies":"Shield and Spear","floor":55,"turns":1},{"damage":0,"enemies":"The Heart","floor":56,"turns":3}],"seed_played":"-4287677147872341566","potions_obtained":[{"floor":3,"key":"Flashbang"},{"floor":7,"key":"Explosive Potion"},{"floor":12,"key":"ZuzhouPotion:ReiMu"},{"floor":14,"key":"DistilledChaos"},{"floor":16,"key":"GrandPatriotsElixir:ReiMu"},{"floor":19,"key":"PotionOfCapacity"}],"is_trial":false,"path_per_floor":["M","?","M","?","M","E","M","E","T","?","M","M","?","M","R_BF","B",null,"M","?","$","M","M","E","R","M","T","?","E","T","M","E","R","B",null,"M","?","?","M","T","E","$","E","T","M","R","E","?","M","R","B",null,null,"R","$","E","B",null],"character_chosen":"DEFECT","items_purchased":["conspire:TreasureMap","BargainBundle","ruina:Thirst","ruina:Smile","FIFO Queue","Steam","Stack","Blizzard","Doom and Gloom","FairyPotion","PotionOfCapacity","AT_SunfireAegis","DiscerningMonocle","DaCapo","Replay:Mystery Machine","TentaclePot:ReiMu","MostiFishMod:Galeforce","Coolheaded","Steam","Lockon","Doom and Gloom+1","BirthdayGift-Tetrahedron","Pondfish Scales","ReplayTheSpireMod:Lightbulb","ChiLing","Centennial Puzzle","Nunchaku","MostiFishMod:ElfcollectionBox","Enlightenment","FIFO Queue","AT_DarkMatter","Compile Driver","Go for the Eyes","BasicCrystalCard"],"campfire_rested":0,"item_purchase_floors":[20,20,20,20,20,20,20,20,20,20,20,41,41,41,41,41,41,41,41,41,41,54,54,54,54,54,54,54,54,54,54,54,54,54],"current_hp_per_floor":[56,41,31,31,10,78,78,78,78,78,85,87,87,89,89,88,89,89,84,84,84,84,83,83,83,83,83,84,84,69,84,84,84,84,84,84,83,84,84,84,84,84,84,84,84,84,84,84,84,88,88,88,88,88,88,257],"gold":312,"neow_bonus":"","is_daily":false,"chose_seed":false,"campfire_upgraded":5,"win_rate":0.0,"timestamp":1613839530,"path_taken":["M","?","M","?","M","E","M","E","T","?","?","M","?","M","R_BF","BOSS","M","?","$","M","M","E","R","?","T","?","E","?","?","E","R","BOSS","M","?","?","M","?","E","$","E","T","M","R","E","?","M","R","BOSS","R","$","E","BOSS"],"items_purchased_type":["Relic","Relic","Card","Card","Card","Card","Card","Card","Card","Potion","Potion","Relic","Relic","Card","Relic","Relic","Card","Card","Card","Card","Card","Relic","Relic","Relic","Relic","Relic","Relic","Card","Card","Card","Card","Card","Card","Card"],"build_version":"2020-12-22","purchased_purges":3,"victory":true,"max_hp_per_floor":[75,75,75,75,75,78,78,79,79,79,89,89,89,89,89,89,89,89,84,84,84,84,84,84,84,84,84,84,84,84,84,84,84,84,84,84,84,84,84,84,84,84,84,84,84,84,84,84,84,88,88,88,88,88,88,261],"relic_stats":{"Centennial Puzzle":[3],"Nunchaku":[1],"counters":[35,64],"Mummified Hand":[25],"Bronze Scales":[6],"Tiny Chest":2,"Orichalcum":[0],"obtain_stats":[{"AT_ATBox":0,"Chi":54,"ice":0,"AT_TimeSand":46,"Centennial Puzzle":54,"Philosopher\u0027s Stone":34,"DaCapo":41,"reliquary:SharkskinSheath":28,"DSteel32":0,"ruina:FalsePresent":19,"conspire:TreasureMap":20,"MagicBullet_r":30,"TentaclePot:ReiMu":41,"AspirationHeart":11,"Heaven_r":30,"Bottled Flame":39,"Ling":54,"BionicSphere":37,"Bronze Scales":40,"AT_DeathDance":6,"Grinning Jar":23,"CatCart":36,"StrikeDummy":29,"Pocketwatch":42,"ChiLing":54,"RabbitCall":0,"reliquary:Boomerang":8,"reliquary:SilkGlove":31,"DaveBox":0,"DiscerningMonocle":41,"ResearcherNote":35,"ExusiaiGun":17,"Replay:Mystery Machine":41,"Frozen Eye":22,"CogitoBucket":0,"Nunchaku":54,"Mummified Hand":43,"Tiny Chest":13,"Cracked Core":0,"BirthdayGift-Tetrahedron":54,"BargainBundle":20,"Orichalcum":55,"Gaze_r":30,"Moonlight_r":30,"REME:ComplimentaryCards":0,"Pondfish Scales":54,"SynthV:TestCard":1,"BehaviorAdjustment":21,"LetterFromLob":1,"AT_SunfireAegis":41,"ReplayTheSpireMod:Lightbulb":54,"RuthlessExorcism:ReiMu":26},{"AT_ATBox":0,"Chi":33,"ice":0,"AT_TimeSand":31,"Centennial Puzzle":33,"Philosopher\u0027s Stone":22,"DaCapo":28,"reliquary:SharkskinSheath":18,"DSteel32":0,"ruina:FalsePresent":12,"conspire:TreasureMap":12,"MagicBullet_r":20,"TentaclePot:ReiMu":28,"AspirationHeart":8,"Heaven_r":19,"Bottled Flame":27,"Ling":33,"BionicSphere":26,"Bronze Scales":28,"AT_DeathDance":4,"Grinning Jar":16,"CatCart":25,"StrikeDummy":18,"Pocketwatch":29,"ChiLing":33,"RabbitCall":0,"reliquary:Boomerang":6,"reliquary:SilkGlove":21,"DaveBox":0,"DiscerningMonocle":28,"ResearcherNote":24,"ExusiaiGun":11,"Replay:Mystery Machine":28,"Frozen Eye":14,"CogitoBucket":0,"Nunchaku":33,"Mummified Hand":29,"Tiny Chest":9,"Cracked Core":0,"BirthdayGift-Tetrahedron":33,"BargainBundle":12,"Orichalcum":34,"Gaze_r":20,"Moonlight_r":19,"REME:ComplimentaryCards":0,"Pondfish Scales":33,"SynthV:TestCard":1,"BehaviorAdjustment":14,"LetterFromLob":1,"AT_SunfireAegis":28,"ReplayTheSpireMod:Lightbulb":33,"RuthlessExorcism:ReiMu":17},{"AT_ATBox":0,"Chi":60,"ice":0,"AT_TimeSand":57,"Centennial Puzzle":60,"Philosopher\u0027s Stone":46,"DaCapo":54,"reliquary:SharkskinSheath":42,"DSteel32":0,"ruina:FalsePresent":36,"conspire:TreasureMap":36,"MagicBullet_r":44,"TentaclePot:ReiMu":54,"AspirationHeart":24,"Heaven_r":43,"Bottled Flame":53,"Ling":60,"BionicSphere":52,"Bronze Scales":54,"AT_DeathDance":17,"Grinning Jar":40,"CatCart":51,"StrikeDummy":42,"Pocketwatch":55,"ChiLing":60,"RabbitCall":0,"reliquary:Boomerang":21,"reliquary:SilkGlove":45,"DaveBox":0,"DiscerningMonocle":54,"ResearcherNote":49,"ExusiaiGun":35,"Replay:Mystery Machine":54,"Frozen Eye":38,"CogitoBucket":0,"Nunchaku":60,"Mummified Hand":55,"Tiny Chest":26,"Cracked Core":0,"BirthdayGift-Tetrahedron":60,"BargainBundle":36,"Orichalcum":61,"Gaze_r":44,"Moonlight_r":43,"REME:ComplimentaryCards":0,"Pondfish Scales":60,"SynthV:TestCard":3,"BehaviorAdjustment":38,"LetterFromLob":3,"AT_SunfireAegis":54,"ReplayTheSpireMod:Lightbulb":60,"RuthlessExorcism:ReiMu":41}],"Pocketwatch":[0]},"card_choices":[{"not_picked":["QueenOfHatred","PunishingBird","WallGazer"],"picked":"Singing Bowl","floor":1},{"not_picked":["OSAHOGD","WallGazer"],"picked":"MHz","floor":1},{"not_picked":["Scrape","Steam"],"picked":"Go for the Eyes","floor":1},{"not_picked":["Mercenary","Wellcheers","PunishingBird"],"picked":"Singing Bowl","floor":3},{"not_picked":["Coolheaded","Redo","Streamline","Hyperbeam"],"picked":"Turbo","floor":3},{"not_picked":["FairyFestival","MeatLantern"],"picked":"SpiderBud","floor":5},{"not_picked":["Panic Button","Gash","Chill","Streamline"],"picked":"Fission","floor":5},{"not_picked":["CrumblingArmor","Variant","DespairKnight"],"picked":"Singing Bowl","floor":6},{"not_picked":["Barrage","Stack","Fusion","Streamline"],"picked":"Redo","floor":6},{"not_picked":["Funeral","LongBird"],"picked":"HeroicMonk","floor":7},{"not_picked":["Compile Driver","Cold Snap","Leap","conspire:Rain"],"picked":"Chaos","floor":7},{"not_picked":["OSAHOGD","ShyLook","CherryBlossoms"],"picked":"Singing Bowl","floor":8},{"not_picked":["Cold Snap","Go for the Eyes","Barrage","ReplayTheSpireMod:System Scan"],"picked":"Panic Button","floor":8},{"not_picked":["WhiteNight","Freischutz"],"picked":"Scarecrow","floor":11},{"not_picked":["Steam Power","Redo","Panic Button","Beam Cell"],"picked":"MostiFishMod:TalkingToTheRain","floor":11},{"not_picked":["RedShoes","FairyFestival","LaLuna"],"picked":"Singing Bowl","floor":12},{"not_picked":["ReplayTheSpireMod:Reroute Power","AT_HeatAcrobatics","Cold Snap","Consume"],"picked":"Doom and Gloom","floor":12},{"not_picked":["GreedKing","NakedNest","OSAHOGD"],"picked":"Singing Bowl","floor":14},{"not_picked":["White Noise","Heatsinks","Stack","AT_StudyProgram"],"picked":"MostiFishMod:Prepare","floor":14},{"not_picked":["Woodsman","NakedNest","OSAHOGD"],"picked":"Singing Bowl","floor":16},{"not_picked":["MostiFishMod:SeaWaves","Echo Form","Seek","MostiFishMod:ActiveDefenseSystem"],"picked":"MostiFishMod:ReadyAimFire","floor":16},{"not_picked":["Scorched","UniverseFragment","VoidDream"],"picked":"Singing Bowl","floor":18},{"not_picked":["Cold Snap","Reinforced Body+1","BasicCrystalCard","Coolheaded+1"],"picked":"FIFO Queue+1","floor":18},{"not_picked":["Alriune","BeautyBeast","NakedNest"],"picked":"Singing Bowl","floor":21},{"not_picked":["Beam Cell","Rebound","Reinforced Body+1","Redo"],"picked":"ReplayTheSpireMod:Dual Polarity","floor":21},{"not_picked":["WhitesApple","Yin","MeatLantern"],"picked":"Singing Bowl","floor":22},{"not_picked":["Conserve Battery","Cold Snap","Leap","Hologram+1"],"picked":"Coolheaded","floor":22},{"not_picked":["Murderer","CherryBlossoms","Laetitia"],"picked":"Singing Bowl","floor":23},{"not_picked":["Rebound","ReplayTheSpireMod:Reroute Power","Redo+1","Panic Button"],"picked":"MostiFishMod:Distribution","floor":23},{"not_picked":["MeatLantern","BlackSwan","OldLady"],"picked":"Singing Bowl","floor":25},{"not_picked":["FairyFestival","Funeral"],"picked":"BlueStar","floor":25},{"not_picked":["Gash","Streamline","ReplayTheSpireMod:Reroute Power","Auto Shields"],"picked":"Hologram","floor":25},{"not_picked":["BigBird","LongBird","UniverseFragment"],"picked":"Singing Bowl","floor":28},{"not_picked":["Blizzard","AT_ThunderBolt","Panic Button+1","Reprogram"],"picked":"Recycle+1","floor":28},{"not_picked":["CENSORED","FieryBird","Woodsman"],"picked":"Singing Bowl","floor":31},{"not_picked":["Streamline","Go for the Eyes","Steam Power","Beam Cell+1"],"picked":"Sweeping Beam","floor":31},{"not_picked":["LittleHelper","BlackSwan","DespairKnight"],"picked":"Singing Bowl","floor":33},{"not_picked":["MostiFishMod:ReadyAimFire","Fission","MostiFishMod:TalkingToTheRain","MostiFishMod:Exploitation"],"picked":"AT_WaterDrop","floor":33},{"not_picked":["CherryBlossoms","Freischutz"],"picked":"BodiesMountain","floor":35},{"not_picked":["Stack","Steam+1","Cold Snap+1","Beam Cell+1"],"picked":"Ball Lightning+1","floor":35},{"not_picked":["Porccubus","BeautyBeast","DreamingCurrent"],"picked":"Singing Bowl","floor":36},{"not_picked":["Hello World","Leap","MostiFishMod:ActiveDefenseSystem","MostiFishMod:GatherIntelligence+1"],"picked":"AT_WarpDrive","floor":36},{"not_picked":["QueenOfHatred","MeatLantern","WhiteNight"],"picked":"Singing Bowl","floor":37},{"not_picked":["Steam Power+1","Barrage","Coolheaded","Turbo+1"],"picked":"AT_ThunderBolt+1","floor":37},{"not_picked":["SilentOrchestra","WallGazer","Mercenary"],"picked":"Singing Bowl","floor":38},{"not_picked":["Compile Driver+1","Go for the Eyes+1","Cold Snap+1","MostiFishMod:IceShield"],"picked":"AT_EMC2","floor":38},{"not_picked":["MeatLantern","Laetitia","LongBird"],"picked":"Singing Bowl","floor":40},{"not_picked":["AT_ThunderBolt+1","Conserve Battery","MostiFishMod:PushDownKick","Coolheaded+1"],"picked":"Turbo+1","floor":40},{"not_picked":["LaLuna","ShyLook","Alriune"],"picked":"Singing Bowl","floor":42},{"not_picked":["ReplayTheSpireMod:GoodbyeWorld+1","Darkness","conspire:Rain+1","Turbo"],"picked":"Compile Driver+1","floor":42},{"not_picked":["BlackSwan","CENSORED","QueenOfHatred"],"picked":"Singing Bowl","floor":44},{"not_picked":["Go for the Eyes","Steam","Leap","Stack+1"],"picked":"Ball Lightning+1","floor":44},{"not_picked":["DreamingCurrent","SnowQueen","Porccubus"],"picked":"Singing Bowl","floor":46},{"not_picked":["Stack","Turbo+1","Force Field","Glacier+1"],"picked":"AT_RightCognition","floor":46},{"not_picked":["Yin","BigBird","Freischutz"],"picked":"Singing Bowl","floor":48},{"not_picked":["Steam+1","BasicCrystalCard","ReplayGash+1","Cold Snap+1"],"picked":"Sweeping Beam+1","floor":48},{"not_picked":["BigBadWolf","WhitesApple","Mercenary"],"picked":"Singing Bowl","floor":55},{"not_picked":["AT_ThunderBolt+1","Recycle","Turbo+1","Lockon"],"picked":"Defragment","floor":55}],"player_experience":379168,"relics_obtained":[{"floor":1,"key":"SynthV:TestCard"},{"floor":1,"key":"LetterFromLob"},{"floor":6,"key":"AT_DeathDance"},{"floor":8,"key":"reliquary:Boomerang"},{"floor":23,"key":"Grinning Jar"},{"floor":26,"key":"RuthlessExorcism:ReiMu"},{"floor":28,"key":"reliquary:SharkskinSheath"},{"floor":29,"key":"StrikeDummy"},{"floor":31,"key":"reliquary:SilkGlove"},{"floor":36,"key":"CatCart"},{"floor":37,"key":"BionicSphere"},{"floor":39,"key":"Bottled Flame"},{"floor":40,"key":"Bronze Scales"},{"floor":42,"key":"Pocketwatch"},{"floor":43,"key":"Mummified Hand"},{"floor":46,"key":"AT_TimeSand"},{"floor":55,"key":"Orichalcum"}],"event_choices":[{"damage_healed":0,"gold_gain":0,"player_choice":"Entered Light","damage_taken":15,"max_hp_gain":0,"max_hp_loss":0,"event_name":"Shining Light","floor":2,"gold_loss":0,"cards_upgraded":["Defend_B","Defend_B"]},{"damage_healed":0,"gold_gain":175,"player_choice":"AGREE","damage_taken":0,"max_hp_gain":0,"max_hp_loss":0,"event_name":"Liars Game","floor":10,"gold_loss":0,"cards_obtained":["Doubt"]},{"damage_healed":0,"gold_gain":0,"player_choice":"Box","damage_taken":0,"relics_obtained":["Tiny Chest"],"max_hp_gain":0,"max_hp_loss":0,"event_name":"Big Fish","floor":13,"gold_loss":0,"cards_obtained":["Regret"]},{"damage_healed":0,"gold_gain":0,"player_choice":"Fight","damage_taken":0,"max_hp_gain":0,"max_hp_loss":0,"event_name":"OrinTheCat","floor":36,"gold_loss":0},{"damage_healed":0,"gold_gain":0,"player_choice":"Fight","damage_taken":0,"max_hp_gain":0,"max_hp_loss":0,"event_name":"MindBloom","floor":37,"gold_loss":0},{"cards_removed":["Clumsy"],"damage_healed":0,"gold_gain":0,"player_choice":"Card Removal","damage_taken":0,"max_hp_gain":0,"max_hp_loss":0,"event_name":"Wheel of Change","floor":47,"gold_loss":0}],"is_beta":false,"boss_relics":[{"not_picked":["xbg","Tiny House"],"picked":"ExusiaiGun"},{"not_picked":["conspire:SlowCooker","Runic Pyramid"],"picked":"Philosopher\u0027s Stone"}],"items_purged_floors":[20,41,54],"is_endless":false,"potions_floor_spawned":[3,7,12,14,16,22,25,31,35,37,40,44],"ascension_level":3}}