{"host":"2j7k79oxv8es4yqd","time":1613813794,"event":{"mods":["BaseMod","Emptier Cage","Minty Spire (QoL Compilation)","Permanent Neow","Ryuuou¡˙Õı","StSLib"],"gold_per_floor":[114,125,144,94,94,120,139,150,150,175,247,247,144,162,162,259,259,273,273,289,238,238,238,264,264,264,295,295,305,305,323,323,323,323],"floor_reached":33,"language":"ZHT","playtime":1296,"items_purged":[],"score":398,"play_id":"4ba6f335-041a-44e0-844f-7bf85bcf5559","local_time":"20210220173634","is_ascension_mode":true,"campfire_choices":[{"data":"Reflex","floor":12,"key":"SMITH"},{"data":"Tactician","floor":15,"key":"SMITH"},{"data":"Tools of the Trade","floor":23,"key":"SMITH"},{"data":"Footwork","floor":28,"key":"SMITH"},{"data":"Expertise","floor":32,"key":"SMITH"}],"circlet_count":0,"master_deck":["Strike_G","Strike_G","Defend_G","Survivor","Neutralize","Leg Sweep+1","Terror+1","Riddle With Holes+1","Dagger Throw","Tactician+1","Reflex+1","Escape Plan","Underhanded Strike","Tools of the Trade+1","Venomology","Finisher","Backflip","Footwork+1","Expertise+1"],"relics":["Astrolabe","MealTicket","Bronze Scales","Ninja Scroll","Coffee Dripper","Tough Bandages","Molten Egg 2","The Courier","Pocketwatch"],"acts_visited":["Exordium","TheCity"],"potions_floor_usage":[8,16,20,24,27,27,31,33,33,33],"damage_taken":[{"damage":0,"enemies":"Cultist","floor":1,"turns":2},{"damage":0,"enemies":"Small Slimes","floor":2,"turns":3},{"damage":0,"enemies":"2 Louse","floor":3,"turns":3},{"damage":1,"enemies":"Gremlin Nob","floor":6,"turns":4},{"damage":2,"enemies":"2 Fungi Beasts","floor":7,"turns":3},{"damage":0,"enemies":"Exordium Thugs","floor":8,"turns":4},{"damage":19,"enemies":"3 Sentries","floor":10,"turns":8},{"damage":0,"enemies":"Blue Slaver","floor":14,"turns":2},{"damage":21,"enemies":"The Guardian","floor":16,"turns":6},{"damage":0,"enemies":"3 Byrds","floor":18,"turns":2},{"damage":0,"enemies":"Spheric Guardian","floor":20,"turns":1},{"damage":24,"enemies":"Gremlin Leader","floor":24,"turns":6},{"damage":9,"enemies":"Slavers","floor":27,"turns":4},{"damage":5,"enemies":"Chosen and Byrds","floor":29,"turns":3},{"damage":4,"enemies":"Shelled Parasite and Fungi","floor":31,"turns":3},{"damage":47,"enemies":"Collector","floor":33,"turns":5}],"seed_played":"-9067824990255720452","potions_obtained":[{"floor":1,"key":"Swift Potion"},{"floor":3,"key":"FearPotion"},{"floor":8,"key":"GamblersBrew"},{"floor":20,"key":"Ancient Potion"},{"floor":24,"key":"SkillPotion"}],"is_trial":false,"path_per_floor":["M","M","M","?","?","E","M","M","T","E","?","R","$","M","R","B",null,"M","?","M","$","?","R","E","?","T","E","R","M","?","M","R","B"],"character_chosen":"THE_SILENT","items_purchased":["CultistPotion","Backflip"],"campfire_rested":0,"item_purchase_floors":[13,21],"current_hp_per_floor":[63,63,63,63,60,59,57,57,57,38,38,38,53,53,53,32,61,61,61,61,70,70,70,46,46,46,37,37,32,32,28,28,0,0],"gold":323,"neow_bonus":"BOSS_RELIC","is_daily":false,"chose_seed":false,"campfire_upgraded":5,"win_rate":0.0,"timestamp":1613813794,"path_taken":["M","?","M","?","?","E","M","M","T","E","?","R","$","M","R","BOSS","M","?","M","$","?","R","E","?","T","E","R","?","?","M","R","BOSS"],"items_purchased_type":["Potion","Card"],"build_version":"2020-12-22","purchased_purges":0,"victory":false,"max_hp_per_floor":[70,70,70,70,70,70,70,70,70,70,70,70,70,70,70,70,70,70,70,70,70,70,70,70,70,70,70,70,70,70,70,70,70,70],"card_choices":[{"not_picked":["Backstab","Leg Sweep","Calculated Gamble"],"picked":"SKIP","floor":1},{"not_picked":["Deflect","Backstab"],"picked":"Dagger Throw","floor":2},{"not_picked":["Deadly Poison","Bane"],"picked":"Tactician","floor":3},{"not_picked":["Dagger Throw","Dagger Spray"],"picked":"Reflex","floor":6},{"not_picked":["Crippling Poison","Infinite Blades"],"picked":"Escape Plan","floor":7},{"not_picked":["Prepared","Dagger Spray","Quick Slash"],"picked":"SKIP","floor":8},{"not_picked":["Blade Dance","Flying Knee"],"picked":"Underhanded Strike","floor":10},{"not_picked":["Setup","Deflect","Glass Knife"],"picked":"SKIP","floor":14},{"not_picked":["Venomology","Burst"],"picked":"Tools of the Trade","floor":16},{"not_picked":["Outmaneuver","Quick Slash","Masterful Stab"],"picked":"SKIP","floor":18},{"not_picked":["Heel Hook+1","Skewer","Masterful Stab"],"picked":"SKIP","floor":20},{"not_picked":["Noxious Fumes","Poisoned Stab","Bane"],"picked":"SKIP","floor":24},{"not_picked":["Catalyst","Malaise"],"picked":"Footwork","floor":27},{"not_picked":["Dodge and Roll","Skewer+1"],"picked":"Expertise","floor":29},{"not_picked":["Backstab+1","Poisoned Stab+1","Dodge and Roll"],"picked":"SKIP","floor":31}],"player_experience":588399,"relics_obtained":[{"floor":6,"key":"Bronze Scales"},{"floor":10,"key":"Ninja Scroll"},{"floor":24,"key":"Tough Bandages"},{"floor":26,"key":"Molten Egg 2"},{"floor":27,"key":"The Courier"}],"event_choices":[{"cards_removed":["Strike_G"],"damage_healed":0,"gold_gain":0,"player_choice":"Card Removal","damage_taken":0,"max_hp_gain":0,"max_hp_loss":0,"event_name":"The Cleric","floor":4,"gold_loss":50},{"damage_healed":0,"gold_gain":0,"player_choice":"Success","damage_taken":3,"relics_obtained":["MealTicket"],"max_hp_gain":0,"max_hp_loss":0,"event_name":"Scrap Ooze","floor":5,"gold_loss":0},{"damage_healed":0,"gold_gain":72,"player_choice":"Gained Gold","damage_taken":0,"max_hp_gain":0,"max_hp_loss":0,"event_name":"Golden Wing","floor":11,"gold_loss":0},{"damage_healed":0,"gold_gain":0,"cards_transformed":["Strike_G","Defend_G"],"player_choice":"Became Test Subject","damage_taken":0,"max_hp_gain":0,"max_hp_loss":0,"event_name":"Drug Dealer","floor":19,"gold_loss":0,"cards_obtained":["Venomology","Finisher"]},{"cards_removed":["Defend_G"],"damage_healed":0,"gold_gain":0,"player_choice":"Elegance","damage_taken":0,"max_hp_gain":0,"max_hp_loss":0,"event_name":"Back to Basics","floor":22,"gold_loss":0},{"damage_healed":0,"gold_gain":0,"player_choice":"Bought 0 Potions","damage_taken":0,"max_hp_gain":0,"max_hp_loss":0,"event_name":"The Woman in Blue","floor":25,"gold_loss":0},{"damage_healed":0,"gold_gain":0,"player_choice":"Gave Potion","damage_taken":0,"relics_obtained":["Pocketwatch"],"max_hp_gain":0,"max_hp_loss":0,"event_name":"WeMeetAgain","floor":30,"gold_loss":0}],"is_beta":false,"boss_relics":[{"not_picked":["SlaversCollar","Calling Bell"],"picked":"Coffee Dripper"}],"items_purged_floors":[],"is_endless":false,"potions_floor_spawned":[1,3,8,20,24,29],"killed_by":"Collector","ascension_level":7}}