{"host":"saki","time":1613822530,"event":{"mods":["ATMod(°¢èªMod)","BaseMod","Energized Spire","Koishi","Marisa£¨ìFÓê¡¡Ä§ÀíÉ³£©","Minty Spire (QoL Compilation)","Nova Terra(ÅµÍÞ¡¤Ì©À­)","Quick Restart","Reimu£¨²©ÀöÁéÃÎ£©","StSLib","TestMod","The Runesmith","Waifu the Spire","Youmu£¨»êÆÇÑýÃÎ£©","Yuyuko","[GremlinLeader]The Maniac","¡¾ÒÅÎï¿¨ÅÆ¡¿REMEMod"],"gold_per_floor":[118,293,243,262,76,76,111,143,143,143,178,239,86,137,137,293,293,343,743,792,891,891,957,957,1022,1022,947,996,996,1009,934,934,1082,1082,1130,663,753,774,814,858,858,907,931,1276,1288,1311,1323,1364,1376,1388],"floor_reached":51,"language":"ZHS","playtime":2156,"items_purged":["Strike_MRS","ManaConvection"],"score":961,"play_id":"7019981f-e513-4646-83e7-32a62a5de973","local_time":"20210220200210","is_ascension_mode":false,"campfire_choices":[{"data":"AT_RealColorLess","floor":6.0,"key":"SMITH"},{"data":"HandOfGreed","floor":15,"key":"SMITH"},{"data":"CasketOfStar","floor":24,"key":"SMITH"},{"data":"REME_CRH","floor":32,"key":"SMITH"},{"data":"EscapeVelocity","floor":41,"key":"SMITH"},{"data":"SuperNova","floor":49,"key":"SMITH"}],"circlet_count":0,"master_deck":["Defend_MRS","Defend_MRS","Defend_MRS","MasterSpark","UpSweep+1","REME_CRH+1","AT_RealColorLess+1","GalacticHalo","MilkyWay","Singularity","UltimateShortwave","Parasite","Parasite","PowerUp","CasketOfStar+1","PowerUp+1","PropBag","PowerUp","SuperNova+1","OrrerysSun+1","UltimateShortwave","WitchLeyline+1","EscapeVelocity+1","Wraith","EnergyFlow+1"],"relics":["MiniHakkero","AT_ATBox","REME_ComplimentaryCards","NeowsBlessing","testmod-ConstraintPeriapt","Meat on the Bone","HandmadeGrimoire","Whetstone","ShroomBag","Ancient Tea Set","testmod-Temperance","Orichalcum","PreservedInsect","testmod-RealStoneCalender","Black Star","AT_RabadonDeathcap","Bird Faced Urn","Mastiff:ReiMu","AT_BellowingDragoncrestRing","MawBank","testmod-TurbochargingSystem","Frozen Egg 2"],"acts_visited":["Exordium","TheCity","TheBeyond"],"potions_floor_usage":[12,25,39,40,50,50],"damage_taken":[{"damage":0.0,"enemies":"2 Louse","floor":1.0,"turns":1.0},{"damage":0.0,"enemies":"Small Slimes","floor":4.0,"turns":1.0},{"damage":0.0,"enemies":"Gremlin Nob","floor":7.0,"turns":1.0},{"damage":0.0,"enemies":"Jaw Worm","floor":8.0,"turns":1.0},{"damage":2.0,"enemies":"2 Fungi Beasts","floor":11.0,"turns":3.0},{"damage":22,"enemies":"3 Sentries","floor":12,"turns":4},{"damage":21,"enemies":"Gremlin Nob","floor":14,"turns":4},{"damage":20,"enemies":"The Guardian","floor":16,"turns":4},{"damage":38,"enemies":"2 Thieves","floor":18,"turns":4},{"damage":12,"enemies":"Chosen","floor":20,"turns":2},{"damage":0,"enemies":"Book of Stabbing","floor":23,"turns":2},{"damage":0,"enemies":"Gremlin Leader","floor":25,"turns":2},{"damage":0,"enemies":"Snake Plant","floor":28,"turns":1},{"damage":28,"enemies":"Cultist and Chosen","floor":30,"turns":5},{"damage":12,"enemies":"Champ","floor":33,"turns":4},{"damage":10,"enemies":"3 Shapes","floor":35,"turns":4},{"damage":46,"enemies":"2 Orb Walkers","floor":37,"turns":4},{"damage":23,"enemies":"3 Darklings","floor":38,"turns":5},{"damage":27,"enemies":"Jaw Worm Horde","floor":39,"turns":2},{"damage":0,"enemies":"Reptomancer","floor":40,"turns":2},{"damage":6,"enemies":"Spire Growth","floor":42,"turns":2},{"damage":15,"enemies":"Maw","floor":46,"turns":3},{"damage":8,"enemies":"Giant Head","floor":48,"turns":4},{"damage":50,"enemies":"Awakened One","floor":50,"turns":4}],"seed_played":"-6569456079264779743","potions_obtained":[{"floor":1.0,"key":"ZuzhouPotion:ReiMu"},{"floor":11.0,"key":"Strength Potion"},{"floor":14,"key":"Fire Potion"},{"floor":20,"key":"Swift Potion"},{"floor":30,"key":"Energy Potion"},{"floor":33,"key":"testmod-TestPotion"},{"floor":37,"key":"testmod-TestPotion"},{"floor":39,"key":"testmod-SpacePotion"},{"floor":40,"key":"SteroidPotion"},{"floor":42,"key":"ColorlessPotion"}],"is_trial":false,"path_per_floor":["M","?","?","M","$","R","E","M","T","?","M","E","$","E","R","B",null,"M","?","M","?","?","E","R","E","T","?","M","?","M","$","R","B",null,"M","$","?","M","M","E","R","M","T","?","?","M","?","E","R","B",null],"character_chosen":"MARISA","items_purchased":["HandOfGreed","ShroomBag","AT_RabadonDeathcap","UltimateShortwave"],"campfire_rested":0,"item_purchase_floors":[5,13,36,36],"current_hp_per_floor":[75,75,75,75,75,75,75,75,75,57,56,49,49,45,45,43,75,40,40,43,43,43,47,47,51,51,51,55,55,46,46,46,38,75,70,70,43,43,42,46,46,54,54,54,54,53,53,61,61,49],"gold":1400,"neow_bonus":"THREE_ENEMY_KILL","is_daily":false,"chose_seed":false,"campfire_upgraded":6,"win_rate":0.0,"timestamp":1613822530,"path_taken":["M","?","?","M","$","R","E","?","T","?","M","E","?","E","R","BOSS","M","?","M","?","?","E","R","E","T","?","M","?","M","$","R","BOSS","M","$","?","M","M","E","R","M","T","?","?","M","?","E","R","BOSS"],"items_purchased_type":["Card","Relic","Relic","Card"],"build_version":"2020-12-18","purchased_purges":2,"victory":true,"max_hp_per_floor":[75,75,75,75,75,75,75,75,75,75,75,75,75,75,75,75,75,75,75,75,75,75,75,75,75,75,75,75,75,75,75,75,75,75,75,75,75,75,75,75,75,75,75,75,75,75,75,75,75,75],"card_choices":[{"not_picked":["FairyDestructionRay","PulseMagic","LuminesStrike"],"picked":"SKIP","floor":1.0},{"not_picked":["FairyDestructionRay","PulseMagic","LuminesStrike"],"picked":"SKIP","floor":1.0},{"not_picked":["ManaConvection","DeepEcoloBomb"],"picked":"GalacticHalo","floor":4.0},{"not_picked":["DC","NonDirectionalLaser"],"picked":"ManaConvection","floor":7.0},{"not_picked":["DeepEcoloBomb","IllusionStar"],"picked":"MilkyWay","floor":8.0},{"not_picked":["GravityBeat","AsteroidBelt"],"picked":"Singularity","floor":11.0},{"not_picked":["TreasureHunter","IllusionStar"],"picked":"UltimateShortwave","floor":12},{"not_picked":["AsteroidBelt","DC"],"picked":"PowerUp","floor":14},{"not_picked":["CollectingQuirk","AbsoluteMagnitude"],"picked":"CasketOfStar","floor":16},{"not_picked":["BlazeAway","Acceleration","MagicAbsorber"],"picked":"SKIP","floor":18},{"not_picked":["UnstableBomb","NonDirectionalLaser+1"],"picked":"PowerUp+1","floor":20},{"not_picked":["MysteriousBeam","AsteroidBelt+1"],"picked":"PropBag","floor":23},{"not_picked":["DoubleSpark","BinaryStars"],"picked":"PowerUp","floor":25},{"not_picked":["ShootingEcho","SporeBomb","OrrerysSun"],"picked":"SKIP","floor":28},{"not_picked":["AsteroidBelt","ShootingEcho","GrandCross"],"picked":"SKIP","floor":30},{"not_picked":["JA","AbsoluteMagnitude"],"picked":"SuperNova","floor":33},{"not_picked":["ShootingEcho+1","WitchOfGreed"],"picked":"OrrerysSun+1","floor":35},{"not_picked":["DC+1","SporeBomb"],"picked":"WitchLeyline+1","floor":38},{"not_picked":["UnstableBomb+1","DC+1","GravityBeat"],"picked":"SKIP","floor":39},{"not_picked":["IllusionStar+1","DragonMeteor+1"],"picked":"EscapeVelocity","floor":40},{"not_picked":["ShootingEcho+1","SprinkleStarSeal","GalacticHalo+1"],"picked":"SKIP","floor":42},{"not_picked":["LuminesStrike","GravityBeat","OneTimeOff"],"picked":"SKIP","floor":46},{"not_picked":["MagicChant","BigCrunch"],"picked":"EnergyFlow+1","floor":48}],"player_experience":320062,"relics_obtained":[{"floor":7.0,"key":"Meat on the Bone"},{"floor":9.0,"key":"HandmadeGrimoire"},{"floor":12,"key":"Whetstone"},{"floor":14,"key":"Ancient Tea Set"},{"floor":23,"key":"Orichalcum"},{"floor":25,"key":"PreservedInsect"},{"floor":26,"key":"testmod-RealStoneCalender"},{"floor":37,"key":"Bird Faced Urn"},{"floor":40,"key":"Mastiff:ReiMu"},{"floor":40,"key":"AT_BellowingDragoncrestRing"},{"floor":43,"key":"MawBank"},{"floor":48,"key":"testmod-TurbochargingSystem"},{"floor":48,"key":"Frozen Egg 2"}],"event_choices":[{"damage_healed":0.0,"max_hp_gain":0.0,"max_hp_loss":0.0,"gold_gain":175.0,"event_name":"Liars Game","player_choice":"AGREE","floor":2.0,"gold_loss":0.0,"damage_taken":0.0,"cards_obtained":["Doubt"]},{"cards_removed":["Doubt"],"damage_healed":0.0,"max_hp_gain":0.0,"max_hp_loss":0.0,"gold_gain":0.0,"event_name":"The Cleric","player_choice":"Card Removal","floor":3.0,"gold_loss":50.0,"damage_taken":0.0},{"damage_healed":0.0,"max_hp_gain":0.0,"max_hp_loss":0.0,"gold_gain":0.0,"event_name":"Golden Idol","player_choice":"Take Damage","floor":10.0,"gold_loss":0.0,"damage_taken":18.0,"relics_obtained":["Golden Idol"]},{"damage_healed":0,"gold_gain":400,"player_choice":"Sell","damage_taken":0,"max_hp_gain":0,"max_hp_loss":0,"event_name":"¶÷ÂåË¹µÄÅÌ×Ó","floor":19,"relics_lost":["testmod-TestBox"],"gold_loss":0},{"damage_healed":0,"gold_gain":99,"player_choice":"Stole From Cult","damage_taken":0,"max_hp_gain":0,"max_hp_loss":0,"event_name":"Nest","floor":21,"gold_loss":0},{"damage_healed":0,"gold_gain":0,"player_choice":"Ignored","damage_taken":0,"max_hp_gain":0,"max_hp_loss":0,"event_name":"Ghosts","floor":22,"gold_loss":0},{"cards_removed":["Strike_MRS"],"damage_healed":0,"gold_gain":0,"player_choice":"Gave Gold","damage_taken":0,"max_hp_gain":0,"max_hp_loss":0,"event_name":"Beggar","floor":27,"gold_loss":75},{"damage_healed":0,"gold_gain":0,"player_choice":"Ignored","damage_taken":0,"max_hp_gain":0,"max_hp_loss":0,"event_name":"Vampires","floor":29,"gold_loss":0},{"damage_healed":0,"gold_gain":0,"player_choice":"Fight","damage_taken":0,"max_hp_gain":0,"max_hp_loss":0,"event_name":"Mysterious Sphere","floor":37,"gold_loss":0},{"damage_healed":0,"gold_gain":333,"player_choice":"Gave Idol","damage_taken":0,"max_hp_gain":0,"max_hp_loss":0,"event_name":"The Moai Head","floor":44,"relics_lost":["Golden Idol"],"gold_loss":0},{"damage_healed":0,"gold_gain":0,"player_choice":"Ignored","damage_taken":0,"max_hp_gain":0,"max_hp_loss":0,"event_name":"OrinTheCat","floor":45,"gold_loss":0},{"cards_removed":["HandOfGreed"],"damage_healed":0,"gold_gain":0,"player_choice":"Removed Attack","damage_taken":0,"max_hp_gain":0,"max_hp_loss":0,"event_name":"Falling","floor":47,"gold_loss":0}],"is_beta":true,"boss_relics":[{"not_picked":["energizedSpire:DeadBattery","Empty Cage"],"picked":"testmod-Temperance"},{"not_picked":["energizedSpire:OgreHead","energizedSpire:NeverEndingSparkler"],"picked":"Black Star"}],"items_purged_floors":[31,36],"is_endless":false,"potions_floor_spawned":[1,11,14,20,30,33,37,39,40,42],"ascension_level":0}}