{"host":"kewnzcvkjkc63ziu","time":1613865063,"event":{"mods":["AchievementEnabler","BaseMod","Bestiary","Colored Powertips","Downfall","Jorbs\u0027s Wanderer Trilogy","Minty Spire (QoL Compilation)","Permanent Neow","Relic Filter","Shop Mod","StSLib","The Hierophant","The Runesmith"],"gold_per_floor":[349,360,376,392,264,293,293,318,329,329,341,354,354,374,384,482,482,482,497,516,546,563,591,617,6,34,34,50,50,50,64,82,178,178,178,198,80,80,96,128,128,128,128,154,505,67,67,86,104,104,104,136,58,58,58,58],"floor_reached":57,"language":"ENG","playtime":7683,"items_purged":["Slimebound:Strike_Slimebound","Slimebound:Tackle","Slimebound:Defend_Slimebound"],"score":1318,"play_id":"c510eeb5-952d-44c9-9e31-323fa35fe469","local_time":"20210221005103","is_ascension_mode":false,"campfire_choices":[{"data":"Slimebound:Split","floor":1,"key":"SMITH"},{"data":"Slimebound:GoopSpray","floor":10,"key":"SMITH"},{"data":"Slimebound:FirmFortitude","floor":18,"key":"SMITH"},{"floor":27,"key":"RECALL"},{"data":"Slimebound:SamplingLick","floor":30,"key":"SMITH"},{"data":"Slimebound:MegaLick","floor":35,"key":"SMITH"},{"data":"Slimebound:MegaLick","floor":43,"key":"SMITH"},{"data":"Slimebound:Darklings","floor":47,"key":"SMITH"},{"floor":54,"key":"REST"}],"circlet_count":0,"master_deck":["Slimebound:Defend_Slimebound","Slimebound:Defend_Slimebound","Slimebound:Defend_Slimebound","Slimebound:Split+1","Slimebound:CorrosiveSpit","Slimebound:MegaLick+1","Slimebound:GoopSpray+1","Slimebound:AcidTongue","Slimebound:SplitBruiser","Slimebound:Repurpose","Slimebound:LeadByExample+1","Slimebound:SplitMire","Slimebound:ProtectTheBoss+1","Slimebound:FirmFortitude+1","Slimebound:Schlurp+1","Slimebound:LivingWall+1","Slimebound:LevelUp+1","Slimebound:DisruptingSlam+1","expansioncontent:Chronoboost+1","expansioncontent:StudyTheSpire+1","Slimebound:SamplingLick+1","Slimebound:AcidTongue+1","Slimebound:MinionMaster+1","Slimebound:SplitAcid+1","Slimebound:Nibble+1","Slimebound:Darklings+1","Slimebound:MegaLick+1","downfall:Bewildered","Slimebound:Gluttony+1","expansioncontent:DashGenerateEvil+1","Slimebound:SplitLeeching","Slimebound:Gluttony+1","Slimebound:Schlurp+1"],"relics":["Slimebound:AbsorbEndCombat","Frozen Egg 2","Ornamental Fan","Matryoshka","Blood Vial","Molten Egg 2","Empty Cage","Anchor","Meat on the Bone","Pantograph","MealTicket","downfall:HeartBlessingRed","downfall:HeartBlessingBlue","downfall:HeartBlessingGreen","Cursed Key","HandDrill","Dream Catcher","Centennial Puzzle","Singing Bowl","Old Coin","Lantern","Pen Nib"],"acts_visited":["Exordium","TheCity","TheBeyond","TheEnding"],"potions_floor_usage":[9,11,20,21,23,26,36,50,50,50,55],"damage_taken":[{"damage":7,"enemies":"Cultist","floor":2,"turns":4},{"damage":1,"enemies":"Jaw Worm","floor":3,"turns":3},{"damage":13,"enemies":"Small Slimes","floor":4,"turns":3},{"damage":0,"enemies":"downfall:FleeingMerchant","floor":5,"turns":4},{"damage":15,"enemies":"3 Sentries","floor":6,"turns":9},{"damage":0,"enemies":"Lagavulin","floor":8,"turns":7},{"damage":11,"enemies":"Exordium Thugs","floor":9,"turns":4},{"damage":5,"enemies":"downfall:LooterAlt","floor":11,"turns":2},{"damage":11,"enemies":"Large Slime","floor":12,"turns":5},{"damage":1,"enemies":"Exordium Wildlife","floor":14,"turns":3},{"damage":13,"enemies":"3 Louse","floor":15,"turns":3},{"damage":9,"enemies":"WA_ARCHETYPE_RETAIN","floor":16,"turns":6},{"damage":0,"enemies":"Chosen","floor":19,"turns":4},{"damage":12,"enemies":"3 Byrds","floor":20,"turns":5},{"damage":37,"enemies":"3 Cultists","floor":21,"turns":6},{"damage":14,"enemies":"Snake Plant","floor":22,"turns":5},{"damage":52,"enemies":"Slavers","floor":23,"turns":6},{"damage":0,"enemies":"downfall:FleeingMerchant","floor":25,"turns":4},{"damage":68,"enemies":"Book of Stabbing","floor":26,"turns":9},{"damage":33,"enemies":"Shelled Parasite and Fungi","floor":28,"turns":5},{"damage":11,"enemies":"Centurion and Healer","floor":31,"turns":6},{"damage":8,"enemies":"Snake Plant","floor":32,"turns":4},{"damage":81,"enemies":"DF_ARCHETYPE_CLAW","floor":33,"turns":7},{"damage":0,"enemies":"3 Shapes","floor":36,"turns":6},{"damage":15,"enemies":"downfall:FleeingMerchant","floor":37,"turns":4},{"damage":40,"enemies":"3 Darklings","floor":39,"turns":5},{"damage":23,"enemies":"Giant Head","floor":40,"turns":8},{"damage":24,"enemies":"Nemesis","floor":44,"turns":6},{"damage":16,"enemies":"2 Orb Walkers","floor":45,"turns":4},{"damage":0,"enemies":"Jaw Worm Horde","floor":48,"turns":5},{"damage":2,"enemies":"Spire Growth","floor":49,"turns":4},{"damage":4,"enemies":"IC_BLOCK_ARCHETYPE","floor":50,"turns":5},{"damage":58,"enemies":"downfall:CharBossMerchant","floor":52,"turns":7},{"damage":59,"enemies":"downfall:NeowBoss","floor":55,"turns":14},{"damage":37,"enemies":"downfall:NeowBossFinal","floor":56,"turns":11}],"seed_played":"-5678627902818790138","potions_obtained":[{"floor":2,"key":"Explosive Potion"},{"floor":6,"key":"GamblersBrew"},{"floor":8,"key":"Ancient Potion"},{"floor":11,"key":"Energy Potion"},{"floor":16,"key":"Fruit Juice"},{"floor":20,"key":"ColorlessPotion"},{"floor":23,"key":"AttackPotion"},{"floor":28,"key":"Guardian:BlockOnCardUsePotion"},{"floor":31,"key":"Slimebound:SlimedPotion"},{"floor":39,"key":"Slimebound:ThreeZeroPotion"},{"floor":52,"key":"Regen Potion"}],"is_trial":false,"path_per_floor":["R","M","M","M","$","E","T","E","M","R","M","M","T","M","M","B",null,"R","M","M","M","M","E","T","$","E","R","M","?","R","M","M","B",null,"R","M","$","?","M","E","T","?","R","E","?","$","R","M","M","B",null,"E","$","R","B","B",null],"character_chosen":"SLIMEBOUND","items_purchased":["Slimebound:AcidTongue","expansioncontent:Chronoboost","expansioncontent:StudyTheSpire","Pantograph","Slimebound:Nibble+1","Slimebound:ThreeZeroPotion","HandDrill","Slimebound:Gluttony+1","expansioncontent:DashGenerateEvil","Lantern","Slimebound:SplitLeeching","Slimebound:Gluttony+1"],"campfire_rested":1,"item_purchase_floors":[5,25,25,25,37,37,37,46,46,46,46,53],"current_hp_per_floor":[59,54,57,48,54,47,47,59,59,59,59,54,54,59,46,55,59,59,59,64,61,64,46,46,64,33,33,64,64,74,74,74,55,74,74,74,61,61,74,51,51,51,51,45,49,64,64,72,76,80,82,40,55,80,48,46],"gold":58,"neow_bonus":"TWO_FIFTY_GOLD","is_daily":false,"chose_seed":false,"campfire_upgraded":7,"win_rate":0.0,"timestamp":1613865063,"path_taken":["R","M","M","?","$","E","T","E","?","R","M","?","?","M","M","BOSS","R","M","M","M","M","E","T","$","E","R","M","?","R","?","M","BOSS","R","M","$","?","M","E","T","?","R","E","?","$","R","M","M","BOSS","E","$","R","BOSS","BOSS"],"items_purchased_type":["Card","Card","Card","Relic","Card","Potion","Relic","Card","Card","Relic","Card","Card"],"build_version":"2020-12-22","purchased_purges":3,"victory":true,"max_hp_per_floor":[59,59,59,59,59,59,59,59,59,59,59,59,59,59,59,59,59,59,59,64,64,64,64,64,64,64,64,64,64,74,74,74,74,74,74,74,74,74,74,74,74,74,74,76,78,78,78,80,82,82,82,84,84,84,84,84],"card_choices":[{"not_picked":["Slimebound:BestDefense","Slimebound:SamplingLick"],"picked":"Slimebound:MegaLick","floor":2},{"not_picked":["Slimebound:ComboTackle","Slimebound:SlimeSpikes","Slimebound:SamplingLick"],"picked":"SKIP","floor":3},{"not_picked":["Slimebound:SlimeBarrage","Slimebound:RejuvenatingLick"],"picked":"Slimebound:Repurpose","floor":4},{"not_picked":["Slimebound:PressTheAttack","Slimebound:SlimeSpikes"],"picked":"Slimebound:GoopSpray","floor":5},{"not_picked":["Slimebound:Equalize","Slimebound:LeechingTouch"],"picked":"Slimebound:LeechLife","floor":6},{"not_picked":["Slimebound:BestDefense+1","Slimebound:LeechEnergy"],"picked":"Slimebound:SplitBruiser","floor":8},{"not_picked":["Slimebound:Replication","Slimebound:SplitAcid"],"picked":"Slimebound:Repurpose","floor":9},{"not_picked":["Slimebound:FlameTackle","Slimebound:SlimeTap"],"picked":"Slimebound:LeadByExample+1","floor":11},{"not_picked":["Slimebound:BestDefense+1","Slimebound:SplitLeeching","Slimebound:LivingWall"],"picked":"SKIP","floor":12},{"not_picked":["Slimebound:SplitAcid","Slimebound:SlimeSpikes"],"picked":"Slimebound:SplitMire","floor":14},{"not_picked":["Slimebound:DouseInSlime","Slimebound:SplitLeeching"],"picked":"Slimebound:ProtectTheBoss+1","floor":15},{"not_picked":["Slimebound:LeechLife+1","Slimebound:OneTwoCombo+1"],"picked":"Slimebound:FirmFortitude","floor":16},{"not_picked":["Slimebound:PressTheAttack+1","Slimebound:Prepare"],"picked":"Slimebound:Schlurp+1","floor":19},{"not_picked":["Slimebound:Equalize+1","Slimebound:ComboTackle+1","Slimebound:SlimeSpikes"],"picked":"SKIP","floor":20},{"not_picked":["Slimebound:SamplingLick","Slimebound:FormOfPuddle"],"picked":"Slimebound:LivingWall+1","floor":21},{"not_picked":["Slimebound:GrowthPunch+1","Slimebound:SlimeBarrage+1"],"picked":"Slimebound:LevelUp+1","floor":22},{"not_picked":["Slimebound:Chomp+1","Slimebound:LivingWall"],"picked":"Slimebound:DisruptingSlam+1","floor":23},{"not_picked":["Slimebound:MassFeed+1","Slimebound:Prepare","Slimebound:RollThrough+1"],"picked":"SKIP","floor":25},{"not_picked":["Slimebound:LeechingTouch+1","Slimebound:LeechLife+1","Slimebound:HauntingLick"],"picked":"SKIP","floor":26},{"not_picked":["Slimebound:FinishingTackle+1","Slimebound:GoopTackle+1"],"picked":"Slimebound:SamplingLick","floor":28},{"not_picked":["Slimebound:SplitLeeching","Slimebound:SlimeBrawl","Slimebound:FlameTackle+1"],"picked":"SKIP","floor":31},{"not_picked":["Slimebound:Chomp+1","Slimebound:Prepare"],"picked":"Slimebound:AcidTongue+1","floor":32},{"not_picked":["Slimebound:OneTwoCombo+1","Slimebound:OozeBath"],"picked":"Slimebound:MinionMaster+1","floor":33},{"not_picked":["Slimebound:BestDefense+1","Slimebound:Chomp+1"],"picked":"Slimebound:SplitAcid+1","floor":36},{"not_picked":["Slimebound:ComboTackle+1","Slimebound:FormOfPuddle","Slimebound:PressTheAttack+1"],"picked":"SKIP","floor":37},{"not_picked":["Slimebound:Prepare","Slimebound:SlimeSpikes"],"picked":"Slimebound:MegaLick","floor":39},{"not_picked":["Slimebound:RollThrough+1","Slimebound:RallyTheTroops+1","Slimebound:Overexert+1"],"picked":"SKIP","floor":40},{"not_picked":["Slimebound:SlimeSpikes","Slimebound:GoopSpray","Slimebound:GoopTackle+1"],"picked":"Singing Bowl","floor":44},{"not_picked":["Slimebound:SplitMire+1","Slimebound:ForwardTackle+1","Slimebound:LeechingTouch+1"],"picked":"Singing Bowl","floor":45},{"not_picked":["Slimebound:LeechEnergy+1","Slimebound:SplitMire","Slimebound:SplitAcid"],"picked":"Singing Bowl","floor":48},{"not_picked":["Slimebound:PressTheAttack+1","Slimebound:GoopSpray+1","Slimebound:ProtectTheBoss+1"],"picked":"Singing Bowl","floor":49},{"not_picked":["Slimebound:BestDefense+1","Slimebound:ItLooksTasty+1","Slimebound:Overexert+1"],"picked":"Singing Bowl","floor":52},{"not_picked":["Slimebound:SplitLeeching","Slimebound:ViciousTackle+1"],"picked":"Slimebound:Schlurp+1","floor":54}],"player_experience":145868,"relics_obtained":[{"floor":6,"key":"Frozen Egg 2"},{"floor":7,"key":"Ornamental Fan"},{"floor":8,"key":"Matryoshka"},{"floor":13,"key":"Blood Vial"},{"floor":13,"key":"Molten Egg 2"},{"floor":23,"key":"Anchor"},{"floor":24,"key":"Meat on the Bone"},{"floor":26,"key":"MealTicket"},{"floor":40,"key":"Dream Catcher"},{"floor":41,"key":"Centennial Puzzle"},{"floor":44,"key":"Singing Bowl"},{"floor":45,"key":"Old Coin"},{"floor":52,"key":"Pen Nib"}],"event_choices":[{"cards_removed":["Slimebound:Repurpose"],"damage_healed":0,"gold_gain":0,"player_choice":"Offered Uncommon","damage_taken":0,"max_hp_gain":0,"max_hp_loss":0,"event_name":"Bonfire Elementals","floor":29,"gold_loss":0},{"damage_healed":0,"gold_gain":0,"player_choice":"Fight","damage_taken":0,"max_hp_gain":0,"max_hp_loss":0,"event_name":"Mysterious Sphere","floor":45,"gold_loss":0}],"is_beta":false,"boss_relics":[{"not_picked":["Astrolabe","Tiny House"],"picked":"Empty Cage"},{"not_picked":["bronze:MakeshiftBattery","SlaversCollar"],"picked":"Cursed Key"}],"items_purged_floors":[5,25,37],"is_endless":false,"potions_floor_spawned":[2,6,8,11,16,19,20,23,28,31,39,40,44,45,49,52],"ascension_level":0}}