{"host":"4epvxsx6d4oxmc67","time":1613841804,"event":{"mods":["AchievementEnabler","BaseMod","Colored Map","Highlight Path","Minty Spire (QoL Compilation)"],"gold_per_floor":[112,125,2,2,2,2,2,2],"floor_reached":7,"language":"ENG","playtime":291,"items_purged":["Regret"],"score":47,"play_id":"677ed26b-fc02-4040-9afd-7cda6551a5ee","local_time":"20210220172324","is_ascension_mode":true,"campfire_choices":[{"data":"Phantasmal Killer","floor":6.0,"key":"SMITH"}],"circlet_count":0,"master_deck":["Strike_G","Strike_G","Strike_G","Strike_G","Defend_G","Defend_G","Defend_G","Defend_G","Defend_G","Survivor","Neutralize","Phantasmal Killer+1","Footwork","Cloak And Dagger","Slice","Injury"],"relics":["Ring of the Snake","Golden Idol"],"acts_visited":["Exordium"],"potions_floor_usage":[],"damage_taken":[{"damage":10.0,"enemies":"Jaw Worm","floor":1.0,"turns":7.0},{"damage":0.0,"enemies":"Small Slimes","floor":2.0,"turns":5.0},{"damage":30,"enemies":"3 Sentries","floor":7,"turns":11}],"seed_played":"6057475358981867041","potions_obtained":[],"is_trial":false,"path_per_floor":["M","M","$","?","?","R","E"],"character_chosen":"THE_SILENT","items_purchased":["Slice"],"campfire_rested":0,"item_purchase_floors":[3],"current_hp_per_floor":[60,60,60,53,53,53,23,23],"gold":2,"neow_bonus":"THREE_RARE_CARDS","is_daily":false,"chose_seed":false,"campfire_upgraded":1,"win_rate":0.0,"timestamp":1613841804,"path_taken":["M","M","$","?","?","R","E"],"items_purchased_type":["Card"],"build_version":"2020-12-22","purchased_purges":1,"victory":false,"max_hp_per_floor":[70,70,70,70,70,70,70,70],"card_choices":[{"not_picked":["Wraith Form v2","Glass Knife"],"picked":"Phantasmal Killer","floor":0.0},{"not_picked":["Underhanded Strike","Acrobatics"],"picked":"Footwork","floor":1.0},{"not_picked":["Expertise","Endless Agony"],"picked":"Cloak And Dagger","floor":2.0}],"player_experience":150343,"relics_obtained":[],"event_choices":[{"cards_removed":["Strike_G"],"damage_healed":0.0,"max_hp_gain":0.0,"max_hp_loss":0.0,"gold_gain":0.0,"event_name":"Golden Wing","player_choice":"Card Removal","floor":4.0,"gold_loss":0.0,"damage_taken":7.0},{"damage_healed":0.0,"max_hp_gain":0.0,"max_hp_loss":0.0,"gold_gain":0.0,"event_name":"Golden Idol","player_choice":"Take Wound","floor":5.0,"gold_loss":0.0,"damage_taken":0.0,"relics_obtained":["Golden Idol"],"cards_obtained":["Injury"]}],"is_beta":false,"boss_relics":[],"items_purged_floors":[3],"is_endless":false,"potions_floor_spawned":[],"killed_by":"3 Sentries","ascension_level":4}}