{"host":"7kbs9tkabmhxmc03","time":1613813369,"event":{"mods":["A Magickal Journey","Bartender","BaseMod","BetterRewards","CatGirl Mod","Conspire","Friendly Minions","GifTheSpireLib","Hermit","Hubris","Jedi Mod","Koishi","LagranYue(???·?)","Marisa????????","Minty Spire (QoL Compilation)","Prisma Mod","Railgun Mod","Remilia??????","Replay The Spire","Shapeshifter Mod","StSLib","Td1madao Mod","The Animator","The Blackbeard","The Bladedancer","The Bug Knight","The Construct","The Cursed","The Death Knight","The Disciple","The Dragon Tamer","The Druid","The Gatherer","The Hierophant","The Marked","The Mystic","The Necromancer","The Poker Player","The Runesmith","The Senshi","The Servant 0.9.4","The Vixen","TheBandit","TheFirefly","TheSwordswoman","Waifu the Spire","Yuri Mod"],"gold_per_floor":[116,136,30,30,30,60,60,76,76,76,101,119,3,21,21,119,119,129,129,141,141,12,12,37,53,79,96,96,96,60,77,77,77,77],"floor_reached":33,"language":"ENG","playtime":4455,"items_purged":[],"score":375,"play_id":"9608bb3e-9a32-46d5-b2a0-bbbf698f6588","local_time":"20210220102929","is_ascension_mode":false,"campfire_choices":[{"data":"PrismaMod:ChloeCheapAttack","floor":7,"key":"SMITH"},{"data":"PrismaMod:ChloeDevil","floor":10,"key":"SMITH"},{"floor":15,"key":"REST"},{"data":"PrismaMod:ChloeExhaustOne","floor":23,"key":"SMITH"},{"data":"PrismaMod:ChloeDoubleRelicSpeed","floor":29,"key":"SMITH"},{"floor":32,"key":"DIG"}],"circlet_count":0,"master_deck":["PrismaMod:ChloeCommonAttack","PrismaMod:ChloeCommonAttack","PrismaMod:ChloeCommonAttack","PrismaMod:ChloeCommonAttack","PrismaMod:ChloeCommonAttack","PrismaMod:ChloeCommonDefend","PrismaMod:ChloeCommonDefend","PrismaMod:ChloeCommonDefend","PrismaMod:ChloeCommonDefend","PrismaMod:ChloeCommonDefend","PrismaMod:ChloeCheapAttack+1","PrismaMod:ChloeCheapDefend","PrismaMod:ChloeCheapAttackTwo","PrismaMod:ChloeUncommonAOEAttack","PrismaMod:ChloeDevil+","PrismaMod:ChloeDevil","PrismaMod:ChloeCheapDefendTwo","PrismaMod:ChloeCheapAttackTwo","PrismaMod:ChloeDemonicTutor","PrismaMod:ChloeCaladbolg","PrismaMod:ChloeExhaustOne+1","Finesse","PrismaMod:ChloeCheapDefendTwo","PrismaMod:ChloeCarnivalAttack","AbeCurse","PrismaMod:ChloeMordred+1","Bite","Bite","Bite","Bite","Bite","PrismaMod:ChloeCheapDefend","PrismaMod:ChloeCheapAttackTwo","PrismaMod:ChloeCommonAOEAttack","PrismaMod:ChloeCheapDefend","PrismaMod:ChloeCheapAttackTwo","PrismaMod:ChloeDoubleRelicSpeed+1","PrismaMod:ChloeCaladbolg+1","PrismaMod:ChloeCheapAttackTwo","PrismaMod:ChloeExhaustOne","PrismaMod:ChloeExhaustOne","PrismaMod:ChloeCheapAttack"],"relics":["PrismaMod:PrismaTraceOn","LagranYue:RandomDrawCardRelic","theSenshi:SailorFukuRelic","Mirror","Abe\u0027s Treasure","Bag of Marbles","hubris:ToyBattleship"],"acts_visited":["Exordium","TheCity"],"potions_floor_usage":[],"damage_taken":[{"damage":5,"enemies":"conspire:RoseBush","floor":1,"turns":3},{"damage":2,"enemies":"Jaw Worm","floor":2,"turns":3},{"damage":0,"enemies":"HollowMod:MossKnight","floor":6,"turns":7},{"damage":4,"enemies":"Small Slimes","floor":8,"turns":3},{"damage":21,"enemies":"3 Sentries","floor":11,"turns":10},{"damage":1,"enemies":"Blue Slaver","floor":12,"turns":3},{"damage":13,"enemies":"Lots of Slimes","floor":14,"turns":4},{"damage":35,"enemies":"Fading Forest","floor":16,"turns":11},{"damage":11,"enemies":"2 Thieves","floor":18,"turns":3},{"damage":10,"enemies":"Spheric Guardian","floor":20,"turns":3},{"damage":34,"enemies":"conspire:SneckoGhost","floor":24,"turns":7},{"damage":20,"enemies":"Snecko","floor":25,"turns":5},{"damage":8,"enemies":"conspire:HollyBat","floor":27,"turns":8},{"damage":5,"enemies":"Cultist and Chosen","floor":31,"turns":5},{"damage":64,"enemies":"hubris:MusketHawk","floor":33,"turns":6}],"seed_played":"-5892299456282557723","potions_obtained":[{"floor":6,"key":"FearPotion"},{"floor":8,"key":"Swift Potion"},{"floor":11,"key":"Explosive Potion"},{"floor":14,"key":"PowerPotion"},{"floor":20,"key":"Energy Potion"},{"floor":25,"key":"PowerPotion"}],"is_trial":false,"path_per_floor":["M","M","$","?","$","E","R","M","T","R","E","M","$","M","R","B",null,"M","?","M","?","$","R","E","M","T","M","?","R","$","M","R","B"],"character_chosen":"CHLOE","items_purchased":["PrismaMod:ChloeDevil","PrismaMod:ChloeExhaustOne","Finesse","PrismaMod:ChloeCommonAOEAttack","PrismaMod:ChloeCheapDefend","PrismaMod:ChloeCheapAttackTwo","PrismaMod:ChloeExhaustOne"],"campfire_rested":1,"item_purchase_floors":[3,13,13,22,22,22,30],"current_hp_per_floor":[77,75,75,75,75,79,79,77,77,77,62,63,63,54,78,59,82,75,57,49,49,49,49,31,28,28,34,34,34,34,37,37,0,0],"gold":77,"neow_bonus":"TEN_PERCENT_HP_BONUS","is_daily":false,"chose_seed":false,"campfire_upgraded":4,"win_rate":0.0,"timestamp":1613813369,"path_taken":["M","M","$","?","$","E","R","M","T","R","E","M","$","M","R","BOSS","M","?","M","?","$","R","E","M","T","M","?","R","$","M","R","BOSS"],"items_purchased_type":["Card","Card","Card","Card","Card","Card","Card"],"build_version":"2020-12-22","purchased_purges":0,"victory":false,"max_hp_per_floor":[82,82,82,82,82,82,82,82,82,82,82,82,82,82,82,82,82,82,57,57,57,57,57,57,57,57,57,57,57,57,57,57,57,57],"card_choices":[{"not_picked":["PrismaMod:ChloeCheapAttack","PrismaMod:ChloeCheapDefendTwo"],"picked":"PrismaMod:ChloeCheapAttackTwo","floor":1},{"not_picked":["PrismaMod:ChloeDemonicTutor","PrismaMod:ChloeEyeOfTheEuryale"],"picked":"PrismaMod:ChloeUncommonAOEAttack","floor":2},{"not_picked":["PrismaMod:ChloeCarnivalDefend","PrismaMod:ChloeMordred"],"picked":"PrismaMod:ChloeCheapDefendTwo","floor":6},{"not_picked":["PrismaMod:ChloeDiscardRecovery","PrismaMod:ChloeExhaustOne"],"picked":"PrismaMod:ChloeCheapAttackTwo","floor":8},{"not_picked":["PrismaMod:ChloeUncommonDefend","PrismaMod:ChloeAnyUncommonTrace"],"picked":"PrismaMod:ChloeDemonicTutor","floor":11},{"not_picked":["PrismaMod:ChloeUncommonDefend","PrismaMod:ChloeRitsuka"],"picked":"PrismaMod:ChloeCaladbolg","floor":12},{"not_picked":["PrismaMod:ChloeCommonAOEAttack","PrismaMod:ChloeCheapAttackTwo"],"picked":"PrismaMod:ChloeCheapDefendTwo","floor":14},{"not_picked":["PrismaMod:ChloeCarnivalDefend","PrismaMod:ChloeDevil"],"picked":"PrismaMod:ChloeCarnivalAttack","floor":16},{"not_picked":["PrismaMod:ChloeUncommonAOEAttack","PrismaMod:ChloeExhaustOne"],"picked":"PrismaMod:ChloeMordred+1","floor":18},{"not_picked":["PrismaMod:ChloeExhaustOne","PrismaMod:ChloeCommonAOEAttack"],"picked":"PrismaMod:ChloeCheapDefend","floor":20},{"not_picked":["PrismaMod:ChloeCommonAOEAttack","PrismaMod:ChloeCheapAttackTwo"],"picked":"PrismaMod:ChloeDoubleRelicSpeed","floor":24},{"not_picked":["PrismaMod:ChloeDiscardRecovery","PrismaMod:ChloeCheapAttackTwo"],"picked":"PrismaMod:ChloeCaladbolg+1","floor":25},{"not_picked":["PrismaMod:ChloeCommonAOEAttack","PrismaMod:ChloeChristmas"],"picked":"PrismaMod:ChloeCheapAttackTwo","floor":27},{"not_picked":["PrismaMod:ChloeBetterTracePools","PrismaMod:ChloeCheapAttackTwo"],"picked":"PrismaMod:ChloeCheapAttack","floor":31}],"player_experience":54210,"relics_obtained":[{"floor":6,"key":"theSenshi:SailorFukuRelic"},{"floor":9,"key":"Mirror"},{"floor":24,"key":"Bag of Marbles"},{"floor":32,"key":"hubris:ToyBattleship"}],"event_choices":[{"damage_healed":0,"gold_gain":0,"player_choice":"Disagree","damage_taken":0,"max_hp_gain":0,"max_hp_loss":0,"event_name":"conspire:LoneGhost","floor":4,"gold_loss":0},{"damage_healed":0,"gold_gain":0,"player_choice":"Became a vampire","damage_taken":0,"max_hp_gain":0,"max_hp_loss":25,"event_name":"Vampires","floor":19,"gold_loss":0,"cards_obtained":["Bite","Bite","Bite","Bite","Bite"]},{"damage_healed":0,"gold_gain":0,"player_choice":"Ignored","damage_taken":0,"max_hp_gain":0,"max_hp_loss":0,"event_name":"Ghosts","floor":28,"gold_loss":0}],"is_beta":false,"boss_relics":[{"not_picked":["conspire:SeveredTorchhead","SacredBark"],"picked":"Abe\u0027s Treasure"}],"items_purged_floors":[],"is_endless":false,"potions_floor_spawned":[6,8,11,12,14,20,25],"killed_by":"hubris:MusketHawk","ascension_level":0}}