{"host":"nsiiwrl41ak9l0n5","time":1613815550,"event":{"mods":["BaseMod","Better Altar","Better Match","Better Note","Better Sensory Stone","Better Skull","BetterRewards","Colored Map","Colored Powertips","Downfall","Emptier Cage","GifTheSpireLib","HexUI Lib","Highlight Path","MarisaÅiñ∂âJÅ@ñÇóùçπÅj","Minty Spire (QoL Compilation)","Permanent Neow","Quick Restart","Rare Cards Sparkle","Relic Sorter","SacredBarkPlus","StSLib","The Animator","The Cursed","The Servant 0.9.4"],"gold_per_floor":[99,117,132,149,249,267,267,267,267,282,310,325,325,338,357,455,455,455,475,224,242,71,71,143,156,185,185,196,196,196,208,226,326,326,326,346,24,24,34,34,34,68,85,85,70,104,4,33,51,51,51,51],"floor_reached":50,"language":"ENG","playtime":10906,"items_purged":[],"score":581,"play_id":"5254aef1-f8db-45fa-9e7c-10ae1ec92bf1","local_time":"20210220200550","is_ascension_mode":false,"campfire_choices":[{"data":"Slimebound:CorrosiveSpit","floor":1,"key":"SMITH"},{"data":"Slimebound:HauntingLick","floor":13,"key":"SMITH"},{"data":"Slimebound:SlimeSlap","floor":18,"key":"SMITH"},{"data":"Slimebound:Repurpose","floor":29,"key":"SMITH"},{"data":"Slimebound:OozeBath","floor":35,"key":"SMITH"},{"floor":40,"key":"REST"},{"floor":47,"key":"REST"}],"circlet_count":0,"master_deck":["Slimebound:Strike_Slimebound","Slimebound:Strike_Slimebound","Slimebound:Strike_Slimebound","Slimebound:Tackle","Slimebound:Defend_Slimebound","Slimebound:Defend_Slimebound","Slimebound:Defend_Slimebound","Slimebound:Defend_Slimebound","Slimebound:Split","Slimebound:CorrosiveSpit+1","Slimebound:GrowthPunch","Slimebound:LivingWall","Slimebound:GoopSpray","Slimebound:Repurpose+1","Slimebound:Prepare","Slimebound:SplitBruiser","Slimebound:HauntingLick+1","Slimebound:SlimeSpikes","Slimebound:PressTheAttack","Slimebound:AcidTongue","Slimebound:Gluttony+1","Slimebound:LeechingTouch","Slimebound:SamplingLick","Slimebound:SamplingLick","Slimebound:Gluttony+1","Slimebound:Schlurp+1","Slimebound:OozeBath+1","Madness+1","Slimebound:SamplingLick+1","Slimebound:RainOfGoop+1","Slimebound:OozeBath","Slimebound:Darklings","Slimebound:Schlurp+1"],"relics":["Slimebound:AbsorbEndCombatUpgraded","Ginger","Pocketwatch","Slimebound:TarBlob","Bag of Preparation","Strange Spoon","Darkstone Periapt","Smiling Mask","Singing Bowl","Bronze Scales","Strawberry","The Courier","Mummified Hand","Eternal Feather","downfall:HeartBlessingGreen","Frozen Egg 2"],"acts_visited":["Exordium","TheCity","TheBeyond"],"potions_floor_usage":[16,16,26,33,33,33,50,50],"damage_taken":[{"damage":0,"enemies":"Small Slimes","floor":2,"turns":4},{"damage":1,"enemies":"2 Louse","floor":3,"turns":2},{"damage":1,"enemies":"Cultist","floor":4,"turns":3},{"damage":9,"enemies":"Lots of Slimes","floor":6,"turns":5},{"damage":0,"enemies":"3 Louse","floor":10,"turns":3},{"damage":1,"enemies":"Lagavulin","floor":11,"turns":7},{"damage":2,"enemies":"Blue Slaver","floor":12,"turns":3},{"damage":1,"enemies":"2 Fungi Beasts","floor":14,"turns":3},{"damage":0,"enemies":"3 Louse","floor":15,"turns":2},{"damage":29,"enemies":"WA_ARCHETYPE_RETAIN","floor":16,"turns":8},{"damage":6,"enemies":"3 Byrds","floor":19,"turns":4},{"damage":0,"enemies":"downfall:FleeingMerchant","floor":20,"turns":4},{"damage":5,"enemies":"Spheric Guardian","floor":21,"turns":4},{"damage":3,"enemies":"downfall:FleeingMerchant","floor":22,"turns":4},{"damage":0,"enemies":"Centurion and Healer","floor":25,"turns":7},{"damage":15,"enemies":"Book of Stabbing","floor":26,"turns":5},{"damage":7,"enemies":"Shelled Parasite and Fungi","floor":28,"turns":5},{"damage":8,"enemies":"Snecko","floor":31,"turns":5},{"damage":0,"enemies":"3 Cultists","floor":32,"turns":3},{"damage":34,"enemies":"IC_MUSHROOM_ARCHETYPE","floor":33,"turns":8},{"damage":0,"enemies":"Orb Walker","floor":36,"turns":3},{"damage":12,"enemies":"downfall:FleeingMerchant","floor":37,"turns":4},{"damage":12,"enemies":"3 Shapes","floor":39,"turns":4},{"damage":21,"enemies":"Nemesis","floor":42,"turns":11},{"damage":9,"enemies":"3 Darklings","floor":43,"turns":5},{"damage":15,"enemies":"downfall:FleeingMerchant","floor":45,"turns":4},{"damage":49,"enemies":"Giant Head","floor":46,"turns":8},{"damage":1,"enemies":"Nemesis","floor":48,"turns":6},{"damage":15,"enemies":"Maw","floor":49,"turns":7},{"damage":174,"enemies":"SI_POISON_ARCHETYPE","floor":50,"turns":7}],"seed_played":"-449291971200680734","potions_obtained":[{"floor":2,"key":"AttackPotion"},{"floor":3,"key":"bronze:BurnAndBuffPotion"},{"floor":11,"key":"Slimebound:SlimedPotion"},{"floor":21,"key":"EssenceOfSteel"},{"floor":25,"key":"LiquidBronze"},{"floor":28,"key":"BlessingOfTheForge"},{"floor":31,"key":"champ:CounterPotion"},{"floor":39,"key":"FearPotion"},{"floor":42,"key":"FairyPotion"},{"floor":48,"key":"Slimebound:SlimyTonguePotion"}],"is_trial":false,"path_per_floor":["R","M","M","M","?","M","T","?","?","M","E","M","R","M","M","B",null,"R","M","$","M","$","?","T","M","E","T","M","R","?","M","M","B",null,"R","M","$","?","M","R","T","E","M","?","$","E","R","E","M","B"],"character_chosen":"SLIMEBOUND","items_purchased":["Slimebound:Gluttony","Bag of Preparation","Strange Spoon","Bronze Scales","Strawberry"],"campfire_rested":2,"item_purchase_floors":[20,20,22,37,37],"current_hp_per_floor":[71,71,70,71,71,68,68,68,68,71,71,71,71,71,71,46,71,71,65,71,70,71,71,71,71,62,62,65,65,57,57,67,41,75,75,77,77,60,63,86,86,74,80,80,82,41,86,90,89,0,0,0],"gold":51,"neow_bonus":"TEN_PERCENT_HP_BONUS","is_daily":false,"chose_seed":false,"campfire_upgraded":5,"win_rate":0.0,"timestamp":1613815550,"path_taken":["R","M","M","M","?","M","T","?","?","M","E","M","R","?","M","BOSS","R","M","?","M","$","?","T","M","E","?","M","R","?","M","M","BOSS","R","M","$","?","M","R","T","E","M","?","$","E","R","E","M","BOSS"],"items_purchased_type":["Card","Relic","Relic","Relic","Relic"],"build_version":"2020-12-22","purchased_purges":0,"victory":false,"max_hp_per_floor":[71,71,71,71,71,71,71,71,71,71,71,71,71,71,71,71,71,71,71,71,71,71,71,71,71,71,71,73,73,73,73,75,75,75,75,77,86,86,86,86,86,86,86,86,88,90,90,90,92,92,92,92],"card_choices":[{"not_picked":["Slimebound:HauntingLick","Slimebound:FinishingTackle"],"picked":"Slimebound:GrowthPunch","floor":2},{"not_picked":["Slimebound:SamplingLick","Slimebound:RollThrough"],"picked":"Slimebound:LivingWall","floor":3},{"not_picked":["Slimebound:LeechingTouch","Slimebound:SpikyOuterGoop"],"picked":"Slimebound:GoopSpray","floor":4},{"not_picked":["Slimebound:SlimeBarrage","Slimebound:ProtectTheBoss"],"picked":"Slimebound:Repurpose","floor":6},{"not_picked":["Slimebound:LivingWall","Slimebound:SplitAcid"],"picked":"Slimebound:Prepare","floor":10},{"not_picked":["Slimebound:Grow","Slimebound:LivingWall"],"picked":"Slimebound:SplitBruiser","floor":11},{"not_picked":["Slimebound:ComboTackle","Slimebound:SlimeSpikes"],"picked":"Slimebound:HauntingLick","floor":12},{"not_picked":["Slimebound:RollThrough","Slimebound:HauntingLick","Slimebound:GoopSpray"],"picked":"SKIP","floor":14},{"not_picked":["Slimebound:Grow","Slimebound:LivingWall"],"picked":"Slimebound:SlimeSpikes","floor":15},{"not_picked":["Slimebound:WasteNot","Slimebound:FirmFortitude"],"picked":"Slimebound:SlimeSlap","floor":16},{"not_picked":["Slimebound:SplitAcid","Slimebound:SplitBruiser"],"picked":"Slimebound:PressTheAttack","floor":19},{"not_picked":["Slimebound:Chomp+1","Slimebound:BestDefense"],"picked":"Slimebound:AcidTongue","floor":20},{"not_picked":["Slimebound:ItLooksTasty","Slimebound:LivingWall"],"picked":"Slimebound:LeechingTouch","floor":21},{"not_picked":["Slimebound:SplitBruiser","Slimebound:SplitAcid","Slimebound:SlimeSpikes"],"picked":"SKIP","floor":22},{"not_picked":["Slimebound:RollThrough","Slimebound:FirmFortitude"],"picked":"Slimebound:SamplingLick","floor":25},{"not_picked":["Slimebound:AcidTongue","Slimebound:Chomp"],"picked":"Slimebound:Gluttony+1","floor":26},{"not_picked":["Slimebound:GoopSpray","Slimebound:SlimeBarrage","Slimebound:TongueLash"],"picked":"Singing Bowl","floor":28},{"not_picked":["Slimebound:SplitAcid","Slimebound:SlimeSpikes"],"picked":"Slimebound:Schlurp+1","floor":31},{"not_picked":["Slimebound:LevelUp","Slimebound:SlimeBrawl","Slimebound:GoopTackle+1"],"picked":"Singing Bowl","floor":32},{"not_picked":["Slimebound:FirmFortitude","Slimebound:WasteNot"],"picked":"Slimebound:OozeBath","floor":33},{"not_picked":["Slimebound:SamplingLick","Slimebound:Dissolve+1","Slimebound:HauntingLick+1"],"picked":"Singing Bowl","floor":36},{"not_picked":["Slimebound:ForwardTackle","Slimebound:RollThrough+1","Slimebound:Gluttony+1"],"picked":"Singing Bowl","floor":37},{"not_picked":["Slimebound:HauntingLick","Slimebound:SlimeSpikes+1"],"picked":"Slimebound:SamplingLick+1","floor":39},{"not_picked":["Slimebound:SplitAcid+1","Slimebound:LevelUp+1"],"picked":"Slimebound:RainOfGoop+1","floor":42},{"not_picked":["Slimebound:LivingWall+1","Slimebound:ItLooksTasty+1"],"picked":"Slimebound:OozeBath","floor":43},{"not_picked":["Slimebound:GoopSpray+1","Slimebound:SlimeSpikes","Slimebound:SplitBruiser"],"picked":"Singing Bowl","floor":45},{"not_picked":["Slimebound:SlimeSpikes","Slimebound:OneTwoCombo","Slimebound:SamplingLick"],"picked":"Singing Bowl","floor":46},{"not_picked":["Slimebound:SplitLeeching","Slimebound:SplitAcid+1"],"picked":"Slimebound:Schlurp+1","floor":48},{"not_picked":["Slimebound:SplitLeeching+1","Slimebound:SlimeTap","Slimebound:ComboTackle+1"],"picked":"Singing Bowl","floor":49}],"player_experience":175208,"relics_obtained":[{"floor":7,"key":"Ginger"},{"floor":11,"key":"Pocketwatch"},{"floor":24,"key":"Darkstone Periapt"},{"floor":26,"key":"Smiling Mask"},{"floor":27,"key":"Singing Bowl"},{"floor":41,"key":"The Courier"},{"floor":42,"key":"Mummified Hand"},{"floor":46,"key":"Eternal Feather"},{"floor":48,"key":"Frozen Egg 2"}],"event_choices":[{"damage_healed":0,"gold_gain":3,"player_choice":"2","damage_taken":0,"max_hp_gain":0,"max_hp_loss":17,"event_name":"betterStone:BetterStone","floor":38,"gold_loss":0}],"is_beta":false,"boss_relics":[{"not_picked":["Fusion Hammer","Snecko Eye"],"picked":"Slimebound:TarBlob"},{"not_picked":["Busted Crown","Calling Bell"],"picked":"Slimebound:AbsorbEndCombatUpgraded"}],"items_purged_floors":[],"is_endless":false,"potions_floor_spawned":[2,3,11,12,21,25,28,31,39,42,48,49],"killed_by":"SI_POISON_ARCHETYPE","ascension_level":0}}