{"host":"17hbxmotjlknbpr0","time":1613806841,"event":{"mods":["Act Like it!","BaseMod","BetterRewards","Chat Monstrosity","Colored Powertips","Conspire","Downfall","Friendly Minions","FruityMod","Googly Eyes","GungeonMod","Hallownest","Hermit","Hero for Fun","HololiveMod","Hubris","Infinite Spire","Jorbs\u0027s Wanderer Trilogy","Lobotomy","Marisa????????","Mimic Mod","Minty Spire (QoL Compilation)","Pikachu Mod","READ ME - Snecko Mod","Random Character Button","Rare Cards Sparkle","RatMod","Shop Mod","Small Relic Pack","Somnambulant","StSLib","SuperFastMode","Td1madao Mod","The Bladedancer","The Blue Laboratory","The Bug Knight","The Clintock","The Construct","The Cursed","The Disciple","The Forsaken","The Hierophant","The IronCluck","The Mystic","The Necromancer","The Poker Player","The Problem Sleuth","The Runesmith","The Sage","The Saiyan","The Senshi","The Wild Card","Trackpad","Yuri Mod","egg","thorton"],"gold_per_floor":[99,111,121,132,132,146,226,240,40,40,50,80,80,80,99,200,200,200,210,224,237,51,51,82,97,131,145,145,145,145,17,36,36,36,36],"floor_reached":33,"language":"ENG","playtime":2015,"items_purged":["Slimebound:Defend_Slimebound"],"score":286,"play_id":"7e08ae8d-46e8-464b-8dcc-084577d3c7b5","local_time":"20210220024041","is_ascension_mode":false,"campfire_choices":[{"floor":1,"key":"RECALL"},{"floor":9,"key":"REST"},{"data":"Slimebound:CorrosiveSpit","floor":13,"key":"SMITH"},{"data":"Slimebound:LevelUp","floor":18,"key":"SMITH"},{"data":"Slimebound:AcidTongue","floor":23,"key":"SMITH"},{"floor":28,"key":"REST"},{"floor":30,"key":"REST"}],"circlet_count":0,"master_deck":["Slimebound:Strike_Slimebound","Slimebound:Strike_Slimebound","Slimebound:Strike_Slimebound","Slimebound:Defend_Slimebound","Slimebound:Defend_Slimebound","Slimebound:Defend_Slimebound","Slimebound:Split+1","Slimebound:CorrosiveSpit+1","Slimebound:LeechEnergy","Slimebound:LeechEnergy","Slimebound:SplitLeeching","Slimebound:LevelUp+1","Slimebound:DisruptingSlam","Iron Wave","Slimebound:Prepare","Slimebound:Equalize","Slimebound:DuplicatedForm","Slimebound:ProtectTheBoss","Slimebound:RejuvenatingLick","Slimebound:ItLooksTasty","Slimebound:SplitLeeching+1","Slimebound:AcidTongue+1","Madness","Slimebound:SamplingLick","Slimebound:SpikyOuterGoop+1","Slimebound:SlimeTap","Slimebound:SamplingLick","Bandage Up","Slimebound:MinionMaster","Slimebound:SplitBruiser","Slimebound:Nibble","Slimebound:Schlurp"],"relics":["Slimebound:AbsorbEndCombat","downfall:HeartBlessingRed","downfall:HeartBlessingBlue","Tiny Chest","Lantern","conspire:SpecialSausage","White Beast Statue","conspire:Dentures"],"acts_visited":["Exordium","TheCity"],"potions_floor_usage":[16,21,33,33],"damage_taken":[{"damage":8,"enemies":"Cultist","floor":2,"turns":4},{"damage":3,"enemies":"Small Slimes","floor":3,"turns":3},{"damage":10,"enemies":"conspire:RoseBush","floor":4,"turns":2},{"damage":8,"enemies":"downfall:LooterAlt","floor":6,"turns":3},{"damage":15,"enemies":"Red Slaver","floor":8,"turns":3},{"damage":7,"enemies":"Exordium Wildlife","floor":11,"turns":3},{"damage":0,"enemies":"Lots of Slimes","floor":12,"turns":5},{"damage":4,"enemies":"Lots of Slimes","floor":15,"turns":3},{"damage":31,"enemies":"DF_ARCHETYPE_STREAMLINE","floor":16,"turns":9},{"damage":33,"enemies":"Spheric Guardian","floor":19,"turns":4},{"damage":6,"enemies":"Shell Parasite","floor":20,"turns":5},{"damage":22,"enemies":"Cultist and Chosen","floor":21,"turns":7},{"damage":20,"enemies":"downfall:FleeingMerchant","floor":22,"turns":4},{"damage":16,"enemies":"Snecko","floor":24,"turns":6},{"damage":20,"enemies":"Snecko","floor":25,"turns":4},{"damage":79,"enemies":"Gremlin Leader","floor":26,"turns":7},{"damage":15,"enemies":"Centurion and Healer","floor":27,"turns":4},{"damage":12,"enemies":"downfall:FleeingMerchant","floor":31,"turns":4},{"damage":27,"enemies":"Shelled Parasite and Fungi","floor":32,"turns":5},{"damage":93,"enemies":"WA_ARCHETYPE_CALM","floor":33,"turns":12}],"seed_played":"-1808061911246074969","potions_obtained":[{"floor":3,"key":"blueLaboratory:FrostheartPotion"},{"floor":4,"key":"champ:CounterPotion"},{"floor":8,"key":"FearPotion"},{"floor":11,"key":"SkillPotion"},{"floor":19,"key":"blueLaboratory:StoneskinPotion"},{"floor":21,"key":"blueLaboratory:HorrorPotion"}],"is_trial":false,"path_per_floor":["R","M","M","M","?","M","T","M","R","?","M","MIM","R","$","M","B",null,"R","M","M","M","$","R","MIM","M","E","M","R","?","R","$","M","B"],"character_chosen":"SLIMEBOUND","items_purchased":["Lantern","Slimebound:AcidTongue","Madness","Slimebound:Nibble"],"campfire_rested":3,"item_purchase_floors":[14,22,22,31],"current_hp_per_floor":[71,65,64,58,58,50,50,37,71,71,64,68,68,58,54,35,81,81,63,67,57,68,68,81,80,16,17,41,41,65,71,64,0,0,0],"gold":36,"neow_bonus":"TEN_PERCENT_HP_BONUS","is_daily":false,"chose_seed":false,"campfire_upgraded":3,"win_rate":0.0,"timestamp":1613806841,"path_taken":["R","M","M","?","?","?","T","M","R","?","?","?","R","?","M","BOSS","R","M","M","M","$","R","MIM","M","E","M","R","?","R","$","M","BOSS"],"items_purchased_type":["Card","Card","Card","Card"],"build_version":"2020-12-22","purchased_purges":1,"victory":false,"max_hp_per_floor":[71,71,71,71,71,71,71,71,81,81,81,81,81,81,81,81,81,81,81,81,81,81,81,81,81,81,81,81,81,81,81,81,81,81,81],"card_choices":[{"not_picked":["Slimebound:SamplingLick","Slimebound:SplitAcid"],"picked":"Slimebound:LeechEnergy","floor":2},{"not_picked":["Slimebound:SplitBruiser","Slimebound:Replication"],"picked":"Slimebound:LeechEnergy","floor":3},{"not_picked":["Slimebound:LeechingTouch","Slimebound:GoopTackle"],"picked":"Slimebound:SplitLeeching","floor":4},{"not_picked":["Slimebound:MinionMaster","Slimebound:SplitLeeching"],"picked":"Slimebound:LevelUp","floor":6},{"not_picked":["Slimebound:GrowthPunch","Slimebound:FinishingTackle"],"picked":"Slimebound:DisruptingSlam","floor":8},{"not_picked":["Slimebound:ItLooksTasty","Slimebound:SplitLeeching","Slimebound:ComboTackle"],"picked":"SKIP","floor":11},{"not_picked":["Slimebound:GoopTackle","Slimebound:Equalize"],"picked":"Slimebound:Prepare","floor":12},{"not_picked":["Slimebound:LeechingTouch","Slimebound:FlameTackle"],"picked":"Slimebound:Equalize","floor":15},{"not_picked":["Slimebound:PrepareCrush","Slimebound:SelfFormingGoo"],"picked":"Slimebound:DuplicatedForm","floor":16},{"not_picked":["Slimebound:LeechingTouch","Slimebound:Nibble"],"picked":"Slimebound:ProtectTheBoss","floor":19},{"not_picked":["Slimebound:RollThrough+1","Slimebound:Prepare"],"picked":"Slimebound:RejuvenatingLick","floor":20},{"not_picked":["Slimebound:Equalize","Slimebound:LeechEnergy+1"],"picked":"Slimebound:ItLooksTasty","floor":21},{"not_picked":["Slimebound:LeechEnergy","Slimebound:Chomp"],"picked":"Slimebound:SplitLeeching+1","floor":22},{"not_picked":["Slimebound:GoopTackle","Slimebound:WasteNot"],"picked":"Slimebound:SamplingLick","floor":24},{"not_picked":["Slimebound:RainOfGoop","Slimebound:LivingWall"],"picked":"Slimebound:SpikyOuterGoop+1","floor":25},{"not_picked":["Slimebound:SplitBruiser+1","Slimebound:ItLooksTasty"],"picked":"Slimebound:SlimeTap","floor":26},{"not_picked":["Slimebound:RollThrough","Slimebound:SlimeTap","Slimebound:GoopTackle"],"picked":"SKIP","floor":27},{"not_picked":["Slimebound:LivingWall","Slimebound:RejuvenatingLick+1"],"picked":"Slimebound:SplitBruiser","floor":31},{"not_picked":["Slimebound:SplitBruiser+1","Slimebound:MassFeed"],"picked":"Slimebound:Schlurp","floor":32}],"player_experience":160911,"relics_obtained":[{"floor":12,"key":"Tiny Chest"},{"floor":24,"key":"White Beast Statue"},{"floor":26,"key":"conspire:Dentures"}],"event_choices":[{"damage_healed":0,"gold_gain":0,"player_choice":"Forge","damage_taken":0,"max_hp_gain":0,"max_hp_loss":0,"event_name":"Accursed Blacksmith","floor":5,"gold_loss":0,"cards_upgraded":["Slimebound:Split"]},{"cards_removed":["Slimebound:Tackle"],"damage_healed":0,"gold_gain":0,"player_choice":"Took Card","damage_taken":0,"max_hp_gain":0,"max_hp_loss":0,"event_name":"NoteForYourself","floor":10,"gold_loss":0,"cards_obtained":["Iron Wave"]}],"is_beta":false,"boss_relics":[{"not_picked":["Black Star","construct:WeddingRing"],"picked":"conspire:SpecialSausage"}],"items_purged_floors":[31],"is_endless":false,"potions_floor_spawned":[3,4,8,11,19,21,25,26,27,31,32],"killed_by":"WA_ARCHETYPE_CALM","ascension_level":0}}