{"host":"7rmsgc3rayi00cdt","time":1613831522,"event":{"mods":["BaseMod","Minty Spire (QoL Compilation)"],"gold_per_floor":[109,184,198,198,211,211,229,229,229,258,258,37,37,70,70,173,173,192,192,212,212,311,311,311,311],"floor_reached":24,"language":"ENG","playtime":567,"items_purged":[],"score":415,"play_id":"15fbd1fe-e6f2-4e86-bdce-f1aca1aea51a","local_time":"20210220143202","is_ascension_mode":true,"campfire_choices":[{"data":"Bash","floor":6,"key":"SMITH"},{"data":"Metamorphosis","floor":8,"key":"SMITH"},{"floor":11,"key":"REST"},{"data":"Flex","floor":13,"key":"SMITH"},{"floor":15,"key":"REST"},{"data":"Bite","floor":23,"key":"SMITH"}],"circlet_count":0,"master_deck":["AscendersBane","Defend_R","Defend_R","Defend_R","Defend_R","Bash+1","Metamorphosis+1","Battle Trance","Wild Strike","Sword Boomerang","Flex+1","Evolve+1","Fire Breathing+1","True Grit+1","Bite","Bite+1","Bite","Bite","Bite"],"relics":["Burning Blood","Spirit Poop","Juzu Bracelet","Frozen Egg 2","Happy Flower","Mark of Pain"],"acts_visited":["Exordium","TheCity"],"potions_floor_usage":[10,16,20,24,24,24],"damage_taken":[{"damage":11,"enemies":"Jaw Worm","floor":1,"turns":5},{"damage":13,"enemies":"Cultist","floor":3,"turns":5},{"damage":0,"enemies":"Small Slimes","floor":5,"turns":3},{"damage":15,"enemies":"Red Slaver","floor":7,"turns":3},{"damage":20,"enemies":"Lagavulin","floor":10,"turns":4},{"damage":26,"enemies":"Gremlin Nob","floor":14,"turns":4},{"damage":2,"enemies":"Slime Boss","floor":16,"turns":4},{"damage":28,"enemies":"Shell Parasite","floor":18,"turns":4},{"damage":6,"enemies":"Spheric Guardian","floor":20,"turns":3},{"damage":68,"enemies":"Slavers","floor":24,"turns":4}],"seed_played":"-5448931482096086950","potions_obtained":[{"floor":5,"key":"SmokeBomb"},{"floor":7,"key":"SkillPotion"},{"floor":14,"key":"Swift Potion"},{"floor":16,"key":"Fire Potion"},{"floor":19,"key":"EntropicBrew"}],"is_trial":false,"path_per_floor":["M","?","M","?","M","R","M","R","T","E","R","$","R","E","R","B",null,"M","?","M","?","?","R","E"],"character_chosen":"IRONCLAD","items_purchased":["Evolve+1","Happy Flower"],"campfire_rested":2,"item_purchase_floors":[12,12],"current_hp_per_floor":[67,56,49,49,55,55,46,46,46,32,56,56,56,36,60,66,77,57,57,59,59,59,59,0,0],"gold":311,"neow_bonus":"RANDOM_COLORLESS_2","is_daily":false,"chose_seed":false,"campfire_upgraded":4,"win_rate":0.0,"timestamp":1613831522,"path_taken":["M","?","M","?","?","R","M","R","T","E","R","$","R","E","R","BOSS","M","?","M","?","?","R","E"],"items_purchased_type":["Card","Relic"],"build_version":"2020-12-22","purchased_purges":0,"victory":false,"max_hp_per_floor":[80,80,80,80,80,80,80,80,80,80,80,80,80,80,80,80,80,80,80,80,80,80,80,80,80],"card_choices":[{"not_picked":["Transmutation","Chrysalis"],"picked":"Metamorphosis","floor":0},{"not_picked":["Dual Wield","Infernal Blade"],"picked":"Battle Trance","floor":1},{"not_picked":["Heavy Blade","Entrench"],"picked":"Wild Strike","floor":3},{"not_picked":["Pommel Strike","Thunderclap"],"picked":"Sword Boomerang","floor":5},{"not_picked":["Havoc","Sword Boomerang"],"picked":"Flex","floor":7},{"not_picked":["Feel No Pain+1","Iron Wave","Battle Trance"],"picked":"SKIP","floor":10},{"not_picked":["Fiend Fire","Iron Wave"],"picked":"Fire Breathing+1","floor":14},{"not_picked":["Perfected Strike+1","Clothesline","Rampage"],"picked":"SKIP","floor":18},{"not_picked":["Clothesline","Power Through"],"picked":"True Grit+1","floor":20}],"player_experience":830624,"relics_obtained":[{"floor":9,"key":"Juzu Bracelet"},{"floor":10,"key":"Frozen Egg 2"},{"floor":14,"key":"Blood Vial"}],"event_choices":[{"damage_healed":0,"gold_gain":75,"player_choice":"Gather Gold","damage_taken":11,"max_hp_gain":0,"max_hp_loss":0,"event_name":"World of Goop","floor":2,"gold_loss":0},{"cards_removed":["Regret"],"damage_healed":0,"gold_gain":0,"player_choice":"Offered Curse","damage_taken":0,"relics_obtained":["Spirit Poop"],"max_hp_gain":0,"max_hp_loss":0,"event_name":"Bonfire Elementals","floor":4,"gold_loss":0},{"damage_healed":0,"gold_gain":0,"player_choice":"Got Potions","damage_taken":0,"max_hp_gain":0,"max_hp_loss":0,"event_name":"Lab","floor":19,"gold_loss":0},{"damage_healed":0,"gold_gain":0,"player_choice":"Became a vampire (Vial)","damage_taken":0,"max_hp_gain":0,"max_hp_loss":0,"event_name":"Vampires","floor":21,"relics_lost":["Blood Vial"],"gold_loss":0,"cards_obtained":["Bite","Bite","Bite","Bite","Bite"]},{"damage_healed":0,"gold_gain":99,"player_choice":"Stole From Cult","damage_taken":0,"max_hp_gain":0,"max_hp_loss":0,"event_name":"Nest","floor":22,"gold_loss":0}],"is_beta":false,"boss_relics":[{"not_picked":["SlaversCollar","Astrolabe"],"picked":"Mark of Pain"}],"items_purged_floors":[],"is_endless":false,"potions_floor_spawned":[5,7,14,16],"killed_by":"Slavers","ascension_level":11}}