{"host":"uv231blk40vjdojr","time":1613828081,"event":{"mods":["BaseMod","Minty Spire (QoL Compilation)","Relic Stats","ojb\u0027s Info Mod"],"gold_per_floor":[115,131,145,95,115,115,146,160,210,245,245,257,283,302,302,401,401,414,414,66,66,76,107,107,122,148,148,179,32,44,60,60,156,156,169,0,54,54,69,69,100,100,100,100,135,155,175,203,215,227,239,251,108,143,143],"floor_reached":56,"language":"ENG","playtime":2860,"items_purged":["Shame"],"score":1914,"play_id":"f191997f-ba63-4cf2-8272-0875e16298af","local_time":"20210220143441","is_ascension_mode":true,"campfire_choices":[{"data":"Eruption","floor":6,"key":"SMITH"},{"data":"Wallop","floor":11,"key":"SMITH"},{"data":"Indignation","floor":15,"key":"SMITH"},{"data":"Vault","floor":24,"key":"SMITH"},{"data":"Fasting2","floor":27,"key":"SMITH"},{"data":"Meditate","floor":32,"key":"SMITH"},{"data":"LikeWater","floor":40,"key":"SMITH"},{"data":"Brilliance","floor":42,"key":"SMITH"},{"floor":44,"key":"RECALL"},{"data":"WheelKick","floor":49,"key":"SMITH"},{"data":"ReachHeaven","floor":52,"key":"SMITH"}],"circlet_count":0,"master_deck":["Defend_P","Defend_P","Eruption+1","Vigilance","CutThroughFate+1","Swivel+1","BowlingBash","Indignation+1","ReachHeaven+1","DevaForm","EmptyFist","Wallop+1","Meditate+1","Brilliance+1","Vault+1","Halt+1","Vault+1","DeceiveReality+1","Fasting2+1","Judgement+1","Prostrate+1","Worship+1","Omniscience+1","LikeWater+1","WheelKick+1","Protect+1","Worship+1","Wish+1"],"relics":["Astrolabe","Pear","Singing Bowl","Anchor","Sozu","Shuriken","Toxic Egg 2","Bottled Tornado","Orichalcum","Kunai","Lee\u0027s Waffle","Snecko Eye","Red Mask","Thread and Needle","InkBottle","StrikeDummy","Potion Belt","MawBank","Lizard Tail"],"acts_visited":["Exordium","TheCity","TheBeyond","TheEnding"],"potions_floor_usage":[8,13,14,16,55],"damage_taken":[{"damage":1,"enemies":"Small Slimes","floor":1,"turns":4},{"damage":3,"enemies":"2 Louse","floor":2,"turns":2},{"damage":0,"enemies":"Jaw Worm","floor":3,"turns":2},{"damage":13,"enemies":"Exordium Thugs","floor":5,"turns":3},{"damage":19,"enemies":"3 Sentries","floor":7,"turns":5},{"damage":0,"enemies":"Exordium Wildlife","floor":8,"turns":3},{"damage":0,"enemies":"Lagavulin","floor":10,"turns":4},{"damage":0,"enemies":"2 Fungi Beasts","floor":12,"turns":2},{"damage":2,"enemies":"Gremlin Nob","floor":13,"turns":4},{"damage":0,"enemies":"Gremlin Gang","floor":14,"turns":4},{"damage":13,"enemies":"Hexaghost","floor":16,"turns":6},{"damage":16,"enemies":"3 Byrds","floor":18,"turns":4},{"damage":7,"enemies":"2 Thieves","floor":22,"turns":6},{"damage":6,"enemies":"Gremlin Leader","floor":23,"turns":5},{"damage":4,"enemies":"3 Cultists","floor":25,"turns":4},{"damage":12,"enemies":"Slavers","floor":28,"turns":4},{"damage":0,"enemies":"Sentry and Sphere","floor":30,"turns":4},{"damage":0,"enemies":"Shelled Parasite and Fungi","floor":31,"turns":4},{"damage":0,"enemies":"Collector","floor":33,"turns":6},{"damage":0,"enemies":"3 Shapes","floor":35,"turns":3},{"damage":0,"enemies":"2 Orb Walkers","floor":37,"turns":4},{"damage":0,"enemies":"Orb Walker","floor":39,"turns":3},{"damage":0,"enemies":"Giant Head","floor":41,"turns":6},{"damage":0,"enemies":"Nemesis","floor":45,"turns":6},{"damage":0,"enemies":"Sphere and 2 Shapes","floor":46,"turns":4},{"damage":0,"enemies":"Jaw Worm Horde","floor":47,"turns":3},{"damage":0,"enemies":"Giant Head","floor":48,"turns":5},{"damage":0,"enemies":"Donu and Deca","floor":50,"turns":5},{"damage":0,"enemies":"Shield and Spear","floor":54,"turns":3},{"damage":108,"enemies":"The Heart","floor":55,"turns":8}],"seed_played":"-6260588436182094797","potions_obtained":[{"floor":5,"key":"Ambrosia"},{"floor":8,"key":"BottledMiracle"},{"floor":10,"key":"Swift Potion"},{"floor":12,"key":"SkillPotion"},{"floor":13,"key":"Energy Potion"}],"is_trial":false,"path_per_floor":["M","M","M","?","M","R","E","M","T","E","R","M","E","M","R","B",null,"M","?","$","?","M","E","R","M","T","R","E","$","M","M","R","B",null,"M","?","?","?","M","R","E","R","T","R","E","M","M","E","R","B",null,"R","$","E","B",null],"character_chosen":"WATCHER","items_purchased":["Toxic Egg 2","Halt+1","Lee\u0027s Waffle","Wish+1"],"campfire_rested":0,"item_purchase_floors":[20,20,29,53],"current_hp_per_floor":[64,61,61,61,48,48,39,39,39,39,39,41,39,39,39,26,70,56,56,56,56,49,43,43,41,41,41,29,95,97,97,97,97,97,99,99,101,101,103,103,103,103,103,103,105,105,105,107,107,107,107,107,107,109,1],"gold":143,"neow_bonus":"BOSS_RELIC","is_daily":false,"chose_seed":false,"campfire_upgraded":10,"win_rate":0.0,"timestamp":1613828081,"path_taken":["M","M","M","?","M","R","E","M","T","E","R","M","E","M","R","BOSS","M","?","$","?","M","E","R","M","T","R","E","?","M","M","R","BOSS","M","?","?","?","M","R","E","R","T","R","E","?","M","E","R","BOSS","R","$","E","BOSS"],"items_purchased_type":["Relic","Card","Relic","Card"],"build_version":"2020-12-22","purchased_purges":1,"victory":true,"max_hp_per_floor":[72,72,72,72,72,72,82,82,82,82,82,84,84,84,84,84,84,86,86,86,86,86,86,86,88,88,88,88,95,97,97,97,97,97,99,99,101,101,103,103,103,103,103,103,105,105,105,107,107,107,107,107,107,109,109],"relic_stats":{"Lee\u0027s Waffle":66,"Singing Bowl":20,"counters":[30,126],"Astrolabe":["Omniscience","CutThroughFate","Swivel"],"Orichalcum":[12],"MawBank":60,"Sozu":7,"Lizard Tail":0,"Shuriken":[20],"Snecko Eye":[118,95,92,79],"Kunai":[17],"obtain_stats":[{"Potion Belt":45,"Lee\u0027s Waffle":29,"Pear":7,"Singing Bowl":10,"Astrolabe":0,"Thread and Needle":37,"Bottled Tornado":23,"Orichalcum":26,"MawBank":48,"Sozu":17,"Anchor":13,"Lizard Tail":54,"Shuriken":19,"Snecko Eye":34,"Red Mask":36,"Kunai":28,"PureWater":0,"Toxic Egg 2":20,"StrikeDummy":43,"InkBottle":41},{"Potion Belt":24,"Lee\u0027s Waffle":16,"Pear":5,"Singing Bowl":7,"Astrolabe":0,"Thread and Needle":21,"Bottled Tornado":14,"Orichalcum":15,"MawBank":27,"Sozu":11,"Anchor":9,"Lizard Tail":29,"Shuriken":12,"Snecko Eye":19,"Red Mask":20,"Kunai":16,"PureWater":0,"Toxic Egg 2":12,"StrikeDummy":23,"InkBottle":23},{"Potion Belt":98,"Lee\u0027s Waffle":62,"Pear":16,"Singing Bowl":23,"Astrolabe":0,"Thread and Needle":83,"Bottled Tornado":54,"Orichalcum":58,"MawBank":110,"Sozu":39,"Anchor":29,"Lizard Tail":118,"Shuriken":43,"Snecko Eye":76,"Red Mask":79,"Kunai":62,"PureWater":0,"Toxic Egg 2":43,"StrikeDummy":92,"InkBottle":92}],"InkBottle":[18]},"card_choices":[{"not_picked":["Protect","FlurryOfBlows"],"picked":"BowlingBash","floor":1},{"not_picked":["BowlingBash","SashWhip"],"picked":"Indignation","floor":2},{"not_picked":["CutThroughFate","ThirdEye"],"picked":"ReachHeaven","floor":3},{"not_picked":["Consecrate","JustLucky"],"picked":"DevaForm","floor":5},{"not_picked":["Collect","SashWhip","MentalFortress"],"picked":"SKIP","floor":7},{"not_picked":["Evaluate","EmptyBody"],"picked":"EmptyFist","floor":8},{"not_picked":["EmptyBody","CutThroughFate"],"picked":"Wallop","floor":10},{"not_picked":["Indignation","Nirvana","PathToVictory"],"picked":"Singing Bowl","floor":12},{"not_picked":["CutThroughFate","Prostrate"],"picked":"Meditate","floor":13},{"not_picked":["CrushJoints","EmptyFist"],"picked":"Brilliance","floor":14},{"not_picked":["MasterReality","DeusExMachina"],"picked":"Vault","floor":16},{"not_picked":["FlurryOfBlows","MentalFortress","CrushJoints"],"picked":"Singing Bowl","floor":18},{"not_picked":["Evaluate+1","EmptyFist"],"picked":"Fasting2","floor":22},{"not_picked":["PathToVictory+1","Crescendo+1"],"picked":"Judgement+1","floor":23},{"not_picked":["PathToVictory+1","FollowUp","Alpha+1"],"picked":"Singing Bowl","floor":25},{"not_picked":["CutThroughFate","WheelKick"],"picked":"Prostrate+1","floor":28},{"not_picked":["CrushJoints+1","Wallop","ThirdEye+1"],"picked":"Singing Bowl","floor":30},{"not_picked":["Halt+1","Evaluate+1"],"picked":"Worship+1","floor":31},{"not_picked":["Ragnarok","Brilliance"],"picked":"Omniscience+1","floor":33},{"not_picked":["Pray+1","WaveOfTheHand+1","Crescendo+1"],"picked":"Singing Bowl","floor":35},{"not_picked":["EmptyFist","Halt+1","CrushJoints+1"],"picked":"Singing Bowl","floor":37},{"not_picked":["Prostrate+1","Sanctity+1","FlyingSleeves"],"picked":"Singing Bowl","floor":39},{"not_picked":["DeceiveReality+1","EmptyFist+1"],"picked":"WheelKick","floor":41},{"not_picked":["JustLucky+1","FlyingSleeves","EmptyBody+1"],"picked":"Singing Bowl","floor":45},{"not_picked":["CrushJoints+1","Prostrate+1"],"picked":"Protect+1","floor":46},{"not_picked":["EmptyBody+1","ClearTheMind+1"],"picked":"Worship+1","floor":47},{"not_picked":["CrushJoints+1","Protect+1","EmptyFist+1"],"picked":"Singing Bowl","floor":48},{"not_picked":["LessonLearned","FollowUp+1","FlyingSleeves+1"],"picked":"Singing Bowl","floor":54}],"player_experience":784562,"relics_obtained":[{"floor":7,"key":"Pear"},{"floor":10,"key":"Singing Bowl"},{"floor":13,"key":"Anchor"},{"floor":23,"key":"Bottled Tornado"},{"floor":26,"key":"Orichalcum"},{"floor":28,"key":"Kunai"},{"floor":37,"key":"Thread and Needle"},{"floor":41,"key":"InkBottle"},{"floor":43,"key":"StrikeDummy"},{"floor":45,"key":"Potion Belt"},{"floor":48,"key":"MawBank"},{"floor":54,"key":"Lizard Tail"}],"event_choices":[{"cards_removed":["Omniscience"],"damage_healed":0,"gold_gain":0,"player_choice":"Card Removal","damage_taken":0,"max_hp_gain":0,"max_hp_loss":0,"event_name":"The Cleric","floor":4,"gold_loss":50},{"damage_healed":0,"gold_gain":0,"player_choice":"Stole Relic","damage_taken":0,"relics_obtained":["Shuriken"],"max_hp_gain":0,"max_hp_loss":0,"event_name":"Addict","floor":19,"gold_loss":0,"cards_obtained":["Shame"]},{"damage_healed":0,"gold_gain":0,"cards_transformed":["Strike_P","Strike_P"],"player_choice":"Became Test Subject","damage_taken":0,"max_hp_gain":0,"max_hp_loss":0,"event_name":"Drug Dealer","floor":21,"gold_loss":0,"cards_obtained":["Vault","DeceiveReality"]},{"damage_healed":0,"gold_gain":0,"player_choice":"Paid","damage_taken":0,"relics_obtained":["Red Mask"],"max_hp_gain":0,"max_hp_loss":0,"event_name":"Tomb of Lord Red Mask","floor":36,"gold_loss":169},{"damage_healed":0,"gold_gain":0,"player_choice":"Fight","damage_taken":0,"max_hp_gain":0,"max_hp_loss":0,"event_name":"Mysterious Sphere","floor":37,"gold_loss":0},{"damage_healed":0,"gold_gain":0,"cards_transformed":["Defend_P"],"player_choice":"Transformed","damage_taken":0,"max_hp_gain":0,"max_hp_loss":0,"event_name":"Transmorgrifier","floor":38,"gold_loss":0,"cards_obtained":["LikeWater"]}],"is_beta":false,"boss_relics":[{"not_picked":["Runic Dome","Ectoplasm"],"picked":"Sozu"},{"not_picked":["Pandora\u0027s Box","Runic Pyramid"],"picked":"Snecko Eye"}],"items_purged_floors":[20],"is_endless":false,"potions_floor_spawned":[5,8,10,12,13,22,31,33,35,37,39,48],"ascension_level":6}}