{"host":"to2s10i0cynxbiqz","time":1613829982,"event":{"mods":["BaseMod","Colored Powertips","Highlight Path","Minty Spire (QoL Compilation)","Quick Restart","StSLib","slay the spire mod where everything is the same but ironclad has a cowboy hat"],"gold_per_floor":[114,189,199,199,199,224,241,241,266,286,286,298,324,337,337,337,337],"floor_reached":16,"language":"ZHS","playtime":819,"items_purged":[],"score":178,"play_id":"4e811c56-6d62-4933-a3dc-bc5129bd9353","local_time":"20210220220622","is_ascension_mode":true,"campfire_choices":[{"data":"Seeing Red","floor":8.0,"key":"SMITH"},{"data":"Body Slam","floor":15.0,"key":"SMITH"}],"circlet_count":0,"master_deck":["Strike_R","Strike_R","Strike_R","Strike_R","Defend_R","Defend_R","Defend_R","Defend_R","Bash","Burning Pact","Seeing Red+1","Dark Embrace+1","Bloodletting","Body Slam+1","Berserk+1","True Grit","Fiend Fire","Pommel Strike"],"relics":["Burning Blood","NeowsBlessing","Blood Vial","Frozen Egg 2","Pen Nib"],"acts_visited":["Exordium"],"potions_floor_usage":[16],"damage_taken":[{"damage":1.0,"enemies":"Small Slimes","floor":1.0,"turns":2.0},{"damage":0.0,"enemies":"2 Louse","floor":3.0,"turns":1.0},{"damage":0.0,"enemies":"Lagavulin","floor":6.0,"turns":2.0},{"damage":11.0,"enemies":"Jaw Worm","floor":7.0,"turns":4.0},{"damage":18.0,"enemies":"Blue Slaver","floor":10.0,"turns":9.0},{"damage":2.0,"enemies":"Lots of Slimes","floor":12.0,"turns":3.0},{"damage":29.0,"enemies":"3 Sentries","floor":13.0,"turns":12.0},{"damage":6.0,"enemies":"3 Louse","floor":14.0,"turns":5.0},{"damage":79,"enemies":"Hexaghost","floor":16,"turns":14}],"seed_played":"-5340497093781404976","potions_obtained":[{"floor":7.0,"key":"BlessingOfTheForge"},{"floor":10.0,"key":"SteroidPotion"},{"floor":12.0,"key":"BloodPotion"},{"floor":13.0,"key":"AttackPotion"},{"floor":14.0,"key":"BloodPotion"}],"is_trial":false,"path_per_floor":["M","?","M","?","?","E","M","R","T","M","?","M","E","M","R","B"],"character_chosen":"IRONCLAD","items_purchased":[],"campfire_rested":0,"item_purchase_floors":[],"current_hp_per_floor":[77,66,72,72,65,73,70,70,70,60,60,66,61,63,63,2,2],"gold":337,"neow_bonus":"THREE_ENEMY_KILL","is_daily":false,"chose_seed":false,"campfire_upgraded":2,"win_rate":0.0,"timestamp":1613829982,"path_taken":["M","?","M","?","?","E","?","R","T","M","?","M","E","M","R","BOSS"],"items_purchased_type":[],"build_version":"2020-12-22","purchased_purges":0,"victory":false,"max_hp_per_floor":[80,80,80,80,80,80,80,80,80,80,80,80,80,80,80,80,80],"card_choices":[{"not_picked":["Headbutt","Thunderclap"],"picked":"Burning Pact","floor":1.0},{"not_picked":["Whirlwind","Flex"],"picked":"Seeing Red","floor":3.0},{"not_picked":["Armaments","Rupture+1"],"picked":"Dark Embrace+1","floor":6.0},{"not_picked":["Anger","Sentinel"],"picked":"Bloodletting","floor":7.0},{"not_picked":["Anger","Uppercut"],"picked":"Body Slam","floor":10.0},{"not_picked":["Headbutt","Intimidate"],"picked":"True Grit","floor":12.0},{"not_picked":["Clothesline","Rampage"],"picked":"Fiend Fire","floor":13.0},{"not_picked":["Havoc","Disarm"],"picked":"Pommel Strike","floor":14.0}],"player_experience":264075,"relics_obtained":[{"floor":6.0,"key":"Frozen Egg 2"},{"floor":13.0,"key":"Pen Nib"}],"event_choices":[{"damage_healed":0.0,"max_hp_gain":0.0,"max_hp_loss":0.0,"gold_gain":75.0,"event_name":"World of Goop","player_choice":"Gather Gold","floor":2.0,"gold_loss":0.0,"damage_taken":11.0},{"cards_removed":["Strike_R"],"damage_healed":0.0,"max_hp_gain":0.0,"max_hp_loss":0.0,"gold_gain":0.0,"event_name":"Living Wall","player_choice":"Forget","floor":4.0,"gold_loss":0.0,"damage_taken":0.0},{"damage_healed":0.0,"max_hp_gain":0.0,"max_hp_loss":0.0,"gold_gain":0.0,"event_name":"Scrap Ooze","player_choice":"Success","floor":5.0,"gold_loss":0.0,"damage_taken":7.0,"relics_obtained":["Blood Vial"]},{"damage_healed":0.0,"max_hp_gain":0.0,"max_hp_loss":0.0,"gold_gain":0.0,"event_name":"Match and Keep!","player_choice":"1 cards matched","floor":11.0,"gold_loss":0.0,"damage_taken":0.0,"cards_obtained":["Berserk"]}],"is_beta":false,"boss_relics":[],"items_purged_floors":[],"is_endless":false,"potions_floor_spawned":[7,10,12,13,14],"killed_by":"Hexaghost","ascension_level":6}}