{"host":"ow66nzv2xecjoor3","time":1613857144,"event":{"mods":["BaseMod","Bestiary","Block Reminder","Colored Powertips","Curses Come First","Highlight Path","Keyboard Shortcuts","Minty Spire (QoL Compilation)","Permanent Neow","Relic Stats","StSLib","UnlockEverythingMod"],"gold_per_floor":[114,132,152,36,50,50,83,83,83,110,110,110,136,49,49,124,124,142,142,160,172,184,184,217,217,217,234,8,20,36,56,56,127,127,144,155,55,68,84,110,130,156,156,189,189,189,215,230,230,230,230],"floor_reached":50,"language":"ENG","playtime":2445,"items_purged":["Strike_P","Defend_P"],"score":1412,"play_id":"e4b52cca-d15d-4e55-bbe3-5e25f58df2be","local_time":"20210220153904","is_ascension_mode":true,"campfire_choices":[{"data":"Fasting2","floor":6.0,"key":"SMITH"},{"data":"CarveReality","floor":8.0,"key":"SMITH"},{"data":"ThirdEye","floor":11.0,"key":"SMITH"},{"data":"TalkToTheHand","floor":15.0,"key":"SMITH"},{"floor":23.0,"key":"REST"},{"data":"CutThroughFate","floor":25.0,"key":"SMITH"},{"data":"Tantrum","floor":32.0,"key":"SMITH"},{"floor":49,"key":"RECALL"}],"circlet_count":0,"master_deck":["AscendersBane","Defend_P","Defend_P","Defend_P","Eruption","Vigilance","Fasting2+1","Adaptation","CarveReality+1","ThirdEye+1","DevaForm+1","CutThroughFate+1","TalkToTheHand+1","Omniscience","Wireheading+1","Adaptation+1","JustLucky+1","Tantrum+1","Vault","Adaptation+1","InnerPeace","CutThroughFate","Vault","FollowUp+1","InnerPeace+1","SignatureMove+1","Worship","Meditate+1","MentalFortress+1","Tantrum","WaveOfTheHand","MentalFortress+1"],"relics":["Cursed Key","Frozen Egg 2","Vajra","Pantograph","Snecko Eye","MealTicket","Pear","Astrolabe","WingedGreaves","Shovel","Sundial","Strawberry"],"acts_visited":["Exordium","TheCity","TheBeyond"],"potions_floor_usage":[42,44],"damage_taken":[{"damage":12.0,"enemies":"2 Louse","floor":1.0,"turns":3.0},{"damage":4.0,"enemies":"Jaw Worm","floor":2.0,"turns":4.0},{"damage":0.0,"enemies":"Cultist","floor":3.0,"turns":3.0},{"damage":6.0,"enemies":"Exordium Thugs","floor":5.0,"turns":5.0},{"damage":3.0,"enemies":"3 Sentries","floor":7.0,"turns":8.0},{"damage":8.0,"enemies":"Gremlin Nob","floor":10.0,"turns":3.0},{"damage":0.0,"enemies":"Lagavulin","floor":13.0,"turns":5.0},{"damage":30.0,"enemies":"Hexaghost","floor":16.0,"turns":6.0},{"damage":1.0,"enemies":"2 Thieves","floor":18.0,"turns":3.0},{"damage":0.0,"enemies":"Spheric Guardian","floor":20.0,"turns":4.0},{"damage":25.0,"enemies":"Shelled Parasite and Fungi","floor":21.0,"turns":3.0},{"damage":24.0,"enemies":"Chosen and Byrds","floor":22.0,"turns":3.0},{"damage":2.0,"enemies":"Book of Stabbing","floor":24.0,"turns":3.0},{"damage":1.0,"enemies":"Centurion and Healer","floor":27.0,"turns":4.0},{"damage":22.0,"enemies":"Sentry and Sphere","floor":29.0,"turns":4.0},{"damage":24.0,"enemies":"Snake Plant","floor":30.0,"turns":3.0},{"damage":0.0,"enemies":"Shelled Parasite and Fungi","floor":31.0,"turns":3.0},{"damage":4.0,"enemies":"Collector","floor":33.0,"turns":6.0},{"damage":0.0,"enemies":"Orb Walker","floor":35.0,"turns":3.0},{"damage":13.0,"enemies":"3 Darklings","floor":36.0,"turns":4.0},{"damage":0.0,"enemies":"Transient","floor":38.0,"turns":5.0},{"damage":11.0,"enemies":"Spire Growth","floor":39.0,"turns":4.0},{"damage":5.0,"enemies":"Nemesis","floor":40.0,"turns":4.0},{"damage":0.0,"enemies":"Jaw Worm Horde","floor":41.0,"turns":4.0},{"damage":28,"enemies":"Reptomancer","floor":42,"turns":3},{"damage":0,"enemies":"Giant Head","floor":44,"turns":5},{"damage":0,"enemies":"Reptomancer","floor":47,"turns":4},{"damage":0,"enemies":"Transient","floor":48,"turns":8},{"damage":84,"enemies":"Awakened One","floor":50,"turns":5}],"seed_played":"874552503548117726","potions_obtained":[{"floor":1.0,"key":"SkillPotion"},{"floor":2.0,"key":"SkillPotion"},{"floor":5.0,"key":"LiquidMemories"},{"floor":10.0,"key":"SpeedPotion"},{"floor":18.0,"key":"EssenceOfSteel"},{"floor":20.0,"key":"DuplicationPotion"},{"floor":22.0,"key":"EssenceOfSteel"},{"floor":29.0,"key":"BlessingOfTheForge"},{"floor":31.0,"key":"Dexterity Potion"},{"floor":35.0,"key":"SkillPotion"},{"floor":38.0,"key":"PowerPotion"},{"floor":42,"key":"Regen Potion"},{"floor":44,"key":"SteroidPotion"}],"is_trial":false,"path_per_floor":["M","M","M","$","M","R","E","R","T","E","R","?","E","$","R","B",null,"M","?","M","M","M","R","E","R","T","M","$","M","M","M","R","B",null,"M","M","$","M","M","E","M","E","T","E","?","?","E","M","R","B"],"character_chosen":"WATCHER","items_purchased":["CarveReality","TalkToTheHand","Vault","Adaptation+1"],"campfire_rested":1,"item_purchase_floors":[4,14,28,28],"current_hp_per_floor":[49,45,45,45,39,39,36,36,36,28,28,28,28,28,28,23,57,56,56,56,31,7,27,35,35,35,34,49,27,3,3,3,24,65,65,52,67,67,56,51,51,23,23,37,37,37,44,44,44,0,0],"gold":230,"neow_bonus":"BOSS_RELIC","is_daily":false,"chose_seed":false,"campfire_upgraded":6,"win_rate":0.0,"timestamp":1613857144,"path_taken":["M","M","M","$","M","R","E","R","T","E","R","?","E","$","R","BOSS","M","?","M","M","M","R","E","R","T","M","$","?","M","M","R","BOSS","M","M","$","M","M","E","M","E","T","E","?","?","E","M","R","BOSS"],"items_purchased_type":["Card","Card","Card","Card"],"build_version":"2020-12-22","purchased_purges":2,"victory":false,"max_hp_per_floor":[68,68,68,68,68,68,68,68,68,68,68,68,68,68,68,68,68,68,68,68,68,68,68,78,78,78,78,78,78,78,78,78,78,78,78,78,78,78,78,78,78,78,78,78,74,74,81,81,81,81,81],"relic_stats":{"Shovel":0,"counters":[29,122],"Sundial":[4],"Pantograph":75,"Astrolabe":["FollowUp","InnerPeace","SignatureMove"],"Snecko Eye":[184,192,195,180],"MealTicket":30,"Cursed Key":0,"obtain_stats":[{"Pear":24,"Astrolabe":34,"Vajra":10,"Frozen Egg 2":7,"Cursed Key":0,"Shovel":42,"Sundial":44,"Pantograph":13,"Strawberry":47,"Snecko Eye":17,"MealTicket":19,"WingedGreaves":40,"PureWater":0},{"Pear":13,"Astrolabe":18,"Vajra":6,"Frozen Egg 2":5,"Cursed Key":0,"Shovel":25,"Sundial":26,"Pantograph":7,"Strawberry":27,"Snecko Eye":8,"MealTicket":9,"WingedGreaves":23,"PureWater":0},{"Pear":53,"Astrolabe":73,"Vajra":26,"Frozen Egg 2":23,"Cursed Key":0,"Shovel":100,"Sundial":105,"Pantograph":31,"Strawberry":109,"Snecko Eye":37,"MealTicket":40,"WingedGreaves":93,"PureWater":0}]},"card_choices":[{"not_picked":["ForeignInfluence","CrushJoints"],"picked":"Fasting2","floor":1.0},{"not_picked":["FollowUp","Evaluate"],"picked":"Adaptation","floor":2.0},{"not_picked":["Indignation","WreathOfFlame","Study"],"picked":"SKIP","floor":3.0},{"not_picked":["ReachHeaven","BowlingBash"],"picked":"ThirdEye","floor":5.0},{"not_picked":["SandsOfTime","FearNoEvil"],"picked":"DevaForm+1","floor":7.0},{"not_picked":["BowlingBash","Prostrate","PathToVictory"],"picked":"SKIP","floor":10.0},{"not_picked":["Crescendo","FlyingSleeves"],"picked":"CutThroughFate","floor":13.0},{"not_picked":["Wish","Judgement"],"picked":"Omniscience","floor":16.0},{"not_picked":["CrushJoints","FlurryOfBlows+1","Evaluate"],"picked":"SKIP","floor":18.0},{"not_picked":["EmptyBody+1","Protect"],"picked":"Wireheading+1","floor":20.0},{"not_picked":["Consecrate","Halt","Crescendo+1"],"picked":"SKIP","floor":21.0},{"not_picked":["FollowUp","Crescendo"],"picked":"Adaptation+1","floor":22.0},{"not_picked":["BattleHymn+1","Indignation+1"],"picked":"JustLucky+1","floor":24.0},{"not_picked":["BowlingBash","EmptyBody+1"],"picked":"Tantrum","floor":27.0},{"not_picked":["BattleHymn+1","CarveReality"],"picked":"InnerPeace","floor":29.0},{"not_picked":["BattleHymn+1","WreathOfFlame"],"picked":"CutThroughFate","floor":30.0},{"not_picked":["WindmillStrike","Wireheading+1","ClearTheMind+1"],"picked":"SKIP","floor":31.0},{"not_picked":["Scrawl","Blasphemy"],"picked":"Vault","floor":33.0},{"not_picked":["EmptyBody","FlurryOfBlows"],"picked":"Worship","floor":35.0},{"not_picked":["SashWhip","EmptyFist"],"picked":"Meditate+1","floor":36.0},{"not_picked":["FollowUp+1","Protect"],"picked":"MentalFortress+1","floor":38.0},{"not_picked":["Crescendo","JustLucky","ForeignInfluence"],"picked":"SKIP","floor":39.0},{"not_picked":["Halt","SashWhip+1"],"picked":"Tantrum","floor":40.0},{"not_picked":["JustLucky+1","Meditate","WreathOfFlame"],"picked":"SKIP","floor":41.0},{"not_picked":["Consecrate","Swivel"],"picked":"WaveOfTheHand","floor":42},{"not_picked":["BowlingBash+1","MasterReality+1","FlyingSleeves"],"picked":"SKIP","floor":44},{"not_picked":["EmptyBody+1","JustLucky"],"picked":"MentalFortress+1","floor":47},{"not_picked":["ClearTheMind","SashWhip","EmptyBody"],"picked":"SKIP","floor":48}],"player_experience":2904246,"relics_obtained":[{"floor":7.0,"key":"Frozen Egg 2"},{"floor":10.0,"key":"Vajra"},{"floor":13.0,"key":"Pantograph"},{"floor":24.0,"key":"Pear"},{"floor":40.0,"key":"WingedGreaves"},{"floor":42,"key":"Shovel"},{"floor":44,"key":"Sundial"},{"floor":47,"key":"Strawberry"}],"event_choices":[{"damage_healed":0.0,"max_hp_gain":0.0,"max_hp_loss":0.0,"gold_gain":0.0,"event_name":"Shining Light","player_choice":"Ignored","floor":12.0,"gold_loss":0.0,"damage_taken":0.0},{"damage_healed":0.0,"max_hp_gain":0.0,"max_hp_loss":0.0,"gold_gain":0.0,"event_name":"WeMeetAgain","player_choice":"Gave Potion","floor":19.0,"gold_loss":0.0,"damage_taken":0.0,"relics_obtained":["MealTicket"]},{"damage_healed":0,"gold_gain":0,"player_choice":"Max HP","damage_taken":0,"max_hp_gain":0,"max_hp_loss":4,"event_name":"Winding Halls","floor":45,"gold_loss":0},{"damage_healed":0,"gold_gain":0,"player_choice":"Ignored","damage_taken":0,"max_hp_gain":0,"max_hp_loss":0,"event_name":"The Moai Head","floor":46,"gold_loss":0}],"is_beta":false,"boss_relics":[{"not_picked":["Black Star","Sozu"],"picked":"Snecko Eye"},{"not_picked":["Busted Crown","SlaversCollar"],"picked":"Astrolabe"}],"items_purged_floors":[4,37],"is_endless":false,"potions_floor_spawned":[1,2,5,10,18,20,22,29,31,35,36,38,42,44],"killed_by":"Awakened One","ascension_level":20}}