{"host":"og6lam4kt3nibbw0","time":1613841574,"event":{"mods":["AchievementEnabler","BaseMod","Colored Map","DeckTracker","Highlight Path","Keyboard Shortcuts","Minty Spire (QoL Compilation)","Permanent Neow","Quick Restart","StSLib","SuperFastMode"],"gold_per_floor":[363,115,134,134,149,149,167,181,181,202,202,232,232,251,251,342,342,358,376,376,376],"floor_reached":20,"language":"KOR","playtime":842,"items_purged":["Strike_G"],"score":336,"play_id":"296300b1-eb8d-49e8-a8f6-b3d2a51ddd95","local_time":"20210221021934","is_ascension_mode":true,"campfire_choices":[{"data":"Blade Dance","floor":6.0,"key":"SMITH"},{"data":"Accuracy","floor":11.0,"key":"SMITH"},{"floor":15.0,"key":"REST"}],"circlet_count":0,"master_deck":["AscendersBane","Strike_G","Strike_G","Defend_G","Defend_G","Defend_G","Defend_G","Survivor","Neutralize","Blade Dance+1","Calculated Gamble","Footwork","Dagger Spray","Accuracy+1","Predator","Adrenaline","Quick Slash+1","Dash+1","Night Terror+1","Crippling Poison+1"],"relics":["Ring of the Snake","Medical Kit","Golden Idol","Strawberry","Astrolabe"],"acts_visited":["Exordium","TheCity"],"potions_floor_usage":[20],"damage_taken":[{"damage":9.0,"enemies":"Cultist","floor":1.0,"turns":5.0},{"damage":6.0,"enemies":"Small Slimes","floor":3.0,"turns":5.0},{"damage":2.0,"enemies":"2 Louse","floor":5.0,"turns":3.0},{"damage":2.0,"enemies":"Blue Slaver","floor":7.0,"turns":4.0},{"damage":0.0,"enemies":"2 Fungi Beasts","floor":8.0,"turns":3.0},{"damage":9.0,"enemies":"Exordium Thugs","floor":10.0,"turns":6.0},{"damage":14.0,"enemies":"3 Louse","floor":14.0,"turns":3.0},{"damage":25.0,"enemies":"Slime Boss","floor":16.0,"turns":10.0},{"damage":14.0,"enemies":"Shell Parasite","floor":18.0,"turns":6.0},{"damage":24.0,"enemies":"2 Thieves","floor":19.0,"turns":5.0},{"damage":20,"enemies":"Centurion and Healer","floor":20,"turns":6}],"seed_played":"-8285275512323204003","potions_obtained":[{"floor":3.0,"key":"Dexterity Potion"},{"floor":8.0,"key":"DuplicationPotion"},{"floor":10.0,"key":"AttackPotion"},{"floor":18.0,"key":"ColorlessPotion"},{"floor":19.0,"key":"DuplicationPotion"}],"is_trial":false,"path_per_floor":["M","$","M","?","M","R","M","M","T","M","R","?","?","M","R","B",null,"M","M","M"],"character_chosen":"THE_SILENT","items_purchased":["Medical Kit"],"campfire_rested":1,"item_purchase_floors":[2],"current_hp_per_floor":[35,35,29,29,27,27,25,25,32,23,23,23,23,9,29,4,51,37,13,0,0],"gold":376,"neow_bonus":"TWO_FIFTY_GOLD","is_daily":false,"chose_seed":false,"campfire_upgraded":2,"win_rate":0.0,"timestamp":1613841574,"path_taken":["M","?","M","?","M","R","M","M","T","M","R","?","?","?","R","BOSS","M","M","M"],"items_purchased_type":["Relic"],"build_version":"2020-12-22","purchased_purges":1,"victory":false,"max_hp_per_floor":[66,66,66,60,60,60,60,60,67,67,67,67,67,67,67,67,67,67,67,67,67],"card_choices":[{"not_picked":["Cloak And Dagger","Accuracy"],"picked":"Blade Dance","floor":1.0},{"not_picked":["Dodge and Roll","Slice"],"picked":"Calculated Gamble","floor":3.0},{"not_picked":["Deflect","Dagger Throw"],"picked":"Footwork","floor":5.0},{"not_picked":["Heel Hook","Slice"],"picked":"Dagger Spray","floor":7.0},{"not_picked":["Sucker Punch","Dash","Dodge and Roll"],"picked":"SKIP","floor":8.0},{"not_picked":["Bane","Endless Agony"],"picked":"Accuracy","floor":10.0},{"not_picked":["Acrobatics","Backflip"],"picked":"Predator","floor":14.0},{"not_picked":["Corpse Explosion","Phantasmal Killer"],"picked":"Adrenaline","floor":16.0},{"not_picked":["Dagger Spray","Outmaneuver"],"picked":"Crippling Poison+1","floor":18.0},{"not_picked":["PiercingWail","Deadly Poison","Quick Slash"],"picked":"SKIP","floor":19.0}],"player_experience":982363,"relics_obtained":[{"floor":9.0,"key":"Strawberry"}],"event_choices":[{"damage_healed":0.0,"max_hp_gain":0.0,"max_hp_loss":6.0,"gold_gain":0.0,"event_name":"Golden Idol","player_choice":"Lose Max HP","floor":4.0,"gold_loss":0.0,"damage_taken":0.0,"relics_obtained":["Golden Idol"]},{"damage_healed":0.0,"max_hp_gain":0.0,"max_hp_loss":0.0,"gold_gain":30.0,"event_name":"Dead Adventurer","player_choice":"Searched \u00272\u0027 times","floor":12.0,"gold_loss":0.0,"damage_taken":0.0},{"damage_healed":0.0,"max_hp_gain":0.0,"max_hp_loss":0.0,"gold_gain":0.0,"event_name":"Scrap Ooze","player_choice":"Fled","floor":13.0,"gold_loss":0.0,"damage_taken":0.0}],"is_beta":false,"boss_relics":[{"not_picked":["Empty Cage","Coffee Dripper"],"picked":"Astrolabe"}],"items_purged_floors":[2],"is_endless":false,"potions_floor_spawned":[3,8,10,18,19],"killed_by":"Centurion and Healer","ascension_level":20}}