{"host":"buycw3k5d5tgqflx","time":1613836909,"event":{"mods":["AchievementEnabler","Act Like it!","Aspiration","BaseMod","Better Altar","Better Match","Better Note","Better Sensory Stone","Better Skull","Better Third Choice","BetterRewards","GifTheSpireLib","Halation","HexUI Lib","Hubris","Infinite Spire","Lobotomy","LobotomyExtend","Minty Spire (QoL Compilation)","Permanent Neow","Quick Restart","Relic Sorter","Relic Stats","Replay The Spire","Ruina","SacredBarkPlus","StSLib"],"gold_per_floor":[117,117,232,246,246,246,280,290,290,290,316,77,42,74,74,169,169,185,185,110,110,110,110,110],"floor_reached":23,"language":"ENG","playtime":1604,"items_purged":[],"score":203,"play_id":"26d24ecb-5463-462d-a9bd-b7887c954b15","local_time":"20210220110149","is_ascension_mode":false,"campfire_choices":[{"data":"Dualcast","floor":6,"key":"SMITH"},{"floor":15,"key":"REST"}],"circlet_count":0,"master_deck":["Strike_B","Strike_B","Strike_B","Strike_B","Defend_B","Defend_B","Defend_B","Defend_B","Zap+1","Dualcast+1","Wellcheers","hubris:PowerSurge","Conserve Battery","RedShoes","Go for the Eyes","OSAHOGD","Rudolta","ReplayTheSpireMod:Calculation Training","GreedKing","Fission","PunishingBird","Rebound","DespairKnight","Electrodynamics","BlackSwan","ReplayTheSpireMod:Omega Cannon","Panic Button+1","infinitespire:Collect","Doubt"],"relics":["Cracked Core","CogitoBucket","RabbitCall","LetterFromLob","FaceOfCleric","ReplayTheSpireMod:Ninjato","Pondfish Scales","Happy Flower","Iron Hammer","infinitespire:CheckeredPen","Painkiller Herb","BackwardClock","hubris:BundleOfHerbs","Turnip"],"acts_visited":["Exordium","Exordium"],"potions_floor_usage":[],"damage_taken":[{"damage":3,"enemies":"Jaw Worm","floor":1,"turns":4},{"damage":3,"enemies":"2 Louse","floor":4,"turns":2},{"damage":16,"enemies":"Lagavulin","floor":7,"turns":6},{"damage":1,"enemies":"Small Slimes","floor":8,"turns":2},{"damage":42,"enemies":"Gremlin Nob","floor":11,"turns":5},{"damage":19,"enemies":"Lagavulin","floor":14,"turns":7},{"damage":19,"enemies":"Hexaghost","floor":16,"turns":9},{"damage":82,"enemies":"ruina:BadWolf","floor":18,"turns":7},{"damage":34,"enemies":"ruina:Mountain","floor":23,"turns":2}],"seed_played":"6290936613050234153","potions_obtained":[{"floor":1,"key":"Energy Potion"},{"floor":4,"key":"Dexterity Potion"},{"floor":7,"key":"Venom Potion"}],"is_trial":false,"path_per_floor":["M","?","?","M","?","R","E","M","T","M","E","$","?","E","R","B",null,"?","?","?","AVR","?","E"],"character_chosen":"DEFECT","items_purchased":["Iron Hammer"],"campfire_rested":1,"item_purchase_floors":[12],"current_hp_per_floor":[72,72,72,72,72,72,63,63,63,63,22,22,41,23,46,31,80,2,26,26,26,26,0,0],"gold":110,"neow_bonus":"","is_daily":false,"chose_seed":false,"campfire_upgraded":1,"win_rate":0.0,"timestamp":1613836909,"path_taken":["M","?","?","M","?","R","E","M","T","?","E","$","?","E","R","BOSS","?","?","?","AVR","?","E"],"items_purchased_type":["Relic"],"build_version":"2020-12-22","purchased_purges":0,"victory":false,"max_hp_per_floor":[75,75,75,75,75,75,76,77,77,77,78,78,78,79,79,80,80,81,81,81,81,81,81,81],"relic_stats":{"FaceOfCleric":6,"Happy Flower":[8],"counters":[10,45],"Turnip":[0],"obtain_stats":[{"RabbitCall":0,"BackwardClock":18,"ReplayTheSpireMod:Ninjato":7,"Happy Flower":11,"Painkiller Herb":17,"infinitespire:CheckeredPen":14,"CogitoBucket":0,"Pondfish Scales":9,"FaceOfCleric":5,"Iron Hammer":12,"hubris:BundleOfHerbs":21,"Turnip":22,"LetterFromLob":1,"Cracked Core":0},{"RabbitCall":0,"BackwardClock":9,"ReplayTheSpireMod:Ninjato":3,"Happy Flower":5,"Painkiller Herb":7,"infinitespire:CheckeredPen":6,"CogitoBucket":0,"Pondfish Scales":4,"FaceOfCleric":2,"Iron Hammer":5,"hubris:BundleOfHerbs":9,"Turnip":9,"LetterFromLob":1,"Cracked Core":0},{"RabbitCall":0,"BackwardClock":43,"ReplayTheSpireMod:Ninjato":12,"Happy Flower":19,"Painkiller Herb":35,"infinitespire:CheckeredPen":26,"CogitoBucket":0,"Pondfish Scales":14,"FaceOfCleric":6,"Iron Hammer":19,"hubris:BundleOfHerbs":43,"Turnip":43,"LetterFromLob":4,"Cracked Core":0}]},"card_choices":[{"not_picked":["OSAHOGD","FairyFestival"],"picked":"Wellcheers","floor":1},{"not_picked":["Turbo","Compile Driver","Undo"],"picked":"SKIP","floor":1},{"not_picked":["Reprogram","Barrage"],"picked":"hubris:PowerSurge","floor":3},{"not_picked":["Beam Cell","Rebound"],"picked":"Conserve Battery","floor":3},{"not_picked":["DreamingCurrent","GalaxyChild"],"picked":"RedShoes","floor":4},{"not_picked":["Aggregate","Reinforced Body"],"picked":"Go for the Eyes","floor":4},{"not_picked":["UniverseFragment","SpiderBud","MeatLantern"],"picked":"Singing Bowl","floor":7},{"not_picked":["ShyLook","MHz"],"picked":"OSAHOGD","floor":7},{"not_picked":["Heatsinks","Conserve Battery","Recycle"],"picked":"SKIP","floor":7},{"not_picked":["Scorched","HeroicMonk","UniverseFragment"],"picked":"Singing Bowl","floor":8},{"not_picked":["DreamingCurrent","CrumblingArmor"],"picked":"Rudolta","floor":8},{"not_picked":["Cold Snap","Fusion"],"picked":"ReplayTheSpireMod:Calculation Training","floor":8},{"not_picked":["VoidDream","OldLady"],"picked":"GreedKing","floor":11},{"not_picked":["Cold Snap","Gash"],"picked":"Fission","floor":11},{"not_picked":["MeatLantern","ShyLook","VoidDream"],"picked":"Singing Bowl","floor":14},{"not_picked":["HappyTeddy","Scorched"],"picked":"PunishingBird","floor":14},{"not_picked":["Rainbow","Go for the Eyes"],"picked":"Rebound","floor":14},{"not_picked":["CrumblingArmor","BigBird","BeautyBeast"],"picked":"Singing Bowl","floor":16},{"not_picked":["QueenOfHatred","VoidDream"],"picked":"DespairKnight","floor":16},{"not_picked":["Multi-Cast","hubris:DoWhile"],"picked":"Electrodynamics","floor":16},{"not_picked":["MeatLantern","HeroicMonk","CrumblingArmor"],"picked":"Singing Bowl","floor":18},{"not_picked":["CrumblingArmor","WallGazer"],"picked":"BlackSwan","floor":18},{"not_picked":["Stack","Compile Driver"],"picked":"ReplayTheSpireMod:Omega Cannon","floor":18},{"not_picked":["Ball Lightning+1","Steam+1"],"picked":"Panic Button+1","floor":20}],"player_experience":118614,"relics_obtained":[{"floor":1,"key":"LetterFromLob"},{"floor":7,"key":"ReplayTheSpireMod:Ninjato"},{"floor":9,"key":"Pondfish Scales"},{"floor":11,"key":"Happy Flower"},{"floor":14,"key":"infinitespire:CheckeredPen"}],"event_choices":[{"damage_healed":0,"gold_gain":0,"player_choice":"Trade","damage_taken":0,"relics_obtained":["FaceOfCleric"],"max_hp_gain":0,"max_hp_loss":0,"event_name":"FaceTrader","floor":5,"gold_loss":0},{"damage_healed":19,"gold_gain":0,"player_choice":"Healed","damage_taken":0,"max_hp_gain":0,"max_hp_loss":0,"event_name":"The Cleric","floor":13,"gold_loss":35},{"damage_healed":0,"gold_gain":0,"player_choice":"2","damage_taken":0,"max_hp_gain":0,"max_hp_loss":0,"event_name":"betterMatch:BetterMatch","floor":20,"gold_loss":0,"cards_obtained":["betterMatch:CommonCard"]}],"is_beta":false,"boss_relics":[{"not_picked":["Replay:Ancient Bell","Kintsugi"],"picked":"Painkiller Herb"}],"items_purged_floors":[],"is_endless":false,"potions_floor_spawned":[1,4,7],"killed_by":"ruina:Mountain","ascension_level":0}}