{"host":"7hppq3hpkrufijwt","time":1613864301,"event":{"mods":["AchievementEnabler","BaseMod","Colored Powertips","Minty Spire (QoL Compilation)","Quick Restart"],"gold_per_floor":[110,35,35,54,54,80,80,99,122,122,122,22,41,71,71,171,171,191,141,157,171,204,204,204,119,168,194,206,206,239,121,121,220,220,235,235,235,246,259,259,259],"floor_reached":40,"language":"ENG","playtime":2241,"items_purged":["Strike_G","Defend_G"],"score":432,"play_id":"e6469151-51cf-403b-874d-321c2e30d5f4","local_time":"20210221003821","is_ascension_mode":false,"campfire_choices":[{"floor":10,"key":"REST"},{"floor":15,"key":"REST"},{"floor":23,"key":"REST"},{"floor":29,"key":"REST"},{"floor":32,"key":"REST"}],"circlet_count":0,"master_deck":["Strike_G","Strike_G","Defend_G","Survivor","Neutralize","All Out Attack","Backflip","Noxious Fumes","Glass Knife","Backstab","Quick Slash","Envenom","After Image+1","Glass Knife+1","Deflect+1","Catalyst","Blade Dance+1","Riddle With Holes","Outmaneuver+1","Storm of Steel+1","Infinite Blades","Bouncing Flask+1","A Thousand Cuts","Deflect+1","Phantasmal Killer+1","Cloak And Dagger+1"],"relics":["Fusion Hammer","Art of War","Darkstone Periapt","Bag of Preparation","Toy Ornithopter","Astrolabe","Red Mask","Lantern","Bag of Marbles","Toxic Egg 2","Gremlin Horn","Empty Cage"],"acts_visited":["Exordium","TheCity","TheBeyond"],"potions_floor_usage":[],"damage_taken":[{"damage":0,"enemies":"Jaw Worm","floor":1,"turns":6},{"damage":0,"enemies":"2 Louse","floor":4,"turns":2},{"damage":37,"enemies":"Lagavulin","floor":6,"turns":11},{"damage":0,"enemies":"Cultist","floor":8,"turns":3},{"damage":11,"enemies":"Large Slime","floor":13,"turns":6},{"damage":6,"enemies":"Gremlin Nob","floor":14,"turns":4},{"damage":26,"enemies":"Hexaghost","floor":16,"turns":10},{"damage":10,"enemies":"2 Thieves","floor":18,"turns":4},{"damage":12,"enemies":"Shell Parasite","floor":20,"turns":4},{"damage":9,"enemies":"Snake Plant","floor":21,"turns":4},{"damage":18,"enemies":"Masked Bandits","floor":22,"turns":5},{"damage":12,"enemies":"Slavers","floor":27,"turns":5},{"damage":1,"enemies":"Centurion and Healer","floor":28,"turns":5},{"damage":20,"enemies":"Book of Stabbing","floor":30,"turns":5},{"damage":22,"enemies":"Champ","floor":33,"turns":7},{"damage":0,"enemies":"Orb Walker","floor":35,"turns":3},{"damage":21,"enemies":"3 Shapes","floor":38,"turns":2},{"damage":41,"enemies":"Writhing Mass","floor":39,"turns":6},{"damage":36,"enemies":"Giant Head","floor":40,"turns":5}],"seed_played":"5659685627901823079","potions_obtained":[{"floor":1,"key":"Swift Potion"},{"floor":8,"key":"SpeedPotion"},{"floor":14,"key":"Explosive Potion"},{"floor":22,"key":"FairyPotion"}],"is_trial":false,"path_per_floor":["M","$","?","M","$","E","?","M","T","R","?","$","M","E","R","B",null,"M","?","M","M","?","R","?","?","T","E","M","R","E","$","R","B",null,"M","?","?","M","M","E"],"character_chosen":"THE_SILENT","items_purchased":["Infinite Blades","Bouncing Flask+1"],"campfire_rested":5,"item_purchase_floors":[31,31],"current_hp_per_floor":[70,70,63,63,63,26,26,26,26,47,40,40,29,23,44,18,70,60,60,48,39,21,42,42,42,42,30,29,50,30,30,51,29,70,70,70,70,49,8,0,0],"gold":259,"neow_bonus":"BOSS_RELIC","is_daily":false,"chose_seed":false,"campfire_upgraded":0,"win_rate":0.0,"timestamp":1613864301,"path_taken":["M","$","?","M","$","E","?","?","T","R","?","?","M","E","R","BOSS","M","?","M","?","?","R","?","?","T","E","M","R","E","?","R","BOSS","M","?","?","M","?","E"],"items_purchased_type":["Card","Card"],"build_version":"2020-12-22","purchased_purges":2,"victory":false,"max_hp_per_floor":[70,70,70,70,70,70,70,70,70,70,70,70,70,70,70,70,70,70,70,70,70,70,70,70,70,70,70,70,70,70,70,70,70,70,70,70,70,70,70,70,70],"card_choices":[{"not_picked":["Leg Sweep","Deflect"],"picked":"All Out Attack","floor":1},{"not_picked":["Flying Knee","Dagger Spray"],"picked":"Backflip","floor":4},{"not_picked":["Tools of the Trade","Dagger Spray"],"picked":"Noxious Fumes","floor":6},{"not_picked":["Leg Sweep","PiercingWail","Sucker Punch"],"picked":"SKIP","floor":8},{"not_picked":["Deflect","Quick Slash"],"picked":"Backstab","floor":13},{"not_picked":["Skewer","Dagger Spray"],"picked":"Quick Slash","floor":14},{"not_picked":["Malaise","Burst"],"picked":"Envenom","floor":16},{"not_picked":["Slice","Acrobatics"],"picked":"Catalyst","floor":18},{"not_picked":["Reflex","PiercingWail+1","Poisoned Stab"],"picked":"SKIP","floor":20},{"not_picked":["Backflip","Leg Sweep","Poisoned Stab"],"picked":"SKIP","floor":21},{"not_picked":["Flying Knee+1","PiercingWail+1"],"picked":"Blade Dance+1","floor":22},{"not_picked":["Flying Knee","Noxious Fumes"],"picked":"Riddle With Holes","floor":27},{"not_picked":["Footwork+1","PiercingWail+1"],"picked":"Outmaneuver+1","floor":28},{"not_picked":["Slice","Skewer"],"picked":"Storm of Steel+1","floor":30},{"not_picked":["Phantasmal Killer+1","Die Die Die"],"picked":"A Thousand Cuts","floor":33},{"not_picked":["Masterful Stab","Calculated Gamble+1"],"picked":"Deflect+1","floor":35},{"not_picked":["Tactician+1","Quick Slash"],"picked":"Cloak And Dagger+1","floor":38},{"not_picked":["Footwork+1","Flying Knee","Outmaneuver+1"],"picked":"SKIP","floor":39}],"player_experience":114739,"relics_obtained":[{"floor":6,"key":"Darkstone Periapt"},{"floor":9,"key":"Bag of Preparation"},{"floor":14,"key":"Toy Ornithopter"},{"floor":22,"key":"Red Mask"},{"floor":26,"key":"Bag of Marbles"},{"floor":27,"key":"Toxic Egg 2"},{"floor":30,"key":"Gremlin Horn"}],"event_choices":[{"damage_healed":0,"gold_gain":0,"player_choice":"Success","damage_taken":7,"relics_obtained":["Art of War"],"max_hp_gain":0,"max_hp_loss":0,"event_name":"Scrap Ooze","floor":3,"gold_loss":0},{"damage_healed":0,"gold_gain":0,"player_choice":"2 cards matched","damage_taken":0,"max_hp_gain":0,"max_hp_loss":0,"event_name":"Match and Keep!","floor":7,"gold_loss":0,"cards_obtained":["Neutralize","Glass Knife"]},{"damage_healed":0,"gold_gain":0,"player_choice":"Damaged","damage_taken":7,"max_hp_gain":0,"max_hp_loss":0,"event_name":"Wheel of Change","floor":11,"gold_loss":0},{"damage_healed":0,"gold_gain":0,"player_choice":"Bet on Murderer","damage_taken":0,"max_hp_gain":0,"max_hp_loss":0,"event_name":"The Joust","floor":19,"gold_loss":50},{"damage_healed":0,"gold_gain":0,"player_choice":"Fought Bandits","damage_taken":0,"max_hp_gain":0,"max_hp_loss":0,"event_name":"Masked Bandits","floor":22,"gold_loss":0},{"damage_healed":0,"gold_gain":0,"player_choice":"Ignored","damage_taken":0,"max_hp_gain":0,"max_hp_loss":0,"event_name":"Ghosts","floor":24,"gold_loss":0},{"damage_healed":0,"gold_gain":0,"player_choice":"Obtained Relic","damage_taken":0,"relics_obtained":["Lantern"],"max_hp_gain":0,"max_hp_loss":0,"event_name":"Addict","floor":25,"gold_loss":85},{"cards_removed":["Neutralize"],"damage_healed":0,"gold_gain":0,"player_choice":"Removed Attack","damage_taken":0,"max_hp_gain":0,"max_hp_loss":0,"event_name":"Falling","floor":36,"gold_loss":0},{"damage_healed":0,"gold_gain":0,"player_choice":"1 cards matched","damage_taken":0,"max_hp_gain":0,"max_hp_loss":0,"event_name":"Match and Keep!","floor":37,"gold_loss":0,"cards_obtained":["Phantasmal Killer"]}],"is_beta":false,"boss_relics":[{"not_picked":["Cursed Key","Snecko Eye"],"picked":"Astrolabe"},{"not_picked":["Calling Bell","Pandora\u0027s Box"],"picked":"Empty Cage"}],"items_purged_floors":[2,12],"is_endless":false,"potions_floor_spawned":[1,8,14,18,22,28,35],"killed_by":"Giant Head","ascension_level":0}}