{"host":"g907ck67u7c3hrs6","time":1613797755,"event":{"mods":["BaseMod","Colored Map","DeckTracker","Force Act Four","Highlight Path","Keyboard Shortcuts","Minty Spire (QoL Compilation)","Permanent Neow","Say the Spire","SuperFastMode"],"gold_per_floor":[417,231,243,255,211,211,211,211,259,287,321,355,372,141,141,215,215,235,235,235],"floor_reached":19,"language":"KOR","playtime":637,"items_purged":["Decay"],"score":420,"play_id":"40f44d87-0620-4dbb-a6ed-83b20671ef8b","local_time":"20210220140915","daily_mods":["SealedDeck","Heirloom","Time Dilation","Flight","DeadlyEvents","Cursed Run","Elite Swarm"],"is_ascension_mode":true,"campfire_choices":[{"data":"Defragment","floor":6,"key":"SMITH"},{"data":"Defragment","floor":7,"key":"SMITH"},{"data":"Aggregate","floor":8,"key":"SMITH"},{"data":"Creative AI","floor":15,"key":"SMITH"}],"circlet_count":0,"master_deck":["AscendersBane","Ball Lightning","Stack","White Noise","Coolheaded","Coolheaded","BootSequence","Turbo","Aggregate+1","Defragment+1","Self Repair","Glacier","Defragment+1","Heatsinks","Seek","Biased Cognition","Electrodynamics","Creative AI+1","Capacitor","Regret","Echo Form","Static Discharge+1"],"relics":["Cursed Key","Darkstone Periapt","Du-Vu Doll","Old Coin","Membership Card","DataDisk","Ancient Tea Set","Question Card","Smiling Mask","Centennial Puzzle","Black Star"],"acts_visited":["Exordium","TheCity"],"potions_floor_usage":[12,14],"damage_taken":[{"damage":2,"enemies":"Small Slimes","floor":1,"turns":4},{"damage":0,"enemies":"Cultist","floor":3,"turns":5},{"damage":1,"enemies":"Jaw Worm","floor":4,"turns":5},{"damage":10,"enemies":"Gremlin Nob","floor":10,"turns":5},{"damage":15,"enemies":"3 Sentries","floor":11,"turns":11},{"damage":0,"enemies":"Gremlin Nob","floor":12,"turns":2},{"damage":7,"enemies":"Gremlin Gang","floor":13,"turns":3},{"damage":49,"enemies":"Hexaghost","floor":16,"turns":6},{"damage":51,"enemies":"Spheric Guardian","floor":18,"turns":5},{"damage":13,"enemies":"Shell Parasite","floor":19,"turns":4}],"seed_played":"-6706689729947580005","potions_obtained":[{"floor":10,"key":"ColorlessPotion"},{"floor":11,"key":"ColorlessPotion"},{"floor":12,"key":"Strength Potion"}],"is_trial":true,"path_per_floor":["M","$","M","M","$","R","R","R","T","E","E","E","M","$","R","B",null,"M","M"],"character_chosen":"DEFECT","items_purchased":["Membership Card","Defragment","Seek","Capacitor","Centennial Puzzle","Fruit Juice"],"campfire_rested":0,"item_purchase_floors":[2,2,5,14,14,14],"current_hp_per_floor":[69,69,71,71,71,71,71,71,77,74,66,73,73,78,78,42,77,26,13,13],"gold":235,"neow_bonus":"","is_daily":false,"chose_seed":false,"campfire_upgraded":4,"win_rate":0.0,"timestamp":1613797755,"path_taken":["M","$","M","M","$","R","R","R","T","E","E","E","M","$","R","BOSS","M","M"],"items_purchased_type":["Relic","Card","Card","Card","Relic","Potion"],"build_version":"2020-12-22","purchased_purges":1,"victory":false,"max_hp_per_floor":[71,71,71,71,71,71,71,71,77,77,77,77,77,82,82,88,88,88,88,88],"card_choices":[{"not_picked":["Coolheaded","Cold Snap"],"picked":"Glacier","floor":1},{"not_picked":["Stack","Blizzard","Streamline"],"picked":"SKIP","floor":3},{"not_picked":["Cold Snap","Steam Power"],"picked":"Heatsinks","floor":4},{"not_picked":["Meteor Strike","Fission"],"picked":"Biased Cognition","floor":10},{"not_picked":["Rainbow","Machine Learning"],"picked":"Electrodynamics","floor":11},{"not_picked":["Hyperbeam","Rainbow","Biased Cognition"],"picked":"Creative AI","floor":12},{"not_picked":["Go for the Eyes","Ball Lightning","Leap","Barrage"],"picked":"SKIP","floor":13},{"not_picked":["Reboot","Multi-Cast","Buffer"],"picked":"Echo Form","floor":16},{"not_picked":["Turbo","Beam Cell","Loop"],"picked":"Static Discharge+1","floor":18}],"player_experience":327734,"relics_obtained":[{"floor":9,"key":"DataDisk"},{"floor":10,"key":"Ancient Tea Set"},{"floor":11,"key":"Question Card"},{"floor":12,"key":"Smiling Mask"}],"event_choices":[],"is_beta":false,"boss_relics":[{"not_picked":["SacredBark","Fusion Hammer"],"picked":"Black Star"}],"items_purged_floors":[14],"is_endless":false,"potions_floor_spawned":[10,11,12,13],"killed_by":"Shell Parasite","ascension_level":20}}