{"host":"nsc6ozq3atyrdr3m","time":1613835276,"event":{"mods":["BaseMod","Colored Map","Minty Spire (QoL Compilation)"],"gold_per_floor":[119,138,150,13,13,40,60,77,77,93,108,125,125,52,52,152,152,165,165,165,98,98,130,130,144,144,15,47,67,67,67,67,167,167,177,177,33,49,9,9,56,56,82,93,107,120,28,250,250,250],"floor_reached":51,"language":"FRA","playtime":1119,"items_purged":["Strike_B"],"score":852,"play_id":"a19f8b06-476c-4aff-a267-cb47567549a8","local_time":"20210220163436","is_ascension_mode":true,"campfire_choices":[{"floor":13,"key":"REST"},{"data":"Storm","floor":15,"key":"SMITH"},{"data":"Storm","floor":24,"key":"SMITH"},{"floor":30,"key":"REST"},{"floor":32,"key":"REST"},{"data":"Electrodynamics","floor":40,"key":"SMITH"},{"data":"Storm","floor":42,"key":"SMITH"},{"floor":49,"key":"REST"}],"circlet_count":0,"master_deck":["Strike_B+1","Strike_B+1","Defend_B+1","Defend_B+1","Defend_B+1","Defend_B+1","Zap","Dualcast","Machine Learning","Steam","Storm+1","Sunder","Machine Learning","Self Repair","Leap","Hologram","Loop","Lockon","Hello World","Electrodynamics+1","Reinforced Body","Gash","Storm+1","Heatsinks+1","Creative AI","Defragment","Machine Learning","Stack","Storm+1","Loop","Auto Shields+1","Clumsy","BootSequence+1","Heatsinks"],"relics":["Philosopher\u0027s Stone","Toy Ornithopter","HornCleat","SlaversCollar","Smiling Mask","Du-Vu Doll","Red Mask","Cursed Key","Membership Card","Gambling Chip","Juzu Bracelet","Bag of Preparation"],"acts_visited":["Exordium","TheCity","TheBeyond"],"potions_floor_usage":[11,18,23,45,50,50,50],"damage_taken":[{"damage":8,"enemies":"Small Slimes","floor":1,"turns":3},{"damage":0,"enemies":"Cultist","floor":2,"turns":3},{"damage":0,"enemies":"2 Louse","floor":3,"turns":3},{"damage":32,"enemies":"Lagavulin","floor":6,"turns":6},{"damage":5,"enemies":"Exordium Thugs","floor":7,"turns":5},{"damage":18,"enemies":"3 Louse","floor":8,"turns":3},{"damage":0,"enemies":"2 Fungi Beasts","floor":10,"turns":3},{"damage":14,"enemies":"Exordium Thugs","floor":11,"turns":4},{"damage":3,"enemies":"Looter","floor":12,"turns":2},{"damage":22,"enemies":"The Guardian","floor":16,"turns":9},{"damage":0,"enemies":"3 Byrds","floor":18,"turns":1},{"damage":21,"enemies":"Slavers","floor":23,"turns":3},{"damage":19,"enemies":"2 Thieves","floor":25,"turns":2},{"damage":13,"enemies":"Masked Bandits","floor":28,"turns":3},{"damage":28,"enemies":"Shelled Parasite and Fungi","floor":29,"turns":4},{"damage":14,"enemies":"Automaton","floor":33,"turns":5},{"damage":9,"enemies":"3 Darklings","floor":35,"turns":3},{"damage":0,"enemies":"3 Shapes","floor":38,"turns":2},{"damage":21,"enemies":"2 Orb Walkers","floor":41,"turns":4},{"damage":15,"enemies":"Spire Growth","floor":44,"turns":3},{"damage":15,"enemies":"Jaw Worm Horde","floor":45,"turns":3},{"damage":4,"enemies":"3 Darklings","floor":46,"turns":4},{"damage":26,"enemies":"Time Eater","floor":50,"turns":4}],"seed_played":"-3906856758486434884","potions_obtained":[{"floor":6,"key":"FocusPotion"},{"floor":7,"key":"Explosive Potion"},{"floor":8,"key":"ColorlessPotion"},{"floor":12,"key":"SkillPotion"},{"floor":18,"key":"CultistPotion"},{"floor":25,"key":"GamblersBrew"},{"floor":46,"key":"BlessingOfTheForge"}],"is_trial":false,"path_per_floor":["M","M","M","$","?","E","M","M","T","M","M","M","R","$","R","B",null,"M","$","?","$","?","E","R","M","T","$","?","M","R","?","R","B",null,"M","?","$","M","$","R","?","R","T","M","M","M","$","?","R","B",null],"character_chosen":"DEFECT","items_purchased":["Storm","Sunder","Hello World","Storm","Creative AI","Membership Card","Loop","Bag of Preparation","Heatsinks"],"campfire_rested":4,"item_purchase_floors":[4,4,14,21,27,37,39,47,47],"current_hp_per_floor":[60,60,60,60,60,28,23,12,12,19,17,21,43,43,43,28,63,68,68,68,68,68,59,59,40,40,40,34,13,35,35,57,50,69,67,67,67,67,67,67,53,53,53,45,35,38,38,38,60,49],"gold":250,"neow_bonus":"BOSS_RELIC","is_daily":false,"chose_seed":false,"campfire_upgraded":4,"win_rate":0.0,"timestamp":1613835276,"path_taken":["M","M","M","$","?","E","?","M","T","M","M","?","R","$","R","BOSS","M","$","?","?","?","E","R","M","T","$","?","M","R","?","R","BOSS","M","?","$","M","$","R","?","R","T","M","M","M","$","?","R","BOSS"],"items_purchased_type":["Card","Card","Card","Card","Card","Relic","Card","Relic","Card"],"build_version":"2020-12-22","purchased_purges":1,"victory":true,"max_hp_per_floor":[75,75,75,75,75,75,75,75,75,75,75,75,75,75,75,75,75,75,75,75,75,75,75,75,75,75,75,75,75,75,75,75,75,75,75,75,75,75,75,75,75,75,75,75,75,75,75,75,75,75],"card_choices":[{"not_picked":["Compile Driver","Streamline","Barrage"],"picked":"SKIP","floor":1},{"not_picked":["Coolheaded","Beam Cell"],"picked":"Machine Learning","floor":2},{"not_picked":["Go for the Eyes","Scrape"],"picked":"Steam","floor":3},{"not_picked":["Scrape","Turbo"],"picked":"Machine Learning","floor":6},{"not_picked":["Go for the Eyes","Coolheaded"],"picked":"Self Repair","floor":7},{"not_picked":["Streamline","Go for the Eyes"],"picked":"Leap","floor":8},{"not_picked":["Coolheaded","Gash"],"picked":"Hologram","floor":10},{"not_picked":["Multi-Cast","Beam Cell"],"picked":"Loop","floor":11},{"not_picked":["Cold Snap","Go for the Eyes"],"picked":"Lockon","floor":12},{"not_picked":["Meteor Strike","Fission"],"picked":"Electrodynamics","floor":16},{"not_picked":["Beam Cell","Cold Snap"],"picked":"Reinforced Body","floor":18},{"not_picked":["Barrage","Go for the Eyes","Sunder"],"picked":"SKIP","floor":23},{"not_picked":["Streamline+1","Loop"],"picked":"Heatsinks+1","floor":25},{"not_picked":["Sweeping Beam+1","Turbo+1"],"picked":"Defragment","floor":28},{"not_picked":["Sweeping Beam","Beam Cell+1","Genetic Algorithm+1"],"picked":"SKIP","floor":29},{"not_picked":["Core Surge","Rainbow"],"picked":"Machine Learning","floor":33},{"not_picked":["Redo","Coolheaded+1"],"picked":"Stack","floor":35},{"not_picked":["Streamline+1","Force Field+1"],"picked":"Storm","floor":38},{"not_picked":["BootSequence","Skim+1"],"picked":"Auto Shields+1","floor":41},{"not_picked":["Reprogram","Beam Cell+1","Cold Snap"],"picked":"SKIP","floor":44},{"not_picked":["Fusion+1","Leap","Barrage+1"],"picked":"SKIP","floor":45},{"not_picked":["Ball Lightning+1","Coolheaded"],"picked":"BootSequence+1","floor":46}],"player_experience":434498,"relics_obtained":[{"floor":6,"key":"Toy Ornithopter"},{"floor":9,"key":"HornCleat"},{"floor":23,"key":"Smiling Mask"},{"floor":26,"key":"Du-Vu Doll"},{"floor":28,"key":"Red Mask"},{"floor":41,"key":"Gambling Chip"},{"floor":43,"key":"Juzu Bracelet"}],"event_choices":[{"damage_healed":0,"gold_gain":0,"cards_transformed":["Strike_B"],"player_choice":"Transformed","damage_taken":0,"max_hp_gain":0,"max_hp_loss":0,"event_name":"Transmorgrifier","floor":5,"gold_loss":0,"cards_obtained":["Fission"]},{"damage_healed":0,"gold_gain":0,"cards_transformed":["Fission"],"player_choice":"Transformed","damage_taken":0,"max_hp_gain":0,"max_hp_loss":0,"event_name":"Transmorgrifier","floor":20,"gold_loss":0,"cards_obtained":["Gash"]},{"damage_healed":0,"gold_gain":0,"player_choice":"Ignored","damage_taken":0,"max_hp_gain":0,"max_hp_loss":0,"event_name":"Ghosts","floor":22,"gold_loss":0},{"damage_healed":0,"gold_gain":0,"player_choice":"Fought Bandits","damage_taken":0,"max_hp_gain":0,"max_hp_loss":0,"event_name":"Masked Bandits","floor":28,"gold_loss":0},{"damage_healed":0,"gold_gain":0,"player_choice":"Simplicity","damage_taken":0,"max_hp_gain":0,"max_hp_loss":0,"event_name":"Back to Basics","floor":31,"gold_loss":0,"cards_upgraded":["Strike_B","Strike_B","Defend_B","Defend_B","Defend_B","Defend_B"]},{"damage_healed":0,"gold_gain":0,"player_choice":"Memory 1","damage_taken":0,"max_hp_gain":0,"max_hp_loss":0,"event_name":"SensoryStone","floor":36,"gold_loss":0},{"damage_healed":0,"gold_gain":0,"player_choice":"Fight","damage_taken":0,"max_hp_gain":0,"max_hp_loss":0,"event_name":"Mysterious Sphere","floor":41,"gold_loss":0},{"damage_healed":0,"gold_gain":222,"player_choice":"Wore Mask","damage_taken":0,"max_hp_gain":0,"max_hp_loss":0,"event_name":"Tomb of Lord Red Mask","floor":48,"gold_loss":0}],"is_beta":false,"boss_relics":[{"not_picked":["SacredBark","Ectoplasm"],"picked":"SlaversCollar"},{"not_picked":["Coffee Dripper","Tiny House"],"picked":"Cursed Key"}],"items_purged_floors":[27],"is_endless":false,"potions_floor_spawned":[6,7,8,10,12,18,25,29,41,46],"ascension_level":6}}