{"host":"dscols65uipasqd2","time":1613798791,"event":{"mods":["2.2 Compatiblity","AchievementEnabler","Aspiration","BaseMod","Colored Powertips","Downfall","Energized Spire","GifTheSpireLib","Hermit","Hubris","Infinite Spire","Jorbs\u0027s Wanderer Trilogy","Minty Spire (QoL Compilation)","Rare Cards Sparkle","Relic Stats","Replay The Spire","Robot Space Explorer","Shade Mod","StSLib","Stuff the Spire","The Blue Laboratory","The Cursed","The Disciple","The Forsaken","The Hierophant","The Judge","The Jungle","The Mystic","The Runesmith","TheFirefly","Wandering Minibosses"],"gold_per_floor":[99,111,111,129,129,146,171,171,189,200,218,247,47,58,75,75,75,75],"floor_reached":16,"language":"ENG","playtime":738,"items_purged":[],"score":143,"play_id":"ed63dc82-8dce-4d31-8ecf-6b44bc43b714","local_time":"20210220002631","is_ascension_mode":true,"campfire_choices":[{"floor":1,"key":"RECALL"},{"floor":13,"key":"REST"}],"circlet_count":0,"master_deck":["sneckomod:Strike","sneckomod:Strike","sneckomod:Strike","sneckomod:Defend","sneckomod:Defend","sneckomod:Defend","sneckomod:TailWhip","sneckomod:SnekBite+1","sneckomod:Unknown","sneckomod:Unknown","sneckomod:QuickBite","sneckomod:UnknownWeak","sneckomod:WideSting","sneckomod:QuickBite","sneckomod:UnknownStrength","sneckomod:UnknownStrength","sneckomod:UnknownCommonAttack","sneckomod:Rotation","sneckomod:DiceBlock"],"relics":["StuffTheSpire:OccultApparatus","bronze:BronzeIdol","Vajra","Oddly Smooth Stone","downfall:HeartBlessingRed","downfall:HeartBlessingBlue"],"acts_visited":["Exordium"],"potions_floor_usage":[9,12,12,14],"damage_taken":[{"damage":10,"enemies":"2 Louse","floor":2,"turns":3},{"damage":0,"enemies":"Small Slimes","floor":4,"turns":3},{"damage":0,"enemies":"Cultist","floor":6,"turns":2},{"damage":4,"enemies":"Exordium Thugs","floor":9,"turns":4},{"damage":8,"enemies":"Large Slime","floor":10,"turns":3},{"damage":8,"enemies":"Blue Slaver","floor":11,"turns":3},{"damage":28,"enemies":"Lagavulin","floor":12,"turns":6},{"damage":0,"enemies":"3 Louse","floor":14,"turns":1},{"damage":18,"enemies":"Exordium Thugs","floor":15,"turns":6},{"damage":58,"enemies":"WA_ARCHETYPE_RETAIN","floor":16,"turns":9}],"seed_played":"3036834307091127716","potions_obtained":[{"floor":4,"key":"blueLaboratory:FrostheartPotion"},{"floor":9,"key":"Explosive Potion"},{"floor":10,"key":"bronze:BurnAndBuffPotion"},{"floor":11,"key":"hexamod:SoulburnPotion"}],"is_trial":false,"path_per_floor":["R","M","?","M","?","M","T","T","M","M","M","E","R","M","M","B"],"character_chosen":"THE_SNECKO","items_purchased":[],"campfire_rested":1,"item_purchase_floors":[],"current_hp_per_floor":[81,71,71,71,71,71,71,71,67,59,51,23,63,63,45,0,0,0],"gold":75,"neow_bonus":"RANDOM_COMMON_RELIC","is_daily":false,"chose_seed":false,"campfire_upgraded":0,"win_rate":0.0,"timestamp":1613798791,"path_taken":["R","M","?","M","?","?","T","?","M","M","M","E","R","M","M","BOSS"],"items_purchased_type":[],"build_version":"2020-12-22","purchased_purges":0,"victory":false,"max_hp_per_floor":[90,90,90,90,90,90,90,90,90,90,90,90,100,100,100,100,100,100],"relic_stats":{"counters":[10,40],"obtain_stats":[{"StuffTheSpire:OccultApparatus":3,"downfall:HeartBlessingRed":13,"downfall:HeartBlessingBlue":13,"Vajra":7,"Oddly Smooth Stone":12,"sneckomod:SneckoSoul":0,"bronze:BronzeIdol":0},{"StuffTheSpire:OccultApparatus":1,"downfall:HeartBlessingRed":7,"downfall:HeartBlessingBlue":7,"Vajra":3,"Oddly Smooth Stone":7,"sneckomod:SneckoSoul":0,"bronze:BronzeIdol":0},{"StuffTheSpire:OccultApparatus":3,"downfall:HeartBlessingRed":24,"downfall:HeartBlessingBlue":24,"Vajra":8,"Oddly Smooth Stone":24,"sneckomod:SneckoSoul":0,"bronze:BronzeIdol":0}]},"card_choices":[{"not_picked":["sneckomod:DiceBoulder","sneckomod:UnknownUncommonAttack"],"picked":"sneckomod:QuickBite","floor":2},{"not_picked":["sneckomod:QuickMove","sneckomod:WideSting"],"picked":"sneckomod:UnknownWeak","floor":4},{"not_picked":["sneckomod:UnknownVulnerable","sneckomod:RainOfDice"],"picked":"sneckomod:WideSting","floor":6},{"not_picked":["sneckomod:QuickMove","sneckomod:UnknownDraw"],"picked":"sneckomod:QuickBite","floor":9},{"not_picked":["sneckomod:UnknownCommonSkill","sneckomod:DefensiveFlair"],"picked":"sneckomod:UnknownStrength","floor":10},{"not_picked":["sneckomod:UnknownCommonAttack","sneckomod:UnknownVulnerable"],"picked":"sneckomod:UnknownStrength","floor":11},{"not_picked":["sneckomod:Unknown2Cost","sneckomod:UnknownX"],"picked":"sneckomod:UnknownCommonAttack","floor":12},{"not_picked":["sneckomod:UnknownUncommonAttack","sneckomod:UnknownDraw"],"picked":"sneckomod:Rotation","floor":14},{"not_picked":["sneckomod:UnknownExhaust","sneckomod:DefensiveFlair"],"picked":"sneckomod:DiceBlock","floor":15}],"player_experience":654906,"relics_obtained":[{"floor":7,"key":"Vajra"},{"floor":12,"key":"Oddly Smooth Stone"}],"event_choices":[],"is_beta":false,"boss_relics":[],"items_purged_floors":[],"is_endless":false,"potions_floor_spawned":[4,9,10,11],"killed_by":"WA_ARCHETYPE_RETAIN","ascension_level":7}}