{"host":"7j2n82b2zha9fuyn","time":1613856792,"event":{"mods":["BaseMod","Block Reminder","Minty Spire (QoL Compilation)","StSLib"],"gold_per_floor":[113,131,81,96,107,107,140,66,66,66,98,118,147,147,147,244,244,263,188,188,43,57,91,109,143,169,268,268,295,307,319,331,343,343],"floor_reached":33,"language":"ENG","playtime":3873,"items_purged":["Defend_R"],"score":594,"play_id":"16e6eaa1-156c-4fb2-a7c3-a9a2d7c9b13f","local_time":"20210220143312","is_ascension_mode":true,"campfire_choices":[{"data":"Bludgeon","floor":6.0,"key":"SMITH"},{"data":"Flame Barrier","floor":10.0,"key":"SMITH"},{"data":"Bash","floor":15.0,"key":"SMITH"},{"floor":28.0,"key":"REST"},{"data":"Fiend Fire","floor":32.0,"key":"SMITH"}],"circlet_count":0,"master_deck":["AscendersBane","Strike_R","Defend_R","Defend_R+1","Defend_R","Bash+1","Warcry+1","Bludgeon+1","Pummel","Thunderclap","Flame Barrier+1","Warcry+1","Intimidate+1","Battle Trance+1","Fiend Fire+1","Shrug It Off+1","Flame Barrier+1","Reaper","Dropkick"],"relics":["Burning Blood","Toxic Egg 2","White Beast Statue","Matryoshka","Blood Vial","Mark of Pain","HornCleat","War Paint","Blue Candle","Regal Pillow","MawBank"],"acts_visited":["Exordium","TheCity"],"potions_floor_usage":[33],"damage_taken":[{"damage":6.0,"enemies":"Cultist","floor":1.0,"turns":3.0},{"damage":4.0,"enemies":"Small Slimes","floor":2.0,"turns":3.0},{"damage":8.0,"enemies":"2 Louse","floor":4.0,"turns":2.0},{"damage":8.0,"enemies":"Blue Slaver","floor":5.0,"turns":2.0},{"damage":0.0,"enemies":"Lagavulin","floor":7.0,"turns":3.0},{"damage":0.0,"enemies":"Gremlin Nob","floor":11.0,"turns":2.0},{"damage":5.0,"enemies":"Exordium Wildlife","floor":12.0,"turns":4.0},{"damage":15.0,"enemies":"Lagavulin","floor":13.0,"turns":6.0},{"damage":27.0,"enemies":"Slime Boss","floor":16.0,"turns":8.0},{"damage":8.0,"enemies":"Chosen","floor":18.0,"turns":4.0},{"damage":0.0,"enemies":"3 Byrds","floor":22.0,"turns":2.0},{"damage":55.0,"enemies":"Slavers","floor":23.0,"turns":7.0},{"damage":0.0,"enemies":"Snecko","floor":24.0,"turns":3.0},{"damage":82.0,"enemies":"Gremlin Leader","floor":25.0,"turns":8.0},{"damage":15.0,"enemies":"Slavers","floor":29.0,"turns":7.0},{"damage":74,"enemies":"Collector","floor":33,"turns":11}],"seed_played":"1141689039058171294","potions_obtained":[{"floor":4.0,"key":"SteroidPotion"},{"floor":5.0,"key":"LiquidMemories"},{"floor":11.0,"key":"Swift Potion"},{"floor":12.0,"key":"BloodPotion"},{"floor":18.0,"key":"BlessingOfTheForge"},{"floor":23.0,"key":"Dexterity Potion"},{"floor":25.0,"key":"Fire Potion"},{"floor":29.0,"key":"LiquidMemories"}],"is_trial":false,"path_per_floor":["M","M","?","M","M","R","E","$","T","R","E","M","E","?","R","B",null,"M","?","?","$","M","E","M","E","T","?","R","E","$","?","R","B"],"character_chosen":"IRONCLAD","items_purchased":["Intimidate+1","Flame Barrier+1"],"campfire_rested":1,"item_purchase_floors":[8,21],"current_hp_per_floor":[72,74,74,72,70,70,76,76,76,76,80,80,71,76,76,57,78,78,78,78,78,85,53,67,9,9,9,49,48,48,48,48,0,0],"gold":343,"neow_bonus":"TRANSFORM_TWO_CARDS","is_daily":false,"chose_seed":false,"campfire_upgraded":4,"win_rate":0.0,"timestamp":1613856792,"path_taken":["M","?","?","M","M","R","E","$","T","R","E","M","E","?","R","BOSS","M","?","?","$","M","E","M","E","T","?","R","E","?","?","R","BOSS"],"items_purchased_type":["Card","Card"],"build_version":"2020-12-22","purchased_purges":1,"victory":false,"max_hp_per_floor":[80,80,80,80,80,80,80,80,80,80,80,80,80,85,85,85,85,85,85,85,85,85,85,85,85,85,85,85,85,85,85,85,85,85],"card_choices":[{"not_picked":["Havoc","Perfected Strike"],"picked":"Pummel","floor":1.0},{"not_picked":["Bloodletting","Twin Strike","Armaments"],"picked":"SKIP","floor":2.0},{"not_picked":["Armaments","Searing Blow"],"picked":"Thunderclap","floor":4.0},{"not_picked":["Clothesline","Twin Strike"],"picked":"Flame Barrier","floor":5.0},{"not_picked":["Anger","Thunderclap"],"picked":"Warcry+1","floor":7.0},{"not_picked":["Warcry+1","Dual Wield+1"],"picked":"Battle Trance+1","floor":11.0},{"not_picked":["Shockwave+1","Rage+1","Clash"],"picked":"SKIP","floor":12.0},{"not_picked":["Perfected Strike","Sentinel+1","Clash"],"picked":"SKIP","floor":13.0},{"not_picked":["Reaper","Bludgeon"],"picked":"Fiend Fire","floor":16.0},{"not_picked":["Armaments+1","Whirlwind"],"picked":"Shrug It Off+1","floor":18.0},{"not_picked":["Warcry+1","True Grit+1","Iron Wave"],"picked":"SKIP","floor":22.0},{"not_picked":["Iron Wave","Havoc+1"],"picked":"Reaper","floor":23.0},{"not_picked":["Burning Pact+1","Shrug It Off+1"],"picked":"Dropkick","floor":24.0},{"not_picked":["Flex+1","Wild Strike","Searing Blow"],"picked":"SKIP","floor":25.0},{"not_picked":["Uppercut","Headbutt","Clash"],"picked":"SKIP","floor":29.0}],"player_experience":2074690,"relics_obtained":[{"floor":7.0,"key":"Toxic Egg 2"},{"floor":9.0,"key":"White Beast Statue"},{"floor":11.0,"key":"Matryoshka"},{"floor":13.0,"key":"Blood Vial"},{"floor":23.0,"key":"HornCleat"},{"floor":25.0,"key":"War Paint"},{"floor":26.0,"key":"Blue Candle"},{"floor":26.0,"key":"Regal Pillow"},{"floor":29.0,"key":"MawBank"}],"event_choices":[{"cards_removed":["Shame"],"damage_healed":0.0,"max_hp_gain":0.0,"max_hp_loss":0.0,"gold_gain":0.0,"event_name":"The Cleric","player_choice":"Card Removal","floor":3.0,"gold_loss":50.0,"damage_taken":0.0},{"damage_healed":0.0,"max_hp_gain":5.0,"max_hp_loss":0.0,"gold_gain":0.0,"event_name":"Big Fish","player_choice":"Donut","floor":14.0,"gold_loss":0.0,"damage_taken":0.0},{"cards_removed":["Strike_R"],"damage_healed":0.0,"max_hp_gain":0.0,"max_hp_loss":0.0,"gold_gain":0.0,"event_name":"Beggar","player_choice":"Gave Gold","floor":19.0,"gold_loss":75.0,"damage_taken":0.0},{"damage_healed":0.0,"max_hp_gain":0.0,"max_hp_loss":0.0,"gold_gain":0.0,"event_name":"Ghosts","player_choice":"Ignored","floor":20.0,"gold_loss":0.0,"damage_taken":0.0},{"damage_healed":0.0,"max_hp_gain":0.0,"max_hp_loss":0.0,"gold_gain":99.0,"event_name":"Nest","player_choice":"Stole From Cult","floor":27.0,"gold_loss":0.0,"damage_taken":0.0},{"cards_removed":["Strike_R"],"damage_healed":0.0,"max_hp_gain":0.0,"max_hp_loss":0.0,"gold_gain":0.0,"event_name":"Wheel of Change","player_choice":"Card Removal","floor":31.0,"gold_loss":0.0,"damage_taken":0.0}],"is_beta":false,"boss_relics":[{"not_picked":["Cursed Key","Runic Pyramid"],"picked":"Mark of Pain"}],"items_purged_floors":[21],"is_endless":false,"potions_floor_spawned":[4,5,11,12,13,16,18,22,23,24,25,29],"killed_by":"Collector","ascension_level":12}}