{"host":"og21o26alpnbwmz8","time":1613847170,"event":{"mods":["2.2 Compatiblity","A Magickal Journey","Act Like it!","Aspiration","BaseMod","Conspire","Downfall","Gensokyo","GungeonMod","Halation","Hubris","Jedi Mod","Mimic Mod","Minty Spire (QoL Compilation)","Pale of the Ancients","Reliquary","Replay The Spire","Shop Mod","Spikes Relics","StSLib","The Alterego","The Animator","The Blue Laboratory","The Bug Knight","The Exalted","The Florist","The Poker Player","Waifu the Spire","Yuri Mod"],"gold_per_floor":[18,18,18,41,66,66,99,122,147,170,170,170,206,229,229,358,358,373,373,373,398,0,0,44,44,84,84,107,107,107,120,120,246,246,262,286,286,132,132,132,132,132,156,180,180,200,200,220,220,220,220,220,76,76,76],"floor_reached":54,"language":"ENG","playtime":2311,"items_purged":["conspire:Purge"],"score":790,"play_id":"04826f43-9b42-4513-9483-cb7dd2e83cb2","local_time":"20210220135250","is_ascension_mode":false,"campfire_choices":[{"data":"Bludgeon","floor":6,"key":"SMITH"},{"data":"conspire:ExplosiveBarrier","floor":11,"key":"SMITH"},{"data":"Disarm","floor":15,"key":"SMITH"},{"data":"Metallicize","floor":23,"key":"SMITH"},{"data":"Metallicize","floor":30,"key":"SMITH"},{"floor":32,"key":"RECALL"},{"data":"ReplayUltimateDefense","floor":40,"key":"SMITH"},{"data":"Barricade","floor":45,"key":"SMITH"},{"data":"Predator","floor":49,"key":"SMITH"},{"data":"Finesse","floor":52,"key":"SMITH"}],"circlet_count":0,"master_deck":["Defend_R","Bash","Replay:Undeath\u0027s Touch","Bludgeon+1","Disarm+1","Metallicize+1","Metallicize+1","Predator+1","Barricade+1","Panacea","ReplayUltimateDefense+1","Finesse+1"],"relics":["Burning Blood","Golden Idol","BicycleWheel","reliquary:Knoch","hubris:GrandSneckoEye","bronze:BronzeIdol","HornCleat","jedi:angrymask","jedi:fakemustache","aspiration:PoetsPen_weak","Bromod:ArcaneMomentum","halation:EternalFortune","DemoMod:PoisonVial","hubris:EmptyBottle"],"acts_visited":["Exordium","TheCity","TheBeyond","TheEnding"],"potions_floor_usage":[4,14,16,16,33],"damage_taken":[{"damage":0,"enemies":"Cultist","floor":1,"turns":2},{"damage":0,"enemies":"2 Louse","floor":4,"turns":3},{"damage":4,"enemies":"Small Slimes","floor":5,"turns":2},{"damage":14,"enemies":"Gremlin Nob","floor":7,"turns":4},{"damage":5,"enemies":"3 Louse","floor":8,"turns":4},{"damage":0,"enemies":"Red Slaver","floor":10,"turns":4},{"damage":0,"enemies":"Lagavulin","floor":13,"turns":5},{"damage":0,"enemies":"2 Fungi Beasts","floor":14,"turns":7},{"damage":34,"enemies":"Fading Forest","floor":16,"turns":11},{"damage":9,"enemies":"3 Byrds","floor":18,"turns":6},{"damage":5,"enemies":"Shell Parasite","floor":21,"turns":6},{"damage":5,"enemies":"HollowMod:Nosk","floor":24,"turns":9},{"damage":0,"enemies":"Sentry and Sphere","floor":26,"turns":9},{"damage":10,"enemies":"Sentry and Sphere","floor":28,"turns":5},{"damage":3,"enemies":"Cultist and Chosen","floor":31,"turns":5},{"damage":0,"enemies":"Automaton","floor":33,"turns":11},{"damage":0,"enemies":"3 Darklings","floor":35,"turns":4},{"damage":5,"enemies":"3 Shapes","floor":36,"turns":5},{"damage":0,"enemies":"Transient","floor":44,"turns":5},{"damage":0,"enemies":"Writhing Mass","floor":46,"turns":6},{"damage":0,"enemies":"3 Darklings","floor":48,"turns":4},{"damage":6,"enemies":"hubris:GrandSnecko","floor":50,"turns":11},{"damage":85,"enemies":"Shield and Spear","floor":54,"turns":6}],"seed_played":"9007927633672580981","potions_obtained":[{"floor":1,"key":"AttackPotion"},{"floor":8,"key":"Swift Potion"},{"floor":13,"key":"champ:CounterPotion"},{"floor":14,"key":"SteroidPotion"},{"floor":16,"key":"blueLaboratory:EnragingPotion"},{"floor":18,"key":"SpeedPotion"},{"floor":24,"key":"blueLaboratory:IronCompound"},{"floor":31,"key":"jedi:StrikingPotion"},{"floor":33,"key":"Swift Potion"}],"is_trial":false,"path_per_floor":["M","?","?","M","M","R","E","M","T","M","R","?","E","M","R","B",null,"M","?","?","M","?","R","E","$","MIM","T","M","$","R","M","R","B",null,"M","M","?","$","?","R","?","$","T","M","R","M","?","M","R","B",null,"R","$","E"],"character_chosen":"IRONCLAD","items_purchased":["jedi:fakemustache","Bromod:ArcaneMomentum","hubris:EmptyBottle"],"campfire_rested":0,"item_purchase_floors":[29,38,53],"current_hp_per_floor":[80,74,74,74,74,74,66,67,67,73,73,73,74,74,74,46,74,71,71,71,72,72,72,73,73,74,74,70,65,65,68,68,74,74,74,74,74,74,64,64,67,67,67,73,73,77,73,73,73,73,73,73,73,0,0],"gold":76,"neow_bonus":"TRANSFORM_TWO_CARDS","is_daily":false,"chose_seed":false,"campfire_upgraded":9,"win_rate":0.0,"timestamp":1613847170,"path_taken":["M","?","?","?","M","R","E","M","T","M","R","?","E","M","R","BOSS","M","?","?","?","?","R","E","?","MIM","?","?","?","R","M","R","BOSS","M","M","?","$","?","R","?","$","T","M","R","?","?","M","R","BOSS","R","$","E"],"items_purchased_type":["Relic","Relic","Relic"],"build_version":"2020-12-22","purchased_purges":1,"victory":false,"max_hp_per_floor":[80,74,74,74,74,74,74,74,74,74,74,74,74,74,74,74,74,74,74,74,74,74,74,74,74,74,74,74,74,74,74,74,74,74,74,74,74,74,74,74,77,77,77,77,77,77,73,73,73,73,73,73,73,73,73],"card_choices":[{"not_picked":["Dropkick","Evolve","Bloodletting"],"picked":"SKIP","floor":1},{"not_picked":["Wild Strike","Clothesline","Flex"],"picked":"SKIP","floor":4},{"not_picked":["Shrug It Off","Burning Pact"],"picked":"conspire:ExplosiveBarrier","floor":5},{"not_picked":["Fire Breathing","Burning Pact","Headbutt"],"picked":"SKIP","floor":7},{"not_picked":["Thunderclap","Run Through"],"picked":"Disarm","floor":8},{"not_picked":["jedi:hate","Thunderclap","Hemogenesis"],"picked":"SKIP","floor":10},{"not_picked":["Pommel Strike","Battle Trance"],"picked":"Metallicize","floor":13},{"not_picked":["Sword Boomerang","Shrug It Off","Battle Trance"],"picked":"SKIP","floor":14},{"not_picked":["jedi:unlimitedpower","Berserk"],"picked":"conspire:Purge","floor":16},{"not_picked":["Perfected Strike+1","ReplayTheSpireMod:Strike From Hell","Replay:Undeath\u0027s Touch"],"picked":"SKIP","floor":18},{"not_picked":["DemoMod:BlackBlade+1","Burning Pact","Perfected Strike"],"picked":"SKIP","floor":21},{"not_picked":["hubris:ReadiedAction","jedi:fear+1"],"picked":"Barricade","floor":24},{"not_picked":["True Grit+1","Pommel Strike","hubris:SharpeningStone"],"picked":"SKIP","floor":28},{"not_picked":["Armaments","Blood for Blood","Pommel Strike"],"picked":"SKIP","floor":31},{"not_picked":["Dual Wield+1","conspire:ExplosiveBarrier","Wild Strike"],"picked":"SKIP","floor":35},{"not_picked":["Burning Pact+1","conspire:ExplosiveBarrier+1","Bloodletting+1"],"picked":"SKIP","floor":36},{"not_picked":["hubris:Ssssneak","Assess"],"picked":"Panacea","floor":39},{"not_picked":["Panacea","jedi:forcepush"],"picked":"ReplayUltimateDefense","floor":39},{"not_picked":["Chrysalis","Replay:Bootleg Shield Generator"],"picked":"Finesse","floor":39},{"not_picked":["Iron Wave","Clothesline+1","Armaments"],"picked":"SKIP","floor":44},{"not_picked":["Headbutt+1","Flex+1","DemoMod:BlackBlade"],"picked":"SKIP","floor":46},{"not_picked":["Headbutt","Heavy Blade+1","Hemogenesis"],"picked":"SKIP","floor":48}],"player_experience":412337,"relics_obtained":[{"floor":7,"key":"BicycleWheel"},{"floor":13,"key":"reliquary:Knoch"},{"floor":24,"key":"bronze:BronzeIdol"},{"floor":26,"key":"HornCleat"},{"floor":27,"key":"jedi:angrymask"},{"floor":43,"key":"DemoMod:PoisonVial"}],"event_choices":[{"damage_healed":0,"gold_gain":0,"player_choice":"Lose Max HP","damage_taken":0,"relics_obtained":["Golden Idol"],"max_hp_gain":0,"max_hp_loss":6,"event_name":"Golden Idol","floor":2,"gold_loss":0},{"cards_removed":["Strike_R"],"damage_healed":0,"gold_gain":0,"player_choice":"Purged","damage_taken":0,"max_hp_gain":0,"max_hp_loss":0,"event_name":"Purifier","floor":3,"gold_loss":0},{"damage_healed":0,"gold_gain":0,"player_choice":"Read","damage_taken":0,"max_hp_gain":0,"max_hp_loss":0,"event_name":"The Library","floor":19,"gold_loss":0,"cards_obtained":["Metallicize"]},{"damage_healed":0,"gold_gain":0,"player_choice":"Paid Fearfully","damage_taken":0,"max_hp_gain":0,"max_hp_loss":0,"event_name":"Masked Bandits","floor":22,"gold_loss":398},{"cards_removed":["Defend_R"],"damage_healed":0,"gold_gain":0,"player_choice":"Removed Skill","damage_taken":0,"max_hp_gain":0,"max_hp_loss":0,"event_name":"Falling","floor":37,"gold_loss":0},{"damage_healed":0,"gold_gain":0,"player_choice":"Memory 3","damage_taken":10,"max_hp_gain":0,"max_hp_loss":0,"event_name":"SensoryStone","floor":39,"gold_loss":0},{"damage_healed":0,"gold_gain":0,"player_choice":"Max HP","damage_taken":0,"max_hp_gain":0,"max_hp_loss":4,"event_name":"Winding Halls","floor":47,"gold_loss":0}],"is_beta":false,"boss_relics":[{"not_picked":["SacredBark","halation:Risk"],"picked":"hubris:GrandSneckoEye"},{"not_picked":["halation:SmartPhone","halation:MonkeysPaw"],"picked":"aspiration:PoetsPen_weak"}],"items_purged_floors":[29],"is_endless":false,"potions_floor_spawned":[1,8,13,14,16,18,24,31,33,35,36,48],"killed_by":"Shield and Spear","ascension_level":0}}