{"host":"x12v7kw7hhljdyq8","time":1613849984,"event":{"mods":["BaseMod","BetterRewards","Downfall","Minty Spire (QoL Compilation)","Quick Restart","Replay The Spire","Shop Mod","StSLib","The Cursed","The Jungle","The Necromancer"],"gold_per_floor":[99,110,125,35,35,45,72,84,109,121,148,160,172,197,225,332,344,356,381,404,76,76,76,76,76,86,97,114,114,130,130,146,146,146,146],"floor_reached":33,"language":"ENG","playtime":1649,"items_purged":["Guardian:Strike_Guardian","Guardian:Strike_Guardian"],"score":243,"play_id":"0149c730-21db-44b1-901c-d6dca79bacf3","local_time":"20210220173944","is_ascension_mode":false,"campfire_choices":[{"data":"Guardian:TwinSlam","floor":1,"key":"SMITH"},{"data":"Guardian:MultiBeam","floor":12,"key":"SMITH"},{"data":"Guardian:TimeSifter","floor":18,"key":"SMITH"},{"data":"Guardian:TimeCapacitor","floor":25,"key":"SMITH"},{"floor":29,"key":"REST"}],"circlet_count":0,"master_deck":["Guardian:Strike_Guardian","Guardian:Strike_Guardian","Guardian:Defend_Guardian","Guardian:Defend_Guardian","Guardian:Defend_Guardian","Guardian:CurlUp+1","Guardian:TwinSlam+1","Guardian:Recover","Guardian:PrimingBeam+1","Guardian:MultiBeam+1","Guardian:Planning","Guardian:StasisField","Guardian:TimeSifter+1","Guardian:Incinerate","Guardian:TimeCapacitor+1","Guardian:ChargeCore","Guardian:Emergency","Guardian:TemporalStrike","Guardian:Gem_Fragmented"],"relics":["Guardian:ModeShifter","Sozu","Chemical X","downfall:RedIOU","Replay:Bottled Eggs","Golden Egg"],"acts_visited":["Exordium","TheCity"],"potions_floor_usage":[11,15,15,16,21],"damage_taken":[{"damage":8,"enemies":"Jaw Worm","floor":2,"turns":4},{"damage":0,"enemies":"Small Slimes","floor":3,"turns":3},{"damage":0,"enemies":"downfall:FleeingMerchant","floor":4,"turns":4},{"damage":0,"enemies":"Cultist","floor":6,"turns":3},{"damage":10,"enemies":"2 Fungi Beasts","floor":9,"turns":4},{"damage":3,"enemies":"Red Slaver","floor":11,"turns":3},{"damage":2,"enemies":"3 Louse","floor":14,"turns":3},{"damage":0,"enemies":"Gremlin Gang","floor":15,"turns":6},{"damage":51,"enemies":"WA_ARCHETYPE_RETAIN","floor":16,"turns":8},{"damage":4,"enemies":"3 Byrds","floor":19,"turns":5},{"damage":0,"enemies":"Shell Parasite","floor":20,"turns":6},{"damage":8,"enemies":"downfall:FleeingMerchant","floor":21,"turns":4},{"damage":20,"enemies":"Centurion and Healer","floor":26,"turns":3},{"damage":0,"enemies":"Sentry and Sphere","floor":27,"turns":4},{"damage":14,"enemies":"Snake Plant","floor":28,"turns":4},{"damage":15,"enemies":"Snecko","floor":30,"turns":3},{"damage":10,"enemies":"Sentry and Sphere","floor":32,"turns":5},{"damage":51,"enemies":"SI_MIRROR_ARCHETYPE","floor":33,"turns":8}],"seed_played":"3563609153298330557","potions_obtained":[{"floor":2,"key":"Elixir"},{"floor":3,"key":"LifebloodPotion"},{"floor":9,"key":"bronze:BurnAndBuffPotion"},{"floor":10,"key":"Energy Potion"},{"floor":11,"key":"Block Potion"},{"floor":16,"key":"Energy Potion"}],"is_trial":false,"path_per_floor":["R","M","M","$","?","M","T","?","M","?","M","R","?","M","M","B",null,"R","M","M","$","?","?","T","R","M","M","M","R","M","?","M","B"],"character_chosen":"GUARDIAN","items_purchased":["Guardian:TimeCapacitor","Chemical X"],"campfire_rested":1,"item_purchase_floors":[21,21],"current_hp_per_floor":[88,80,80,80,80,80,80,80,70,70,67,67,67,65,65,14,88,88,84,84,76,76,76,76,76,56,56,42,68,53,53,43,0,0,0],"gold":146,"neow_bonus":"TEN_PERCENT_HP_BONUS","is_daily":false,"chose_seed":false,"campfire_upgraded":4,"win_rate":0.0,"timestamp":1613849984,"path_taken":["R","M","M","$","?","M","T","?","?","?","?","R","?","?","M","BOSS","R","M","M","$","?","?","T","R","M","M","M","R","M","?","M","BOSS"],"items_purchased_type":["Card","Relic"],"build_version":"2020-12-22","purchased_purges":2,"victory":false,"max_hp_per_floor":[88,88,88,88,88,88,88,88,88,88,88,88,88,88,88,88,88,88,88,88,88,88,88,88,88,88,88,88,88,88,88,88,88,88,88],"card_choices":[{"not_picked":["Guardian:BronzeOrb","Guardian:FloatingOrbs"],"picked":"Guardian:Gem_Fragmented","floor":2},{"not_picked":["Guardian:Planning","Guardian:Reroute"],"picked":"Guardian:Recover","floor":3},{"not_picked":["Guardian:ArmoredProtocol","Guardian:PrismaticBarrier"],"picked":"Guardian:PrimingBeam","floor":4},{"not_picked":["Guardian:Harden","Guardian:VentSteam"],"picked":"Guardian:Gem_Green","floor":6},{"not_picked":["Guardian:TemporalShield","Guardian:Gem_Green"],"picked":"Guardian:MultiBeam","floor":9},{"not_picked":["Guardian:VentSteam","Guardian:BronzeArmor"],"picked":"Guardian:Planning","floor":11},{"not_picked":["Guardian:Suspension","Guardian:ArmoredProtocol"],"picked":"Guardian:StasisField","floor":14},{"not_picked":["Guardian:Planning","Guardian:SentryBeam","Guardian:ShieldCharger"],"picked":"SKIP","floor":15},{"not_picked":["Guardian:Gem_Synthetic","Guardian:ConstructionForm"],"picked":"Guardian:TimeSifter","floor":16},{"not_picked":["Guardian:BronzeArmor","Guardian:PrismaticBarrier"],"picked":"Guardian:Gem_Crimson","floor":19},{"not_picked":["Guardian:Gem_Lightblue","Guardian:Reroute"],"picked":"Guardian:Gem_Green","floor":20},{"not_picked":["Guardian:Gem_Cyan","Guardian:Planning+1"],"picked":"Guardian:Incinerate","floor":21},{"not_picked":["Guardian:Gem_Lightblue","Guardian:TimeCapacitor"],"picked":"Guardian:ChargeCore","floor":26},{"not_picked":["Guardian:TemporalShield","Guardian:Gem_Purple"],"picked":"Guardian:Gem_White","floor":27},{"not_picked":["Guardian:Incinerate","Guardian:MultiBeam"],"picked":"Guardian:Emergency","floor":28},{"not_picked":["Guardian:PrismaticBeam+1","Guardian:PrismaticBarrier+1"],"picked":"Guardian:TemporalStrike","floor":30},{"not_picked":["Guardian:VentSteam","Guardian:SphericShield"],"picked":"Guardian:Gem_Fragmented","floor":32}],"player_experience":286504,"relics_obtained":[{"floor":7,"key":"MawBank"},{"floor":24,"key":"Replay:Bottled Eggs"}],"event_choices":[{"damage_healed":0,"gold_gain":0,"player_choice":"Grow","damage_taken":0,"max_hp_gain":0,"max_hp_loss":0,"event_name":"Living Wall","floor":5,"gold_loss":0,"cards_upgraded":["Guardian:PrimingBeam"]},{"cards_removed":["Guardian:Defend_Guardian"],"damage_healed":0,"gold_gain":0,"player_choice":"Card Removal","damage_taken":0,"max_hp_gain":0,"max_hp_loss":0,"event_name":"Wheel of Change","floor":8,"gold_loss":0},{"damage_healed":0,"gold_gain":0,"player_choice":"Got Potions","damage_taken":0,"max_hp_gain":0,"max_hp_loss":0,"event_name":"Lab","floor":10,"gold_loss":0}],"is_beta":false,"boss_relics":[{"not_picked":["Kintsugi","Runic Pyramid"],"picked":"Sozu"}],"items_purged_floors":[4,21],"is_endless":false,"potions_floor_spawned":[2,3,9,11,16,19,27,28,30,32],"killed_by":"SI_MIRROR_ARCHETYPE","ascension_level":0}}