{"host":"udyc8f81k2jocuhg","time":1613830746,"event":{"mods":["2.2 Compatiblity","BaseMod","Better Third Choice","Colored Powertips","Conspire","Custom Start","GifTheSpireLib","Hermit","Minty Spire (QoL Compilation)","Permanent Neow","Quick Restart","Relic Filter","Relic Stats","Replay The Spire","Shop Mod","Spikes Relics","StSLib","Stuff the Spire"],"gold_per_floor":[112,124,141,161,173,173,173],"floor_reached":6,"language":"ENG","playtime":174,"items_purged":[],"score":80,"play_id":"06effa07-dbd0-45f0-830c-e4f8e7103d6b","local_time":"20210220151906","is_ascension_mode":true,"campfire_choices":[],"circlet_count":0,"master_deck":["AscendersBane","Strike_B","Strike_B","Strike_B","Strike_B","Defend_B","Defend_B","Defend_B","Defend_B","Zap","Dualcast","ReplayTheSpireMod:Calculation Training","Capacitor","Sunder","Cold Snap"],"relics":["Sozu"],"acts_visited":["Exordium"],"potions_floor_usage":[],"damage_taken":[{"damage":6.0,"enemies":"Small Slimes","floor":1.0,"turns":5.0},{"damage":2.0,"enemies":"Jaw Worm","floor":2.0,"turns":4.0},{"damage":3.0,"enemies":"2 Louse","floor":3.0,"turns":2.0},{"damage":11.0,"enemies":"Looter","floor":4.0,"turns":3.0},{"damage":7.0,"enemies":"2 Fungi Beasts","floor":5.0,"turns":3.0},{"damage":46,"enemies":"Gremlin Nob","floor":6,"turns":4}],"seed_played":"-1459673902803422822","potions_obtained":[],"is_trial":false,"path_per_floor":["M","M","M","M","M","E"],"character_chosen":"DEFECT","items_purchased":[],"campfire_rested":0,"item_purchase_floors":[],"current_hp_per_floor":[58,56,53,42,35,0,0],"gold":173,"neow_bonus":"BOSS_RELIC","is_daily":false,"chose_seed":false,"campfire_upgraded":0,"win_rate":0.0,"timestamp":1613830746,"path_taken":["M","M","M","M","M","E"],"items_purchased_type":[],"build_version":"2020-12-22","purchased_purges":0,"victory":false,"max_hp_per_floor":[71,71,71,71,71,71,71],"relic_stats":{"Sozu":2,"counters":[6,21],"obtain_stats":[{"Sozu":0,"Cracked Core":0},{"Sozu":0,"Cracked Core":0},{"Sozu":0,"Cracked Core":0}]},"card_choices":[{"not_picked":["StuffTheSpire:Plugnplay","Panic Button"],"picked":"ReplayTheSpireMod:Calculation Training","floor":1.0},{"not_picked":["StuffTheSpire:LoadUp","Auto Shields"],"picked":"Capacitor","floor":2.0},{"not_picked":["ReplayTheSpireMod:Reroute Power","Storm","StuffTheSpire:ShieldGenerator"],"picked":"SKIP","floor":3.0},{"not_picked":["Beam Cell","Streamline"],"picked":"Sunder","floor":4.0},{"not_picked":["Gash","Barrage"],"picked":"Cold Snap","floor":5.0}],"player_experience":2045427,"relics_obtained":[],"event_choices":[],"is_beta":false,"boss_relics":[],"items_purged_floors":[],"is_endless":false,"potions_floor_spawned":[1,5],"killed_by":"Gremlin Nob","ascension_level":20}}