{"host":"v86vpwf004p2esb7","time":1613858347,"event":{"mods":["AchievementEnabler","BaseMod","BetterRewards","Colored Powertips","Minty Spire (QoL Compilation)","Quick Restart","StSLib","Transform Curses"],"gold_per_floor":[119,138,213,232,250,284,302,302,302],"floor_reached":8,"language":"ENG","playtime":438,"items_purged":[],"score":81,"play_id":"f78af2da-8efa-41d1-8963-2e378f5fdeb9","local_time":"20210220135907","is_ascension_mode":true,"campfire_choices":[],"circlet_count":0,"master_deck":["Strike_B","Strike_B","Strike_B","Strike_B","Defend_B","Defend_B","Defend_B","Defend_B","Zap","Dualcast","Chill","Heatsinks","Static Discharge","Genetic Algorithm","Capacitor","Ball Lightning","FTL","Static Discharge","Blizzard","Capacitor","Go for the Eyes","Conserve Battery","Cold Snap"],"relics":["Cracked Core","Membership Card","DataDisk","Mango","Nunchaku"],"acts_visited":["Exordium"],"potions_floor_usage":[8,8,8],"damage_taken":[{"damage":0,"enemies":"2 Louse","floor":1,"turns":3},{"damage":7,"enemies":"Cultist","floor":2,"turns":4},{"damage":0,"enemies":"Small Slimes","floor":4,"turns":5},{"damage":0,"enemies":"Exordium Thugs","floor":5,"turns":5},{"damage":15,"enemies":"Gremlin Nob","floor":6,"turns":4},{"damage":9,"enemies":"Blue Slaver","floor":7,"turns":3},{"damage":5,"enemies":"Lagavulin","floor":8,"turns":5}],"seed_played":"1325968250741811056","potions_obtained":[{"floor":2,"key":"Swift Potion"},{"floor":5,"key":"LiquidMemories"},{"floor":7,"key":"Energy Potion"}],"is_trial":false,"path_per_floor":["M","M","?","M","M","E","M","E"],"character_chosen":"DEFECT","items_purchased":["Membership Card","Chill","Heatsinks","DataDisk","Static Discharge","Genetic Algorithm","Capacitor","Ball Lightning","FTL"],"campfire_rested":0,"item_purchase_floors":[0,0,0,0,0,0,0,0,0],"current_hp_per_floor":[47,40,29,29,29,14,5,0,0],"gold":302,"neow_bonus":"","is_daily":false,"chose_seed":false,"campfire_upgraded":0,"win_rate":0.0,"timestamp":1613858347,"path_taken":["M","M","?","M","M","E","M","E"],"items_purchased_type":["Relic","Card","Card","Relic","Card","Card","Card","Card","Card"],"build_version":"2020-12-22","purchased_purges":0,"victory":false,"max_hp_per_floor":[89,89,89,89,89,89,89,89,89],"card_choices":[{"not_picked":["Ball Lightning","Chill"],"picked":"Static Discharge","floor":1},{"not_picked":["Go for the Eyes","Hologram"],"picked":"Blizzard","floor":2},{"not_picked":["Conserve Battery","Beam Cell"],"picked":"Capacitor","floor":4},{"not_picked":["Lockon","Darkness"],"picked":"Go for the Eyes","floor":5},{"not_picked":["Reinforced Body","Undo"],"picked":"Conserve Battery","floor":6},{"not_picked":["Sunder","Steam"],"picked":"Cold Snap","floor":7}],"player_experience":317975,"relics_obtained":[{"floor":6,"key":"Nunchaku"}],"event_choices":[{"damage_healed":0,"gold_gain":75,"player_choice":"Gather Gold","damage_taken":11,"max_hp_gain":0,"max_hp_loss":0,"event_name":"World of Goop","floor":3,"gold_loss":0}],"is_beta":false,"boss_relics":[],"items_purged_floors":[],"is_endless":false,"potions_floor_spawned":[2,5,7],"killed_by":"Lagavulin","ascension_level":7}}