{"host":"23qk1co0p3p8qz56","time":1613783977,"event":{"mods":["100% Spire Juice","AchievementEnabler","Act Like it!","Arknights","BaseMod","Better Note","Better Third Choice","BetterRewards","CapriCore","Chen","Colored Map","DNKmod","Downfall","Friendly Minions","Gensokyo","Gold Saver","Halation","HololiveMod","KinomotoSakuraMod(木之本?)","Koishi","KomeijiMod","Lobotomy","LobotomyExtend","Mari Mod (Legacy)","Mari\u0027s V1 Patch","Marisa（霧雨　魔理沙）","Minty Spire (QoL Compilation)","MostiFishMod","Prisma Mod","Railgun Mod","Reimu（博??梦）","Remilia（蕾米莉?）","RumiaBox-露米?的神秘盒子","StSLib","The Administrix","The Alterego","The Animator","The Immortal","The Senshi","Waifu the Spire","WarShipGirlsR/??少女R mod","Yakumo Yukari mod","Yohane!","Yuyuko"],"gold_per_floor":[10019,10019,9744,9762,9773,9803,9814,9829,9829,9829,9839,9839,9839,9854,9854,9952,9952,9952,9829,9840,9850,9870,9870,9884,9884,9884,9407,9432,9445,8929,8949,8949,9050,9050,9062,8471,8471,8246,8246,8246,8263,8295,8295,8312,8341,8341,8373,8385,8385,8385],"floor_reached":51,"language":"ENG","playtime":2770,"items_purged":[],"score":1059,"play_id":"e6f2e978-9875-413c-a206-e3d17a6dd8bc","local_time":"20210219181937","is_ascension_mode":false,"campfire_choices":[{"data":"NB:ReiMu","floor":10,"key":"SMITH"},{"data":"CleanRite:ReiMu","floor":15,"key":"SMITH"},{"data":"Conquer:ReiMu","floor":23,"key":"SMITH"},{"data":"Gathering:ReiMu","floor":25,"key":"SMITH"},{"data":"Revelation:ReiMu","floor":32,"key":"SMITH"},{"data":"KyokaiOfKami:ReiMu","floor":40,"key":"SMITH"},{"data":"YinYangSange:ReiMu","floor":49,"key":"SMITH"}],"circlet_count":0,"master_deck":["Strike_Lin:ReiMu","Strike_Lin:ReiMu","Strike_Lin:ReiMu","Strike_Lin:ReiMu","Defend_Lin:ReiMu","Defend_Lin:ReiMu","Defend_Lin:ReiMu","Defend_Lin:ReiMu","NB:ReiMu+1","Stagnation:ReiMu","Determination:ReiMu","InherentArray:ReiMu","Gathering:ReiMu+1","EmergencyTakeOff:ReiMu","AlertArray:ReiMu","SpreadBorder2:ReiMu","Authority:ReiMu","PrepareRite:ReiMu","CleanRite:ReiMu+1","MikOfLucky:ReiMu","KamiRite:ReiMu","SealNeedle:ReiMu+1","Conquer:ReiMu+1","NineCharacters:ReiMu","Revelation:ReiMu+1","YinYangSange:ReiMu+1","Meditation:ReiMu","YinYang:ReiMu+1","AirStrike:ReiMu+1","CardOfSanctity:ReiMu","LearningPray:ReiMu","KyokaiOfKami:ReiMu+1","FineLineFantasy:ReiMu+1","HakureiPhantom:ReiMu","SpringWay:ReiMu","UpKicking:ReiMu+1","Amulet:ReiMu","WonderfulDomain:ReiMu+1","UniversalSpiritual:ReiMu+1","Parasite","TightArray:ReiMu+1","Mountainwind:ReiMu","SpringWay:ReiMu+1","FantasyMoon:ReiMu"],"relics":["FlyPower:ReiMu","MagicDraw4","Mastiff:ReiMu","Shuriken","DaveBox","MostiFishMod:Haymaker","SynthV:TestCard","LetterFromLob","Ying","Strawberry","SSSystem","PatriotShield","GoodDreamPillow","Molten Egg 2","MostiFishMod:AdaptiveDefenses","Vajra","Bird Faced Urn","GreenFoldingFan","MagicDraw1","Bronze Scales","SynthV","ScarletDevilRocket","SecretRecord","Girya","Regal Pillow","Salt:ReiMu"],"acts_visited":["Gensokyo:Gensokyo","TheCity","TheBeyond"],"potions_floor_usage":[8,33,50,50,50],"damage_taken":[{"damage":0,"enemies":"Gensokyo:3_Fairies","floor":1,"turns":4},{"damage":1,"enemies":"Gensokyo:2_Kodama","floor":4,"turns":4},{"damage":9,"enemies":"Gensokyo:Python","floor":5,"turns":4},{"damage":0,"enemies":"Gensokyo:Mamizou","floor":6,"turns":10},{"damage":8,"enemies":"Gensokyo:3_Kodama","floor":7,"turns":7},{"damage":2,"enemies":"Gensokyo:Python_and_Kodama","floor":8,"turns":5},{"damage":0,"enemies":"Gensokyo:VengefulSpirit","floor":11,"turns":4},{"damage":0,"enemies":"Gensokyo:2_Rabbits","floor":14,"turns":4},{"damage":12,"enemies":"Gensokyo:Kokoro","floor":16,"turns":10},{"damage":0,"enemies":"3 Byrds","floor":20,"turns":5},{"damage":0,"enemies":"Chosen","floor":21,"turns":3},{"damage":0,"enemies":"3 Cultists","floor":22,"turns":3},{"damage":0,"enemies":"Snecko","floor":24,"turns":3},{"damage":11,"enemies":"Gremlin Leader","floor":28,"turns":4},{"damage":1,"enemies":"Sentry and Sphere","floor":29,"turns":4},{"damage":0,"enemies":"Snake Plant","floor":31,"turns":1},{"damage":20,"enemies":"Collector","floor":33,"turns":5},{"damage":4,"enemies":"3 Darklings","floor":35,"turns":2},{"damage":7,"enemies":"3 Shapes","floor":41,"turns":2},{"damage":4,"enemies":"Nemesis","floor":42,"turns":2},{"damage":4,"enemies":"Writhing Mass","floor":44,"turns":2},{"damage":8,"enemies":"Giant Head","floor":45,"turns":4},{"damage":6,"enemies":"Nemesis","floor":47,"turns":3},{"damage":10,"enemies":"Transient","floor":48,"turns":5},{"damage":4,"enemies":"Time Eater","floor":50,"turns":2}],"seed_played":"2874616484947806077","potions_obtained":[{"floor":5,"key":"ZuzhouPotion:ReiMu"},{"floor":7,"key":"LiquidFlight:ReiMu"},{"floor":16,"key":"PowerPotion"},{"floor":22,"key":"SpeedPotion"},{"floor":29,"key":"GrandPatriotsElixir:ReiMu"},{"floor":33,"key":"SpeedPotion"},{"floor":35,"key":"Ancient Potion"},{"floor":41,"key":"AttackPotion"},{"floor":47,"key":"ExcitationPotion"}],"is_trial":false,"path_per_floor":["M","?","$","M","M","E","M","M","T","R","M","COS","?","M","R","B",null,"M","?","M","M","M","R","M","R","T","$","E","M","$","M","R","B",null,"M","$","?","$","?","R","M","E","T","M","E","T","E","M","R","B",null],"character_chosen":"REIMU","items_purchased":["Gathering:ReiMu","EmergencyTakeOff:ReiMu","Ying","YinYangSange:ReiMu","Molten Egg 2","MostiFishMod:AdaptiveDefenses","AirStrike:ReiMu+1","CardOfSanctity:ReiMu","Bird Faced Urn","HakureiPhantom:ReiMu","SpringWay:ReiMu","MagicDraw1","Bronze Scales","UpKicking:ReiMu+1","SynthV"],"campfire_rested":0,"item_purchase_floors":[3,3,3,27,27,27,30,30,30,36,36,36,36,38,38],"current_hp_per_floor":[500,500,500,499,490,497,489,487,487,487,487,487,437,437,437,425,507,507,507,507,507,507,507,507,507,507,507,496,495,495,499,499,492,507,507,507,507,507,507,507,507,507,507,507,507,507,507,507,507,507],"gold":8385,"neow_bonus":"ONE_RANDOM_RARE_CARD","is_daily":false,"chose_seed":false,"campfire_upgraded":7,"win_rate":0.0,"timestamp":1613783977,"path_taken":["M","?","$","M","M","E","M","M","T","R","?","COS","?","M","R","BOSS","M","?","M","M","M","R","M","R","T","$","E","M","$","M","R","BOSS","M","$","?","$","?","R","?","E","T","M","E","?","E","M","R","BOSS"],"items_purchased_type":["Card","Card","Relic","Card","Relic","Relic","Card","Card","Relic","Card","Card","Relic","Relic","Card","Relic"],"build_version":"2020-12-22","purchased_purges":0,"victory":true,"max_hp_per_floor":[500,500,500,500,500,507,507,507,507,507,507,507,507,507,507,507,507,507,507,507,507,507,507,507,507,507,507,507,507,507,507,507,507,507,507,507,507,507,507,507,507,507,507,507,507,507,507,507,507,507],"card_choices":[{"not_picked":["SpreadBorder2:ReiMu","EmergencyTakeOff:ReiMu"],"picked":"InherentArray:ReiMu","floor":1},{"not_picked":["SubAcupoint:ReiMu","Enchanting:ReiMu","EmergencyTakeOff:ReiMu","BarrageOfMoneybags:ReiMu"],"picked":"AlertArray:ReiMu","floor":4},{"not_picked":["AlertArray:ReiMu","YinYangSign:ReiMu","RainPray2:ReiMu","BarrageOfMoneybags:ReiMu"],"picked":"SpreadBorder2:ReiMu","floor":5},{"not_picked":["BlastKick2:ReiMu","Meditation:ReiMu","TightArray:ReiMu","SubAcupoint:ReiMu"],"picked":"Authority:ReiMu","floor":6},{"not_picked":["SubAcupoint:ReiMu","SubcavityInstant:ReiMu","RainPray2:ReiMu","Meditation:ReiMu"],"picked":"PrepareRite:ReiMu","floor":7},{"not_picked":["PhosphorusFlame:ReiMu","ShadowOfCrow2:ReiMu","AirManeuver:ReiMu","CareerPray:ReiMu"],"picked":"RunawayExorcism:ReiMu","floor":8},{"not_picked":["Amulet:ReiMu","OrbThrow:ReiMu","CareerPray:ReiMu","Meditation:ReiMu"],"picked":"CleanRite:ReiMu","floor":11},{"not_picked":["Conquer:ReiMu","Amulet:ReiMu","SafetyPray:ReiMu","CareerPray:ReiMu"],"picked":"MikOfLucky:ReiMu","floor":14},{"not_picked":["CardOfSanctity:ReiMu","SubcavityFantasy:ReiMu","PrayRite:ReiMu","YinYang:ReiMu"],"picked":"KamiRite:ReiMu","floor":16},{"not_picked":["SpreadBorder2:ReiMu","PhosphorusFlame:ReiMu","PrepareRite:ReiMu+1","ForcedLanding:ReiMu"],"picked":"SealNeedle:ReiMu+1","floor":20},{"not_picked":["AirStrike:ReiMu","SealNeedle:ReiMu","OrbThrow:ReiMu","SafetyPray:ReiMu"],"picked":"Conquer:ReiMu","floor":21},{"not_picked":["AirStrike:ReiMu","YinYangSign:ReiMu","TightArray:ReiMu","SubAcupoint:ReiMu"],"picked":"NineCharacters:ReiMu","floor":22},{"not_picked":["NineCharacters:ReiMu+1","SpringWay:ReiMu","Meditation:ReiMu+1","PassingAway:ReiMu+1"],"picked":"Revelation:ReiMu","floor":24},{"not_picked":["OrbThrow:ReiMu+1","CareerPray:ReiMu+1","NineCharacters:ReiMu+1","Intuition:ReiMu"],"picked":"Meditation:ReiMu","floor":28},{"not_picked":["WonderfulDomain:ReiMu","NineCharacters:ReiMu","Gathering:ReiMu","InherentArray:ReiMu+1"],"picked":"YinYang:ReiMu+1","floor":29},{"not_picked":["YinYangSign:ReiMu+1","Intuition:ReiMu","Crusade:ReiMu+1","AlertArray:ReiMu+1"],"picked":"LearningPray:ReiMu","floor":31},{"not_picked":["BlastKick2:ReiMu+1","Shading:ReiMu","YinYang:ReiMu+1","KamiRite:ReiMu"],"picked":"KyokaiOfKami:ReiMu","floor":33},{"not_picked":["SafetyPray:ReiMu+1","SpreadBorder2:ReiMu+1","CareerPray:ReiMu+1","Conquer:ReiMu+1"],"picked":"FineLineFantasy:ReiMu+1","floor":35},{"not_picked":["RainPray2:ReiMu","Amulet:ReiMu","InherentArray:ReiMu+1","Intuition:ReiMu+1"],"picked":"WonderfulDomain:ReiMu+1","floor":41},{"not_picked":["Enchanting:ReiMu","Conquer:ReiMu+1","YinYangSange:ReiMu","DoubleButterfly:ReiMu+1"],"picked":"UniversalSpiritual:ReiMu+1","floor":42},{"not_picked":["OrbThrow:ReiMu+1","SubAcupoint:ReiMu+1","AlertArray:ReiMu","Gathering:ReiMu+1"],"picked":"TightArray:ReiMu+1","floor":44},{"not_picked":["AlertArray:ReiMu","SafetyPray:ReiMu+1","Authority:ReiMu","Conquer:ReiMu+1"],"picked":"Mountainwind:ReiMu","floor":45},{"not_picked":["Intuition:ReiMu+1","SpreadBorder2:ReiMu","LearningPray:ReiMu+1","CollectionFlower2:ReiMu+1"],"picked":"SpringWay:ReiMu+1","floor":47},{"not_picked":["TakeOff:ReiMu","WonderfulDomain:ReiMu+1","CareerPray:ReiMu","ShadowOfCrow2:ReiMu"],"picked":"FantasyMoon:ReiMu","floor":48}],"player_experience":217447,"relics_obtained":[{"floor":1,"key":"SynthV:TestCard"},{"floor":1,"key":"LetterFromLob"},{"floor":6,"key":"Strawberry"},{"floor":9,"key":"SSSystem"},{"floor":28,"key":"Vajra"},{"floor":42,"key":"ScarletDevilRocket"},{"floor":43,"key":"SecretRecord"},{"floor":45,"key":"Girya"},{"floor":46,"key":"Regal Pillow"},{"floor":47,"key":"Salt:ReiMu"}],"event_choices":[{"damage_healed":0,"gold_gain":0,"player_choice":"Ignored","damage_taken":0,"max_hp_gain":0,"max_hp_loss":0,"event_name":"Tomb of Lord Red Mask","floor":37,"gold_loss":0},{"damage_healed":0,"gold_gain":0,"cards_transformed":["RunawayExorcism:ReiMu"],"player_choice":"Transformed","damage_taken":0,"max_hp_gain":0,"max_hp_loss":0,"event_name":"Transmorgrifier","floor":39,"gold_loss":0,"cards_obtained":["Amulet:ReiMu"]}],"is_beta":false,"boss_relics":[{"not_picked":["bronze:MakeshiftBattery","Hololive_TopUpMoneyS"],"picked":"PatriotShield"},{"not_picked":["HereWithMe","Fusion Hammer"],"picked":"GreenFoldingFan"}],"items_purged_floors":[],"is_endless":false,"potions_floor_spawned":[5,7,16,22,29,33,35,41,47],"ascension_level":0}}