{"host":"ssbj2e5691x5ub3h","time":1613843570,"event":{"mods":["BaseMod","Minty Spire (QoL Compilation)","Quick Restart","StSLib","SuperFastMode","The Witch"],"gold_per_floor":[113,129,129,142,161,161,186,136,136,136,136,136,136,150,150,271,271,292,283,208,208,208,208],"floor_reached":22,"language":"ENG","playtime":2234,"items_purged":["Defend_Witch"],"score":184,"play_id":"f9a37f84-75b6-4b99-8888-4de75446d92a","local_time":"20210220155250","is_ascension_mode":false,"campfire_choices":[{"data":"GrimVengeance","floor":6,"key":"SMITH"},{"data":"Schadenfreude","floor":11,"key":"SMITH"},{"data":"ZombieSpit","floor":13,"key":"SMITH"},{"floor":15,"key":"REST"}],"circlet_count":0,"master_deck":["Strike_Witch","Strike_Witch","Strike_Witch","Strike_Witch","Defend_Witch","Defend_Witch","Defend_Witch","Hexguard","ZombieSpit+1","Atonement","GrimVengeance+1","Pillage+1","SkullFlask","Schadenfreude+1","Injury","Malady","SummonRavenFamiliar","MagicFang+1","Harmlessness","CorruptBlood"],"relics":["BlackCat","PetCage","Pen Nib","White Beast Statue","Art of War","Golden Idol","SlaversCollar"],"acts_visited":["Exordium","TheCity"],"potions_floor_usage":[16,16,19,22],"damage_taken":[{"damage":1,"enemies":"Cultist","floor":1,"turns":4},{"damage":2,"enemies":"Jaw Worm","floor":2,"turns":6},{"damage":0,"enemies":"2 Louse","floor":4,"turns":4},{"damage":8,"enemies":"2 Fungi Beasts","floor":5,"turns":7},{"damage":13,"enemies":"3 Sentries","floor":7,"turns":10},{"damage":0,"enemies":"3 Louse","floor":14,"turns":3},{"damage":27,"enemies":"Slime Boss","floor":16,"turns":13},{"damage":16,"enemies":"Spheric Guardian","floor":18,"turns":6},{"damage":13,"enemies":"2 Thieves","floor":19,"turns":4},{"damage":42,"enemies":"Masked Bandits","floor":22,"turns":5}],"seed_played":"-3656589491371965374","potions_obtained":[{"floor":1,"key":"Energy Potion"},{"floor":5,"key":"Dexterity Potion"},{"floor":14,"key":"EssenceOfSteel"},{"floor":16,"key":"FearPotion"},{"floor":18,"key":"DuplicationPotion"},{"floor":19,"key":"PowerPotion"}],"is_trial":false,"path_per_floor":["M","M","?","M","M","R","E","?","T","?","R","?","R","M","R","B",null,"M","M","$","?","?"],"character_chosen":"WITCH","items_purchased":[],"campfire_rested":1,"item_purchase_floors":[],"current_hp_per_floor":[66,64,61,61,53,53,40,40,40,40,40,40,40,40,60,33,67,51,38,38,38,0,0],"gold":208,"neow_bonus":"ONE_RARE_RELIC","is_daily":false,"chose_seed":false,"campfire_upgraded":3,"win_rate":0.0,"timestamp":1613843570,"path_taken":["M","?","?","M","M","R","E","?","T","?","R","?","R","M","R","BOSS","M","M","$","?","?"],"items_purchased_type":[],"build_version":"2020-12-22","purchased_purges":1,"victory":false,"max_hp_per_floor":[67,67,67,67,67,67,67,67,67,67,67,67,67,67,67,67,67,67,67,67,67,67,67],"card_choices":[{"not_picked":["Thundercloud","RiteOfAutumn"],"picked":"Atonement","floor":1},{"not_picked":["BalefulWard","SoulBarrier"],"picked":"GrimVengeance","floor":2},{"not_picked":["RoilingBarrier","Thundercloud"],"picked":"Pillage","floor":4},{"not_picked":["Decrepify","Broomstick"],"picked":"SkullFlask","floor":5},{"not_picked":["KarmaDrain","SkullFlask"],"picked":"Schadenfreude","floor":7},{"not_picked":["SummonOwlFamiliar","Shrooms"],"picked":"Malady","floor":14},{"not_picked":["FatalRay","IllusionOfStrength"],"picked":"SummonRavenFamiliar","floor":16},{"not_picked":["RoilingBarrier","BoneCarving"],"picked":"MagicFang+1","floor":18},{"not_picked":["MagicFang+1","Broomstick"],"picked":"Harmlessness","floor":19}],"player_experience":140973,"relics_obtained":[{"floor":7,"key":"White Beast Statue"},{"floor":9,"key":"Art of War"}],"event_choices":[{"damage_healed":0,"gold_gain":0,"player_choice":"Success","damage_taken":3,"relics_obtained":["Pen Nib"],"max_hp_gain":0,"max_hp_loss":0,"event_name":"Scrap Ooze","floor":3,"gold_loss":0},{"cards_removed":["Normality"],"damage_healed":0,"gold_gain":0,"player_choice":"Card Removal","damage_taken":0,"max_hp_gain":0,"max_hp_loss":0,"event_name":"The Cleric","floor":8,"gold_loss":50},{"damage_healed":0,"gold_gain":0,"player_choice":"Grow","damage_taken":0,"max_hp_gain":0,"max_hp_loss":0,"event_name":"Living Wall","floor":10,"gold_loss":0,"cards_upgraded":["Pillage"]},{"damage_healed":0,"gold_gain":0,"player_choice":"Take Wound","damage_taken":0,"relics_obtained":["Golden Idol"],"max_hp_gain":0,"max_hp_loss":0,"event_name":"Golden Idol","floor":12,"gold_loss":0,"cards_obtained":["Injury"]},{"damage_healed":0,"gold_gain":0,"player_choice":"Read","damage_taken":0,"max_hp_gain":0,"max_hp_loss":0,"event_name":"The Library","floor":21,"gold_loss":0,"cards_obtained":["CorruptBlood"]},{"damage_healed":0,"gold_gain":0,"player_choice":"Fought Bandits","damage_taken":0,"max_hp_gain":0,"max_hp_loss":0,"event_name":"Masked Bandits","floor":22,"gold_loss":0}],"is_beta":false,"boss_relics":[{"not_picked":["Ectoplasm","Coffee Dripper"],"picked":"SlaversCollar"}],"items_purged_floors":[20],"is_endless":false,"potions_floor_spawned":[1,5,14,16,18,19],"killed_by":"Masked Bandits","ascension_level":0}}