{"host":"ovivighfa421z0zp","time":1613803202,"event":{"mods":["BaseMod","Colored Map","DeckTracker","Keyboard Shortcuts","Minty Spire (QoL Compilation)","Permanent Neow","Quick Restart","Replay The Spire","StSLib","SuperFastMode","The Cursed","The Hierophant","The Poker Player","The Runesmith"],"gold_per_floor":[114,127,16,26,37,37,72,22,45,62,77,105,2,20,20,118,168,180,193,39,57,74,74,89,106,106,106,46,66,66,82,82,181,181,191,191,70,87,87,87,103,103,129,129,148,165,165,165,165,165],"floor_reached":51,"language":"KOR","playtime":4970,"items_purged":["Runesmith:Strike_RS"],"score":640,"play_id":"38b7d077-9052-4d25-8a09-5de83a574c1b","local_time":"20210220154002","is_ascension_mode":false,"campfire_choices":[{"data":"Runesmith:EnergizedChisel","floor":6.0,"key":"SMITH"},{"data":"Runesmith:Strike_RS","floor":15.0,"key":"PURGE"},{"floor":23.0,"key":"REST"},{"floor":27.0,"key":"REST"},{"floor":30.0,"key":"REST"},{"floor":32.0,"key":"REST"},{"data":"Runesmith:ReplicatingBarrier","floor":40.0,"key":"SMITH"},{"floor":42,"key":"REST"},{"floor":44,"key":"REST"},{"data":"Runesmith:Repurpose","floor":49,"key":"SMITH"}],"circlet_count":0,"master_deck":["Runesmith:Strike_RS","Runesmith:Defend_RS","Runesmith:Defend_RS","Runesmith:Defend_RS","Runesmith:Defend_RS","Runesmith:CraftFirestone+1","Runesmith:Fortify","Runesmith:CraftProtectio","Runesmith:EnergizedChisel+1","Runesmith:EarthShield","Runesmith:Electrocute+1","Runesmith:PoweredAnvil","Runesmith:EarthShield","Runesmith:CraftProtectio","Runesmith:Duplicate","Runesmith:OneForEveryone","Runesmith:Repurpose+1","Runesmith:Prism","Runesmith:HeatExchange","Runesmith:CraftIndustria","Runesmith:HammerThrow+1","Runesmith:RuneHurl","Runesmith:Attraction","ReplayTheSpireMod:Splinters","Runesmith:Permafrost+1","Runesmith:Supernova","Runesmith:CraftMagma+1","Runesmith:ReplicatingBarrier+1","Runesmith:CraftMagma+1","Runesmith:FissionHammer","Runesmith:FissionHammer","Runesmith:LithiumIon+1","Runesmith:Terraform+1","Runesmith:EnergizedChisel+1","Runesmith:OneForEveryone+1","Doubt"],"relics":["Runesmith:BrokenRuby","Simple Rune","Boot","ReplayFunnel","Tiny House","Mummified Hand","ReplayTheSpireMod:DimensionalGlitch","War Paint"],"acts_visited":["Exordium","TheCity","TheBeyond"],"potions_floor_usage":[45,46,47],"damage_taken":[{"damage":0.0,"enemies":"Small Slimes","floor":1.0,"turns":4.0},{"damage":6.0,"enemies":"2 Louse","floor":2.0,"turns":3.0},{"damage":2.0,"enemies":"Cultist","floor":4.0,"turns":4.0},{"damage":2.0,"enemies":"2 Fungi Beasts","floor":5.0,"turns":4.0},{"damage":12.0,"enemies":"Gremlin Nob","floor":7.0,"turns":4.0},{"damage":2.0,"enemies":"Looter","floor":10.0,"turns":3.0},{"damage":2.0,"enemies":"Gremlin Gang","floor":11.0,"turns":2.0},{"damage":4.0,"enemies":"Lagavulin","floor":12.0,"turns":6.0},{"damage":0.0,"enemies":"Large Slime","floor":14.0,"turns":8.0},{"damage":4.0,"enemies":"The Guardian","floor":16.0,"turns":12.0},{"damage":30.0,"enemies":"3 Byrds","floor":18.0,"turns":8.0},{"damage":17.0,"enemies":"2 Thieves","floor":19.0,"turns":5.0},{"damage":1.0,"enemies":"Centurion and Healer","floor":21.0,"turns":10.0},{"damage":15.0,"enemies":"Shelled Parasite and Fungi","floor":24.0,"turns":9.0},{"damage":35.0,"enemies":"Sentry and Sphere","floor":25.0,"turns":8.0},{"damage":3.0,"enemies":"Snecko","floor":29.0,"turns":12.0},{"damage":19.0,"enemies":"Shelled Parasite and Fungi","floor":31.0,"turns":9.0},{"damage":20.0,"enemies":"Collector","floor":33.0,"turns":18.0},{"damage":25.0,"enemies":"3 Darklings","floor":35.0,"turns":13.0},{"damage":8.0,"enemies":"3 Shapes","floor":38.0,"turns":3.0},{"damage":30,"enemies":"Writhing Mass","floor":41,"turns":10},{"damage":25,"enemies":"3 Darklings","floor":45,"turns":6},{"damage":35,"enemies":"Spire Growth","floor":46,"turns":8},{"damage":0,"enemies":"Jaw Worm Horde","floor":47,"turns":1},{"damage":33,"enemies":"Awakened One","floor":50,"turns":33}],"seed_played":"3518515613624557016","potions_obtained":[{"floor":4.0,"key":"Fire Potion"},{"floor":5.0,"key":"Block Potion"},{"floor":7.0,"key":"GamblersBrew"},{"floor":10.0,"key":"Explosive Potion"},{"floor":11.0,"key":"AttackPotion"},{"floor":12.0,"key":"BlessingOfTheForge"},{"floor":17.0,"key":"FearPotion"},{"floor":19.0,"key":"FearPotion"},{"floor":21.0,"key":"Swift Potion"},{"floor":22.0,"key":"Fruit Juice"},{"floor":22.0,"key":"EssenceOfSteel"},{"floor":22.0,"key":"Venom Potion"},{"floor":35.0,"key":"EntropicBrew"},{"floor":45,"key":"Regen Potion"},{"floor":46,"key":"SmokeBomb"}],"is_trial":false,"path_per_floor":["M","M","$","M","M","R","E","?","T","M","M","E","$","M","R_BF","B",null,"M","M","$","M","?","R","M","M","T","R","?","M","R","M","R","B",null,"M","?","$","M","?","R","M","R","T","R","M","M","M","?","R","B",null],"character_chosen":"RUNESMITH_CLASS","items_purchased":["Runesmith:EarthShield","Runesmith:Electrocute+1","Runesmith:Repurpose","Runesmith:Prism","Runesmith:Attraction","Runesmith:FissionHammer"],"campfire_rested":6,"item_purchase_floors":[3,3,13,13,20,37],"current_hp_per_floor":[70,64,64,62,60,60,48,48,48,46,44,40,40,40,40,36,75,45,28,28,27,32,56,41,6,6,30,30,27,51,32,56,36,80,55,55,55,47,47,47,17,41,41,65,40,14,14,80,80,47],"gold":165,"neow_bonus":"UPGRADE_CARD","is_daily":false,"chose_seed":false,"campfire_upgraded":3,"win_rate":0.0,"timestamp":1613803202,"path_taken":["M","M","$","M","M","R","E","?","T","M","M","E","$","M","R_BF","BOSS","M","M","$","M","?","R","?","M","T","R","?","M","R","M","R","BOSS","M","?","$","M","?","R","?","R","T","R","M","M","M","?","R","BOSS"],"items_purchased_type":["Card","Card","Card","Card","Card","Card"],"build_version":"2020-12-22","purchased_purges":1,"victory":true,"max_hp_per_floor":[70,70,70,70,70,70,70,70,70,70,70,70,70,70,70,70,75,75,75,75,75,80,80,80,80,80,80,80,80,80,80,80,80,80,80,80,80,80,80,80,80,80,80,80,80,80,80,80,80,80],"card_choices":[{"not_picked":["Runesmith:MakeshiftArmor","Runesmith:ShiftingStrike"],"picked":"Runesmith:CraftProtectio","floor":1.0},{"not_picked":["Runesmith:Grindstone","Runesmith:ChaoticBlast"],"picked":"Runesmith:EnergizedChisel","floor":2.0},{"not_picked":["Runesmith:Overpower","Runesmith:HeatedChisel"],"picked":"Runesmith:PoweredAnvil","floor":4.0},{"not_picked":["Runesmith:MakeshiftArmor","Runesmith:FieryHammer"],"picked":"Runesmith:EarthShield","floor":5.0},{"not_picked":["Runesmith:Empowerment","Runesmith:Terraform","Runesmith:WhiteBalance"],"picked":"SKIP","floor":7.0},{"not_picked":["Runesmith:Accelerate","Runesmith:MakeshiftArmor"],"picked":"Runesmith:CraftProtectio","floor":10.0},{"not_picked":["Runesmith:PoweredAnvil","Runesmith:WhiteBalance"],"picked":"Runesmith:Duplicate","floor":11.0},{"not_picked":["Runesmith:PoweredAnvil","Runesmith:StaticCage"],"picked":"Runesmith:OneForEveryone","floor":12.0},{"not_picked":["Runesmith:EarthShield","Runesmith:EnergizedChisel"],"picked":"Runesmith:HeatExchange","floor":14.0},{"not_picked":["Runesmith:LastStand","Runesmith:FissionHammer"],"picked":"Runesmith:CraftIndustria","floor":16.0},{"not_picked":["Runesmith:EarthShield","Runesmith:Discharge"],"picked":"Runesmith:HammerThrow","floor":17.0},{"not_picked":["Runesmith:Grindstone","Runesmith:StaticCage","Runesmith:HammerThrow"],"picked":"SKIP","floor":18.0},{"not_picked":["Runesmith:Overpower","Runesmith:Prism"],"picked":"Runesmith:RuneHurl","floor":19.0},{"not_picked":["Runesmith:Overpower","Runesmith:HammerAndChisel"],"picked":"Runesmith:RuneHurl+1","floor":21.0},{"not_picked":["Runesmith:ShiftingStrike","Runesmith:Electrocute"],"picked":"Runesmith:Permafrost+1","floor":22.0},{"not_picked":["Runesmith:HeatedChisel","Runesmith:Terraform"],"picked":"Runesmith:Supernova","floor":24.0},{"not_picked":["Runesmith:HeatExchange","Runesmith:Grindstone","Runesmith:RuneHurl"],"picked":"SKIP","floor":25.0},{"not_picked":["Runesmith:HammerThrow","Runesmith:Overpower","Runesmith:ChiselStab"],"picked":"SKIP","floor":29.0},{"not_picked":["Runesmith:HammerAndChisel","Runesmith:FieryHammer"],"picked":"Runesmith:CraftMagma","floor":31.0},{"not_picked":["Runesmith:FissionHammer","Runesmith:MetallurgicalResearch"],"picked":"Runesmith:ReplicatingBarrier","floor":33.0},{"not_picked":["Runesmith:HammerAndChisel+1","Runesmith:EarthShield+1"],"picked":"Runesmith:CraftMagma+1","floor":35.0},{"not_picked":["Runesmith:HeatExchange+1","Runesmith:UnstableHammer+1"],"picked":"Runesmith:LithiumIon+1","floor":38.0},{"not_picked":["Runesmith:HeatedChisel+1","Runesmith:PoweredAnvil"],"picked":"Runesmith:Terraform+1","floor":41},{"not_picked":["Runesmith:MakeshiftArmor+1","Runesmith:NanitesCloud"],"picked":"Runesmith:EnergizedChisel+1","floor":45},{"not_picked":["Runesmith:Prism+1","Runesmith:HammerThrow+1"],"picked":"Runesmith:OneForEveryone+1","floor":46}],"player_experience":783024,"relics_obtained":[{"floor":7.0,"key":"Simple Rune"},{"floor":9.0,"key":"Boot"},{"floor":12.0,"key":"ReplayFunnel"},{"floor":26.0,"key":"Mummified Hand"},{"floor":43,"key":"War Paint"}],"event_choices":[{"cards_removed":["Runesmith:Strike_RS"],"damage_healed":0.0,"max_hp_gain":0.0,"max_hp_loss":0.0,"gold_gain":0.0,"event_name":"The Cleric","player_choice":"Card Removal","floor":8.0,"gold_loss":50.0,"damage_taken":0.0},{"cards_removed":["Runesmith:RuneHurl"],"damage_healed":0.0,"max_hp_gain":0.0,"max_hp_loss":0.0,"gold_gain":0.0,"event_name":"Falling","player_choice":"Removed Attack","floor":36.0,"gold_loss":0.0,"damage_taken":0.0},{"damage_healed":0.0,"max_hp_gain":0.0,"max_hp_loss":0.0,"gold_gain":0.0,"event_name":"Accursed Blacksmith","player_choice":"Forge","floor":39.0,"gold_loss":0.0,"damage_taken":0.0,"cards_upgraded":["Runesmith:HammerThrow"]},{"damage_healed":66,"gold_gain":0,"player_choice":"Heal","damage_taken":0,"max_hp_gain":0,"max_hp_loss":0,"event_name":"MindBloom","floor":48,"gold_loss":0,"cards_obtained":["Doubt"]}],"is_beta":false,"boss_relics":[{"not_picked":["Ring of Chaos","Calling Bell"],"picked":"Tiny House"},{"not_picked":["Runesmith:UraniumAnvil","Velvet Choker"],"picked":"ReplayTheSpireMod:DimensionalGlitch"}],"items_purged_floors":[20],"is_endless":false,"potions_floor_spawned":[4,5,7,10,11,12,19,21,35,45,46],"ascension_level":0}}