{"host":"lz4xqhdipxskteyg","time":1613831913,"event":{"mods":["2.2 Compatiblity","BaseMod","Bestiary","Colored Map","Colored Powertips","Curses Come First","Highlight Path","Keyboard Shortcuts","Minty Spire (QoL Compilation)","Relic Stats","Slay the Relics Exporter","StSLib","SuperFastMode"],"gold_per_floor":[14,14,34,109,121,152,169,187,187,187,207,207,237,248,248,248,248],"floor_reached":16,"language":"TUR","playtime":958,"items_purged":[],"score":139,"play_id":"a34539a3-92a1-415c-9b76-47cca8e691e2","local_time":"20210220173833","is_ascension_mode":false,"campfire_choices":[{"data":"Seeing Red","floor":12,"key":"SMITH"},{"data":"Flex","floor":15,"key":"SMITH"}],"circlet_count":0,"master_deck":["Strike_R","Strike_R","Strike_R","Strike_R","Strike_R","Defend_R","Defend_R","Defend_R","Defend_R","Clothesline","Shrug It Off","Rampage","Seeing Red+1","Headbutt","Searing Blow","Reaper","Flex+1","Ghostly Armor"],"relics":["Burning Blood","Bag of Marbles","InkBottle","Meat on the Bone"],"acts_visited":["Exordium"],"potions_floor_usage":[6,7,13,13],"damage_taken":[{"damage":7,"enemies":"2 Louse","floor":1,"turns":3},{"damage":2,"enemies":"Small Slimes","floor":3,"turns":5},{"damage":0,"enemies":"Cultist","floor":5,"turns":4},{"damage":23,"enemies":"Gremlin Nob","floor":6,"turns":5},{"damage":12,"enemies":"Gremlin Gang","floor":7,"turns":4},{"damage":11,"enemies":"Exordium Wildlife","floor":8,"turns":5},{"damage":4,"enemies":"Red Slaver","floor":11,"turns":4},{"damage":22,"enemies":"Lagavulin","floor":13,"turns":7},{"damage":0,"enemies":"2 Fungi Beasts","floor":14,"turns":2},{"damage":81,"enemies":"Hexaghost","floor":16,"turns":11}],"seed_played":"6637730650245703409","potions_obtained":[{"floor":3,"key":"SpeedPotion"},{"floor":6,"key":"LiquidBronze"},{"floor":8,"key":"Weak Potion"},{"floor":11,"key":"Strength Potion"}],"is_trial":false,"path_per_floor":["M","?","M","?","M","E","M","M","T","?","M","R","E","M","R","B"],"character_chosen":"IRONCLAD","items_purchased":[],"campfire_rested":0,"item_purchase_floors":[],"current_hp_per_floor":[95,95,96,85,91,74,68,63,63,63,65,65,53,77,77,0,0],"gold":248,"neow_bonus":"TWENTY_PERCENT_HP_BONUS","is_daily":false,"chose_seed":false,"campfire_upgraded":2,"win_rate":0.0,"timestamp":1613831913,"path_taken":["M","?","M","?","M","E","M","M","T","?","M","R","E","?","R","BOSS"],"items_purchased_type":[],"build_version":"2020-12-22","purchased_purges":0,"victory":false,"max_hp_per_floor":[96,96,96,96,96,96,96,96,96,96,96,96,96,96,96,96,96],"relic_stats":{"counters":[10,50],"obtain_stats":[{"Bag of Marbles":6,"Burning Blood":0,"InkBottle":9,"Meat on the Bone":13},{"Bag of Marbles":4,"Burning Blood":0,"InkBottle":6,"Meat on the Bone":8},{"Bag of Marbles":17,"Burning Blood":0,"InkBottle":26,"Meat on the Bone":37}],"Burning Blood":51,"InkBottle":[6],"Meat on the Bone":0},"card_choices":[{"not_picked":["Pommel Strike","Body Slam"],"picked":"Clothesline","floor":1},{"not_picked":["Body Slam","Entrench"],"picked":"Shrug It Off","floor":3},{"not_picked":["Sword Boomerang","Body Slam"],"picked":"Rampage","floor":5},{"not_picked":["Clothesline","Armaments"],"picked":"Seeing Red","floor":6},{"not_picked":["Blood for Blood","Pommel Strike"],"picked":"Headbutt","floor":7},{"not_picked":["Perfected Strike","Armaments"],"picked":"Searing Blow","floor":8},{"not_picked":["Pummel","Dropkick"],"picked":"Reaper","floor":11},{"not_picked":["Rupture","Heavy Blade"],"picked":"Flex","floor":13},{"not_picked":["Warcry","Perfected Strike"],"picked":"Ghostly Armor","floor":14}],"player_experience":49471,"relics_obtained":[{"floor":6,"key":"Bag of Marbles"},{"floor":9,"key":"InkBottle"},{"floor":13,"key":"Meat on the Bone"}],"event_choices":[{"cards_removed":["Bash"],"damage_healed":0,"gold_gain":0,"player_choice":"Forget","damage_taken":0,"max_hp_gain":0,"max_hp_loss":0,"event_name":"Living Wall","floor":2,"gold_loss":0},{"damage_healed":0,"gold_gain":75,"player_choice":"Gather Gold","damage_taken":11,"max_hp_gain":0,"max_hp_loss":0,"event_name":"World of Goop","floor":4,"gold_loss":0},{"damage_healed":0,"gold_gain":0,"player_choice":"Bought 0 Potions","damage_taken":0,"max_hp_gain":0,"max_hp_loss":0,"event_name":"The Woman in Blue","floor":10,"gold_loss":0}],"is_beta":false,"boss_relics":[],"items_purged_floors":[],"is_endless":false,"potions_floor_spawned":[3,6,8,11],"killed_by":"Hexaghost","ascension_level":0}}