{"host":"x7btokbb0w2jhl7e","time":1613836209,"event":{"mods":["Act Like it!","BaseMod","Gensokyo","Lobotomy","LobotomyExtend","Marisa£®ÏF”Í°°ƒß¿Ì…≥£©","Minty Spire (QoL Compilation)","Quick Restart","StSLib","°æ“≈ŒÔø®≈∆°øREMEMod"],"gold_per_floor":[109,109,109,109,119,119,44,44,90,109,121,147,147,177,177,252,252,262,273,373,373,273,273,273,273],"floor_reached":24,"language":"ZHS","playtime":1116,"items_purged":["Pain","Defend_P"],"score":534,"play_id":"5bd7c5f6-1186-4e84-a092-d09990410631","local_time":"20210220235009","is_ascension_mode":true,"campfire_choices":[{"floor":6.0,"key":"REST"},{"data":"Gensokyo:CrescentMoonSlash","floor":8.0,"key":"SMITH"},{"data":"Vigilance","floor":13.0,"key":"SMITH"},{"data":"Blasphemy","floor":15.0,"key":"SMITH"},{"data":"Fasting2","floor":23,"key":"SMITH"}],"circlet_count":0,"master_deck":["AscendersBane","Strike_P+1","Strike_P+1","Strike_P+1","Strike_P","Defend_P+1","Defend_P+1","Defend_P+1","Eruption+1","Vigilance+1","LessonLearned+1","Gensokyo:CrescentMoonSlash+1","BowlingBash+1","VoidDream","FlurryOfBlows","OSAHOGD","Blasphemy+1","Scrawl","Fasting2+1","NothingThere"],"relics":["PureWater","REME_ComplimentaryCards","CogitoBucket","LetterFromLob","Gensokyo:LunaticRedEyes","TeardropLocket","Whetstone","Coffee Dripper","HellTrain","FossilizedHelix","Bird Faced Urn","MealTicket","Frozen Eye"],"acts_visited":["Gensokyo:Gensokyo","Gensokyo:Gensokyoer"],"potions_floor_usage":[],"damage_taken":[{"damage":6.0,"enemies":"Gensokyo:2_Kodama","floor":1.0,"turns":3.0},{"damage":5.0,"enemies":"Gensokyo:Gryphon","floor":5.0,"turns":1.0},{"damage":2.0,"enemies":"Gensokyo:3_Fairies","floor":10.0,"turns":4.0},{"damage":0.0,"enemies":"Gensokyo:Kitsune","floor":11.0,"turns":2.0},{"damage":10.0,"enemies":"Gensokyo:Aya","floor":12.0,"turns":6.0},{"damage":0.0,"enemies":"Gensokyo:Mamizou","floor":14.0,"turns":7.0},{"damage":0.0,"enemies":"Gensokyo:Reimu","floor":16.0,"turns":7.0},{"damage":10.0,"enemies":"Gensokyo:Chomper","floor":18.0,"turns":7.0},{"damage":0.0,"enemies":"Gensokyo:AngelMirror","floor":19.0,"turns":3.0},{"damage":0,"enemies":"Gensokyo:AngelMirror","floor":20,"turns":6},{"damage":0,"enemies":"Gensokyo:Koishi","floor":24,"turns":1}],"seed_played":"-1735023054436193516","potions_obtained":[{"floor":1.0,"key":"PowerPotion"},{"floor":12.0,"key":"PowerPotion"},{"floor":14.0,"key":"SteroidPotion"},{"floor":19.0,"key":"LiquidMemories"}],"is_trial":false,"path_per_floor":["M","?","?","?","M","R","$","R","T","M","M","E","R","E","R","B",null,"M","M","?","?","$","R","E"],"character_chosen":"WATCHER","items_purchased":[],"campfire_rested":1,"item_purchase_floors":[],"current_hp_per_floor":[55,55,42,42,37,57,57,57,57,55,55,45,45,45,45,45,62,52,52,52,52,62,62,62,62],"gold":273,"neow_bonus":"","is_daily":false,"chose_seed":false,"campfire_upgraded":4,"win_rate":0.0,"timestamp":1613836209,"path_taken":["M","?","?","?","M","R","$","R","T","M","?","E","R","E","R","BOSS","M","?","?","?","$","R","E"],"items_purchased_type":[],"build_version":"2020-12-22","purchased_purges":2,"victory":false,"max_hp_per_floor":[68,68,68,68,68,68,68,68,68,68,68,68,68,68,68,68,68,68,68,68,62,62,62,62,62],"card_choices":[{"not_picked":["BeautyBeast","FairyFestival","WallGazer"],"picked":"Singing Bowl","floor":1.0},{"not_picked":["SashWhip","DeceiveReality","Fasting2"],"picked":"SKIP","floor":1.0},{"not_picked":["SashWhip","DeceiveReality","Fasting2"],"picked":"SKIP","floor":1.0},{"not_picked":["SandsOfTime","Vengeance"],"picked":"BowlingBash","floor":5.0},{"not_picked":["FairyFestival","ShyLook"],"picked":"VoidDream","floor":5.0},{"not_picked":["WindmillStrike","ThirdEye"],"picked":"FlurryOfBlows","floor":10.0},{"not_picked":["WallGazer","MHz"],"picked":"OSAHOGD","floor":10.0},{"not_picked":["UniverseFragment","BeautyBeast","Wellcheers"],"picked":"Singing Bowl","floor":11.0},{"not_picked":["DeceiveReality","Consecrate","Prostrate"],"picked":"SKIP","floor":11.0},{"not_picked":["DespairKnight","OldLady","CrumblingArmor"],"picked":"Singing Bowl","floor":12.0},{"not_picked":["CarveReality","EmptyFist","Judgement"],"picked":"SKIP","floor":12.0},{"not_picked":["FearNoEvil","PathToVictory"],"picked":"Blasphemy","floor":14.0},{"not_picked":["DreamingCurrent","BeautyBeast","ShyLook"],"picked":"Singing Bowl","floor":14.0},{"not_picked":["Alpha","Judgement"],"picked":"Scrawl","floor":16.0},{"not_picked":["LittlePrince","SpiderBud","Rudolta"],"picked":"Singing Bowl","floor":16.0},{"not_picked":["WallGazer","BeautyBeast","FairyFestival"],"picked":"Singing Bowl","floor":18.0},{"not_picked":["Sanctity","ThirdEye","EmptyFist"],"picked":"SKIP","floor":18.0},{"not_picked":["EmptyBody","InnerPeace"],"picked":"Fasting2","floor":19.0},{"not_picked":["Scarecrow","BigBadWolf","BlackSwan"],"picked":"Singing Bowl","floor":19.0},{"not_picked":["Scorched","GreedKing"],"picked":"NothingThere","floor":20}],"player_experience":309065,"relics_obtained":[{"floor":1.0,"key":"LetterFromLob"},{"floor":12.0,"key":"TeardropLocket"},{"floor":14.0,"key":"Whetstone"},{"floor":20,"key":"FossilizedHelix"},{"floor":20,"key":"Bird Faced Urn"}],"event_choices":[],"is_beta":false,"boss_relics":[{"not_picked":["REME_DemonsWealth","Tiny House"],"picked":"Coffee Dripper"}],"items_purged_floors":[7,22],"is_endless":false,"potions_floor_spawned":[1,12,14,19,20],"killed_by":"Gensokyo:Koishi","ascension_level":20}}