{"host":"bwf6jt0gyax88i3l","time":1613850043,"event":{"mods":["AchievementEnabler","Act Like it!","BaseMod","Challenge The Spire","Colored Map","Colored Powertips","Conspire","Downfall","Gensokyo","Highlight Path","Hubris","Infinite Spire","Koishi","Minty Spire (QoL Compilation)","Quick Restart","Reliquary","Robot Space Explorer","SOS???????","Shop Mod","StSLib","The Dragon Tamer","The Marked"],"gold_per_floor":[113,113,38,38,38,71,36,51,103,178,178,210,225,245,245,342,342,356,356,373,373,392,392,403,431,456,456,456,456,470,470,470,566,566,585,98,114,127,127,152,163,174,201,201,229,229,229,262,262,309,309,319,60,67,67,67,67,84,84,108,111,111,117,117,127,127,194,194,195,195,195,212,211,198,198],"floor_reached":74,"language":"ENG","playtime":5574,"items_purged":["Regret","theMarked:Strike+1"],"score":1179,"play_id":"c7f7701c-540c-4346-a007-f490de6e2242","local_time":"20210220114043","is_ascension_mode":false,"campfire_choices":[{"data":"theMarked:EternalStudent","floor":11.0,"key":"SMITH"},{"floor":15.0,"key":"REST"},{"data":"theMarked:Overcharge","floor":23.0,"key":"SMITH"},{"data":"theMarked:Memento","floor":29.0,"key":"SMITH"},{"data":"hubris:Fate","floor":32.0,"key":"SMITH"},{"data":"theMarked:EmpowerWeapon","floor":44,"key":"SMITH"},{"data":"theMarked:Determination","floor":47,"key":"SMITH"},{"data":"theMarked:Abjuration","floor":49,"key":"SMITH"},{"data":"theMarked:Heritage","floor":57,"key":"SMITH"},{"data":"theMarked:BanishingWave","floor":59,"key":"SMITH"},{"data":"theMarked:BiggerThanFate","floor":64,"key":"SMITH"},{"data":"theMarked:BanishingStrike","floor":66,"key":"SMITH"}],"circlet_count":0,"master_deck":["theMarked:Strike","theMarked:Strike","theMarked:Strike+1","theMarked:Strike","theMarked:Defend","theMarked:Defend","theMarked:Defend","theMarked:Defend","theMarked:SoldierOfQuellstein+1","theMarked:WardOff","theMarked:EternalStudent+1","theMarked:ChainLightning","theMarked:ElectricStrings","theMarked:Overcharge+1","theMarked:TakeOffHeels","theMarked:Panic+1","theMarked:ContemptForTheProud+1","theMarked:Memento+1","theMarked:Frustration","hubris:Fate+1","theMarked:Abjuration+1","theMarked:BanishingStrike+1","theMarked:Determination+1","theMarked:ShockingTouch+1","theMarked:EmpowerWeapon+1","theMarked:Memento+1","downfall:Bewildered","downfall:Haunted","theMarked:BiggerThanFate+1","theMarked:Heritage+1","theMarked:BanishingWave+1"],"relics":["theMarked:ArtifactOfAir","reliquary:Buckler","infinitespire:WardingShard","CaptainsWheel","Bag of Marbles","Bronze Scales","Velvet Choker","conspire:GiftBox","Pen Nib","Happy Flower","hubris:Icosahedron","Runic Pyramid","infinitespire:Cupcake","Torii","Coffee Dripper","conspire:TopHat","Potion Belt","infinitespire:BottledMercury","TungstenRod","conspire:SpecialSausage","reliquary:TridentHead","reliquary:RosewoodLute","reliquary:SilkGlove","theMarked:SpiritSword"],"acts_visited":["Exordium","TheCity","TheBeyond","Exordium","TheCity"],"potions_floor_usage":[40,42,50,69],"damage_taken":[{"damage":0.0,"enemies":"conspire:RoseBush","floor":1.0,"turns":3.0},{"damage":34.0,"enemies":"Gremlin Nob","floor":6.0,"turns":5.0},{"damage":0.0,"enemies":"2 Louse","floor":8.0,"turns":3.0},{"damage":21.0,"enemies":"Lagavulin","floor":12.0,"turns":7.0},{"damage":0.0,"enemies":"Jaw Worm","floor":13.0,"turns":1.0},{"damage":0.0,"enemies":"Large Slime","floor":14.0,"turns":4.0},{"damage":19.0,"enemies":"The Guardian","floor":16.0,"turns":9.0},{"damage":1.0,"enemies":"Spheric Guardian","floor":18.0,"turns":3.0},{"damage":0.0,"enemies":"Shell Parasite","floor":20.0,"turns":5.0},{"damage":8.0,"enemies":"Sentry and Sphere","floor":22.0,"turns":6.0},{"damage":4.0,"enemies":"Centurion and Healer","floor":24.0,"turns":6.0},{"damage":6.0,"enemies":"conspire:SneckoGhost","floor":25.0,"turns":7.0},{"damage":3.0,"enemies":"Cultist and Chosen","floor":30.0,"turns":4.0},{"damage":7.0,"enemies":"conspire:MysteriousRune","floor":33.0,"turns":5.0},{"damage":1.0,"enemies":"3 Shapes","floor":35.0,"turns":3.0},{"damage":0.0,"enemies":"Orb Walker","floor":37.0,"turns":2.0},{"damage":8.0,"enemies":"Spire Growth","floor":38.0,"turns":3.0},{"damage":16,"enemies":"Nightmare","floor":40,"turns":6},{"damage":3,"enemies":"Sphere and 2 Shapes","floor":41,"turns":3},{"damage":12,"enemies":"4 Shapes","floor":42,"turns":3},{"damage":1,"enemies":"Nemesis","floor":45,"turns":5},{"damage":0,"enemies":"Reptomancer","floor":48,"turns":1},{"damage":29,"enemies":"Awakened One","floor":50,"turns":10},{"damage":14,"enemies":"2 Louse","floor":52,"turns":2},{"damage":0,"enemies":"conspire:RoseBush","floor":54,"turns":1},{"damage":0,"enemies":"3 Sentries","floor":58,"turns":2},{"damage":0,"enemies":"infinitespire:Voidling","floor":61,"turns":2},{"damage":0,"enemies":"2 Fungi Beasts","floor":63,"turns":2},{"damage":0,"enemies":"Lots of Slimes","floor":65,"turns":1},{"damage":19,"enemies":"The Guardian","floor":67,"turns":6},{"damage":0,"enemies":"conspire:FuzzyDice","floor":69,"turns":4},{"damage":0,"enemies":"Spheric Guardian","floor":72,"turns":1},{"damage":0,"enemies":"Centurion and Healer","floor":73,"turns":2},{"damage":173,"enemies":"Nightmare","floor":74,"turns":5}],"seed_played":"8367548980665436833","potions_obtained":[{"floor":6.0,"key":"AttackPotion"},{"floor":8.0,"key":"SkillPotion"},{"floor":14.0,"key":"LiquidMemories"},{"floor":16.0,"key":"SkillPotion"},{"floor":24.0,"key":"SpeedPotion"},{"floor":25.0,"key":"infinitespire:BlackPotion"},{"floor":30.0,"key":"EssenceOfSteel"},{"floor":37.0,"key":"Weak Potion"},{"floor":41,"key":"champ:CounterPotion"},{"floor":45,"key":"theMarked:SummonPotion"},{"floor":67,"key":"LiquidMemories"},{"floor":71,"key":"Ancient Potion"},{"floor":71,"key":"FairyPotion"},{"floor":71,"key":"ColorlessPotion"},{"floor":72,"key":"Explosive Potion"}],"is_trial":false,"path_per_floor":["M","?","$","?","?","E","?","M","T","?","R","E","M","M","R","B",null,"M","?","M","?","M","R","M","E","T","T","?","R","M","AVR","R","B",null,"M","$","M","M","AVR","NM","M","M","T","R","E","?","R","E","R","B",null,"M","$","M","AVR","?","R","E","R","T","M","?","M","R","M","R","B",null,"M","AVR","?","M","M","NM"],"character_chosen":"THE_DEFAULT","items_purchased":["Torii","theMarked:Determination","reliquary:TridentHead"],"campfire_rested":1,"item_purchase_floors":[36,36,53],"current_hp_per_floor":[79,79,79,76,76,42,61,61,61,50,50,29,29,29,52,33,79,78,78,78,78,70,70,66,60,60,60,60,60,57,57,57,50,79,78,78,78,70,70,54,51,39,39,39,38,38,38,38,38,9,79,65,65,65,65,65,65,65,65,65,65,65,65,65,65,65,46,79,79,79,79,79,79,0,0],"gold":198,"neow_bonus":"TEN_PERCENT_HP_BONUS","is_daily":false,"chose_seed":false,"campfire_upgraded":11,"win_rate":0.0,"timestamp":1613850043,"path_taken":["M","?","$","?","?","E","?","?","T","?","R","E","M","M","R","BOSS","M","?","M","?","M","R","M","E","T","?","?","R","M","AVR","R","BOSS","M","$","M","M","AVR","NM","M","M","T","R","E","?","R","E","R","BOSS","M","$","M","AVR","?","R","E","R","T","M","?","M","R","M","R","BOSS","M","AVR","?","M","?","NM"],"items_purchased_type":["Relic","Card","Relic"],"build_version":"2020-12-22","purchased_purges":2,"victory":false,"max_hp_per_floor":[79,79,79,79,79,79,79,79,79,79,79,79,79,79,79,79,79,79,79,79,79,79,79,79,79,79,79,79,79,79,79,79,79,79,79,79,79,79,79,79,79,79,79,79,79,79,79,79,79,79,79,79,79,79,79,79,79,79,79,79,79,79,79,79,79,79,79,79,79,79,79,79,79,79,79],"card_choices":[{"not_picked":["theMarked:Standoff","theMarked:Parkour"],"picked":"theMarked:WardOff","floor":1.0},{"not_picked":["theMarked:MagusForm","theMarked:Parkour"],"picked":"theMarked:EternalStudent","floor":6.0},{"not_picked":["theMarked:WastefulAttack","theMarked:HeightenedSenses"],"picked":"theMarked:ChainLightning","floor":8.0},{"not_picked":["theMarked:Memento","theMarked:Standoff","theMarked:Determination"],"picked":"SKIP","floor":12.0},{"not_picked":["theMarked:Parkour","theMarked:Frustration"],"picked":"theMarked:ElectricStrings","floor":13.0},{"not_picked":["theMarked:Aftermath","theMarked:Pokerface"],"picked":"theMarked:Overcharge","floor":14.0},{"not_picked":["theMarked:Challenge","theMarked:Defy"],"picked":"theMarked:TakeOffHeels","floor":16.0},{"not_picked":["theMarked:KeepCalmAndFight","theMarked:SwordAndMagic"],"picked":"theMarked:Panic+1","floor":18.0},{"not_picked":["theMarked:TheMission+1","theMarked:Heritage","theMarked:SwordAndMagic"],"picked":"SKIP","floor":20.0},{"not_picked":["theMarked:ResourceFulStrike","theMarked:Electrify"],"picked":"theMarked:ContemptForTheProud+1","floor":22.0},{"not_picked":["theMarked:Static","theMarked:ResourceFulStrike+1"],"picked":"theMarked:Memento","floor":24.0},{"not_picked":["theMarked:Parry","theMarked:TakeCover"],"picked":"theMarked:Frustration","floor":25.0},{"not_picked":["theMarked:Reabsorb+1","theMarked:ResourceFulStrike","theMarked:WastefulAttack+1"],"picked":"SKIP","floor":30.0},{"not_picked":["theMarked:BiggerThanFate","theMarked:Snap"],"picked":"theMarked:Abjuration","floor":33.0},{"not_picked":["theMarked:KeepCalmAndFight","theMarked:Electrify"],"picked":"theMarked:BanishingStrike","floor":35.0},{"not_picked":["theMarked:WardOff+1","theMarked:Frustration+1","theMarked:RepellingDischarge"],"picked":"SKIP","floor":37.0},{"not_picked":["theMarked:KeepCalmAndFight+1","theMarked:Parkour","theMarked:ChainLightning+1"],"picked":"SKIP","floor":38.0},{"not_picked":["theMarked:Determination","theMarked:Panic+1"],"picked":"theMarked:ShockingTouch+1","floor":40},{"not_picked":["theMarked:MysticalArsenal","theMarked:Heritage+1"],"picked":"theMarked:EmpowerWeapon","floor":41},{"not_picked":["theMarked:SelfDefenseTraining","theMarked:GodGivenPower+1","theMarked:SwordAndMagic"],"picked":"SKIP","floor":42},{"not_picked":["theMarked:EnhanceMovement+1","theMarked:Polarize"],"picked":"theMarked:Memento+1","floor":45},{"not_picked":["hubris:Fate","infinitespire:Gouge"],"picked":"infinitespire:SealOfDarkness+","floor":46},{"not_picked":["theMarked:HeightenedSenses+1","theMarked:Standoff+1","theMarked:EmpowerWeapon+1"],"picked":"SKIP","floor":48},{"not_picked":["theMarked:Challenge","theMarked:MagusForm"],"picked":"theMarked:BiggerThanFate","floor":50},{"not_picked":["theMarked:OneWithTheBlade","theMarked:TakeCover"],"picked":"theMarked:Heritage","floor":52},{"not_picked":["theMarked:TwofoldDefense","theMarked:Polarize","theMarked:EmpowerWeapon"],"picked":"SKIP","floor":54},{"not_picked":["theMarked:RepellingDischarge","theMarked:Improvise"],"picked":"theMarked:BanishingWave","floor":58},{"not_picked":["theMarked:RepellingDischarge","theMarked:HeightenedSenses","theMarked:Static"],"picked":"SKIP","floor":61},{"not_picked":["theMarked:ShockingTouch","theMarked:WardOff","theMarked:Convert"],"picked":"SKIP","floor":63},{"not_picked":["theMarked:SwordAndMagic","theMarked:MuscleMemory","theMarked:Improvise"],"picked":"SKIP","floor":65},{"not_picked":["theMarked:WastefulAttack","theMarked:ComboAttacks+1","theMarked:WardOff"],"picked":"SKIP","floor":69},{"not_picked":["theMarked:Improvise","theMarked:Memento","theMarked:HeightenedSenses+1"],"picked":"SKIP","floor":72},{"not_picked":["theMarked:Frustration","theMarked:EmpowerWeapon","theMarked:ResourceFulStrike"],"picked":"SKIP","floor":73}],"player_experience":50779,"relics_obtained":[{"floor":6.0,"key":"CaptainsWheel"},{"floor":9.0,"key":"Bag of Marbles"},{"floor":12.0,"key":"Bronze Scales"},{"floor":25.0,"key":"conspire:GiftBox"},{"floor":26.0,"key":"Pen Nib"},{"floor":27.0,"key":"Happy Flower"},{"floor":40,"key":"conspire:TopHat"},{"floor":43,"key":"Potion Belt"},{"floor":45,"key":"infinitespire:BottledMercury"},{"floor":48,"key":"TungstenRod"},{"floor":58,"key":"reliquary:RosewoodLute"},{"floor":60,"key":"reliquary:SilkGlove"}],"event_choices":[{"damage_healed":0.0,"max_hp_gain":0.0,"max_hp_loss":0.0,"gold_gain":0.0,"event_name":"Big Fish","player_choice":"Box","floor":2.0,"gold_loss":0.0,"damage_taken":0.0,"relics_obtained":["reliquary:Buckler"],"cards_obtained":["Regret"]},{"damage_healed":0.0,"max_hp_gain":0.0,"max_hp_loss":0.0,"gold_gain":0.0,"event_name":"Scrap Ooze","player_choice":"Success","floor":4.0,"gold_loss":0.0,"damage_taken":3.0,"relics_obtained":["infinitespire:WardingShard"]},{"damage_healed":0.0,"max_hp_gain":0.0,"max_hp_loss":0.0,"gold_gain":0.0,"event_name":"Living Wall","player_choice":"Grow","floor":5.0,"gold_loss":0.0,"damage_taken":0.0,"cards_upgraded":["theMarked:SoldierOfQuellstein"]},{"damage_healed":19.0,"max_hp_gain":0.0,"max_hp_loss":0.0,"gold_gain":0.0,"event_name":"The Cleric","player_choice":"Healed","floor":7.0,"gold_loss":35.0,"damage_taken":0.0},{"damage_healed":0.0,"max_hp_gain":0.0,"max_hp_loss":0.0,"gold_gain":75.0,"event_name":"World of Goop","player_choice":"Gather Gold","floor":10.0,"gold_loss":0.0,"damage_taken":11.0},{"damage_healed":0.0,"max_hp_gain":0.0,"max_hp_loss":0.0,"gold_gain":0.0,"event_name":"The Mausoleum","player_choice":"Ignored","floor":21.0,"gold_loss":0.0,"damage_taken":0.0},{"damage_healed":0,"gold_gain":0,"player_choice":"Leave","damage_taken":0,"max_hp_gain":0,"max_hp_loss":0,"event_name":"The Cleric","floor":56,"gold_loss":0},{"damage_healed":0,"gold_gain":0,"player_choice":"Ignored","damage_taken":0,"max_hp_gain":0,"max_hp_loss":0,"event_name":"Shining Light","floor":62,"gold_loss":0},{"damage_healed":0,"gold_gain":0,"player_choice":"Got Potions","damage_taken":0,"max_hp_gain":0,"max_hp_loss":0,"event_name":"Lab","floor":71,"gold_loss":0}],"is_beta":false,"boss_relics":[{"not_picked":["conspire:RunicOctahedron","hubris:TerracottaHorce"],"picked":"Velvet Choker"},{"not_picked":["hubris:CrackedHourglass","hubris:BlackHole"],"picked":"infinitespire:Cupcake"},{"not_picked":["Cursed Key","reliquary:WritOfMandamus"],"picked":"conspire:SpecialSausage"},{"not_picked":["hubris:GrandSneckoEye","Tiny House"],"picked":"theMarked:SpiritSword"}],"items_purged_floors":[3,36],"is_endless":true,"potions_floor_spawned":[6,8,14,16,24,25,30,37,41,45,67,72],"killed_by":"Nightmare","ascension_level":0}}