{"host":"ooetke516h53yqww","time":1613839378,"event":{"mods":["100% Spire Juice","2.2 Compatiblity","Abigail Mod","Act Like it!","Astrologer","Bartender","BaseMod","Beaked The Cultist","Better Match","Better Third Choice","Conspire","Elementarium","Friendly Minions","Hallownest","Hermit","HololiveMod","Hubris","Infinite Spire","Kiyohime????","Lobotomy","LobotomyExtend","Mari Mod (Legacy)","Mari\u0027s V1 Patch","Menagerie","Minty Spire (QoL Compilation)","Morshu Shopkeeper","Prisma Mod","Random Character Button","Reliquary","Replay The Spire","Robot Space Explorer","Ruina","Spicy Shops","StSLib","Td1madao Mod","The Alterego","The Bug Knight","The Marked","The Poker Player","The Senshi","TheSwordswoman","Uncapped","WarShipGirlsR/????R mod","Yakumo Yukari mod","Yohane!"],"gold_per_floor":[117,117,117,131,31,31,67,67,67,67,67,67,80,119,119,119,119],"floor_reached":16,"language":"ENG","playtime":400,"items_purged":[],"score":122,"play_id":"0f192f8e-e0da-4c5a-9b65-47d4cd6110e3","local_time":"20210220114258","is_ascension_mode":true,"campfire_choices":[{"data":"astrologer:TheTower","floor":6,"key":"SMITH"},{"data":"astrologer:TheTower","floor":10,"key":"SMITH"},{"data":"astrologer:Eclipse","floor":12,"key":"SMITH"},{"floor":15,"key":"REST"}],"circlet_count":0,"master_deck":["astrologer:Strike+1","astrologer:Strike+1","astrologer:Defend","astrologer:Defend","astrologer:Defend","astrologer:Defend","astrologer:NorthStar","astrologer:TheFool","astrologer:TheTower+1","astrologer:GlassStar","astrologer:Eclipse+1","astrologer:Eclipse+1","hubris:Wrath","astrologer:MeteorShower+1","astrologer:TheTower+1","astrologer:Radiance"],"relics":["astrologer:SkyMirror","LetterFromLob","Golden Idol","Unceasing Top","ReplayTheSpireMod:CursedCoin","Lantern","hubris:SlimyHat","ReplayTheSpireMod:Ninjato","Whetstone"],"acts_visited":["Exordium"],"potions_floor_usage":[7,14],"damage_taken":[{"damage":0,"enemies":"Small Slimes","floor":1,"turns":4},{"damage":0,"enemies":"Jaw Worm","floor":4,"turns":3},{"damage":27,"enemies":"3 Sentries","floor":7,"turns":4},{"damage":0,"enemies":"2 Louse","floor":13,"turns":2},{"damage":5,"enemies":"Replay:BlueRogue","floor":14,"turns":3},{"damage":42,"enemies":"Hexaghost","floor":16,"turns":7}],"seed_played":"-7417766170432115279","potions_obtained":[{"floor":4,"key":"Death Potion"},{"floor":7,"key":"Fire Potion"}],"is_trial":false,"path_per_floor":["M","?","?","M","$","R","E","$","T","R","?","R","M","E","R","B"],"character_chosen":"ASTROLOGER","items_purchased":["Unceasing Top","ReplayTheSpireMod:CursedCoin","Lantern","astrologer:MeteorShower+1"],"campfire_rested":1,"item_purchase_floors":[5,5,5,5],"current_hp_per_floor":[63,48,52,52,52,52,25,25,25,25,25,25,25,20,38,0,0],"gold":119,"neow_bonus":"TRANSFORM_TWO_CARDS","is_daily":false,"chose_seed":false,"campfire_upgraded":3,"win_rate":0.0,"timestamp":1613839378,"path_taken":["M","?","?","M","?","R","E","$","T","R","?","R","M","E","R","BOSS"],"items_purchased_type":["Relic","Relic","Card","Card"],"build_version":"2020-12-22","purchased_purges":0,"victory":false,"max_hp_per_floor":[63,63,63,63,63,63,63,63,63,63,63,63,63,63,63,63,63],"card_choices":[{"not_picked":["astrologer:Moonlight","astrologer:Still"],"picked":"astrologer:Eclipse","floor":1},{"not_picked":["astrologer:Opposition","astrologer:Moonlight"],"picked":"astrologer:Eclipse","floor":4},{"not_picked":["astrologer:Glimpse","astrologer:StarOfChange"],"picked":"astrologer:TheTower","floor":7},{"not_picked":["astrologer:Judgement","astrologer:Death"],"picked":"astrologer:Radiance","floor":13},{"not_picked":["astrologer:Prestidigitation","astrologer:Still","astrologer:Opposition"],"picked":"SKIP","floor":14}],"player_experience":1563093,"relics_obtained":[{"floor":1,"key":"LetterFromLob"},{"floor":7,"key":"hubris:SlimyHat"},{"floor":9,"key":"ReplayTheSpireMod:Ninjato"},{"floor":14,"key":"Whetstone"}],"event_choices":[{"damage_healed":0,"gold_gain":0,"player_choice":"Take Damage","damage_taken":15,"relics_obtained":["Golden Idol"],"max_hp_gain":0,"max_hp_loss":0,"event_name":"Golden Idol","floor":2,"gold_loss":0}],"is_beta":false,"boss_relics":[],"items_purged_floors":[],"is_endless":false,"potions_floor_spawned":[4,7],"killed_by":"Hexaghost","ascension_level":3}}