{"host":"bx8ylsmj2ob6hd5u","time":1613846461,"event":{"mods":["AchievementEnabler","Act Like it!","Aspiration","BaseMod","Colored Map","Downfall","Duelist Mod","Friendly Minions","Gensokyo","GifTheSpireLib","Hallownest","Hermit","HololiveMod","Hubris","Infinite Spire","Jorbs\u0027s Wanderer Trilogy","KinomotoSakuraMod(????)","Kiyohime????","Koishi","KomeijiMod","Lobotomy","LobotomyExtend","Marisa????????","Minty Spire (QoL Compilation)","Prisma Mod","Rare Cards Sparkle","Reimu??????","Remilia??????","Replay The Spire","StSLib","Td1madao Mod","The Administrix","The Animator","The Bug Knight","The Construct","The Cursed","The Disciple","The Hierophant","The Necromancer","The Poker Player","The Runesmith","The Senshi","The Servant 0.9.4","WarShipGirlsR/????R mod"],"gold_per_floor":[113,113,150,24,24,24,39,57,57,57,57,57,57,75,75,174,174,185,185,200,200,220,220,236,236,262,262,274,292,308,320,320,419,419,429,442,65,65,65,65,65,65,110,110,110,110,156,174,174,174,174],"floor_reached":50,"language":"ENG","playtime":2759,"items_purged":["Hallucinations","Injury"],"score":509,"play_id":"f63df6e6-4de8-4efc-990b-5900fce1ab11","local_time":"20210220204101","is_ascension_mode":false,"campfire_choices":[{"data":"Dash_Komeiji","floor":6.0,"key":"SMITH"},{"data":"MusouMyousyu","floor":11.0,"key":"SMITH"},{"data":"LunaticRedEyes","floor":13.0,"key":"SMITH"},{"data":"WumiGaWareru","floor":15.0,"key":"SMITH"},{"data":"TerribleSouvenir","floor":23,"key":"SMITH"},{"data":"VampireKiss","floor":25,"key":"SMITH"},{"data":"SeekerDolls","floor":32,"key":"SMITH"},{"data":"SemiAutomaton","floor":40,"key":"SMITH"},{"data":"Madness","floor":42,"key":"SMITH"},{"data":"Madness","floor":44,"key":"SMITH"},{"data":"Madness","floor":49,"key":"SMITH"}],"circlet_count":0,"master_deck":["Defend_Komeiji","Defend_Komeiji","Defend_Komeiji","Defend_Komeiji","Dash_Komeiji+1","MusouMyousyu+1","NingyouOkisou+1","LunaticRedEyes+1","HenyouMirume+1","RoshinSou+1","SeekerDolls+1","EnMu+1","NingyouSP+1","WumiGaWareru+1","SeishiRoten+1","TerribleSouvenir+1","SenyouGoraku+1","KinbakuJin+1","Bite","Bite","Bite","Bite","Bite","NingyouSousou+1","VampireKiss+1","YoukiSo+1","KeiseiJin+1","NingyouKisou+1","KeiseiJin+1","SemiAutomaton+1","NingyouKasou+1","MajikuruSanhai+1","Madness+1","Madness+1","ReplayTheSpireMod:Trickstab","Madness+1","Deep Breath","NingyouChiyari+1"],"relics":["KomeijisEye","SpellCardsRule","MusicBox","hubris:Metronome","LetterFromLob","infinitespire:Lychee Nut","infinitespire:Satchel","hubris:ScarierMask","Ring of Panic","Ring of Searing","theSenshi:SailorFukuRelic","aspiration:RunicSpoon","HollowMod:JonisBlessing","Bronze Scales","Bag of Marbles","hubris:Towel","TentaclePot:ReiMu","Vajra"],"acts_visited":["Exordium","TheCity","TheBeyond"],"potions_floor_usage":[31,33,33,33,39],"damage_taken":[{"damage":0.0,"enemies":"Gensokyo:2_Kodama","floor":1.0,"turns":4.0},{"damage":0.0,"enemies":"Gensokyo:Gryphon","floor":3.0,"turns":2.0},{"damage":2.0,"enemies":"Gensokyo:3_Fairies","floor":7.0,"turns":6.0},{"damage":14.0,"enemies":"Gensokyo:Gryphon_and_Rabbit","floor":8.0,"turns":7.0},{"damage":5.0,"enemies":"Gensokyo:CorruptedTreant","floor":14.0,"turns":8.0},{"damage":4.0,"enemies":"Gensokyo:Kokoro","floor":16.0,"turns":8.0},{"damage":2,"enemies":"Spheric Guardian","floor":18,"turns":5},{"damage":9,"enemies":"2 Thieves","floor":20,"turns":2},{"damage":12,"enemies":"Chosen and Byrds","floor":22,"turns":3},{"damage":5,"enemies":"Snecko","floor":24,"turns":2},{"damage":0,"enemies":"Shelled Parasite and Fungi","floor":28,"turns":1},{"damage":0,"enemies":"Centurion and Healer","floor":29,"turns":1},{"damage":1,"enemies":"Snecko","floor":30,"turns":2},{"damage":10,"enemies":"Sentry and Sphere","floor":31,"turns":3},{"damage":12,"enemies":"Collector","floor":33,"turns":6},{"damage":5,"enemies":"3 Darklings","floor":35,"turns":2},{"damage":0,"enemies":"3 Shapes","floor":36,"turns":1},{"damage":0,"enemies":"Jaw Worm Horde","floor":39,"turns":1},{"damage":0,"enemies":"Transient","floor":48,"turns":5},{"damage":16,"enemies":"Awakened One","floor":50,"turns":2}],"seed_played":"-948849305993346756","potions_obtained":[{"floor":1.0,"key":"ColorlessPotion"},{"floor":8.0,"key":"BlessingOfTheForge"},{"floor":16.0,"key":"PowerPotion"},{"floor":22,"key":"CalmPotion"},{"floor":24,"key":"Reflective Coating"},{"floor":30,"key":"Swift Potion"},{"floor":31,"key":"hexamod:SoulburnPotion"},{"floor":36,"key":"SmokeBomb"}],"is_trial":false,"path_per_floor":["M","?","M","COS","?","R","M","M","T","$","R","?","R","M","R","B",null,"M","?","M","?","M","R","M","R","T","$","M","M","M","M","R","B",null,"M","M","$","?","M","R","?","R","T","R","?","AVR","T","M","R","B"],"character_chosen":"KomeijiSatori","items_purchased":["HollowMod:JonisBlessing","Bronze Scales"],"campfire_rested":0,"item_purchase_floors":[37,37],"current_hp_per_floor":[50,50,50,50,50,50,48,36,36,36,36,36,36,33,33,36,37,36,36,28,25,20,20,25,25,25,25,25,25,24,17,17,25,25,20,20,20,17,17,17,7,7,7,7,7,7,7,7,7,0,0],"gold":174,"neow_bonus":"RANDOM_EVENT","is_daily":false,"chose_seed":false,"campfire_upgraded":11,"win_rate":0.0,"timestamp":1613846461,"path_taken":["M","?","M","COS","?","R","M","M","T","?","R","?","R","M","R","BOSS","M","?","M","?","M","R","M","R","T","?","M","M","M","?","R","BOSS","M","M","$","?","M","R","?","R","T","R","?","AVR","?","?","R","BOSS"],"items_purchased_type":["Relic","Relic"],"build_version":"2020-12-22","purchased_purges":2,"victory":false,"max_hp_per_floor":[50,50,50,50,50,50,50,50,37,37,37,37,37,37,37,37,37,37,37,37,25,25,25,25,25,25,25,25,25,25,25,25,25,25,25,25,25,25,25,25,25,25,25,25,25,25,25,25,25,25,25],"card_choices":[{"not_picked":["SeekerWire+1","SenyouGoraku+1"],"picked":"MusouMyousyu","floor":1.0},{"not_picked":["DemonLordCradle","NingyouMusou+1"],"picked":"NingyouOkisou+1","floor":3.0},{"not_picked":[],"picked":"LunaticRedEyes","floor":5.0},{"not_picked":["MusuNoYume+1","JyouchiJin+1"],"picked":"HenyouMirume+1","floor":7.0},{"not_picked":["DochyakuKami+1","Agarareta+1"],"picked":"RoshinSou+1","floor":7.0},{"not_picked":["RoshinSou+1","DemonLordCradle"],"picked":"SeekerDolls","floor":8.0},{"not_picked":["DemonLordCradle","Melting"],"picked":"EnMu+1","floor":12.0},{"not_picked":["DemonsDinnerFork","Mishyaguji+1"],"picked":"NingyouSP+1","floor":12.0},{"not_picked":["HisouTensoku","MunenMusou"],"picked":"WumiGaWareru","floor":14.0},{"not_picked":["DemonLordCradle","DochyakuKami+1"],"picked":"SeishiRoten+1","floor":14.0},{"not_picked":["JigokuNoTaiyou","WumiGaWareru"],"picked":"TerribleSouvenir","floor":16.0},{"not_picked":["SeekerDolls","NingyouShinki+1"],"picked":"SenyouGoraku+1","floor":18},{"not_picked":["Agarareta+1","MissingPower+1"],"picked":"KinbakuJin+1","floor":20},{"not_picked":["NingyouKasou+1","Mishyaguji+1"],"picked":"NingyouSousou+1","floor":22},{"not_picked":["DemonLordCradle","NingyouSP+1"],"picked":"VampireKiss","floor":24},{"not_picked":["HenyouMirume","MusuNoYume"],"picked":"YoukiSo+1","floor":28},{"not_picked":["Melting+1","ShyakuBuku"],"picked":"KeiseiJin+1","floor":29},{"not_picked":["NingyouShinki+1","SuitokuNoKyoryu"],"picked":"NingyouKisou+1","floor":30},{"not_picked":["WumiGaWareru","SenseofElegance"],"picked":"KeiseiJin+1","floor":31},{"not_picked":["LunaDial","LunaticRedEyes"],"picked":"SemiAutomaton","floor":33},{"not_picked":["MissingPower+1","KeiseiJin+1"],"picked":"NingyouKasou+1","floor":35},{"not_picked":["KimairaNoYoku+1","NingyouSP+1"],"picked":"MajikuruSanhai+1","floor":36},{"not_picked":["PanicButton","ReplayTheSpireMod:Uncanny Aura"],"picked":"ReplayTheSpireMod:Trickstab","floor":41},{"not_picked":["Purity","ReplayTheSpireMod:Uncanny Aura"],"picked":"Madness","floor":41},{"not_picked":["Specialist","Swift Strike"],"picked":"Deep Breath","floor":41},{"not_picked":["NingyouSP+1","ArtfulChanter+1"],"picked":"NingyouChiyari+1","floor":48}],"player_experience":1604783,"relics_obtained":[{"floor":1.0,"key":"LetterFromLob"},{"floor":9.0,"key":"infinitespire:Lychee Nut"},{"floor":19,"key":"Ring of Panic"},{"floor":19,"key":"Ring of Searing"},{"floor":26,"key":"theSenshi:SailorFukuRelic"},{"floor":43,"key":"Bag of Marbles"},{"floor":47,"key":"Vajra"}],"event_choices":[{"damage_healed":0,"gold_gain":0,"player_choice":"Became a vampire","damage_taken":0,"max_hp_gain":0,"max_hp_loss":12,"event_name":"Vampires","floor":21,"gold_loss":0,"cards_obtained":["Bite","Bite","Bite","Bite","Bite"]},{"damage_healed":0,"gold_gain":0,"player_choice":"Embrace Madness","damage_taken":3,"max_hp_gain":0,"max_hp_loss":0,"event_name":"Winding Halls","floor":38,"gold_loss":0,"cards_obtained":["Madness","Madness"]},{"damage_healed":0,"gold_gain":0,"player_choice":"Memory 3","damage_taken":10,"max_hp_gain":0,"max_hp_loss":0,"event_name":"SensoryStone","floor":41,"gold_loss":0}],"is_beta":false,"boss_relics":[{"not_picked":["hubris:CrackedHourglass","aspiration:FutureDiary"],"picked":"hubris:ScarierMask"},{"not_picked":["Velvet Choker","Runic Dome"],"picked":"aspiration:RunicSpoon"}],"items_purged_floors":[37,46],"is_endless":false,"potions_floor_spawned":[1,8,16,22,24,30,31,36],"killed_by":"Awakened One","ascension_level":0}}