{"host":"prxrhpgaxnj4om9r","time":1613823172,"event":{"mods":["AchievementEnabler","BaseMod","Colored Map","DeckTracker","Minty Spire (QoL Compilation)"],"gold_per_floor":[110,210,230,245,264,277,98,110,110,110,110,134,134,134],"floor_reached":13,"language":"KOR","playtime":381,"items_purged":[],"score":79,"play_id":"faeda65d-64be-475f-a822-fd7546ac3346","local_time":"20210220211252","is_ascension_mode":false,"campfire_choices":[],"circlet_count":0,"master_deck":["Strike_B","Strike_B","Strike_B","Strike_B","Defend_B","Defend_B","Defend_B","Defend_B","Zap+1","Dualcast","Sweeping Beam","Compile Driver","Electrodynamics","Darkness","Hologram","Rip and Tear","Sunder","Lockon"],"relics":["Cracked Core","Omamori","Golden Idol"],"acts_visited":["Exordium"],"potions_floor_usage":[8],"damage_taken":[{"damage":5,"enemies":"2 Louse","floor":1,"turns":3},{"damage":1,"enemies":"Cultist","floor":3,"turns":3},{"damage":11,"enemies":"Jaw Worm","floor":4,"turns":2},{"damage":7,"enemies":"Blue Slaver","floor":5,"turns":2},{"damage":11,"enemies":"Red Slaver","floor":6,"turns":3},{"damage":7,"enemies":"Large Slime","floor":8,"turns":4},{"damage":25,"enemies":"Exordium Thugs","floor":12,"turns":3},{"damage":13,"enemies":"3 Sentries","floor":13,"turns":2}],"seed_played":"-6205337945579177181","potions_obtained":[{"floor":3,"key":"SmokeBomb"},{"floor":5,"key":"Swift Potion"},{"floor":8,"key":"SpeedPotion"}],"is_trial":false,"path_per_floor":["M","?","M","M","M","M","$","M","T","?","$","M","E"],"character_chosen":"DEFECT","items_purchased":["Omamori","Rip and Tear"],"campfire_rested":0,"item_purchase_floors":[7,7],"current_hp_per_floor":[70,70,69,58,51,40,40,33,33,33,33,8,0,0],"gold":134,"neow_bonus":"UPGRADE_CARD","is_daily":false,"chose_seed":false,"campfire_upgraded":0,"win_rate":0.0,"timestamp":1613823172,"path_taken":["M","?","M","M","M","?","$","M","T","?","?","M","E"],"items_purchased_type":["Relic","Card"],"build_version":"2020-12-22","purchased_purges":0,"victory":false,"max_hp_per_floor":[75,75,75,75,75,75,75,75,75,75,75,75,75,75],"card_choices":[{"not_picked":["Turbo","Stack"],"picked":"Sweeping Beam","floor":1},{"not_picked":["Heatsinks","Barrage"],"picked":"Compile Driver","floor":3},{"not_picked":["Sweeping Beam","Melter"],"picked":"Electrodynamics","floor":4},{"not_picked":["Barrage","Conserve Battery"],"picked":"Darkness","floor":5},{"not_picked":["Redo","Darkness"],"picked":"Hologram","floor":6},{"not_picked":["Turbo","Reprogram"],"picked":"Sunder","floor":8},{"not_picked":["Barrage","Blizzard"],"picked":"Lockon","floor":12}],"player_experience":555535,"relics_obtained":[],"event_choices":[{"damage_healed":0,"gold_gain":100,"player_choice":"Pray","damage_taken":0,"max_hp_gain":0,"max_hp_loss":0,"event_name":"Golden Shrine","floor":2,"gold_loss":0},{"damage_healed":0,"gold_gain":0,"player_choice":"Take Wound","damage_taken":0,"relics_obtained":["Golden Idol"],"max_hp_gain":0,"max_hp_loss":0,"event_name":"Golden Idol","floor":10,"gold_loss":0,"cards_obtained":["Injury"]}],"is_beta":false,"boss_relics":[],"items_purged_floors":[],"is_endless":false,"potions_floor_spawned":[3,5,8],"killed_by":"3 Sentries","ascension_level":0}}