{"host":"i9n9vhmhsy1qd5z9","time":1613842553,"event":{"mods":["AchievementEnabler","Act Like it!","BaseMod","Colored Powertips","Downfall","Koishi","Minty Spire (QoL Compilation)","StSLib"],"gold_per_floor":[99,99,99,24,24,9,81,106,121,133,144,171,171,8,23,127,127,127,137,137,16,216,216,263,263,275,75,75,94,94,105,122,224,224,24,36,49,68,343,41,41,161,260,260,340,352,416,316,336,326,326,353,69,69,69,69],"floor_reached":57,"language":"ZHS","playtime":9576,"items_purged":["downfall:Malfunctioning","sneckomod:Strike","sneckomod:Strike","sneckomod:Strike+1"],"score":1395,"play_id":"0707a3f5-3b20-40e6-be65-e2b56ccd067b","local_time":"20210221013553","is_ascension_mode":false,"campfire_choices":[{"data":"sneckomod:TailWhip","floor":1.0,"key":"SMITH"},{"data":"sneckomod:MorePower","floor":18.0,"key":"SMITH"},{"data":"sneckomod:Cheat","floor":23.0,"key":"SMITH"},{"data":"sneckomod:TrashToTreasure","floor":25.0,"key":"SMITH"},{"floor":28.0,"key":"RECALL"},{"data":"sneckomod:WideSting","floor":30.0,"key":"SMITH"},{"data":"sneckomod:Cheat","floor":35.0,"key":"SMITH"},{"data":"sneckomod:SoulRoll","floor":44.0,"key":"SMITH"},{"data":"sneckomod:SnekBeam","floor":48.0,"key":"SMITH"},{"data":"sneckomod:SoulDraw","floor":54.0,"key":"SMITH"}],"circlet_count":0,"master_deck":["sneckomod:Defend+1","sneckomod:TailWhip+1","sneckomod:SnekBite+1","sneckomod:Unknown","sneckomod:Unknown","sneckomod:UnknownUncommonAttack+1","sneckomod:SoulDraw+1","sneckomod:UnknownRarePower","sneckomod:WideSting+1","sneckomod:SnakeSap+1","sneckomod:QuickBite+1","sneckomod:SoulRoll+1","sneckomod:UnknownDraw+1","sneckomod:UnknownExhaust+1","sneckomod:TrashToTreasure+1","sneckomod:SlitherStrike+1","sneckomod:MorePower+1","sneckomod:UnknownExhaust+1","sneckomod:SlitherStrike+1","sneckomod:UnknownBoss+1","sneckomod:Cheat+1","sneckomod:Unknown3Cost+1","sneckomod:UnknownClassPURPLE+1","sneckomod:UnknownBoss+1","sneckomod:UnknownRareSkill","sneckomod:UnknownUncommonSkill+1","sneckomod:UnknownRareSkill+1","sneckomod:Cheat+1","sneckomod:UnknownBlock+1","sneckomod:DefensiveFlair+1","hexamod:SixthSeal","sneckomod:UnknownVulnerable+1","sneckomod:UnknownClassDARK_GREEN_COLOR","sneckomod:Unknown0Cost+1","sneckomod:Unknown3Cost","sneckomod:Unknown0Cost+1","sneckomod:DiceBlock+1","sneckomod:UnknownRarePower+1","hexamod:ThirdSeal","sneckomod:SerpentIdol+1","sneckomod:Unknown0Cost+1","sneckomod:UnknownUncommonSkill+1","sneckomod:Nope+1","sneckomod:UnknownRareAttack+1","sneckomod:SnekBeam+1","sneckomod:Unknown3Cost+1","sneckomod:Unknown0Cost+1","sneckomod:SoulDraw","sneckomod:SoulDraw+1","sneckomod:TrashToTreasure+1"],"relics":["sneckomod:SneckoSoul","downfall:HeartsMalice","Shuriken","WingedGreaves","Omamori","ClockworkSouvenir","SacredBark","Enchiridion","MealTicket","Strange Spoon","Empty Cage","downfall:HeartBlessingBlue","downfall:HeartBlessingRed","Toolbox","Pen Nib","Bottled Tornado","StoneCalendar","Boot","downfall:HeartBlessingGreen","Kunai","DollysMirror"],"acts_visited":["Exordium","TheCity","TheBeyond","TheEnding"],"potions_floor_usage":[55,56],"damage_taken":[{"damage":0.0,"enemies":"Small Slimes","floor":2.0,"turns":1.0},{"damage":0.0,"enemies":"downfall:FleeingMerchant","floor":4.0,"turns":1.0},{"damage":0.0,"enemies":"2 Louse","floor":5.0,"turns":1.0},{"damage":2.0,"enemies":"downfall:FleeingMerchant","floor":6.0,"turns":4.0},{"damage":13.0,"enemies":"Gremlin Nob","floor":8.0,"turns":5.0},{"damage":0.0,"enemies":"Jaw Worm","floor":9.0,"turns":3.0},{"damage":0.0,"enemies":"downfall:LooterAlt","floor":10.0,"turns":2.0},{"damage":3.0,"enemies":"Lots of Slimes","floor":11.0,"turns":2.0},{"damage":13.0,"enemies":"3 Sentries","floor":12.0,"turns":5.0},{"damage":10.0,"enemies":"downfall:FleeingMerchant","floor":14.0,"turns":4.0},{"damage":14.0,"enemies":"Exordium Wildlife","floor":15.0,"turns":4.0},{"damage":2.0,"enemies":"IC_STATUS_ARCHETYPE","floor":16.0,"turns":4.0},{"damage":5.0,"enemies":"Chosen","floor":19.0,"turns":4.0},{"damage":20.0,"enemies":"downfall:FleeingMerchant","floor":21.0,"turns":3.0},{"damage":0.0,"enemies":"3 Byrds","floor":26.0,"turns":2.0},{"damage":0.0,"enemies":"Centurion and Healer","floor":29.0,"turns":4.0},{"damage":32.0,"enemies":"3 Cultists","floor":31.0,"turns":5.0},{"damage":16.0,"enemies":"Chosen and Byrds","floor":32.0,"turns":5.0},{"damage":11.0,"enemies":"DF_ARCHETYPE_CLAW","floor":33.0,"turns":3.0},{"damage":28.0,"enemies":"3 Shapes","floor":36.0,"turns":2.0},{"damage":5.0,"enemies":"3 Darklings","floor":37.0,"turns":4.0},{"damage":27.0,"enemies":"Jaw Worm Horde","floor":38.0,"turns":4.0},{"damage":0.0,"enemies":"Nemesis","floor":42.0,"turns":3.0},{"damage":0.0,"enemies":"Transient","floor":43.0,"turns":5.0},{"damage":0.0,"enemies":"Transient","floor":45.0,"turns":5.0},{"damage":27.0,"enemies":"Writhing Mass","floor":46.0,"turns":4.0},{"damage":0.0,"enemies":"Reptomancer","floor":47.0,"turns":2.0},{"damage":1.0,"enemies":"Sphere and 2 Shapes","floor":49.0,"turns":1.0},{"damage":60.0,"enemies":"SI_POISON_ARCHETYPE","floor":50.0,"turns":10.0},{"damage":10.0,"enemies":"downfall:CharBossMerchant","floor":52.0,"turns":2.0},{"damage":68,"enemies":"downfall:NeowBoss","floor":55,"turns":20},{"damage":6,"enemies":"downfall:NeowBossFinal","floor":56,"turns":3}],"seed_played":"2905003621983346286","potions_obtained":[{"floor":8.0,"key":"GamblersBrew"},{"floor":9.0,"key":"FearPotion"},{"floor":11.0,"key":"Block Potion"},{"floor":15.0,"key":"champ:CounterPotion"},{"floor":15.0,"key":"sneckomod:DiceRollPotion"},{"floor":19.0,"key":"champ:CounterPotion"},{"floor":29.0,"key":"SpeedPotion"},{"floor":31.0,"key":"SpeedPotion"},{"floor":37.0,"key":"GamblersBrew"},{"floor":38.0,"key":"Dexterity Potion"},{"floor":43.0,"key":"SpeedPotion"},{"floor":46.0,"key":"Block Potion"}],"is_trial":false,"path_per_floor":["R","M","?","$","M","$","T","E","M","M","M","E","?","$","M","B",null,"R","M","?","$","?","R","T","R","M","$","R","M","R","M","M","B",null,"R","M","M","M","?","$","T","E","M","R","?","M","E","R","M","B",null,"E","$","R","B","B",null],"character_chosen":"THE_SNECKO","items_purchased":["ClockworkSouvenir","MealTicket","Strange Spoon","Fire Potion","Regen Potion","Toolbox","sneckomod:SoulDraw","DollysMirror","Ancient Potion"],"campfire_rested":0,"item_purchase_floors":[14,21,21,21,27,40,53,53,53],"current_hp_per_floor":[90,90,90,90,90,88,88,75,75,75,72,59,59,49,35,33,90,90,85,69,49,49,49,49,49,49,64,64,64,64,32,26,27,90,100,72,69,42,42,57,57,57,59,59,59,37,37,37,36,38,100,90,100,100,35,29],"gold":69,"neow_bonus":"THREE_ENEMY_KILL","is_daily":false,"chose_seed":false,"campfire_upgraded":9,"win_rate":0.0,"timestamp":1613842553,"path_taken":["R","M","?","$","M","$","T","E","M","M","M","E","?","?","M","BOSS","R","M","?","$","?","R","T","R","M","$","R","M","R","M","M","BOSS","R","M","?","M","?","$","T","E","?","R","?","M","E","R","M","BOSS","E","$","R","BOSS","BOSS"],"items_purchased_type":["Relic","Relic","Relic","Potion","Potion","Relic","Card","Relic","Potion"],"build_version":"2020-12-22","purchased_purges":4,"victory":true,"max_hp_per_floor":[90,90,90,90,90,90,90,90,90,90,90,90,90,90,90,90,90,90,90,90,90,90,90,90,90,90,90,90,90,90,90,90,90,90,100,100,100,100,100,100,100,100,100,100,100,100,100,100,100,100,100,100,100,100,100,100],"card_choices":[{"not_picked":["sneckomod:UnknownCommonAttack","sneckomod:QuickMove"],"picked":"sneckomod:UnknownUncommonAttack","floor":2.0},{"not_picked":["sneckomod:IronFang","sneckomod:SnekBeam"],"picked":"sneckomod:SoulDraw","floor":4.0},{"not_picked":["sneckomod:SoulDraw","sneckomod:WideSting"],"picked":"sneckomod:UnknownRarePower","floor":5.0},{"not_picked":["sneckomod:Unknown1Cost","sneckomod:UnknownBlock"],"picked":"sneckomod:WideSting","floor":6.0},{"not_picked":["sneckomod:Nope","sneckomod:UnknownUncommonPower"],"picked":"sneckomod:SnakeSap","floor":8.0},{"not_picked":["sneckomod:IronFang","sneckomod:DiceBlock"],"picked":"sneckomod:QuickBite","floor":9.0},{"not_picked":["sneckomod:WideSting","sneckomod:QuickBite"],"picked":"sneckomod:SoulRoll","floor":10.0},{"not_picked":["sneckomod:RainOfDice","sneckomod:SoulDraw"],"picked":"sneckomod:UnknownDraw","floor":11.0},{"not_picked":["sneckomod:UnknownStrike","sneckomod:UnknownCommonSkill"],"picked":"sneckomod:UnknownExhaust","floor":12.0},{"not_picked":["sneckomod:UnknownRareAttack","sneckomod:IronFang"],"picked":"sneckomod:TrashToTreasure","floor":14.0},{"not_picked":["sneckomod:UnknownBlock","sneckomod:UnknownCommonAttack"],"picked":"sneckomod:SlitherStrike","floor":15.0},{"not_picked":["sneckomod:DangerNoodle","sneckomod:Unknown3Cost"],"picked":"sneckomod:MorePower","floor":16.0},{"not_picked":["sneckomod:UnknownCommonSkill+1","sneckomod:UnknownVulnerable+1"],"picked":"sneckomod:UnknownExhaust+1","floor":19.0},{"not_picked":["sneckomod:SoulRoll","sneckomod:MasterEye"],"picked":"sneckomod:SlitherStrike","floor":19.0},{"not_picked":["sneckomod:UnknownClassDARK_GREEN_COLOR+1","sneckomod:UnknownBlock+1"],"picked":"sneckomod:UnknownBoss+1","floor":21.0},{"not_picked":["sneckomod:SoulDraw","sneckomod:UnknownCommonSkill+1"],"picked":"sneckomod:Cheat","floor":21.0},{"not_picked":["sneckomod:SoulRoll","sneckomod:MasterEye","sneckomod:QuickBite"],"picked":"SKIP","floor":26.0},{"not_picked":["sneckomod:UnknownCommonSkill+1","sneckomod:UnknownVulnerable+1"],"picked":"sneckomod:Unknown3Cost+1","floor":29.0},{"not_picked":["sneckomod:SnekBeam","sneckomod:WideSting+1"],"picked":"sneckomod:UnknownClassPURPLE+1","floor":29.0},{"not_picked":["sneckomod:Unknown1Cost+1","sneckomod:UnknownCommonAttack+1"],"picked":"sneckomod:UnknownBoss+1","floor":31.0},{"not_picked":["sneckomod:UnendingSupply+1","sneckomod:Unknown2Cost"],"picked":"sneckomod:UnknownRareSkill","floor":31.0},{"not_picked":["sneckomod:UnknownWeak+1","sneckomod:UnknownCommonAttack+1"],"picked":"sneckomod:UnknownUncommonSkill+1","floor":32.0},{"not_picked":["sneckomod:UnknownClassHEXA_GHOST_PURPLE","sneckomod:IronFang","sneckomod:UnknownUncommonPower"],"picked":"SKIP","floor":32.0},{"not_picked":["sneckomod:Unknown1Cost+1","sneckomod:Unknown2Cost+1"],"picked":"sneckomod:UnknownRareSkill+1","floor":33.0},{"not_picked":["sneckomod:Restock","sneckomod:DangerNoodle"],"picked":"sneckomod:Cheat","floor":33.0},{"not_picked":["sneckomod:UnknownUncommonPower+1","sneckomod:UnknownVulnerable+1"],"picked":"sneckomod:UnknownBlock+1","floor":36.0},{"not_picked":["sneckomod:DiceBoulder+1","sneckomod:Nope+1"],"picked":"sneckomod:DefensiveFlair+1","floor":36.0},{"not_picked":["hexamod:FirstSeal","hexamod:ThirdSeal"],"picked":"hexamod:SixthSeal","floor":37.0},{"not_picked":["sneckomod:UnknownX+1","sneckomod:UnknownClassDARK_GREEN_COLOR+1"],"picked":"sneckomod:UnknownVulnerable+1","floor":37.0},{"not_picked":["sneckomod:ImprovisedAttack","sneckomod:MasterEye"],"picked":"sneckomod:UnknownClassDARK_GREEN_COLOR","floor":37.0},{"not_picked":["sneckomod:UnknownUncommonSkill+1","sneckomod:UnknownX+1"],"picked":"sneckomod:Unknown0Cost+1","floor":38.0},{"not_picked":["sneckomod:Unknown1Cost+1","sneckomod:QuickMove+1"],"picked":"sneckomod:Unknown3Cost","floor":38.0},{"not_picked":["sneckomod:UnknownDraw+1","sneckomod:UnknownUncommonPower+1"],"picked":"sneckomod:Unknown0Cost+1","floor":42.0},{"not_picked":["sneckomod:UnknownBlock","sneckomod:WideSting+1"],"picked":"sneckomod:DiceBlock+1","floor":42.0},{"not_picked":["sneckomod:UnknownUncommonAttack+1","sneckomod:UnknownClassPURPLE+1"],"picked":"sneckomod:UnknownRarePower+1","floor":43.0},{"not_picked":["hexamod:SecondSeal","hexamod:FirstSeal"],"picked":"hexamod:ThirdSeal","floor":43.0},{"not_picked":["sneckomod:DiceBlock","sneckomod:SoulDraw+1"],"picked":"sneckomod:SerpentIdol+1","floor":43.0},{"not_picked":["sneckomod:Unknown2Cost+1","sneckomod:Unknown1Cost+1"],"picked":"sneckomod:Unknown0Cost+1","floor":45.0},{"not_picked":["sneckomod:UnknownVulnerable+1","sneckomod:UnknownWeak+1"],"picked":"sneckomod:UnknownUncommonSkill+1","floor":46.0},{"not_picked":["sneckomod:DiceBlock","sneckomod:UnknownBoss"],"picked":"sneckomod:Nope+1","floor":46.0},{"not_picked":["sneckomod:UnknownUncommonSkill+1","sneckomod:UnknownCommonAttack+1"],"picked":"sneckomod:UnknownRareAttack+1","floor":47.0},{"not_picked":["sneckomod:UnknownBlock","sneckomod:RainOfDice"],"picked":"sneckomod:SnekBeam","floor":47.0},{"not_picked":["sneckomod:SnekBeam","sneckomod:SoulRoll","sneckomod:Unknown2Cost"],"picked":"SKIP","floor":47.0},{"not_picked":["sneckomod:UnknownX+1","sneckomod:UnknownUncommonAttack+1","sneckomod:QuickBite"],"picked":"SKIP","floor":49.0},{"not_picked":["sneckomod:UnknownCommonAttack+1","sneckomod:UnknownBoss+1"],"picked":"sneckomod:Unknown3Cost+1","floor":52.0},{"not_picked":["sneckomod:Nope","sneckomod:UnknownCommonSkill+1"],"picked":"sneckomod:Unknown0Cost+1","floor":52.0},{"not_picked":["sneckomod:UnknownX","sneckomod:RainOfDice+1"],"picked":"sneckomod:SoulDraw","floor":52.0}],"player_experience":199544,"relics_obtained":[{"floor":7.0,"key":"Shuriken"},{"floor":8.0,"key":"WingedGreaves"},{"floor":12.0,"key":"Omamori"},{"floor":20.0,"key":"Enchiridion"},{"floor":41.0,"key":"Pen Nib"},{"floor":42.0,"key":"Bottled Tornado"},{"floor":45.0,"key":"StoneCalendar"},{"floor":47.0,"key":"Boot"},{"floor":52.0,"key":"Kunai"}],"event_choices":[{"damage_healed":0.0,"max_hp_gain":0.0,"max_hp_loss":0.0,"gold_gain":200.0,"event_name":"Wheel of Change","player_choice":"Gold","floor":22.0,"gold_loss":0.0,"damage_taken":0.0}],"is_beta":false,"boss_relics":[{"not_picked":["Astrolabe","Snecko Eye"],"picked":"SacredBark"},{"not_picked":["Runic Dome","Tiny House"],"picked":"Empty Cage"}],"items_purged_floors":[4,21,27,40],"is_endless":false,"potions_floor_spawned":[8,9,11,15,16,19,29,31,37,38,43,46,49],"ascension_level":0}}