{"host":"g7uq9uzahx9e0kti","time":1613837405,"event":{"mods":["100% Spire Juice","AchievementEnabler","Act Like it!","Arknights","BaseMod","CapriCore","Hermit","Koishi","Minty Spire (QoL Compilation)","Permanent Neow","Quick Restart","StSLib","SuperFastMode","The Bug Knight","The Cursed","The Hierophant","The Poker Player","Together in Spire","WarShipGirlsR/??á´Ò³R mod"],"gold_per_floor":[116,116,116,139,12,43,43,79,79,79,122,122,158,108,108,238,238,251,251,265,61,76,76,117,67,67,67,67,102,122,122,122,122,122],"floor_reached":33,"language":"KOR","playtime":1043,"items_purged":["Defend_R","Defend_R","Strike_R"],"score":365,"play_id":"f2174b13-b176-4ad0-8f05-0d37f36bd0b4","local_time":"20210221011005","is_ascension_mode":true,"campfire_choices":[{"data":"Flex","floor":7,"key":"SMITH"},{"data":"Perfected Strike","floor":12,"key":"SMITH"},{"data":"Perfected Strike","floor":15,"key":"SMITH"},{"data":"Twin Strike","floor":23,"key":"SMITH"},{"floor":27,"key":"REST"},{"data":"Twin Strike","floor":32,"key":"SMITH"}],"circlet_count":0,"master_deck":["Strike_R","Strike_R","Strike_R","Strike_R","Defend_R+1","Defend_R+1","Bash","Shockwave","Perfected Strike+1","Twin Strike+1","Flex+1","Twin Strike+1","Disarm","Perfected Strike+1","Demon Form","Perfected Strike","Thunderclap+1","Double Tap","Burning Pact+1","Armaments+1"],"relics":["Black Blood","NeowsBlessing","Golden Idol","Dead Branch","Pen Nib","The Courier","Smiling Mask","Toy Ornithopter","Bottled Flame","Shuriken","Mercury Hourglass","InkBottle","Letter Opener","Paper Frog","MutagenicStrength"],"acts_visited":["Exordium","TheCity"],"potions_floor_usage":[13,13,16,22,29],"damage_taken":[{"damage":0,"enemies":"2 Louse","floor":1,"turns":1},{"damage":0,"enemies":"Small Slimes","floor":4,"turns":1},{"damage":0,"enemies":"3 Sentries","floor":6,"turns":1},{"damage":6,"enemies":"Gremlin Nob","floor":8,"turns":3},{"damage":16,"enemies":"Lagavulin","floor":11,"turns":5},{"damage":18,"enemies":"3 Sentries","floor":13,"turns":4},{"damage":36,"enemies":"Slime Boss","floor":16,"turns":8},{"damage":20,"enemies":"3 Byrds","floor":18,"turns":6},{"damage":25,"enemies":"2 Thieves","floor":20,"turns":3},{"damage":28,"enemies":"Chosen and Byrds","floor":22,"turns":5},{"damage":59,"enemies":"Book of Stabbing","floor":24,"turns":5},{"damage":34,"enemies":"Slavers","floor":29,"turns":4},{"damage":0,"enemies":"Centurion and Healer","floor":30,"turns":3},{"damage":36,"enemies":"Collector","floor":33,"turns":3}],"seed_played":"-8017965738239921667","potions_obtained":[{"floor":1,"key":"FearPotion"},{"floor":6,"key":"BlessingOfTheForge"},{"floor":13,"key":"SkillPotion"},{"floor":16,"key":"Dexterity Potion"},{"floor":20,"key":"Regen Potion"},{"floor":22,"key":"GamblersBrew"},{"floor":30,"key":"SpeedPotion"}],"is_trial":false,"path_per_floor":["M","?","?","M","$","E","R","E","T","?","E","R","E","$","R","B",null,"M","?","M","$","M","R","E","$","T","R","T","E","M","?","R","B"],"character_chosen":"IRONCLAD","items_purchased":["Twin Strike","Mercury Hourglass"],"campfire_rested":1,"item_purchase_floors":[5,21],"current_hp_per_floor":[80,60,44,50,50,56,56,56,56,44,34,34,32,32,32,7,80,72,72,59,59,62,62,15,15,15,39,39,22,34,34,34,0,0],"gold":122,"neow_bonus":"THREE_ENEMY_KILL","is_daily":false,"chose_seed":false,"campfire_upgraded":5,"win_rate":0.0,"timestamp":1613837405,"path_taken":["M","?","?","M","?","E","R","E","T","?","E","R","E","$","R","BOSS","M","?","?","?","M","R","E","$","T","R","?","E","M","?","R","BOSS"],"items_purchased_type":["Card","Relic"],"build_version":"2020-12-22","purchased_purges":3,"victory":false,"max_hp_per_floor":[80,80,80,80,80,80,80,80,80,80,80,80,80,80,80,80,80,80,80,80,80,80,80,80,80,80,80,80,80,80,80,80,80,80],"card_choices":[{"not_picked":["Entrench","Clothesline"],"picked":"Shockwave","floor":1},{"not_picked":["Flex","Headbutt"],"picked":"Perfected Strike","floor":4},{"not_picked":["Battle Trance","Hemokinesis"],"picked":"Flex","floor":6},{"not_picked":["Searing Blow","Headbutt"],"picked":"Twin Strike","floor":8},{"not_picked":["Sever Soul","Iron Wave"],"picked":"Disarm","floor":11},{"not_picked":["Searing Blow","Anger"],"picked":"Perfected Strike","floor":13},{"not_picked":["Double Tap","Barricade"],"picked":"Demon Form","floor":16},{"not_picked":["Rage","Warcry"],"picked":"Spot Weakness+1","floor":18},{"not_picked":["Uppercut","True Grit"],"picked":"Perfected Strike","floor":20},{"not_picked":["Warcry","Flame Barrier"],"picked":"Thunderclap+1","floor":22},{"not_picked":["Flex","Seeing Red"],"picked":"Double Tap","floor":24},{"not_picked":["Sentinel","True Grit"],"picked":"Burning Pact+1","floor":29},{"not_picked":["Heavy Blade","Carnage"],"picked":"Armaments+1","floor":30}],"player_experience":153098,"relics_obtained":[{"floor":6,"key":"Dead Branch"},{"floor":8,"key":"Pen Nib"},{"floor":9,"key":"The Courier"},{"floor":11,"key":"Toy Ornithopter"},{"floor":13,"key":"Bottled Flame"},{"floor":24,"key":"InkBottle"},{"floor":26,"key":"Letter Opener"},{"floor":29,"key":"Paper Frog"}],"event_choices":[{"damage_healed":0,"gold_gain":0,"player_choice":"Take Damage","damage_taken":20,"relics_obtained":["Golden Idol"],"max_hp_gain":0,"max_hp_loss":0,"event_name":"Golden Idol","floor":2,"gold_loss":0},{"damage_healed":0,"gold_gain":0,"player_choice":"Entered Light","damage_taken":16,"max_hp_gain":0,"max_hp_loss":0,"event_name":"Shining Light","floor":3,"gold_loss":0,"cards_upgraded":["Defend_R","Defend_R"]},{"damage_healed":0,"gold_gain":0,"player_choice":"Success","damage_taken":12,"relics_obtained":["Smiling Mask"],"max_hp_gain":0,"max_hp_loss":0,"event_name":"Scrap Ooze","floor":10,"gold_loss":0},{"cards_removed":["Spot Weakness"],"damage_healed":0,"gold_gain":0,"player_choice":"Gave Card","damage_taken":0,"relics_obtained":["Shuriken"],"max_hp_gain":0,"max_hp_loss":0,"event_name":"WeMeetAgain","floor":19,"gold_loss":0},{"damage_healed":0,"gold_gain":0,"player_choice":"Inject Mutagens","damage_taken":0,"relics_obtained":["MutagenicStrength"],"max_hp_gain":0,"max_hp_loss":0,"event_name":"Drug Dealer","floor":31,"gold_loss":0}],"is_beta":false,"boss_relics":[{"not_picked":["Empty Cage","Busted Crown"],"picked":"Black Blood"}],"items_purged_floors":[5,14,25],"is_endless":false,"potions_floor_spawned":[1,6,13,16,20,22,30],"killed_by":"Collector","ascension_level":2}}