{"host":"nv1rw0372aj1kj6e","time":1613852589,"event":{"mods":["AchievementEnabler","BaseMod","Minty Spire (QoL Compilation)","Rare Cards Sparkle","Replay The Spire","StSLib","everything is the same but u backflip on backflip"],"gold_per_floor":[115,126,126,126,226,259,259,37,37,68,1,17,17,0,0,104,104,123,23,23,27,27,52,71,71,71,71,82,33,64,64,64,166,166,176,202,202,217,60,88,101,128,128,428,428,428,428,444,444,444],"floor_reached":51,"language":"ENG","playtime":5420,"items_purged":["Delirium","Overencumbered"],"score":1321,"play_id":"0a0517b4-20f7-4820-8bc8-328bf2af03df","local_time":"20210220212309","is_ascension_mode":true,"campfire_choices":[{"data":"Burst","floor":7.0,"key":"SMITH"},{"floor":15.0,"key":"REST"},{"floor":25.0,"key":"REST"},{"data":"Neutralize","floor":27.0,"key":"SMITH"},{"floor":32,"key":"REST"},{"data":"ReplayTheSpireMod:Shiv Toss","floor":45,"key":"SMITH"},{"data":"After Image","floor":49,"key":"SMITH"}],"circlet_count":0,"master_deck":["Survivor","Neutralize+1","Dash","Bouncing Flask","Underhanded Strike","Blade Dance","Burst+1","Dagger Spray+1","Riddle With Holes+1","Sneak Up","Footwork","Blade Dance+1","Poisoned Stab","Infinite Blades","After Image+1","Escape Plan","Corpse Explosion","J.A.X.","Dodge and Roll","Prepared","Acrobatics+1","Deflect+1","Prepared","Noxious Fumes","Necronomicurse","ReplayTheSpireMod:From All Sides","ReplayTheSpireMod:Shiv Toss+1","Backflip+1","Escape Plan+1","Deflect+1","Hidden Blade"],"relics":["Pandora\u0027s Box","Ring of Hypnosis","ReplayTheSpireMod:Ring of Collecting","Whetstone","Replay:Baseball","Ring of Fangs","Bottled Flame","Potion Belt","ReplayTheSpireMod:CursedCoin","HoveringKite","Ring of Fury","Regal Pillow","Blue Doll","ReplayTheSpireMod:Ring of Addiction","Tiny Chest","Chameleon Ring","SacredBark","Ornamental Fan","Necronomicon","Philosopher\u0027s Stone","ReplayTheSpireMod:Ring of Exchange","Happy Flower","Medical Kit","ReplayTheSpireMod:Lightbulb","Pet Ghost","Ring of Peace","Gremlin Food","ReplayTheSpireMod:Ring of Challenge","Quantum Egg"],"acts_visited":["Exordium","TheCity","TheBeyond"],"potions_floor_usage":[30,30,33,40,42,42,50,50],"damage_taken":[{"damage":0.0,"enemies":"Cultist","floor":1.0,"turns":3.0},{"damage":0.0,"enemies":"Small Slimes","floor":2.0,"turns":2.0},{"damage":21.0,"enemies":"Gremlin Nob","floor":6.0,"turns":5.0},{"damage":26.0,"enemies":"3 Sentries","floor":10.0,"turns":7.0},{"damage":0.0,"enemies":"2 Louse","floor":12.0,"turns":3.0},{"damage":30.0,"enemies":"Fading Forest","floor":16.0,"turns":11.0},{"damage":11.0,"enemies":"Spheric Guardian","floor":18.0,"turns":5.0},{"damage":14.0,"enemies":"2 Thieves","floor":21.0,"turns":4.0},{"damage":18.0,"enemies":"Slavers","floor":23.0,"turns":5.0},{"damage":9.0,"enemies":"Snake Plant","floor":24.0,"turns":4.0},{"damage":6.0,"enemies":"Cultist and Chosen","floor":28.0,"turns":3.0},{"damage":3,"enemies":"Book of Stabbing","floor":30,"turns":4},{"damage":6,"enemies":"Champ","floor":33,"turns":7},{"damage":3,"enemies":"Orb Walker","floor":35,"turns":2},{"damage":7,"enemies":"3 Darklings","floor":38,"turns":5},{"damage":3,"enemies":"Giant Head","floor":40,"turns":6},{"damage":23,"enemies":"Maw","floor":41,"turns":5},{"damage":3,"enemies":"Reptomancer","floor":42,"turns":5},{"damage":0,"enemies":"Jaw Worm Horde","floor":48,"turns":2},{"damage":13,"enemies":"Donu and Deca","floor":50,"turns":7}],"seed_played":"-8460423080467522381","potions_obtained":[{"floor":6.0,"key":"FearPotion"},{"floor":10.0,"key":"Explosive Potion"},{"floor":16.0,"key":"Block Potion"},{"floor":23.0,"key":"Swift Potion"},{"floor":26.0,"key":"Fruit Juice"},{"floor":26.0,"key":"SteroidPotion"},{"floor":26.0,"key":"Fire Potion"},{"floor":28,"key":"SkillPotion"},{"floor":30,"key":"SpeedPotion"},{"floor":38,"key":"Ancient Potion"},{"floor":41,"key":"SteroidPotion"},{"floor":42,"key":"Death Potion"},{"floor":48,"key":"Poison Potion"}],"is_trial":false,"path_per_floor":["M","M","?","?","?","E","R","$","T","E","$","M","$","?","R","B",null,"M","$","?","M","T","E","M","R","T","R","M","$","E","?","R","B",null,"M","T","?","M","$","E","M","E","T","?","R","T","?","M","R","B",null],"character_chosen":"THE_SILENT","items_purchased":["Replay:Baseball","ReplayTheSpireMod:CursedCoin","After Image","Escape Plan","Prepared","Medical Kit"],"campfire_rested":3,"item_purchase_floors":[8,11,11,11,29,39],"current_hp_per_floor":[63,63,63,63,63,42,42,42,42,16,16,16,16,16,37,21,58,47,47,47,33,33,15,6,42,47,47,41,41,38,22,59,53,70,67,67,67,60,60,57,34,31,31,31,31,31,60,60,58,45],"gold":444,"neow_bonus":"BOSS_RELIC","is_daily":false,"chose_seed":false,"campfire_upgraded":4,"win_rate":0.0,"timestamp":1613852589,"path_taken":["M","?","?","?","?","E","R","$","T","E","$","?","?","?","R","BOSS","M","$","?","M","?","E","M","R","T","R","?","$","E","?","R","BOSS","M","?","?","?","$","E","M","E","T","?","R","?","?","M","R","BOSS"],"items_purchased_type":["Relic","Relic","Card","Card","Card","Relic"],"build_version":"2020-12-22","purchased_purges":2,"victory":true,"max_hp_per_floor":[70,70,70,70,70,70,70,70,70,70,70,70,70,70,70,70,70,70,70,70,70,70,70,70,70,75,75,75,75,75,75,75,75,75,75,75,73,73,73,71,71,71,71,71,71,69,60,60,58,58],"card_choices":[{"not_picked":["Dagger Throw","Predator","Quick Slash"],"picked":"SKIP","floor":1.0},{"not_picked":["Flying Knee","Heel Hook"],"picked":"Footwork","floor":2.0},{"not_picked":["Sucker Punch","Well Laid Plans"],"picked":"Poisoned Stab","floor":6.0},{"not_picked":["Cloak And Dagger","ReplayTheSpireMod:Exploit Weakness"],"picked":"Infinite Blades","floor":10.0},{"not_picked":["Dagger Throw","Outmaneuver","Dagger Spray"],"picked":"SKIP","floor":12.0},{"not_picked":["Unload","ReplayTheSpireMod:Necrosis"],"picked":"Corpse Explosion","floor":16.0},{"not_picked":["Reflex","Dagger Spray","All Out Attack"],"picked":"SKIP","floor":18.0},{"not_picked":["ReplayTheSpireMod:Exploit Weakness","Poisoned Stab"],"picked":"Dodge and Roll","floor":21.0},{"not_picked":["Expertise","Flying Knee"],"picked":"Prepared","floor":23.0},{"not_picked":["Finisher","Terror"],"picked":"Acrobatics+1","floor":24.0},{"not_picked":["Blade Dance","Poisoned Stab"],"picked":"Deflect+1","floor":28},{"not_picked":["Skewer","Dagger Throw"],"picked":"Noxious Fumes","floor":30},{"not_picked":["Doppelganger","Wraith Form v2"],"picked":"ReplayTheSpireMod:From All Sides","floor":33},{"not_picked":["Bane","ReplayTheSpireMod:Speed Training"],"picked":"ReplayTheSpireMod:Shiv Toss","floor":35},{"not_picked":["Predator+1","Replay:Poison Smokescreen+1"],"picked":"Backflip+1","floor":38},{"not_picked":["ReplayTheSpireMod:Speed Training+1","Atom Bomb"],"picked":"Escape Plan+1","floor":40},{"not_picked":["Deadly Poison+1","Dagger Throw"],"picked":"Deflect+1","floor":41},{"not_picked":["Tactician","Concentrate","Quick Slash"],"picked":"SKIP","floor":42},{"not_picked":["Sneak Up","Dagger Throw+1"],"picked":"Hidden Blade","floor":48}],"player_experience":216655,"relics_obtained":[{"floor":4.0,"key":"Ring of Hypnosis"},{"floor":4.0,"key":"ReplayTheSpireMod:Ring of Collecting"},{"floor":6.0,"key":"Whetstone"},{"floor":9.0,"key":"Ring of Fangs"},{"floor":9.0,"key":"Bottled Flame"},{"floor":10.0,"key":"Potion Belt"},{"floor":22.0,"key":"Ring of Fury"},{"floor":22.0,"key":"Regal Pillow"},{"floor":23.0,"key":"Blue Doll"},{"floor":26.0,"key":"ReplayTheSpireMod:Ring of Addiction"},{"floor":26.0,"key":"Tiny Chest"},{"floor":26.0,"key":"Chameleon Ring"},{"floor":26.0,"key":"SacredBark"},{"floor":30,"key":"Ornamental Fan"},{"floor":31,"key":"Necronomicon"},{"floor":36,"key":"ReplayTheSpireMod:Ring of Exchange"},{"floor":36,"key":"Happy Flower"},{"floor":40,"key":"ReplayTheSpireMod:Lightbulb"},{"floor":42,"key":"Pet Ghost"},{"floor":43,"key":"Ring of Peace"},{"floor":43,"key":"Gremlin Food"},{"floor":46,"key":"ReplayTheSpireMod:Ring of Challenge"},{"floor":46,"key":"Quantum Egg"}],"event_choices":[{"damage_healed":0.0,"max_hp_gain":0.0,"max_hp_loss":0.0,"gold_gain":100.0,"event_name":"Golden Shrine","player_choice":"Pray","floor":5.0,"gold_loss":0.0,"damage_taken":0.0},{"damage_healed":0.0,"max_hp_gain":0.0,"max_hp_loss":0.0,"gold_gain":0.0,"event_name":"World of Goop","player_choice":"Left Gold","floor":14.0,"gold_loss":17.0,"damage_taken":0.0},{"damage_healed":0.0,"max_hp_gain":0.0,"max_hp_loss":0.0,"gold_gain":0.0,"event_name":"Drug Dealer","player_choice":"Obtain J.A.X.","floor":20.0,"gold_loss":0.0,"damage_taken":0.0,"cards_obtained":["J.A.X."]},{"damage_healed":0,"gold_gain":0,"player_choice":"Obtained Book","damage_taken":16,"max_hp_gain":0,"max_hp_loss":0,"event_name":"Cursed Tome","floor":31,"gold_loss":0},{"cards_removed":["Deadly Poison"],"damage_healed":0,"gold_gain":0,"player_choice":"Purged","damage_taken":0,"max_hp_gain":0,"max_hp_loss":0,"event_name":"Purifier","floor":37,"gold_loss":0},{"damage_healed":0,"gold_gain":300,"player_choice":"Gold","damage_taken":0,"max_hp_gain":0,"max_hp_loss":0,"event_name":"Wheel of Change","floor":44,"gold_loss":0},{"damage_healed":60,"gold_gain":0,"player_choice":"Heal","damage_taken":0,"max_hp_gain":0,"max_hp_loss":9,"event_name":"The Moai Head","floor":47,"gold_loss":0}],"is_beta":false,"boss_relics":[{"not_picked":["Sozu","Cursed Key"],"picked":"HoveringKite"},{"not_picked":["Tiny House","Runic Dome"],"picked":"Philosopher\u0027s Stone"}],"items_purged_floors":[8,19],"is_endless":false,"potions_floor_spawned":[6,10,16,23,28,30,38,41,42,48],"ascension_level":8}}