{"host":"08xvxt5w1s7zc7e5","time":1613823047,"event":{"mods":["AchievementEnabler","BaseMod","DeckTracker","Minty Spire (QoL Compilation)","Quick Restart","StSLib","SuperFastMode"],"gold_per_floor":[114,127,127,52,52,52,93,93,144,144,165,178,198,218,218,348,348,367,383,169,188,202,202,243,243,243,284,303,303,322,345,345,473,473,497,497,518,543,327,327,371,371,398,423,423,444,465,480,480,480],"floor_reached":51,"language":"KOR","playtime":1442,"items_purged":["Strike_R","Defend_R","Defend_R"],"score":864,"play_id":"0e77d10b-b60c-4875-bffd-4005e48e0539","local_time":"20210220211047","is_ascension_mode":true,"campfire_choices":[{"data":"Anger","floor":6.0,"key":"SMITH"},{"data":"Body Slam","floor":8.0,"key":"SMITH"},{"floor":15.0,"key":"REST"},{"data":"Barricade","floor":23.0,"key":"SMITH"},{"data":"Double Tap","floor":25.0,"key":"SMITH"},{"data":"Entrench","floor":29,"key":"SMITH"},{"floor":32,"key":"REST"},{"data":"Entrench","floor":40,"key":"SMITH"},{"data":"Impervious","floor":49,"key":"SMITH"}],"circlet_count":0,"master_deck":["Strike_R","Defend_R","Defend_R","Bash","Anger+1","Pommel Strike","Body Slam+1","Armaments+1","Hemokinesis","Ghostly Armor","Shrug It Off","Barricade+1","Carnage+1","Double Tap+1","Impervious+1","Battle Trance+1","Fire Breathing+1","Entrench+1","Feel No Pain+1","Entrench+1","Shrug It Off","Corruption","Body Slam","Master of Strategy","Ghostly Armor+1"],"relics":["Burning Blood","Golden Idol","Smiling Mask","Art of War","Dream Catcher","Velvet Choker","Juzu Bracelet","Ancient Tea Set","InkBottle","Sozu","CeramicFish"],"acts_visited":["Exordium","TheCity","TheBeyond"],"potions_floor_usage":[28,30,33],"damage_taken":[{"damage":6.0,"enemies":"Cultist","floor":1.0,"turns":3.0},{"damage":0.0,"enemies":"2 Louse","floor":2.0,"turns":3.0},{"damage":28.0,"enemies":"Gremlin Nob","floor":7.0,"turns":4.0},{"damage":5.0,"enemies":"Small Slimes","floor":11.0,"turns":3.0},{"damage":6.0,"enemies":"Exordium Wildlife","floor":12.0,"turns":4.0},{"damage":3.0,"enemies":"Exordium Thugs","floor":13.0,"turns":3.0},{"damage":8.0,"enemies":"Large Slime","floor":14.0,"turns":2.0},{"damage":37.0,"enemies":"The Guardian","floor":16.0,"turns":14.0},{"damage":21.0,"enemies":"2 Thieves","floor":18.0,"turns":5.0},{"damage":2.0,"enemies":"Chosen","floor":19.0,"turns":3.0},{"damage":0.0,"enemies":"Shelled Parasite and Fungi","floor":21.0,"turns":4.0},{"damage":9.0,"enemies":"Snake Plant","floor":22.0,"turns":6.0},{"damage":22.0,"enemies":"Book of Stabbing","floor":24.0,"turns":7.0},{"damage":22,"enemies":"Slavers","floor":27,"turns":5},{"damage":27,"enemies":"Sentry and Sphere","floor":28,"turns":4},{"damage":9,"enemies":"Shelled Parasite and Fungi","floor":30,"turns":6},{"damage":10,"enemies":"3 Cultists","floor":31,"turns":5},{"damage":0,"enemies":"Champ","floor":33,"turns":6},{"damage":0,"enemies":"3 Shapes","floor":35,"turns":11},{"damage":0,"enemies":"Orb Walker","floor":37,"turns":5},{"damage":27,"enemies":"3 Darklings","floor":38,"turns":13},{"damage":0,"enemies":"Reptomancer","floor":41,"turns":5},{"damage":0,"enemies":"Sphere and 2 Shapes","floor":44,"turns":5},{"damage":27,"enemies":"Jaw Worm Horde","floor":46,"turns":6},{"damage":0,"enemies":"Writhing Mass","floor":47,"turns":7},{"damage":4,"enemies":"Sphere and 2 Shapes","floor":48,"turns":4},{"damage":36,"enemies":"Donu and Deca","floor":50,"turns":10}],"seed_played":"-979395192922650021","potions_obtained":[{"floor":12.0,"key":"Strength Potion"},{"floor":14.0,"key":"Regen Potion"},{"floor":16.0,"key":"Block Potion"},{"floor":22.0,"key":"BlessingOfTheForge"},{"floor":24.0,"key":"Explosive Potion"},{"floor":31,"key":"EssenceOfSteel"}],"is_trial":false,"path_per_floor":["M","M","?","$","?","R","E","R","T","?","M","M","M","M","R","B",null,"M","M","$","M","M","R","E","R","T","E","M","R","M","M","R","B",null,"M","?","M","M","$","R","E","?","T","M","?","M","M","M","R","B",null],"character_chosen":"IRONCLAD","items_purchased":["Impervious","Master of Strategy"],"campfire_rested":2,"item_purchase_floors":[20,39],"current_hp_per_floor":[80,80,60,60,53,53,31,31,31,13,14,14,17,15,39,23,80,65,69,69,75,72,72,56,56,56,40,19,19,16,12,36,42,80,80,76,76,55,55,55,61,61,61,67,67,46,52,54,54,24],"gold":480,"neow_bonus":"TRANSFORM_CARD","is_daily":false,"chose_seed":false,"campfire_upgraded":7,"win_rate":0.0,"timestamp":1613823047,"path_taken":["M","M","?","$","?","R","E","R","T","?","M","M","?","M","R","BOSS","M","M","$","M","M","R","E","R","T","E","M","R","M","M","R","BOSS","M","?","M","M","$","R","E","?","T","M","?","M","M","M","R","BOSS"],"items_purchased_type":["Card","Card"],"build_version":"2020-12-22","purchased_purges":3,"victory":true,"max_hp_per_floor":[80,80,80,80,80,80,80,80,80,80,80,80,80,80,80,80,80,80,80,80,80,80,80,80,80,80,80,80,80,80,80,80,80,80,80,76,76,76,76,76,76,76,76,76,76,76,76,76,76,76],"card_choices":[{"not_picked":["Clothesline","Spot Weakness"],"picked":"Pommel Strike","floor":1.0},{"not_picked":["Twin Strike","Wild Strike","Havoc"],"picked":"SKIP","floor":2.0},{"not_picked":["Twin Strike","Headbutt"],"picked":"Body Slam","floor":7.0},{"not_picked":["Heavy Blade","Pommel Strike"],"picked":"Armaments","floor":11.0},{"not_picked":["Thunderclap","Perfected Strike"],"picked":"Hemokinesis","floor":12.0},{"not_picked":["Armaments","Headbutt","Clash"],"picked":"SKIP","floor":13.0},{"not_picked":["True Grit","Body Slam"],"picked":"Ghostly Armor","floor":14.0},{"not_picked":["Armaments","Perfected Strike"],"picked":"Shrug It Off","floor":15.0},{"not_picked":["Fiend Fire","Berserk"],"picked":"Barricade","floor":16.0},{"not_picked":["Wild Strike","Rampage"],"picked":"Carnage+1","floor":18.0},{"not_picked":["Shrug It Off","Anger"],"picked":"Double Tap","floor":19.0},{"not_picked":["Rupture","Warcry"],"picked":"Battle Trance+1","floor":21.0},{"not_picked":["Infernal Blade","Cleave","Sever Soul"],"picked":"SKIP","floor":22.0},{"not_picked":["Battle Trance","Barricade"],"picked":"Fire Breathing+1","floor":24.0},{"not_picked":["Carnage","Combust"],"picked":"Entrench","floor":27},{"not_picked":["Clash+1","Cleave+1"],"picked":"Feel No Pain+1","floor":28},{"not_picked":["Wild Strike","Spot Weakness+1"],"picked":"Entrench","floor":30},{"not_picked":["Uppercut","Double Tap"],"picked":"Shrug It Off","floor":31},{"not_picked":["Bludgeon","Double Tap"],"picked":"Corruption","floor":33},{"not_picked":["Pommel Strike","Heavy Blade+1","Iron Wave+1"],"picked":"SKIP","floor":35},{"not_picked":["Havoc","Sentinel"],"picked":"Body Slam","floor":37},{"not_picked":["Wild Strike+1","Anger","Feel No Pain+1"],"picked":"SKIP","floor":38},{"not_picked":["Spot Weakness","Double Tap","Reaper"],"picked":"SKIP","floor":41},{"not_picked":["Shrug It Off","Havoc+1"],"picked":"Ghostly Armor+1","floor":44},{"not_picked":["Twin Strike","Body Slam","Feel No Pain+1"],"picked":"SKIP","floor":46},{"not_picked":["Fire Breathing+1","Clash","Warcry+1"],"picked":"SKIP","floor":47},{"not_picked":["Anger+1","Dropkick","Twin Strike+1"],"picked":"SKIP","floor":48}],"player_experience":411512,"relics_obtained":[{"floor":7.0,"key":"Smiling Mask"},{"floor":9.0,"key":"Art of War"},{"floor":24.0,"key":"Juzu Bracelet"},{"floor":26.0,"key":"Ancient Tea Set"},{"floor":27,"key":"InkBottle"},{"floor":41,"key":"CeramicFish"}],"event_choices":[{"damage_healed":0.0,"max_hp_gain":0.0,"max_hp_loss":0.0,"gold_gain":0.0,"event_name":"Golden Idol","player_choice":"Take Damage","floor":3.0,"gold_loss":0.0,"damage_taken":20.0,"relics_obtained":["Golden Idol"]},{"cards_removed":["Strike_R"],"damage_healed":0.0,"max_hp_gain":0.0,"max_hp_loss":0.0,"gold_gain":0.0,"event_name":"Golden Wing","player_choice":"Card Removal","floor":5.0,"gold_loss":0.0,"damage_taken":7.0},{"damage_healed":0.0,"max_hp_gain":0.0,"max_hp_loss":0.0,"gold_gain":0.0,"event_name":"Scrap Ooze","player_choice":"Success","floor":10.0,"gold_loss":0.0,"damage_taken":18.0,"relics_obtained":["Dream Catcher"]},{"damage_healed":0,"gold_gain":0,"player_choice":"Max HP","damage_taken":0,"max_hp_gain":0,"max_hp_loss":4,"event_name":"Winding Halls","floor":36,"gold_loss":0},{"damage_healed":0,"gold_gain":0,"player_choice":"Forge","damage_taken":0,"max_hp_gain":0,"max_hp_loss":0,"event_name":"Accursed Blacksmith","floor":42,"gold_loss":0,"cards_upgraded":["Armaments"]},{"cards_removed":["Strike_R"],"damage_healed":0,"gold_gain":0,"player_choice":"Card Removal","damage_taken":0,"max_hp_gain":0,"max_hp_loss":0,"event_name":"Wheel of Change","floor":45,"gold_loss":0}],"is_beta":false,"boss_relics":[{"not_picked":["Astrolabe","Busted Crown"],"picked":"Velvet Choker"},{"not_picked":["SacredBark","Black Star"],"picked":"Sozu"}],"items_purged_floors":[4,20,39],"is_endless":false,"potions_floor_spawned":[12,14,16,22,24,27,31,37,38,44,46,47],"ascension_level":1}}