{"host":"i0avyit1s6jb1siw","time":1613858810,"event":{"mods":["BaseMod","DeckTracker","Dota2Spire","Minty Spire (QoL Compilation)","Quick Restart","StSLib","SuperFastMode"],"gold_per_floor":[114,164,177,192,192,192,223,238,261,273,311,323,355,385,397,421,433,521,533,545,633,645,673,610,610,610,257,277,304,304,304,379,404,434,444,457,488,488,488,488,559,559,576,621,452,468,468,500,500,527,539,611,624,638,670,456,456,225,252,252,252,252,252,252,252,1,31,31],"floor_reached":69,"language":"ENG","playtime":1402,"items_purged":["Strike_P","Defend_P","Defend_P","Protect","SandsOfTime+1"],"score":4179,"play_id":"85b34aa2-9820-4727-a4b0-a4aba0ff894e","local_time":"20210220230650","is_ascension_mode":true,"campfire_choices":[{"data":"SandsOfTime","floor":6,"key":"SMITH"},{"data":"Vault","floor":12,"key":"SMITH"},{"data":"CrushJoints","floor":15,"key":"SMITH"},{"data":"TalkToTheHand","floor":17,"key":"SMITH"},{"data":"Ragnarok","floor":20,"key":"SMITH"},{"data":"TalkToTheHand","floor":31,"key":"SMITH"},{"data":"Tantrum","floor":38,"key":"SMITH"},{"data":"Wallop","floor":40,"key":"SMITH"},{"floor":49,"key":"RECALL"},{"data":"MentalFortress","floor":57,"key":"SMITH"},{"data":"Fasting2","floor":60,"key":"SMITH"},{"data":"Scrawl","floor":61,"key":"SMITH"},{"data":"Vault","floor":65,"key":"SMITH"}],"circlet_count":0,"master_deck":["AscendersBane","Eruption+1","Vigilance","FlurryOfBlows","EmptyFist","TalkToTheHand+1","Vault+1","CrushJoints+1","TalkToTheHand+1","Ragnarok+1","FearNoEvil","Wallop+1","WheelKick+1","Tantrum+1","Vault+1","CurseOfTheBell","MentalFortress+1","Scrawl+1","Fasting2+1"],"relics":["Runic Dome","Ancient Tea Set","MawBank","Orichalcum","Empty Cage","Dota2Spire:Bloodstone","Membership Card","TeardropLocket","Pear","Question Card","PreservedInsect","Dota2Spire:EchoSabre","Singing Bowl","Calling Bell","Juzu Bracelet","StrikeDummy","Gambling Chip","Lee\u0027s Waffle","Bag of Preparation","Akabeko","Bottled Tornado","Toy Ornithopter","Shuriken","Pantograph","Oddly Smooth Stone","Dota2Spire:Desolator","Lantern","Strawberry","Dota2Spire:BladeMail"],"acts_visited":["Exordium","TheCity","TheBeyond","TheEnding"],"potions_floor_usage":[68],"damage_taken":[{"damage":0,"enemies":"Jaw Worm","floor":1,"turns":4},{"damage":0,"enemies":"Cultist","floor":3,"turns":4},{"damage":0,"enemies":"Small Slimes","floor":4,"turns":2},{"damage":0,"enemies":"Lagavulin","floor":7,"turns":4},{"damage":12,"enemies":"Gremlin Gang","floor":8,"turns":3},{"damage":8,"enemies":"Gremlin Nob","floor":11,"turns":3},{"damage":0,"enemies":"Large Slime","floor":13,"turns":3},{"damage":0,"enemies":"2 Fungi Beasts","floor":14,"turns":3},{"damage":0,"enemies":"Red Slaver","floor":16,"turns":2},{"damage":11,"enemies":"Hexaghost","floor":18,"turns":7},{"damage":4,"enemies":"Hexaghost","floor":21,"turns":6},{"damage":7,"enemies":"Chosen","floor":23,"turns":4},{"damage":10,"enemies":"2 Thieves","floor":28,"turns":3},{"damage":8,"enemies":"Slavers","floor":29,"turns":4},{"damage":0,"enemies":"Gremlin Leader","floor":34,"turns":2},{"damage":0,"enemies":"Snake Plant","floor":35,"turns":3},{"damage":0,"enemies":"Cultist and Chosen","floor":36,"turns":3},{"damage":0,"enemies":"Slavers","floor":37,"turns":2},{"damage":0,"enemies":"Collector","floor":41,"turns":6},{"damage":0,"enemies":"3 Shapes","floor":43,"turns":3},{"damage":0,"enemies":"2 Orb Walkers","floor":44,"turns":4},{"damage":0,"enemies":"Orb Walker","floor":46,"turns":3},{"damage":0,"enemies":"Giant Head","floor":48,"turns":4},{"damage":0,"enemies":"Nemesis","floor":50,"turns":1},{"damage":0,"enemies":"Sphere and 2 Shapes","floor":51,"turns":2},{"damage":9,"enemies":"4 Shapes","floor":53,"turns":5},{"damage":0,"enemies":"Maw","floor":54,"turns":5},{"damage":2,"enemies":"Giant Head","floor":55,"turns":4},{"damage":0,"enemies":"Nemesis","floor":59,"turns":1},{"damage":5,"enemies":"Time Eater","floor":62,"turns":4},{"damage":42,"enemies":"Awakened One","floor":63,"turns":6},{"damage":0,"enemies":"Shield and Spear","floor":67,"turns":2},{"damage":9,"enemies":"The Heart","floor":68,"turns":9}],"seed_played":"-6501005318433298195","potions_obtained":[{"floor":1,"key":"Dota2Spire:Clarity"},{"floor":4,"key":"Block Potion"},{"floor":8,"key":"LiquidMemories"},{"floor":29,"key":"StancePotion"}],"is_trial":false,"path_per_floor":["M","?","M","M","?","R","E","M","T","T","E","R","M","M","R","M","R","B",null,"R","B",null,"M","$","?","?","$","M","E","?","R","T","T","E","M","M","E","R","?","R","B",null,"M","?","$","M","?","E","R","E","M","T","M","M","E","$","R","$","E","R","R","B","B",null,"R","$","E","B",null],"character_chosen":"WATCHER","items_purchased":["Membership Card","TeardropLocket","MentalFortress","Lee\u0027s Waffle","Shuriken","Pantograph","Oddly Smooth Stone","Lantern","Strawberry"],"campfire_rested":0,"item_purchase_floors":[27,27,45,45,56,58,58,66,66],"current_hp_per_floor":[61,61,61,61,61,61,61,49,49,49,41,41,41,41,41,41,41,30,30,30,26,58,51,51,51,68,68,58,60,60,60,60,60,60,60,60,62,62,62,62,62,76,78,80,91,93,93,95,95,95,95,95,88,90,90,90,90,90,92,92,92,98,61,93,93,100,102,108],"gold":31,"neow_bonus":"BOSS_RELIC","is_daily":false,"chose_seed":false,"campfire_upgraded":12,"win_rate":0.0,"timestamp":1613858810,"path_taken":["M","?","M","?","?","R","E","?","T","T","E","R","M","?","R","M","R","BOSS","R","BOSS","M","$","?","?","$","?","E","?","R","T","T","E","M","M","E","R","?","R","BOSS","M","?","$","M","?","E","R","E","M","T","M","M","E","?","R","$","E","R","R","BOSS","BOSS","R","$","E","BOSS"],"items_purchased_type":["Relic","Relic","Card","Relic","Relic","Relic","Relic","Relic","Relic"],"build_version":"2020-12-22","purchased_purges":5,"victory":true,"max_hp_per_floor":[68,68,68,68,68,68,68,68,68,68,68,68,68,68,68,68,68,68,68,68,68,68,68,68,68,68,68,68,78,78,78,78,78,78,78,78,80,80,80,80,80,80,82,84,91,93,93,95,95,95,95,95,97,99,101,101,101,101,103,103,103,103,103,103,103,110,112,112],"card_choices":[{"not_picked":["InnerPeace","Adaptation"],"picked":"SandsOfTime","floor":1},{"not_picked":["JustLucky","Perseverance"],"picked":"FlurryOfBlows","floor":3},{"not_picked":["Worship","FlurryOfBlows"],"picked":"CarveReality","floor":4},{"not_picked":["Study","SignatureMove"],"picked":"EmptyFist","floor":7},{"not_picked":["Crescendo","EmptyBody"],"picked":"TalkToTheHand","floor":8},{"not_picked":["WaveOfTheHand","DevaForm"],"picked":"Vault","floor":11},{"not_picked":["FollowUp","EmptyFist"],"picked":"CrushJoints","floor":13},{"not_picked":["ClearTheMind","WaveOfTheHand"],"picked":"TalkToTheHand","floor":14},{"not_picked":["Nirvana","FlurryOfBlows","CarveReality"],"picked":"SKIP","floor":16},{"not_picked":["Brilliance","DeusExMachina"],"picked":"Ragnarok","floor":18},{"not_picked":["ConjureBlade","MasterReality"],"picked":"SpiritShield","floor":21},{"not_picked":["EmptyFist","Halt"],"picked":"Protect","floor":23},{"not_picked":["Prostrate","Halt+1"],"picked":"WheelKick+1","floor":28},{"not_picked":["Pray","Evaluate","JustLucky"],"picked":"SKIP","floor":29},{"not_picked":["ForeignInfluence","PathToVictory","ReachHeaven","DeceiveReality"],"picked":"SKIP","floor":34},{"not_picked":["ReachHeaven","FlyingSleeves","Collect","ThirdEye"],"picked":"SKIP","floor":35},{"not_picked":["Wireheading+1","PathToVictory","JustLucky"],"picked":"Tantrum","floor":36},{"not_picked":["Crescendo","ThirdEye","JustLucky","FollowUp"],"picked":"Singing Bowl","floor":37},{"not_picked":["Judgement","Omniscience","Alpha"],"picked":"Vault","floor":41},{"not_picked":["EmptyFist","Evaluate","ThirdEye","CrushJoints+1"],"picked":"Singing Bowl","floor":43},{"not_picked":["ReachHeaven","WindmillStrike","Wallop","WheelKick"],"picked":"Singing Bowl","floor":44},{"not_picked":["Prostrate+1","PathToVictory","ClearTheMind","Indignation"],"picked":"Singing Bowl","floor":46},{"not_picked":["EmptyFist","Evaluate+1","Protect","CutThroughFate"],"picked":"Singing Bowl","floor":48},{"not_picked":["Halt","JustLucky","WindmillStrike"],"picked":"Scrawl","floor":50},{"not_picked":["BowlingBash+1","Evaluate+1","Meditate"],"picked":"Fasting2","floor":51},{"not_picked":["BowlingBash","FlurryOfBlows","Weave","Sanctity"],"picked":"Singing Bowl","floor":53},{"not_picked":["Crescendo+1","ClearTheMind","SashWhip","JustLucky"],"picked":"Singing Bowl","floor":54},{"not_picked":["Vault","Sanctity+1","BowlingBash","Scrawl"],"picked":"Singing Bowl","floor":55},{"not_picked":["EmptyMind","CutThroughFate","EmptyBody","Collect"],"picked":"Singing Bowl","floor":59},{"not_picked":["FlurryOfBlows+1","PathToVictory+1","WindmillStrike","JustLucky"],"picked":"Singing Bowl","floor":67}],"player_experience":2480429,"relics_obtained":[{"floor":7,"key":"Ancient Tea Set"},{"floor":9,"key":"MawBank"},{"floor":11,"key":"Orichalcum"},{"floor":29,"key":"Pear"},{"floor":32,"key":"Question Card"},{"floor":33,"key":"PreservedInsect"},{"floor":34,"key":"Dota2Spire:EchoSabre"},{"floor":37,"key":"Singing Bowl"},{"floor":42,"key":"Juzu Bracelet"},{"floor":42,"key":"StrikeDummy"},{"floor":44,"key":"Gambling Chip"},{"floor":48,"key":"Bag of Preparation"},{"floor":50,"key":"Akabeko"},{"floor":52,"key":"Bottled Tornado"},{"floor":55,"key":"Toy Ornithopter"},{"floor":59,"key":"Dota2Spire:Desolator"},{"floor":67,"key":"Dota2Spire:BladeMail"}],"event_choices":[{"damage_healed":0,"gold_gain":50,"player_choice":"Pray","damage_taken":0,"max_hp_gain":0,"max_hp_loss":0,"event_name":"Golden Shrine","floor":2,"gold_loss":0},{"damage_healed":0,"gold_gain":0,"player_choice":"Forge","damage_taken":0,"max_hp_gain":0,"max_hp_loss":0,"event_name":"Accursed Blacksmith","floor":5,"gold_loss":0,"cards_upgraded":["Eruption"]},{"damage_healed":0,"gold_gain":0,"cards_transformed":["Strike_P","Defend_P"],"player_choice":"Became Test Subject","damage_taken":0,"max_hp_gain":0,"max_hp_loss":0,"event_name":"Drug Dealer","floor":25,"gold_loss":0,"cards_obtained":["FearNoEvil","Wallop"]},{"cards_removed":["CarveReality"],"damage_healed":17,"gold_gain":0,"player_choice":"Offered Uncommon","damage_taken":0,"max_hp_gain":0,"max_hp_loss":0,"event_name":"Bonfire Elementals","floor":26,"gold_loss":0},{"cards_removed":["Defend_P"],"damage_healed":0,"gold_gain":0,"player_choice":"Elegance","damage_taken":0,"max_hp_gain":0,"max_hp_loss":0,"event_name":"Back to Basics","floor":30,"gold_loss":0},{"damage_healed":0,"gold_gain":0,"player_choice":"Ignored","damage_taken":0,"max_hp_gain":0,"max_hp_loss":0,"event_name":"Vampires","floor":39,"gold_loss":0},{"damage_healed":0,"gold_gain":0,"player_choice":"Fight","damage_taken":0,"max_hp_gain":0,"max_hp_loss":0,"event_name":"Mysterious Sphere","floor":44,"gold_loss":0},{"cards_removed":["SpiritShield"],"damage_healed":0,"gold_gain":0,"player_choice":"Removed Skill","damage_taken":0,"max_hp_gain":0,"max_hp_loss":0,"event_name":"Falling","floor":47,"gold_loss":0}],"is_beta":false,"boss_relics":[{"not_picked":["Philosopher\u0027s Stone","Cursed Key"],"picked":"Empty Cage"},{"not_picked":["Pandora\u0027s Box","SacredBark"],"picked":"Dota2Spire:Bloodstone"},{"not_picked":["Dota2Spire:RefresherOrb","Coffee Dripper"],"picked":"Calling Bell"}],"items_purged_floors":[24,27,45,56,66],"is_endless":false,"potions_floor_spawned":[1,4,8,16,21,29,34,43,46,51,59,67],"ascension_level":20}}