{"host":"wrdw6zkxuilnr6rg","time":1613790619,"event":{"mods":["BaseMod","Colored Powertips","Minty Spire (QoL Compilation)","Relic Stats","StSLib"],"gold_per_floor":[110,54,129,43,43,43,70,70,70,101,101,101,118,137,137,137,137],"floor_reached":16,"language":"ENG","playtime":222,"items_purged":[],"score":312,"play_id":"605964a8-0470-4a62-b664-a6b29e2620c2","local_time":"20210220061019","is_ascension_mode":true,"campfire_choices":[{"data":"Defragment","floor":6,"key":"SMITH"},{"data":"Zap","floor":8,"key":"SMITH"},{"data":"Dualcast","floor":12,"key":"SMITH"},{"data":"Redo","floor":15,"key":"SMITH"}],"circlet_count":0,"master_deck":["AscendersBane","Strike_B","Strike_B","Strike_B","Defend_B","Defend_B","Defend_B","Zap+1","Dualcast+1","Rebound","Ball Lightning","Defragment+1","Seek","Rebound","Redo+1","Go for the Eyes"],"relics":["Cracked Core","NeowsBlessing","Potion Belt","Matryoshka","Art of War"],"acts_visited":["Exordium"],"potions_floor_usage":[],"damage_taken":[{"damage":0,"enemies":"Jaw Worm","floor":1,"turns":1},{"damage":0,"enemies":"Gremlin Nob","floor":7,"turns":1},{"damage":0,"enemies":"Lagavulin","floor":10,"turns":1},{"damage":8,"enemies":"2 Louse","floor":13,"turns":2},{"damage":7,"enemies":"Small Slimes","floor":14,"turns":2},{"damage":34,"enemies":"Hexaghost","floor":16,"turns":5}],"seed_played":"4027292670150159506","potions_obtained":[{"floor":7,"key":"LiquidMemories"},{"floor":14,"key":"Fire Potion"}],"is_trial":false,"path_per_floor":["M","$","?","$","?","R","E","R","T","E","?","R","M","M","R","B"],"character_chosen":"DEFECT","items_purchased":["Ball Lightning","Defragment"],"campfire_rested":0,"item_purchase_floors":[2,4],"current_hp_per_floor":[64,64,53,53,46,46,46,46,46,46,46,46,38,31,31,0,0],"gold":137,"neow_bonus":"THREE_ENEMY_KILL","is_daily":false,"chose_seed":false,"campfire_upgraded":4,"win_rate":0.0,"timestamp":1613790619,"path_taken":["M","$","?","$","?","R","E","R","T","E","?","R","M","M","R","BOSS"],"items_purchased_type":["Card","Card"],"build_version":"2020-12-22","purchased_purges":0,"victory":false,"max_hp_per_floor":[71,71,71,71,71,71,71,71,71,71,71,71,71,71,71,71,71],"relic_stats":{"counters":[6,12],"Art of War":[0],"obtain_stats":[{"Potion Belt":7,"Matryoshka":9,"NeowsBlessing":0,"Art of War":10,"Cracked Core":0},{"Potion Belt":2,"Matryoshka":2,"NeowsBlessing":0,"Art of War":3,"Cracked Core":0},{"Potion Belt":2,"Matryoshka":2,"NeowsBlessing":0,"Art of War":3,"Cracked Core":0}]},"card_choices":[{"not_picked":["Compile Driver","Conserve Battery"],"picked":"Rebound","floor":1},{"not_picked":["Streamline","Scrape"],"picked":"Seek","floor":7},{"not_picked":["Undo","Hologram"],"picked":"Redo","floor":13},{"not_picked":["Coolheaded","Stack"],"picked":"Go for the Eyes","floor":14}],"player_experience":1466414,"relics_obtained":[{"floor":7,"key":"Potion Belt"},{"floor":9,"key":"Matryoshka"},{"floor":10,"key":"Art of War"}],"event_choices":[{"damage_healed":0,"gold_gain":75,"player_choice":"Gather Gold","damage_taken":11,"max_hp_gain":0,"max_hp_loss":0,"event_name":"World of Goop","floor":3,"gold_loss":0},{"cards_removed":["Strike_B"],"damage_healed":0,"gold_gain":0,"player_choice":"Card Removal","damage_taken":7,"max_hp_gain":0,"max_hp_loss":0,"event_name":"Golden Wing","floor":5,"gold_loss":0},{"damage_healed":0,"gold_gain":0,"cards_transformed":["Defend_B"],"player_choice":"Change","damage_taken":0,"max_hp_gain":0,"max_hp_loss":0,"event_name":"Living Wall","floor":11,"gold_loss":0,"cards_obtained":["Rebound"]}],"is_beta":false,"boss_relics":[],"items_purged_floors":[],"is_endless":false,"potions_floor_spawned":[7,14],"killed_by":"Hexaghost","ascension_level":20}}