{"host":"13crfpsgpirtz3r4","time":1613824771,"event":{"mods":["Act Like it!","Ascension Reborn","Aspiration","BaseMod","BetterRewards","CapriCore","Clockwork Mod","Colored Powertips","Downfall","Friendly Minions","Gold Saver","GungeonMod","Hermit","Highlight Path","Hubris","Jorbs\u0027s Wanderer Trilogy","Minty Spire (QoL Compilation)","Rare Cards Sparkle","Replay The Spire","Shade Mod","Shop Mod","StSLib","The Animator","The Bug Knight","The Construct","The Cursed","The Disciple","The Forsaken","The Hierophant","The Immortal","The Necromancer","The Runesmith","TheBandit","Wandering Minibosses","everything is the same but u backflip on backflip","slay the spire mod where everything is the same but ironclad has a cowboy hat"],"gold_per_floor":[118,137,148,161,171,171,57,57,133,167,167,167,167,177,177,278,278,267,8,22,38,55,55,80,112,124,148,177,199,226,249,261,375,387,413,439,467,579,607,649,673,698,710,722,447,459,509,528,528,528],"floor_reached":51,"language":"ENG","playtime":10136,"items_purged":["Writhe"],"score":788,"play_id":"c9b55716-dad4-4c3f-9f9a-34daee2cfc8f","local_time":"20210220043931","is_ascension_mode":true,"campfire_choices":[{"floor":6,"key":"REST"},{"floor":8,"key":"RECALL"},{"data":"theForsaken:SacredOath","floor":15,"key":"SMITH"},{"floor":23,"key":"REST"},{"data":"Apotheosis","floor":32,"key":"SMITH"}],"circlet_count":0,"master_deck":["theForsaken:TheForsaken_Strike+1","theForsaken:TheForsaken_Strike","theForsaken:TheForsaken_Strike","theForsaken:TheForsaken_Strike","theForsaken:TheForsaken_Defend","theForsaken:TheForsaken_Defend","theForsaken:TheForsaken_Defend","theForsaken:TheForsaken_Defend","theForsaken:Smite","theForsaken:Penitence","theForsaken:QuickAttack","theForsaken:ShieldBash","theForsaken:QuickAttack","theForsaken:SpinAttack","theForsaken:Devotion","theForsaken:Parry","theForsaken:DefensiveStance","theForsaken:Parry","theForsaken:SacredOath+1","theForsaken:Prudence","theForsaken:QuickAttack","Apotheosis+1","theForsaken:MagicWeapon","theForsaken:RainingSunlight","theForsaken:PowerUp+1","theForsaken:DarkBargain+1","theForsaken:StoreUp","theForsaken:WardingHymn+1","theForsaken:InspiringBlow+1","wanderingMiniBosses:FinaleOfPromise","theForsaken:QuickAttack","theForsaken:QuickAttack","theForsaken:InspiringBlow","theForsaken:WordsOfMight","theForsaken:Prudence","theForsaken:QuickAttack+1","theForsaken:BattleHymn+1","theForsaken:WordsOfMight","theForsaken:ShieldBash","theForsaken:SacredOath","theForsaken:RainingSunlight+1","theForsaken:RainingSunlight+1","theForsaken:WordsOfMight","theForsaken:FatRoll","Replay:Bootleg Shield Generator","theForsaken:WordsOfMight+1","theForsaken:PowerUp+1","theForsaken:Preservation+1"],"relics":["theForsaken:JudgementScales","DemoMod:GundromedaStrain","theForsaken:ScaryMask","Letter Opener","Runic Pyramid","MawBank","HollowMod:LifeEnderRelic","wanderingMiniBosses:Blackblade","theForsaken:ArmorOfThorns","DemoMod:WhiteGuonStone","DemoMod:BigBoy","DemoMod:ResourcefulSack","hubris:Icosahedron"],"acts_visited":["Exordium","TheCity","TheBeyond"],"potions_floor_usage":[10,22,24,50,50],"damage_taken":[{"damage":2,"enemies":"Small Slimes","floor":1,"turns":6},{"damage":1,"enemies":"Jaw Worm","floor":2,"turns":6},{"damage":9,"enemies":"Cultist","floor":3,"turns":9},{"damage":10,"enemies":"Gremlin Gang","floor":4,"turns":6},{"damage":17,"enemies":"Exordium Thugs","floor":5,"turns":5},{"damage":14,"enemies":"Gremlin Nob","floor":10,"turns":5},{"damage":0,"enemies":"3 Louse","floor":14,"turns":4},{"damage":26,"enemies":"Hexaghost","floor":16,"turns":9},{"damage":12,"enemies":"2 Thieves","floor":18,"turns":4},{"damage":2,"enemies":"Chosen","floor":20,"turns":5},{"damage":13,"enemies":"Snecko","floor":21,"turns":11},{"damage":0,"enemies":"Sentry and Sphere","floor":22,"turns":7},{"damage":25,"enemies":"Gremlin Leader","floor":24,"turns":7},{"damage":9,"enemies":"Cultist and Chosen","floor":25,"turns":22},{"damage":0,"enemies":"Centurion and Healer","floor":27,"turns":7},{"damage":0,"enemies":"Snake Plant","floor":28,"turns":7},{"damage":19,"enemies":"Shelled Parasite and Fungi","floor":29,"turns":5},{"damage":4,"enemies":"Snecko","floor":30,"turns":4},{"damage":0,"enemies":"Centurion and Healer","floor":31,"turns":4},{"damage":2,"enemies":"Automaton","floor":33,"turns":8},{"damage":1,"enemies":"3 Darklings","floor":35,"turns":2},{"damage":0,"enemies":"Orb Walker","floor":36,"turns":1},{"damage":12,"enemies":"Sphere and 2 Shapes","floor":37,"turns":4},{"damage":22,"enemies":"4 Shapes","floor":39,"turns":3},{"damage":15,"enemies":"Reptomancer","floor":40,"turns":6},{"damage":7,"enemies":"Writhing Mass","floor":41,"turns":4},{"damage":0,"enemies":"Maw","floor":42,"turns":6},{"damage":0,"enemies":"Transient","floor":46,"turns":5},{"damage":0,"enemies":"Mind Bloom Boss Battle","floor":47,"turns":5},{"damage":0,"enemies":"3 Darklings","floor":48,"turns":1},{"damage":45,"enemies":"Awakened One","floor":50,"turns":10}],"seed_played":"-6103591387609962566","potions_obtained":[{"floor":5,"key":"ColorlessPotion"},{"floor":10,"key":"champ:CounterPotion"},{"floor":16,"key":"ColorlessPotion"},{"floor":22,"key":"DuplicationPotion"},{"floor":25,"key":"Strength Potion"},{"floor":31,"key":"SpeedPotion"}],"is_trial":false,"path_per_floor":["M","M","M","M","M","R","$","R","T","E","?","?","T","M","R","B",null,"M","$","M","M","M","R","E","M","T","M","M","M","M","M","R","B",null,"M","M","M","?","M","E","M","M","T","?","$","M","?","M","R","B",null],"character_chosen":"THE_FORSAKEN","items_purchased":["theForsaken:Parry","theForsaken:DefensiveStance","Apotheosis","theForsaken:MagicWeapon","theForsaken:WordsOfMight","theForsaken:FatRoll","Replay:Bootleg Shield Generator"],"campfire_rested":2,"item_purchase_floors":[7,7,19,19,45,45,45],"current_hp_per_floor":[71,71,63,58,44,65,65,65,65,56,56,44,44,47,47,24,71,62,62,60,53,53,71,49,46,46,52,58,39,38,38,38,39,71,70,70,58,58,36,23,19,25,25,43,43,43,46,46,46,20],"gold":528,"neow_bonus":"TEN_PERCENT_HP_BONUS","is_daily":false,"chose_seed":false,"campfire_upgraded":2,"win_rate":0.0,"timestamp":1613824771,"path_taken":["M","M","M","M","M","R","$","R","T","E","?","?","?","M","R","BOSS","M","$","M","M","M","R","E","M","T","M","M","M","M","M","R","BOSS","M","M","M","?","?","E","M","M","T","?","$","M","?","M","R","BOSS"],"items_purchased_type":["Card","Card","Card","Card","Card","Card","Card"],"build_version":"2020-12-22","purchased_purges":1,"victory":true,"max_hp_per_floor":[71,71,71,71,71,71,71,71,71,71,71,71,71,71,71,71,71,71,71,71,71,71,71,71,71,71,71,71,71,71,71,71,71,71,71,71,71,71,71,71,71,71,71,71,71,71,71,71,71,71],"card_choices":[{"not_picked":["theForsaken:ShieldBash","theForsaken:PreciseStrike"],"picked":"theForsaken:QuickAttack","floor":1},{"not_picked":["theForsaken:StoreUp","theForsaken:HymnOfPatience"],"picked":"theForsaken:ShieldBash","floor":2},{"not_picked":["theForsaken:CowardsBrand","theForsaken:CleansingLight"],"picked":"theForsaken:QuickAttack","floor":3},{"not_picked":["theForsaken:Backlash","theForsaken:CorruptedWord"],"picked":"theForsaken:SpinAttack","floor":4},{"not_picked":["theForsaken:Enfeeble","theForsaken:ShieldCharge"],"picked":"theForsaken:Devotion","floor":5},{"not_picked":["theForsaken:PowerUp","theForsaken:AncientWords"],"picked":"theForsaken:Parry","floor":10},{"not_picked":["theForsaken:PowerUp","theForsaken:BattleHymn"],"picked":"theForsaken:SacredOath","floor":14},{"not_picked":["theForsaken:Confusion","theForsaken:TearsOfSunlight"],"picked":"theForsaken:Prudence","floor":16},{"not_picked":["theForsaken:NobleSacrifice","theForsaken:Terrorize+1"],"picked":"theForsaken:QuickAttack","floor":18},{"not_picked":["theForsaken:WrathOfGod","theForsaken:BlindFaith"],"picked":"theForsaken:RainingSunlight","floor":20},{"not_picked":["theForsaken:HymnOfPatience","theForsaken:RainingSunlight"],"picked":"theForsaken:PowerUp+1","floor":21},{"not_picked":["theForsaken:Eulogy","theForsaken:PreciseStrike"],"picked":"theForsaken:DarkBargain+1","floor":22},{"not_picked":["theForsaken:SpinAttack","theForsaken:Thunderbolt"],"picked":"theForsaken:StoreUp","floor":24},{"not_picked":["theForsaken:Eulogy","theForsaken:Terrorize"],"picked":"theForsaken:WardingHymn+1","floor":25},{"not_picked":["theForsaken:Horror","theForsaken:FatRoll"],"picked":"theForsaken:InspiringBlow+1","floor":27},{"not_picked":[],"picked":"wanderingMiniBosses:FinaleOfPromise","floor":28},{"not_picked":["theForsaken:Parry","theForsaken:PanicDive"],"picked":"theForsaken:QuickAttack","floor":28},{"not_picked":["theForsaken:FatRoll","theForsaken:ShieldCharge"],"picked":"theForsaken:QuickAttack","floor":29},{"not_picked":["theForsaken:Horror","theForsaken:HorrifyingStrike+1"],"picked":"theForsaken:InspiringBlow","floor":30},{"not_picked":["theForsaken:PowerUp","theForsaken:Eulogy"],"picked":"theForsaken:WordsOfMight","floor":31},{"not_picked":["theForsaken:DesperatePlea","theForsaken:SacredOath"],"picked":"theForsaken:Prudence","floor":33},{"not_picked":["theForsaken:HorrifyingStrike+1","theForsaken:Riposte+1"],"picked":"theForsaken:QuickAttack+1","floor":35},{"not_picked":["theForsaken:CreepingInfection+1","theForsaken:BountifulSunlight+1"],"picked":"theForsaken:BattleHymn+1","floor":36},{"not_picked":["theForsaken:ChargeAttack","theForsaken:LightRoll"],"picked":"theForsaken:WordsOfMight","floor":37},{"not_picked":["theForsaken:InspiringBlow","theForsaken:DarkBarrier"],"picked":"theForsaken:ShieldBash","floor":39},{"not_picked":["theForsaken:HymnOfPatience+1","theForsaken:Enfeeble+1"],"picked":"theForsaken:SacredOath","floor":40},{"not_picked":["theForsaken:ChargeAttack+1","theForsaken:Preservation"],"picked":"theForsaken:RainingSunlight+1","floor":41},{"not_picked":["theForsaken:Thunderbolt+1","theForsaken:Eulogy"],"picked":"theForsaken:RainingSunlight+1","floor":42},{"not_picked":["theForsaken:CowardsBrand+1","theForsaken:HymnOfPatience"],"picked":"theForsaken:WordsOfMight+1","floor":46},{"not_picked":["theForsaken:CorruptDeck","theForsaken:BottledPlague+1"],"picked":"theForsaken:PowerUp+1","floor":47},{"not_picked":["theForsaken:CreepingInfection+1","theForsaken:Temperance"],"picked":"theForsaken:Preservation+1","floor":48}],"player_experience":159746,"relics_obtained":[{"floor":10,"key":"DemoMod:GundromedaStrain"},{"floor":13,"key":"Letter Opener"},{"floor":24,"key":"MawBank"},{"floor":26,"key":"HollowMod:LifeEnderRelic"},{"floor":28,"key":"wanderingMiniBosses:Blackblade"},{"floor":40,"key":"DemoMod:WhiteGuonStone"},{"floor":43,"key":"DemoMod:BigBoy"},{"floor":47,"key":"DemoMod:ResourcefulSack"}],"event_choices":[{"damage_healed":0,"gold_gain":0,"player_choice":"Success","damage_taken":12,"relics_obtained":["theForsaken:ScaryMask"],"max_hp_gain":0,"max_hp_loss":0,"event_name":"Scrap Ooze","floor":12,"gold_loss":0},{"damage_healed":0,"gold_gain":100,"player_choice":"Pray","damage_taken":0,"max_hp_gain":0,"max_hp_loss":0,"event_name":"Golden Shrine","floor":38,"gold_loss":0},{"damage_healed":18,"gold_gain":0,"player_choice":"Writhe","damage_taken":0,"max_hp_gain":0,"max_hp_loss":0,"event_name":"Winding Halls","floor":44,"gold_loss":0,"cards_obtained":["Writhe"]},{"damage_healed":0,"gold_gain":0,"player_choice":"Fight","damage_taken":0,"max_hp_gain":0,"max_hp_loss":0,"event_name":"MindBloom","floor":47,"gold_loss":0}],"is_beta":false,"boss_relics":[{"not_picked":["hubris:HollowSoul","aspiration:RitualDagger"],"picked":"Runic Pyramid"},{"not_picked":["Runic Dome","aspiration:WatcherSkillbook"],"picked":"theForsaken:ArmorOfThorns"}],"items_purged_floors":[45],"is_endless":false,"potions_floor_spawned":[5,10,16,20,22,25,29,31,35,40,41,46],"ascension_level":0}}