{"host":"2vsfvi9pm0ilma55","time":1613790414,"event":{"mods":["BaseMod","Bestiary","Highlight Path","Minty Spire (QoL Compilation)","Relic Stats","StSLib","The Warlock"],"gold_per_floor":[111,36,36,48,48,76,33,33,33],"floor_reached":8,"language":"ENG","playtime":277,"items_purged":[],"score":105,"play_id":"1f969dff-1242-4c7a-9a80-ee08effd99cb","local_time":"20210219190654","is_ascension_mode":true,"campfire_choices":[],"circlet_count":0,"master_deck":["AscendersBane","Ritualist:StrikeMagenta","Ritualist:StrikeMagenta+1","Ritualist:StrikeMagenta","Ritualist:DefendMagenta+1","Ritualist:DefendMagenta","Ritualist:DefendMagenta","Ritualist:DefendMagenta+1","Ritualist:InitiationRite","Ritualist:SummonAgiel","Ritualist:CleanseByBlood+1","Ritualist:IndKnifing","Ritualist:GrowingRites","Ritualist:PowerPact"],"relics":["Ritualist:StarterRelic","Dead Branch","Nunchaku","War Paint"],"acts_visited":["Exordium"],"potions_floor_usage":[6,8],"damage_taken":[{"damage":10,"enemies":"Small Slimes","floor":1,"turns":3},{"damage":5,"enemies":"Jaw Worm","floor":4,"turns":3},{"damage":8,"enemies":"Gremlin Nob","floor":6,"turns":3},{"damage":7,"enemies":"Lagavulin","floor":8,"turns":2}],"seed_played":"-4866872166853218124","potions_obtained":[{"floor":1,"key":"FearPotion"},{"floor":6,"key":"PowerPotion"}],"is_trial":false,"path_per_floor":["M","?","?","M","?","E","$","E"],"character_chosen":"RITUALIST","items_purchased":["Ritualist:PowerPact"],"campfire_rested":0,"item_purchase_floors":[7],"current_hp_per_floor":[57,57,39,34,14,6,6,0,0],"gold":33,"neow_bonus":"ONE_RARE_RELIC","is_daily":false,"chose_seed":false,"campfire_upgraded":0,"win_rate":0.0,"timestamp":1613790414,"path_taken":["M","?","?","M","?","E","$","E"],"items_purchased_type":["Card"],"build_version":"2020-12-22","purchased_purges":0,"victory":false,"max_hp_per_floor":[67,67,67,67,67,67,67,67,67],"relic_stats":{"Nunchaku":[1],"counters":[4,11],"Dead Branch":[11],"War Paint":["Ritualist:DefendMagenta","Ritualist:DefendMagenta"],"obtain_stats":[{"Nunchaku":3,"Dead Branch":0,"War Paint":6,"Ritualist:StarterRelic":0},{"Nunchaku":1,"Dead Branch":0,"War Paint":3,"Ritualist:StarterRelic":0},{"Nunchaku":3,"Dead Branch":0,"War Paint":9,"Ritualist:StarterRelic":0}]},"card_choices":[{"not_picked":["Ritualist:SummonNergal","Ritualist:Tenderize"],"picked":"Ritualist:CleanseByBlood","floor":1},{"not_picked":["Ritualist:Extradition","Ritualist:HeavyInfection"],"picked":"Ritualist:IndKnifing","floor":4},{"not_picked":["Ritualist:IndKnifing","Ritualist:SummonMaat"],"picked":"Ritualist:GrowingRites","floor":6}],"player_experience":609284,"relics_obtained":[{"floor":6,"key":"War Paint"}],"event_choices":[{"cards_removed":["Ritualist:StrikeMagenta"],"damage_healed":0,"gold_gain":0,"player_choice":"Card Removal","damage_taken":0,"max_hp_gain":0,"max_hp_loss":0,"event_name":"The Cleric","floor":2,"gold_loss":75},{"damage_healed":0,"gold_gain":0,"player_choice":"Success","damage_taken":18,"relics_obtained":["Nunchaku"],"max_hp_gain":0,"max_hp_loss":0,"event_name":"Scrap Ooze","floor":3,"gold_loss":0},{"damage_healed":0,"gold_gain":0,"player_choice":"Entered Light","damage_taken":20,"max_hp_gain":0,"max_hp_loss":0,"event_name":"Shining Light","floor":5,"gold_loss":0,"cards_upgraded":["Ritualist:StrikeMagenta","Ritualist:CleanseByBlood"]}],"is_beta":false,"boss_relics":[],"items_purged_floors":[],"is_endless":false,"potions_floor_spawned":[1,6],"killed_by":"Lagavulin","ascension_level":19}}