{"host":"ul3z8ex5o8l5j7mh","time":1613820979,"event":{"mods":["AchievementEnabler","BaseMod","Bestiary","Colored Map","Colored Powertips","DeckTracker","Keyboard Shortcuts","Minty Spire (QoL Compilation)","Relic Sorter","Relic Stats","SuperFastMode"],"gold_per_floor":[109,128,203,203,59,59,74,74,74,74,101,118,129,54,54,149,149,167,186,200,200,228,248,248,6,54,66,100,123,123,139,139,239,239,259,271,80,97,97,114,114,125,125,171,191,203,223,71,71,71,71,71,0,33,33,33],"floor_reached":55,"language":"ENG","playtime":2995,"items_purged":["True Grit"],"score":643,"play_id":"2d557dba-c34c-44d1-8bf3-d4cfa911dcca","local_time":"20210220123619","is_ascension_mode":false,"campfire_choices":[{"data":"Bludgeon","floor":6.0,"key":"SMITH"},{"floor":8.0,"key":"RECALL"},{"floor":15.0,"key":"REST"},{"data":"Demon Form","floor":30.0,"key":"SMITH"},{"floor":32.0,"key":"REST"},{"floor":41.0,"key":"REST"},{"floor":49.0,"key":"REST"},{"data":"Berserk","floor":52.0,"key":"SMITH"}],"circlet_count":0,"master_deck":["Bash","Feel No Pain","Heavy Blade","Headbutt+1","Demon Form+1","Immolate","Clothesline","Bludgeon+1","Sever Soul+1","Rage","Sword Boomerang","Thunderclap","Reaper","Flex","Rampage","Bloodletting","Rage","Berserk+1","Rampage","Fire Breathing","Shrug It Off+1","Reaper","Parasite","Ghostly Armor","Seeing Red","Iron Wave","Shrug It Off+1","Sentinel","Feel No Pain+1"],"relics":["Pandora\u0027s Box","Boot","Tiny Chest","Potion Belt","Busted Crown","Red Mask","Paper Frog","Dream Catcher","Oddly Smooth Stone","Ancient Tea Set","Runic Pyramid","Red Skull","Question Card","Strawberry","Regal Pillow","Happy Flower"],"acts_visited":["Exordium","TheCity","TheBeyond","TheEnding"],"potions_floor_usage":[55],"damage_taken":[{"damage":11.0,"enemies":"Jaw Worm","floor":1.0,"turns":3.0},{"damage":0.0,"enemies":"2 Louse","floor":2.0,"turns":1.0},{"damage":0.0,"enemies":"Small Slimes","floor":7.0,"turns":2.0},{"damage":8.0,"enemies":"Gremlin Nob","floor":11.0,"turns":3.0},{"damage":0.0,"enemies":"3 Louse","floor":12.0,"turns":1.0},{"damage":7.0,"enemies":"Looter","floor":13.0,"turns":3.0},{"damage":8.0,"enemies":"Slime Boss","floor":16.0,"turns":8.0},{"damage":10.0,"enemies":"Chosen","floor":18.0,"turns":3.0},{"damage":20.0,"enemies":"2 Thieves","floor":19.0,"turns":3.0},{"damage":24.0,"enemies":"Snake Plant","floor":20.0,"turns":3.0},{"damage":10.0,"enemies":"Masked Bandits","floor":22.0,"turns":3.0},{"damage":19.0,"enemies":"3 Cultists","floor":23.0,"turns":4.0},{"damage":0.0,"enemies":"Centurion and Healer","floor":27.0,"turns":3.0},{"damage":8.0,"enemies":"Book of Stabbing","floor":28.0,"turns":2.0},{"damage":6.0,"enemies":"Cultist and Chosen","floor":31.0,"turns":3.0},{"damage":55.0,"enemies":"Collector","floor":33.0,"turns":6.0},{"damage":33.0,"enemies":"3 Darklings","floor":35.0,"turns":5.0},{"damage":1.0,"enemies":"Orb Walker","floor":36.0,"turns":2.0},{"damage":24.0,"enemies":"4 Shapes","floor":38.0,"turns":3.0},{"damage":6.0,"enemies":"Writhing Mass","floor":40.0,"turns":4.0},{"damage":8.0,"enemies":"Transient","floor":42.0,"turns":5.0},{"damage":16.0,"enemies":"3 Darklings","floor":45.0,"turns":2.0},{"damage":63.0,"enemies":"Sphere and 2 Shapes","floor":46.0,"turns":5.0},{"damage":23.0,"enemies":"4 Shapes","floor":47.0,"turns":4.0},{"damage":93.0,"enemies":"Donu and Deca","floor":50.0,"turns":9.0},{"damage":83.0,"enemies":"Shield and Spear","floor":54.0,"turns":8.0},{"damage":43,"enemies":"The Heart","floor":55,"turns":2}],"seed_played":"-3865775476507083568","potions_obtained":[{"floor":1.0,"key":"EntropicBrew"},{"floor":7.0,"key":"Swift Potion"},{"floor":11.0,"key":"FearPotion"},{"floor":13.0,"key":"BlessingOfTheForge"},{"floor":18.0,"key":"Fruit Juice"},{"floor":23.0,"key":"GamblersBrew"},{"floor":27.0,"key":"FearPotion"},{"floor":31.0,"key":"AttackPotion"},{"floor":33.0,"key":"Regen Potion"},{"floor":35.0,"key":"ColorlessPotion"},{"floor":36.0,"key":"Regen Potion"},{"floor":47.0,"key":"FearPotion"},{"floor":54.0,"key":"LiquidMemories"}],"is_trial":false,"path_per_floor":["M","M","?","?","$","R","M","R","T","?","E","M","M","$","R","B",null,"M","M","M","?","?","M","?","$","T","M","E","T","R","M","R","B",null,"M","M","$","M","?","M","R","M","T","T","M","M","M","$","R","B",null,"R","$","E","B"],"character_chosen":"IRONCLAD","items_purchased":["Boot","Paper Frog","Red Skull","Fire Breathing","Regal Pillow","Sentinel"],"campfire_rested":4,"item_purchase_floors":[5,25,37,37,48,53],"current_hp_per_floor":[69,69,58,42,42,42,42,42,42,24,16,16,18,18,42,40,80,81,63,45,73,75,60,60,60,60,60,52,52,52,46,71,37,85,53,57,57,44,44,43,68,85,85,92,76,23,36,36,78,16,92,92,92,29,0,0],"gold":33,"neow_bonus":"BOSS_RELIC","is_daily":false,"chose_seed":false,"campfire_upgraded":3,"win_rate":0.0,"timestamp":1613820979,"path_taken":["M","M","?","?","$","R","M","R","T","?","E","M","M","$","R","BOSS","M","M","M","?","?","M","?","$","T","M","E","?","R","?","R","BOSS","M","M","$","M","?","?","R","M","T","?","M","M","M","$","R","BOSS","R","$","E","BOSS"],"items_purchased_type":["Relic","Relic","Relic","Card","Relic","Card"],"build_version":"2020-12-22","purchased_purges":1,"victory":false,"max_hp_per_floor":[80,80,80,80,80,80,80,80,80,80,80,80,80,80,80,80,80,85,85,85,85,85,85,85,85,85,85,85,85,85,85,85,85,85,85,85,85,85,85,85,85,85,85,92,92,92,92,92,92,92,92,92,92,92,92,92],"relic_stats":{"Dream Catcher":3,"Regal Pillow":15,"Busted Crown":42,"Happy Flower":[0],"counters":[27,100],"Pandora\u0027s Box":["Feel No Pain","Heavy Blade","Headbutt","Demon Form","Immolate","Clothesline","True Grit","Bludgeon","Sever Soul"],"Tiny Chest":2,"Boot":[70],"Question Card":5,"obtain_stats":[{"Potion Belt":11,"Regal Pillow":48,"Happy Flower":54,"Oddly Smooth Stone":28,"Boot":5,"Ancient Tea Set":29,"Question Card":43,"Burning Blood":0,"Dream Catcher":26,"Busted Crown":17,"Strawberry":44,"Pandora\u0027s Box":0,"Tiny Chest":10,"Red Mask":22,"Red Skull":37,"Paper Frog":25,"Runic Pyramid":34},{"Potion Belt":4,"Regal Pillow":24,"Happy Flower":26,"Oddly Smooth Stone":14,"Boot":2,"Ancient Tea Set":14,"Question Card":21,"Burning Blood":0,"Dream Catcher":12,"Busted Crown":7,"Strawberry":21,"Pandora\u0027s Box":0,"Tiny Chest":3,"Red Mask":11,"Red Skull":18,"Paper Frog":12,"Runic Pyramid":16},{"Potion Belt":9,"Regal Pillow":81,"Happy Flower":98,"Oddly Smooth Stone":42,"Boot":4,"Ancient Tea Set":42,"Question Card":70,"Burning Blood":0,"Dream Catcher":37,"Busted Crown":21,"Strawberry":70,"Pandora\u0027s Box":0,"Tiny Chest":6,"Red Mask":33,"Red Skull":58,"Paper Frog":37,"Runic Pyramid":51}]},"card_choices":[{"not_picked":["Intimidate","Thunderclap"],"picked":"Rage","floor":1.0},{"not_picked":["Wild Strike","Second Wind"],"picked":"Sword Boomerang","floor":2.0},{"not_picked":["Shockwave","Pummel"],"picked":"Thunderclap","floor":7.0},{"not_picked":["Brutality","Sword Boomerang"],"picked":"Reaper","floor":11.0},{"not_picked":["Entrench","Thunderclap"],"picked":"Flex","floor":12.0},{"not_picked":["Perfected Strike","Sword Boomerang"],"picked":"Rampage","floor":13.0},{"not_picked":[],"picked":"Bloodletting","floor":18.0},{"not_picked":["Clash"],"picked":"SKIP","floor":19.0},{"not_picked":["Clash+1"],"picked":"SKIP","floor":20.0},{"not_picked":["Clothesline"],"picked":"SKIP","floor":23.0},{"not_picked":["Bloodletting"],"picked":"SKIP","floor":27.0},{"not_picked":["Combust+1"],"picked":"SKIP","floor":28.0},{"not_picked":["Disarm"],"picked":"SKIP","floor":31.0},{"not_picked":[],"picked":"Rage","floor":32.0},{"not_picked":[],"picked":"Berserk","floor":33.0},{"not_picked":[],"picked":"Rampage","floor":35.0},{"not_picked":["Wild Strike"],"picked":"SKIP","floor":36.0},{"not_picked":[],"picked":"Shrug It Off+1","floor":38.0},{"not_picked":["Reckless Charge+1"],"picked":"SKIP","floor":40.0},{"not_picked":[],"picked":"Ghostly Armor","floor":41.0},{"not_picked":["Cleave+1"],"picked":"SKIP","floor":42.0},{"not_picked":["Cleave"],"picked":"Seeing Red","floor":45.0},{"not_picked":["Flex+1"],"picked":"Iron Wave","floor":46.0},{"not_picked":["Pommel Strike"],"picked":"Shrug It Off+1","floor":47.0},{"not_picked":["Body Slam"],"picked":"Feel No Pain+1","floor":54.0}],"player_experience":396476,"relics_obtained":[{"floor":11.0,"key":"Potion Belt"},{"floor":22.0,"key":"Red Mask"},{"floor":26.0,"key":"Dream Catcher"},{"floor":28.0,"key":"Oddly Smooth Stone"},{"floor":29.0,"key":"Ancient Tea Set"},{"floor":43.0,"key":"Question Card"},{"floor":44.0,"key":"Strawberry"},{"floor":54.0,"key":"Happy Flower"}],"event_choices":[{"damage_healed":0.0,"max_hp_gain":0.0,"max_hp_loss":0.0,"gold_gain":75.0,"event_name":"World of Goop","player_choice":"Gather Gold","floor":3.0,"gold_loss":0.0,"damage_taken":11.0},{"damage_healed":0.0,"max_hp_gain":0.0,"max_hp_loss":0.0,"gold_gain":0.0,"event_name":"Shining Light","player_choice":"Entered Light","floor":4.0,"gold_loss":0.0,"damage_taken":16.0,"cards_upgraded":["Headbutt","Sever Soul"]},{"damage_healed":0.0,"max_hp_gain":0.0,"max_hp_loss":0.0,"gold_gain":0.0,"event_name":"Scrap Ooze","player_choice":"Success","floor":10.0,"gold_loss":0.0,"damage_taken":18.0,"relics_obtained":["Tiny Chest"]},{"damage_healed":28.0,"max_hp_gain":0.0,"max_hp_loss":0.0,"gold_gain":0.0,"event_name":"The Library","player_choice":"Heal","floor":21.0,"gold_loss":0.0,"damage_taken":0.0},{"damage_healed":0.0,"max_hp_gain":0.0,"max_hp_loss":0.0,"gold_gain":0.0,"event_name":"Masked Bandits","player_choice":"Fought Bandits","floor":22.0,"gold_loss":0.0,"damage_taken":0.0},{"damage_healed":0.0,"max_hp_gain":0.0,"max_hp_loss":0.0,"gold_gain":0.0,"event_name":"Ghosts","player_choice":"Ignored","floor":24.0,"gold_loss":0.0,"damage_taken":0.0},{"damage_healed":0.0,"max_hp_gain":0.0,"max_hp_loss":0.0,"gold_gain":0.0,"event_name":"Duplicator","player_choice":"Copied","floor":39.0,"gold_loss":0.0,"damage_taken":0.0,"cards_obtained":["Reaper"]}],"is_beta":false,"boss_relics":[{"not_picked":["SlaversCollar","Fusion Hammer"],"picked":"Busted Crown"},{"not_picked":["Empty Cage","Runic Dome"],"picked":"Runic Pyramid"}],"items_purged_floors":[14],"is_endless":false,"potions_floor_spawned":[1,7,11,13,18,23,27,31,33,35,36,47,54],"killed_by":"The Heart","ascension_level":0}}