{"host":"6bsan6hkua32tfq7","time":1613840980,"event":{"mods":["BaseMod","Better Third Choice","Colored Map","Highlight Path","Minty Spire (QoL Compilation)","StSLib"],"gold_per_floor":[118,145,164,179,198,228,228,253,278,313,313,372,372,391,391,468,468,478,240,259,159,169,169,169,169],"floor_reached":24,"language":"ENG","playtime":685,"items_purged":["Strike_P","Strike_P"],"score":482,"play_id":"45e0e737-b351-4242-9495-449be2290063","local_time":"20210220180940","is_ascension_mode":true,"campfire_choices":[{"floor":7.0,"key":"REST"},{"floor":11.0,"key":"REST"},{"floor":13.0,"key":"REST"},{"data":"Alpha","floor":15.0,"key":"SMITH"},{"floor":23,"key":"REST"}],"circlet_count":0,"master_deck":["AscendersBane","Strike_P","Strike_P","Defend_P","Defend_P","Defend_P","Defend_P","Eruption","Vigilance","BattleHymn","EmptyFist","FlurryOfBlows","Conclude","Perseverance","Alpha+1","Wish","Consecrate+1"],"relics":["PureWater","Pen Nib","Bronze Scales","Juzu Bracelet","Lantern","Dream Catcher","Question Card","WingedGreaves","Busted Crown","Lee\u0027s Waffle"],"acts_visited":["Exordium","TheCity"],"potions_floor_usage":[22,22,22,22],"damage_taken":[{"damage":2.0,"enemies":"Cultist","floor":1.0,"turns":3.0},{"damage":8.0,"enemies":"Small Slimes","floor":3.0,"turns":3.0},{"damage":14.0,"enemies":"2 Louse","floor":4.0,"turns":2.0},{"damage":5.0,"enemies":"Large Slime","floor":5.0,"turns":4.0},{"damage":15.0,"enemies":"Lagavulin","floor":6.0,"turns":5.0},{"damage":32.0,"enemies":"3 Sentries","floor":8.0,"turns":7.0},{"damage":0.0,"enemies":"Gremlin Nob","floor":10.0,"turns":3.0},{"damage":10.0,"enemies":"3 Sentries","floor":12.0,"turns":4.0},{"damage":9.0,"enemies":"Lots of Slimes","floor":14.0,"turns":3.0},{"damage":22.0,"enemies":"The Guardian","floor":16.0,"turns":7.0},{"damage":15,"enemies":"Shell Parasite","floor":18,"turns":3},{"damage":28,"enemies":"2 Thieves","floor":20,"turns":4},{"damage":39,"enemies":"Shelled Parasite and Fungi","floor":22,"turns":5},{"damage":33,"enemies":"Slavers","floor":24,"turns":2}],"seed_played":"-6772346817465388477","potions_obtained":[{"floor":3.0,"key":"SkillPotion"},{"floor":5.0,"key":"BottledMiracle"},{"floor":6.0,"key":"FearPotion"},{"floor":8.0,"key":"Weak Potion"},{"floor":14.0,"key":"EntropicBrew"},{"floor":20,"key":"Ancient Potion"},{"floor":22,"key":"Weak Potion"}],"is_trial":false,"path_per_floor":["M","T","M","M","M","E","R","E","T","E","R","?","R","M","R","B",null,"M","$","M","$","M","R","E"],"character_chosen":"WATCHER","items_purchased":["Lee\u0027s Waffle"],"campfire_rested":4,"item_purchase_floors":[19],"current_hp_per_floor":[59,59,51,37,32,17,37,5,5,5,25,15,35,26,26,4,52,37,75,47,47,8,30,0,0],"gold":169,"neow_bonus":"RANDOM_COMMON_RELIC","is_daily":false,"chose_seed":false,"campfire_upgraded":1,"win_rate":0.0,"timestamp":1613840980,"path_taken":["M","?","M","M","M","E","R","E","T","E","R","?","R","M","R","BOSS","M","$","M","$","M","R","E"],"items_purchased_type":["Relic"],"build_version":"2020-12-22","purchased_purges":2,"victory":false,"max_hp_per_floor":[68,68,68,68,68,68,68,68,68,68,68,68,68,68,68,68,68,68,75,75,75,75,75,75,75],"card_choices":[{"not_picked":["EmptyFist","Consecrate"],"picked":"BattleHymn","floor":1.0},{"not_picked":["InnerPeace","JustLucky"],"picked":"EmptyFist","floor":3.0},{"not_picked":["ClearTheMind","SignatureMove"],"picked":"FlurryOfBlows","floor":4.0},{"not_picked":["CrushJoints","Crescendo","Indignation"],"picked":"SKIP","floor":5.0},{"not_picked":["CutThroughFate","FlyingSleeves","FearNoEvil"],"picked":"SKIP","floor":6.0},{"not_picked":["Prostrate","DeceiveReality"],"picked":"Conclude","floor":8.0},{"not_picked":["ThirdEye","Collect","JustLucky"],"picked":"SKIP","floor":10.0},{"not_picked":["Consecrate","FlurryOfBlows","WheelKick"],"picked":"Perseverance","floor":11.0},{"not_picked":["MentalFortress","BowlingBash","FollowUp"],"picked":"Alpha","floor":12.0},{"not_picked":["Study","Sanctity","Worship","MentalFortress"],"picked":"SKIP","floor":14.0},{"not_picked":["SpiritShield","Ragnarok","Devotion"],"picked":"Wish","floor":16.0},{"not_picked":["Tantrum"],"picked":"Consecrate+1","floor":18},{"not_picked":["Tantrum","Prostrate+1"],"picked":"SKIP","floor":20},{"not_picked":["Halt","CutThroughFate"],"picked":"SKIP","floor":22}],"player_experience":5452251,"relics_obtained":[{"floor":2.0,"key":"Bronze Scales"},{"floor":6.0,"key":"Juzu Bracelet"},{"floor":8.0,"key":"Lantern"},{"floor":9.0,"key":"Dream Catcher"},{"floor":10.0,"key":"Question Card"},{"floor":12.0,"key":"WingedGreaves"}],"event_choices":[{"damage_healed":0.0,"max_hp_gain":0.0,"max_hp_loss":0.0,"gold_gain":0.0,"event_name":"Dead Adventurer","player_choice":"Searched \u00271\u0027 times","floor":12.0,"gold_loss":0.0,"damage_taken":0.0}],"is_beta":false,"boss_relics":[{"not_picked":["Black Star","Snecko Eye"],"picked":"Busted Crown"}],"items_purged_floors":[19,21],"is_endless":false,"potions_floor_spawned":[3,5,6,8,14,20,22],"killed_by":"Slavers","ascension_level":20}}