{"host":"7cp3z5w0tcrrm8ys","time":1613809425,"event":{"mods":["AchievementEnabler","BaseMod","DeckTracker","Minty Spire (QoL Compilation)","StSLib","SuperFastMode"],"gold_per_floor":[14,31,42,55,55,55,82,95,95,95,3,21,21,37,37,111,111,130,130,144,163,51,51,51,51],"floor_reached":24,"language":"KOR","playtime":545,"items_purged":["Strike_R"],"score":400,"play_id":"a21d1a92-0c41-453d-ab9d-1ee1cda06750","local_time":"20210220172345","is_ascension_mode":true,"campfire_choices":[{"data":"Inflame","floor":6,"key":"SMITH"},{"data":"Anger","floor":10,"key":"SMITH"},{"data":"Bash","floor":15,"key":"SMITH"},{"data":"Heavy Blade","floor":23,"key":"SMITH"}],"circlet_count":0,"master_deck":["AscendersBane","Defend_R","Defend_R","Defend_R","Bash+1","Inflame+1","Clothesline","Anger+1","Thunderclap","Burning Pact","Blood for Blood","Dark Shackles","Flex","Impervious","Power Through+1","Double Tap+1","Demon Form+1","Metallicize","Heavy Blade+1","Ghostly Armor"],"relics":["Burning Blood","Strawberry","Bag of Marbles","Astrolabe"],"acts_visited":["Exordium","TheCity"],"potions_floor_usage":[3,8,16,18,24],"damage_taken":[{"damage":6,"enemies":"Cultist","floor":1,"turns":3},{"damage":5,"enemies":"Small Slimes","floor":2,"turns":3},{"damage":4,"enemies":"Jaw Worm","floor":3,"turns":3},{"damage":18,"enemies":"Large Slime","floor":4,"turns":4},{"damage":32,"enemies":"Gremlin Nob","floor":7,"turns":4},{"damage":0,"enemies":"3 Louse","floor":8,"turns":2},{"damage":9,"enemies":"Red Slaver","floor":12,"turns":4},{"damage":6,"enemies":"Lots of Slimes","floor":14,"turns":3},{"damage":37,"enemies":"Hexaghost","floor":16,"turns":8},{"damage":0,"enemies":"Chosen","floor":18,"turns":4},{"damage":21,"enemies":"Spheric Guardian","floor":20,"turns":5},{"damage":28,"enemies":"Centurion and Healer","floor":21,"turns":7},{"damage":37,"enemies":"Cultist and Chosen","floor":24,"turns":3}],"seed_played":"2317303338073588135","potions_obtained":[{"floor":1,"key":"AttackPotion"},{"floor":3,"key":"Explosive Potion"},{"floor":7,"key":"Swift Potion"},{"floor":16,"key":"DistilledChaos"},{"floor":21,"key":"BlessingOfTheForge"}],"is_trial":false,"path_per_floor":["M","M","M","M","?","R","E","M","T","R","$","M","?","M","R","B",null,"M","?","M","M","$","R","M"],"character_chosen":"IRONCLAD","items_purchased":["Dark Shackles","Ghostly Armor"],"campfire_rested":0,"item_purchase_floors":[11,22],"current_hp_per_floor":[68,69,71,59,59,59,40,46,46,46,46,43,43,43,43,12,65,71,71,56,34,34,34,0,0],"gold":51,"neow_bonus":"REMOVE_TWO","is_daily":false,"chose_seed":false,"campfire_upgraded":4,"win_rate":0.0,"timestamp":1613809425,"path_taken":["M","M","M","?","?","R","E","M","T","R","?","M","?","M","R","BOSS","M","?","M","?","?","R","M"],"items_purchased_type":["Card","Card"],"build_version":"2020-12-22","purchased_purges":1,"victory":false,"max_hp_per_floor":[75,75,75,75,75,75,82,82,82,82,82,82,82,82,82,82,82,82,82,82,82,82,82,82,82],"card_choices":[{"not_picked":["Intimidate","Wild Strike"],"picked":"Inflame","floor":1},{"not_picked":["Pommel Strike","Feel No Pain"],"picked":"Clothesline","floor":2},{"not_picked":["Bloodletting","Heavy Blade"],"picked":"Anger","floor":3},{"not_picked":["Cleave","Warcry"],"picked":"Thunderclap","floor":4},{"not_picked":["Spot Weakness","Sentinel"],"picked":"Burning Pact","floor":7},{"not_picked":["Clash","Body Slam"],"picked":"Blood for Blood","floor":8},{"not_picked":["Searing Blow","Seeing Red"],"picked":"Flex","floor":12},{"not_picked":["Clash","Power Through","Rampage"],"picked":"SKIP","floor":14},{"not_picked":["Brutality","Reaper"],"picked":"Impervious","floor":16},{"not_picked":["Clash","Flex"],"picked":"Metallicize","floor":18},{"not_picked":["Clothesline","Iron Wave","Twin Strike"],"picked":"SKIP","floor":20},{"not_picked":["Clothesline","Havoc"],"picked":"Heavy Blade","floor":21}],"player_experience":829357,"relics_obtained":[{"floor":7,"key":"Strawberry"},{"floor":9,"key":"Bag of Marbles"}],"event_choices":[{"damage_healed":0,"gold_gain":0,"player_choice":"Fled","damage_taken":0,"max_hp_gain":0,"max_hp_loss":0,"event_name":"Scrap Ooze","floor":5,"gold_loss":0},{"damage_healed":0,"gold_gain":0,"player_choice":"Ignored","damage_taken":0,"max_hp_gain":0,"max_hp_loss":0,"event_name":"Liars Game","floor":13,"gold_loss":0},{"damage_healed":0,"gold_gain":0,"player_choice":"Ignored","damage_taken":0,"max_hp_gain":0,"max_hp_loss":0,"event_name":"N\u0027loth","floor":19,"gold_loss":0}],"is_beta":false,"boss_relics":[{"not_picked":["Pandora\u0027s Box","Black Star"],"picked":"Astrolabe"}],"items_purged_floors":[22],"is_endless":false,"potions_floor_spawned":[1,3,7,16,21],"killed_by":"Cultist and Chosen","ascension_level":20}}