{"host":"bpr07pynnqpe5ded","time":1613846368,"event":{"mods":["2.2 Compatiblity","Aspiration","BaseMod","Better Note","Better Third Choice","BetterRewards","Downfall","Jorbs\u0027s Wanderer Trilogy","Minty Spire (QoL Compilation)","Replay The Spire","Shop Mod","StSLib","The Marked","??????REMEMod"],"gold_per_floor":[0,17,29,40,60,92,92,92,92,92,92],"floor_reached":9,"language":"ENG","playtime":403,"items_purged":[],"score":63,"play_id":"5f4bac57-99b2-483c-ba52-8a83b59bf36b","local_time":"20210220183928","is_ascension_mode":false,"campfire_choices":[{"floor":1,"key":"DIG"}],"circlet_count":0,"master_deck":["hexamod:Strike","hexamod:Strike","hexamod:Strike","hexamod:Strike","hexamod:Defend","hexamod:Defend","hexamod:Defend","hexamod:Defend","hexamod:Sear","hexamod:Float","hexamod:GhostOfSpirePresent","hexamod:Defend"],"relics":["hexamod:SpiritBrand","REME_ComplimentaryCards","Pen Nib","ReplayTheSpireMod:Shallot","Pantograph"],"acts_visited":["Exordium"],"potions_floor_usage":[9],"damage_taken":[{"damage":7,"enemies":"Small Slimes","floor":2,"turns":4},{"damage":4,"enemies":"2 Louse","floor":3,"turns":4},{"damage":8,"enemies":"Jaw Worm","floor":4,"turns":4},{"damage":0,"enemies":"Blue Slaver","floor":5,"turns":4},{"damage":37,"enemies":"Gremlin Nob","floor":6,"turns":5},{"damage":17,"enemies":"Lagavulin","floor":9,"turns":6}],"seed_played":"5790690174113893832","potions_obtained":[{"floor":3,"key":"Elixir"},{"floor":6,"key":"Languid Potion"}],"is_trial":false,"path_per_floor":["R","M","M","M","M","E","T","?","E"],"character_chosen":"THE_SPIRIT","items_purchased":[],"campfire_rested":0,"item_purchase_floors":[],"current_hp_per_floor":[70,63,59,51,51,14,14,14,0,0,0],"gold":92,"neow_bonus":"THREE_RARE_CARDS","is_daily":false,"chose_seed":false,"campfire_upgraded":0,"win_rate":0.0,"timestamp":1613846368,"path_taken":["R","M","M","M","M","E","T","?","E"],"items_purchased_type":[],"build_version":"2020-12-22","purchased_purges":0,"victory":false,"max_hp_per_floor":[70,70,70,70,70,70,70,70,70,70,70],"card_choices":[{"not_picked":["hexamod:VolcanoVisage","hexamod:GiftsFromTheDead"],"picked":"hexamod:GhostOfSpirePresent","floor":0},{"not_picked":["hexamod:NecessarySacrifice","hexamod:NightmareGuise","hexamod:SuperheatedStrike"],"picked":"SKIP","floor":2},{"not_picked":["hexamod:BurningTouch","hexamod:NightmareStrike","hexamod:AdvancingGuard"],"picked":"SKIP","floor":3},{"not_picked":["hexamod:SuperheatedStrike","hexamod:HeatShield","hexamod:GhostOfSpirePast"],"picked":"SKIP","floor":4},{"not_picked":["hexamod:FastForward","hexamod:SecondSeal","hexamod:HeatMetal"],"picked":"SKIP","floor":5},{"not_picked":["hexamod:BacktrackSmack","hexamod:Firestarter","hexamod:FastForward"],"picked":"SKIP","floor":6}],"player_experience":1186568,"relics_obtained":[{"floor":1,"key":"Pen Nib"},{"floor":6,"key":"ReplayTheSpireMod:Shallot"},{"floor":7,"key":"Pantograph"}],"event_choices":[],"is_beta":false,"boss_relics":[],"items_purged_floors":[],"is_endless":false,"potions_floor_spawned":[3,6],"killed_by":"Lagavulin","ascension_level":0}}