{"host":"rolltorest","time":1613781530,"event":{"mods":["BaseMod","Minty Spire (QoL Compilation)","Relic Stats","Slay the Relics Exporter","StSLib"],"gold_per_floor":[14,26,36,52,52,87,105,105,105,137,157,189,189,67,67,141,141,157,23,43,43,55,55,68,133,133,33,64,64,93,104,104,177,177,196,196,214,233,249,277,297,297,297,297,352,352,352],"floor_reached":46,"language":"ENG","playtime":1881,"items_purged":["Strike_R","Strike_R"],"score":1139,"play_id":"6989bc19-d51f-433b-91db-d335a73f8745","local_time":"20210219163850","is_ascension_mode":true,"campfire_choices":[{"floor":8,"key":"REST"},{"floor":13,"key":"REST"},{"data":"Uppercut","floor":15,"key":"SMITH"},{"data":"Spot Weakness","floor":23,"key":"SMITH"},{"floor":32,"key":"REST"},{"floor":42,"key":"REST"},{"data":"Dark Embrace","floor":44,"key":"SMITH"}],"circlet_count":0,"master_deck":["AscendersBane","Defend_R","Defend_R","Defend_R","Bash","Clash","Uppercut+1","Anger","Body Slam","Headbutt","Spot Weakness+1","Carnage","Immolate+1","Blood for Blood+1","Feel No Pain","Feed+1","Pommel Strike+1","Shrug It Off","Shrug It Off","Evolve","Impervious","Decay","Dropkick+1","Corruption","Feel No Pain+1","Wild Strike+1","Fiend Fire+1","Dark Embrace+1","Finesse","Shockwave","Pommel Strike+1","Flame Barrier","Juggernaut"],"relics":["Burning Blood","Gambling Chip","Unceasing Top","Self Forming Clay","InkBottle","Molten Egg 2","Mark of Pain","Letter Opener","Paper Frog","PreservedInsect","Red Skull","Astrolabe","Smiling Mask","Prayer Wheel"],"acts_visited":["Exordium","TheCity","TheBeyond"],"potions_floor_usage":[6,10,12,16,22,25,33,33,39,45],"damage_taken":[{"damage":1,"enemies":"Cultist","floor":1,"turns":3},{"damage":0,"enemies":"2 Louse","floor":2,"turns":4},{"damage":4,"enemies":"Small Slimes","floor":3,"turns":4},{"damage":15,"enemies":"3 Louse","floor":4,"turns":5},{"damage":32,"enemies":"Gremlin Nob","floor":6,"turns":4},{"damage":18,"enemies":"Exordium Thugs","floor":7,"turns":4},{"damage":13,"enemies":"3 Sentries","floor":10,"turns":7},{"damage":22,"enemies":"Exordium Wildlife","floor":11,"turns":4},{"damage":29,"enemies":"Gremlin Nob","floor":12,"turns":4},{"damage":12,"enemies":"Hexaghost","floor":16,"turns":7},{"damage":23,"enemies":"3 Byrds","floor":18,"turns":7},{"damage":18,"enemies":"Spheric Guardian","floor":20,"turns":5},{"damage":9,"enemies":"Centurion and Healer","floor":22,"turns":4},{"damage":28,"enemies":"Shelled Parasite and Fungi","floor":24,"turns":4},{"damage":21,"enemies":"Slavers","floor":25,"turns":5},{"damage":26,"enemies":"Book of Stabbing","floor":28,"turns":4},{"damage":0,"enemies":"Gremlin Leader","floor":30,"turns":3},{"damage":7,"enemies":"3 Cultists","floor":31,"turns":5},{"damage":55,"enemies":"Collector","floor":33,"turns":9},{"damage":31,"enemies":"3 Shapes","floor":35,"turns":5},{"damage":16,"enemies":"Orb Walker","floor":37,"turns":3},{"damage":14,"enemies":"Sphere and 2 Shapes","floor":38,"turns":5},{"damage":6,"enemies":"Transient","floor":39,"turns":6},{"damage":15,"enemies":"Giant Head","floor":40,"turns":5},{"damage":8,"enemies":"Writhing Mass","floor":41,"turns":3},{"damage":47,"enemies":"2 Orb Walkers","floor":45,"turns":4},{"damage":0,"enemies":"Reptomancer","floor":46,"turns":2}],"seed_played":"3793981462353494087","potions_obtained":[{"floor":1,"key":"FearPotion"},{"floor":6,"key":"LiquidBronze"},{"floor":7,"key":"EssenceOfSteel"},{"floor":11,"key":"Fruit Juice"},{"floor":16,"key":"ElixirPotion"},{"floor":18,"key":"BlessingOfTheForge"},{"floor":20,"key":"BloodPotion"},{"floor":22,"key":"ColorlessPotion"},{"floor":30,"key":"Weak Potion"},{"floor":37,"key":"GamblersBrew"},{"floor":38,"key":"SneckoOil"},{"floor":40,"key":"Strength Potion"}],"is_trial":false,"path_per_floor":["M","M","M","M","?","E","M","R","T","E","M","E","R","$","R","B",null,"M","$","M","$","M","R","M","E","T","$","E","?","E","M","R","B",null,"M","?","M","M","M","E","M","R","T","R","?","E"],"character_chosen":"IRONCLAD","items_purchased":["Blood for Blood+1","Feel No Pain","Shrug It Off"],"campfire_rested":4,"item_purchase_floors":[14,14,19],"current_hp_per_floor":[73,75,75,66,66,40,28,50,50,43,27,9,33,33,33,27,67,54,54,46,46,65,65,47,32,32,32,12,12,22,25,56,7,80,59,59,49,41,41,32,30,62,62,62,21,21,21],"gold":352,"neow_bonus":"ONE_RARE_RELIC","is_daily":false,"chose_seed":false,"campfire_upgraded":3,"win_rate":0.0,"timestamp":1613781530,"path_taken":["M","?","M","M","?","E","M","R","T","E","M","E","R","?","R","BOSS","M","$","M","?","M","R","M","E","T","$","E","?","E","M","R","BOSS","M","?","M","M","M","E","M","R","T","R","?","E"],"items_purchased_type":["Card","Card","Card"],"build_version":"2020-12-18","purchased_purges":2,"victory":false,"max_hp_per_floor":[75,75,75,75,75,75,75,75,75,75,75,80,80,80,80,80,80,84,84,88,88,92,92,96,96,96,96,96,96,100,104,104,104,104,108,108,108,108,108,108,108,108,108,108,108,108,108],"relic_stats":{"counters":[27,125],"Self Forming Clay":[177],"Gambling Chip":[76],"Astrolabe":["Feel No Pain","Wild Strike","Fiend Fire"],"Prayer Wheel":0,"PreservedInsect":238,"Letter Opener":[50],"Smiling Mask":0,"obtain_stats":[{"Self Forming Clay":9,"Astrolabe":34,"PreservedInsect":28,"Letter Opener":25,"Smiling Mask":40,"Burning Blood":0,"Gambling Chip":0,"Molten Egg 2":12,"Prayer Wheel":45,"Mark of Pain":17,"Unceasing Top":6,"InkBottle":10,"Red Skull":30,"Paper Frog":26},{"Self Forming Clay":6,"Astrolabe":19,"PreservedInsect":16,"Letter Opener":15,"Smiling Mask":24,"Burning Blood":0,"Gambling Chip":0,"Molten Egg 2":9,"Prayer Wheel":26,"Mark of Pain":10,"Unceasing Top":5,"InkBottle":7,"Red Skull":17,"Paper Frog":15},{"Self Forming Clay":24,"Astrolabe":92,"PreservedInsect":75,"Letter Opener":71,"Smiling Mask":116,"Burning Blood":0,"Gambling Chip":0,"Molten Egg 2":39,"Prayer Wheel":123,"Mark of Pain":46,"Unceasing Top":20,"InkBottle":31,"Red Skull":78,"Paper Frog":71}],"Burning Blood":150,"Unceasing Top":[1],"InkBottle":[30]},"card_choices":[{"not_picked":["Burning Pact","Havoc"],"picked":"Clash","floor":1},{"not_picked":["Pummel","Feel No Pain"],"picked":"Uppercut","floor":2},{"not_picked":["Heavy Blade","Wild Strike","Cleave"],"picked":"SKIP","floor":3},{"not_picked":["Intimidate","Whirlwind"],"picked":"Anger","floor":4},{"not_picked":["Bludgeon","Wild Strike"],"picked":"Headbutt","floor":6},{"not_picked":["Battle Trance","Heavy Blade"],"picked":"Spot Weakness","floor":7},{"not_picked":["Searing Blow","Thunderclap","Juggernaut"],"picked":"SKIP","floor":10},{"not_picked":["Pommel Strike","Thunderclap"],"picked":"Carnage","floor":11},{"not_picked":["Twin Strike+1","Battle Trance"],"picked":"Immolate+1","floor":12},{"not_picked":["Exhume","Offering"],"picked":"Feed+1","floor":16},{"not_picked":["Havoc+1","Sword Boomerang+1"],"picked":"Pommel Strike+1","floor":18},{"not_picked":["Sword Boomerang+1","Rampage+1"],"picked":"Shrug It Off","floor":20},{"not_picked":["Sword Boomerang+1","Heavy Blade+1","Armaments"],"picked":"SKIP","floor":22},{"not_picked":["Pommel Strike+1","Flex"],"picked":"Evolve","floor":24},{"not_picked":["Anger+1","Searing Blow+1","Havoc"],"picked":"SKIP","floor":25},{"not_picked":["Searing Blow+1","Body Slam+1"],"picked":"Impervious","floor":28},{"not_picked":["Whirlwind+1","Warcry","True Grit"],"picked":"SKIP","floor":30},{"not_picked":["Headbutt+1","Flex"],"picked":"Dropkick+1","floor":31},{"not_picked":["Berserk","Feed+1"],"picked":"Corruption","floor":33},{"not_picked":["Twin Strike+1","Wild Strike+1"],"picked":"Dark Embrace","floor":35},{"not_picked":["Dramatic Entrance+1","Blind"],"picked":"Finesse","floor":36},{"not_picked":["Evolve","Sword Boomerang+1"],"picked":"Shockwave","floor":37},{"not_picked":["Flex+1","Clothesline+1"],"picked":"Pommel Strike+1","floor":38},{"not_picked":["Feel No Pain","Body Slam+1"],"picked":"Flame Barrier","floor":39},{"not_picked":["Flex","Headbutt+1","Sword Boomerang+1"],"picked":"SKIP","floor":40},{"not_picked":["Heavy Blade+1","Wild Strike+1"],"picked":"Juggernaut","floor":41}],"player_experience":2006539,"relics_obtained":[{"floor":6,"key":"Unceasing Top"},{"floor":9,"key":"Self Forming Clay"},{"floor":10,"key":"InkBottle"},{"floor":12,"key":"Molten Egg 2"},{"floor":25,"key":"Letter Opener"},{"floor":26,"key":"Paper Frog"},{"floor":28,"key":"PreservedInsect"},{"floor":30,"key":"Red Skull"},{"floor":40,"key":"Smiling Mask"},{"floor":45,"key":"Prayer Wheel"}],"event_choices":[{"damage_healed":0,"gold_gain":0,"cards_transformed":["Strike_R"],"player_choice":"Transformed","damage_taken":0,"max_hp_gain":0,"max_hp_loss":0,"event_name":"Transmorgrifier","floor":5,"gold_loss":0,"cards_obtained":["Body Slam"]},{"damage_healed":0,"gold_gain":0,"player_choice":"Smashed Altar","damage_taken":0,"max_hp_gain":0,"max_hp_loss":0,"event_name":"Forgotten Altar","floor":29,"gold_loss":0,"cards_obtained":["Decay"]},{"damage_healed":0,"gold_gain":0,"player_choice":"Memory 1","damage_taken":0,"max_hp_gain":0,"max_hp_loss":0,"event_name":"SensoryStone","floor":36,"gold_loss":0},{"damage_healed":0,"gold_gain":0,"player_choice":"Fight","damage_taken":0,"max_hp_gain":0,"max_hp_loss":0,"event_name":"Mysterious Sphere","floor":45,"gold_loss":0}],"is_beta":true,"boss_relics":[{"not_picked":["Empty Cage","SacredBark"],"picked":"Mark of Pain"},{"not_picked":["Runic Cube","Pandora\u0027s Box"],"picked":"Astrolabe"}],"items_purged_floors":[19,27],"is_endless":false,"potions_floor_spawned":[1,6,7,11,16,18,20,22,30,37,38,40,41],"killed_by":"Reptomancer","ascension_level":20}}