{"host":"8ki4rp59nppvqwda","time":1613787479,"event":{"mods":["AlwaysNeverKeys","BaseMod","Hermit","Minty Spire (QoL Compilation)","Robot Space Explorer","SacredBarkPlus","StSLib","The Cursed","The Necromancer","The Trickster"],"gold_per_floor":[211,211,286,300,265,290,290,310,387,397,411,464,21,52,52,157,157,168,195,195,213,224,244,262,285,285,285,296,326,340,372,372,372,372],"floor_reached":33,"language":"ENG","playtime":1528,"items_purged":[],"score":486,"play_id":"1f740923-5da7-4729-aeba-78dbed55f921","local_time":"20210219211759","is_ascension_mode":true,"campfire_choices":[{"data":"RobotSpaceExplorer:Blaster","floor":7.0,"key":"SMITH"},{"floor":15.0,"key":"REST"},{"floor":27,"key":"REST"},{"floor":32,"key":"REST"}],"circlet_count":0,"master_deck":["AscendersBane","RobotSpaceExplorer:Strike","RobotSpaceExplorer:Strike","RobotSpaceExplorer:Strike","RobotSpaceExplorer:Defend","RobotSpaceExplorer:Defend","RobotSpaceExplorer:Defend","RobotSpaceExplorer:Scan+1","RobotSpaceExplorer:MiniLasers","RobotSpaceExplorer:GlueShot+1","RobotSpaceExplorer:PlasmaMissile","RobotSpaceExplorer:Blaster+1","RobotSpaceExplorer:BigMissile","RobotSpaceExplorer:StarLightning","RobotSpaceExplorer:GlueShot","RobotSpaceExplorer:Blaster+1","RobotSpaceExplorer:Asteroid","RobotSpaceExplorer:ShockMissile","RobotSpaceExplorer:DoubleFind","RobotSpaceExplorer:FrostMissile+1","RobotSpaceExplorer:ToxicBomb","RobotSpaceExplorer:GlueSpray","RobotSpaceExplorer:ShockMissile","RobotSpaceExplorer:RigExplosive","RobotSpaceExplorer:ScrapMissile+1","RobotSpaceExplorer:StarLightning"],"relics":["RobotSpaceExplorer:RoboCore","MealTicket","RobotSpaceExplorer:BottledGravity","War Paint","DollysMirror","Anchor","Omamori","Juzu Bracelet","Black Star","Red Mask","Bag of Marbles","Matryoshka","Potion Belt","Akabeko","Toxic Egg 2","Pen Nib"],"acts_visited":["Exordium","TheCity"],"potions_floor_usage":[23,24,28,29,29,31,31,33],"damage_taken":[{"damage":0.0,"enemies":"Cultist","floor":1.0,"turns":5.0},{"damage":3.0,"enemies":"Small Slimes","floor":4.0,"turns":5.0},{"damage":45.0,"enemies":"Lagavulin","floor":6.0,"turns":11.0},{"damage":0.0,"enemies":"2 Louse","floor":8.0,"turns":2.0},{"damage":13.0,"enemies":"Exordium Wildlife","floor":10.0,"turns":7.0},{"damage":0.0,"enemies":"Exordium Thugs","floor":11.0,"turns":4.0},{"damage":0.0,"enemies":"Gremlin Nob","floor":14.0,"turns":2.0},{"damage":23.0,"enemies":"Hexaghost","floor":16.0,"turns":9.0},{"damage":8.0,"enemies":"3 Byrds","floor":18.0,"turns":5.0},{"damage":8.0,"enemies":"Masked Bandits","floor":19.0,"turns":5.0},{"damage":1.0,"enemies":"2 Thieves","floor":21.0,"turns":5.0},{"damage":10.0,"enemies":"Snake Plant","floor":22.0,"turns":5.0},{"damage":1,"enemies":"Sentry and Sphere","floor":23,"turns":5},{"damage":13,"enemies":"Chosen and Byrds","floor":24,"turns":6},{"damage":0,"enemies":"Shelled Parasite and Fungi","floor":28,"turns":4},{"damage":16,"enemies":"Gremlin Leader","floor":29,"turns":7},{"damage":20,"enemies":"Centurion and Healer","floor":30,"turns":6},{"damage":8,"enemies":"Slavers","floor":31,"turns":6},{"damage":46,"enemies":"Collector","floor":33,"turns":3}],"seed_played":"-8882846680911200268","potions_obtained":[{"floor":11.0,"key":"BlessingOfTheForge"},{"floor":14.0,"key":"DuplicationPotion"},{"floor":16.0,"key":"CultistPotion"},{"floor":18.0,"key":"SkillPotion"},{"floor":19.0,"key":"Dexterity Potion"},{"floor":23,"key":"SneckoOil"},{"floor":28,"key":"Weak Potion"}],"is_trial":false,"path_per_floor":["M","?","?","M","?","E","R","M","T","M","M","T","$","E","R","B",null,"M","?","?","M","M","M","M","T","T","R","M","E","M","E","R","B"],"character_chosen":"RobotSpaceExplorer","items_purchased":["DollysMirror","Anchor","Omamori"],"campfire_rested":3,"item_purchase_floors":[13,13,13],"current_hp_per_floor":[68,73,62,59,79,34,34,34,34,21,21,21,36,36,60,37,69,61,53,53,52,42,41,28,28,28,52,52,36,16,8,32,0,0],"gold":372,"neow_bonus":"HUNDRED_GOLD","is_daily":false,"chose_seed":false,"campfire_upgraded":1,"win_rate":0.0,"timestamp":1613787479,"path_taken":["M","?","?","M","?","E","R","M","T","?","M","?","$","E","R","BOSS","M","?","?","M","M","M","M","?","T","R","M","E","M","E","R","BOSS"],"items_purchased_type":["Relic","Relic","Relic"],"build_version":"2020-12-22","purchased_purges":0,"victory":false,"max_hp_per_floor":[75,80,80,80,80,80,80,80,80,80,80,80,80,80,80,80,80,80,80,80,80,80,80,80,80,80,80,80,80,80,80,80,80,80],"card_choices":[{"not_picked":["RobotSpaceExplorer:SwiftStep","RobotSpaceExplorer:Counterblock"],"picked":"RobotSpaceExplorer:GlueShot","floor":1.0},{"not_picked":["RobotSpaceExplorer:MiniDrones","RobotSpaceExplorer:GlueShot"],"picked":"RobotSpaceExplorer:PlasmaMissile","floor":4.0},{"not_picked":["RobotSpaceExplorer:TurboDodge","RobotSpaceExplorer:GlueSpray"],"picked":"RobotSpaceExplorer:Blaster","floor":6.0},{"not_picked":["RobotSpaceExplorer:Electroshield","RobotSpaceExplorer:StarDust"],"picked":"RobotSpaceExplorer:BigMissile","floor":8.0},{"not_picked":["RobotSpaceExplorer:Pulsar","RobotSpaceExplorer:SurgingStrike"],"picked":"RobotSpaceExplorer:StarLightning","floor":10.0},{"not_picked":["RobotSpaceExplorer:MetalStrike","RobotSpaceExplorer:ShockKick"],"picked":"RobotSpaceExplorer:GlueShot","floor":11.0},{"not_picked":["RobotSpaceExplorer:ToxicBomb","RobotSpaceExplorer:Pulsar"],"picked":"RobotSpaceExplorer:Asteroid","floor":14.0},{"not_picked":["RobotSpaceExplorer:HighVoltage","RobotSpaceExplorer:TrailblazerForm"],"picked":"RobotSpaceExplorer:ShockMissile","floor":16.0},{"not_picked":["RobotSpaceExplorer:FranticSearch","RobotSpaceExplorer:ToxicBomb"],"picked":"RobotSpaceExplorer:DoubleFind","floor":18.0},{"not_picked":["RobotSpaceExplorer:ShovelStrike","RobotSpaceExplorer:SlimeMissile"],"picked":"RobotSpaceExplorer:FrostMissile+1","floor":19.0},{"not_picked":["RobotSpaceExplorer:MiniDrones","RobotSpaceExplorer:ScrapMissile"],"picked":"RobotSpaceExplorer:ShockMissile","floor":21.0},{"not_picked":["RobotSpaceExplorer:ImprovisedAttack","RobotSpaceExplorer:StarDust","RobotSpaceExplorer:FreezingShield"],"picked":"SKIP","floor":22.0},{"not_picked":["RobotSpaceExplorer:SlimeMissile","RobotSpaceExplorer:MiniDrones"],"picked":"RobotSpaceExplorer:RigExplosive","floor":23},{"not_picked":["RobotSpaceExplorer:DoubleBlock","RobotSpaceExplorer:SurgingShield","RobotSpaceExplorer:GlueShot"],"picked":"SKIP","floor":24},{"not_picked":["RobotSpaceExplorer:ShovelStrike","RobotSpaceExplorer:FranticSearch","RobotSpaceExplorer:SwiftStep"],"picked":"SKIP","floor":28},{"not_picked":["RobotSpaceExplorer:Electroshield","RobotSpaceExplorer:SlimeMissile+1","RobotSpaceExplorer:SelfCleaning+1"],"picked":"SKIP","floor":29},{"not_picked":["RobotSpaceExplorer:FranticSearch","RobotSpaceExplorer:Jetpack"],"picked":"RobotSpaceExplorer:ScrapMissile+1","floor":30},{"not_picked":["RobotSpaceExplorer:Electropulse","RobotSpaceExplorer:FrostMissile"],"picked":"RobotSpaceExplorer:StarLightning","floor":31}],"player_experience":1329082,"relics_obtained":[{"floor":6.0,"key":"MealTicket"},{"floor":9.0,"key":"RobotSpaceExplorer:BottledGravity"},{"floor":12.0,"key":"War Paint"},{"floor":14.0,"key":"Juzu Bracelet"},{"floor":19.0,"key":"Red Mask"},{"floor":25,"key":"Bag of Marbles"},{"floor":26,"key":"Matryoshka"},{"floor":29,"key":"Potion Belt"},{"floor":29,"key":"Akabeko"},{"floor":31,"key":"Toxic Egg 2"},{"floor":31,"key":"Pen Nib"}],"event_choices":[{"damage_healed":0.0,"max_hp_gain":5.0,"max_hp_loss":0.0,"gold_gain":0.0,"event_name":"Big Fish","player_choice":"Donut","floor":2.0,"gold_loss":0.0,"damage_taken":0.0},{"damage_healed":0.0,"max_hp_gain":0.0,"max_hp_loss":0.0,"gold_gain":75.0,"event_name":"World of Goop","player_choice":"Gather Gold","floor":3.0,"gold_loss":0.0,"damage_taken":11.0},{"damage_healed":20.0,"max_hp_gain":0.0,"max_hp_loss":0.0,"gold_gain":0.0,"event_name":"The Cleric","player_choice":"Healed","floor":5.0,"gold_loss":35.0,"damage_taken":0.0},{"damage_healed":0.0,"max_hp_gain":0.0,"max_hp_loss":0.0,"gold_gain":0.0,"event_name":"Masked Bandits","player_choice":"Fought Bandits","floor":19.0,"gold_loss":0.0,"damage_taken":0.0},{"damage_healed":0.0,"max_hp_gain":0.0,"max_hp_loss":0.0,"gold_gain":0.0,"cards_transformed":["RobotSpaceExplorer:Defend","RobotSpaceExplorer:Strike"],"event_name":"Drug Dealer","player_choice":"Became Test Subject","floor":20.0,"gold_loss":0.0,"damage_taken":0.0,"cards_obtained":["RobotSpaceExplorer:ToxicBomb","RobotSpaceExplorer:GlueSpray"]}],"is_beta":false,"boss_relics":[{"not_picked":["RobotSpaceExplorer:Reprocessor","Empty Cage"],"picked":"Black Star"}],"items_purged_floors":[],"is_endless":false,"potions_floor_spawned":[11,14,16,18,19,23,28],"killed_by":"Collector","ascension_level":10}}