{"host":"956g3854xvs16zht","time":1613863954,"event":{"mods":["2.2 Compatiblity","AlwaysNeverKeys","Aspiration","BaseMod","BetterRewards","Card Forge","Colored Map","Colored Powertips","Custom Start","DeckTracker","Displayed Cursed Tome","Energized Spire","Evolution","Friendly Minions","Infinite Spire","Minty Spire (QoL Compilation)","Permanent Neow","Relic Filter","Relic Sorter","Shop Mod","Spicy Shops","StSLib","TheHero"],"gold_per_floor":[114,114,129,129,129,129,160,160,185,4,16,16,31,131,131,227,227,246,256,159,159,15,15,27,41,66,102,102,102],"floor_reached":28,"language":"ENG","playtime":1887,"items_purged":["Regret"],"score":227,"play_id":"e0bbd0e1-cb97-4ded-bc83-2bfd4cfc4819","local_time":"20210220183234","is_ascension_mode":true,"campfire_choices":[{"data":"animeID:NightEye","floor":6,"key":"SMITH"},{"data":"animeID:PresentMic","floor":8,"key":"SMITH"},{"data":"animeID:HowitzerImpact","floor":15,"key":"SMITH"},{"data":"animeID:EraserHead","floor":23,"key":"SMITH"}],"circlet_count":0,"master_deck":["animeID:Deku+1","animeID:Bakugo+1","animeID:Smash+1","animeID:Smash+1","animeID:Smash+1","animeID:Smash+1","animeID:DefendMH+1","animeID:DefendMH+1","animeID:DefendMH+1","animeID:DefendMH+1","infinitespire:UltimateForm+1","Capacitor+1","Capacitor+1","animeID:NightEye+1","animeID:PresentMic+1","animeID:HowitzerImpact+1","animeID:Momo","animeID:Momo","animeID:Rei","animeID:Eri","animeID:Muscular+1","animeID:Mina","animeID:Hatsume","animeID:EraserHead+1","animeID:DetroitDelaware","animeID:DelawareSmash"],"relics":["animeID:HeroCostume","Anvil of the Gods","Hammer of Thor","Seething Fire","EVO:Axolotl","infinitespire:Satchel","Pen Nib","MerchantsRug","infinitespire:ShieldingShard","aspiration:RitualStick","Medical Kit"],"acts_visited":["Exordium","TheCity"],"potions_floor_usage":[],"damage_taken":[{"damage":0,"enemies":"Jaw Worm","floor":1,"turns":3},{"damage":2,"enemies":"Small Slimes","floor":3,"turns":3},{"damage":25,"enemies":"Lagavulin","floor":7,"turns":10},{"damage":6,"enemies":"Cultist","floor":11,"turns":3},{"damage":0,"enemies":"Looter","floor":13,"turns":2},{"damage":28,"enemies":"Hexaghost","floor":16,"turns":10},{"damage":27,"enemies":"3 Byrds","floor":18,"turns":7},{"damage":15,"enemies":"Chosen","floor":19,"turns":6},{"damage":26,"enemies":"Centurion and Healer","floor":24,"turns":5},{"damage":22,"enemies":"Snecko","floor":25,"turns":5},{"damage":20,"enemies":"Gremlin Leader","floor":28,"turns":4}],"seed_played":"4998806655121595964","potions_obtained":[{"floor":7,"key":"AttackPotion"},{"floor":11,"key":"Swift Potion"},{"floor":13,"key":"SkillPotion"},{"floor":18,"key":"SkillPotion"}],"is_trial":false,"path_per_floor":["M","?","M","?","?","R","E","R","T","$","M","T","M","?","R","B",null,"M","M","$","?","$","R","M","M","T","$","E"],"character_chosen":"THE_HERO","items_purchased":["MerchantsRug","animeID:HowitzerImpact","animeID:Momo","animeID:Hatsume","Medical Kit","animeID:EraserHead"],"campfire_rested":0,"item_purchase_floors":[10,10,10,20,22,22],"current_hp_per_floor":[75,75,73,73,73,73,54,54,54,54,50,50,52,52,52,30,75,50,69,69,54,54,54,32,12,12,12,0,0],"gold":102,"neow_bonus":"NOSTALGIA","is_daily":false,"chose_seed":false,"campfire_upgraded":4,"win_rate":0.0,"timestamp":1613863954,"path_taken":["M","?","M","?","?","R","E","R","T","$","?","?","M","?","R","BOSS","M","?","?","?","$","R","M","M","T","$","E"],"items_purchased_type":["Relic","Card","Card","Card","Relic","Card"],"build_version":"2020-12-22","purchased_purges":1,"victory":false,"max_hp_per_floor":[75,75,75,75,75,75,75,75,75,75,75,75,75,75,75,75,75,75,75,75,75,75,75,75,75,75,75,75,75],"card_choices":[{"not_picked":["animeID:Cementoss","animeID:Himiko"],"picked":"animeID:NightEye","floor":1},{"not_picked":["animeID:Dabi","animeID:Mineta","animeID:Kurono"],"picked":"SKIP","floor":3},{"not_picked":["animeID:GranTorino","animeID:DetroitSmash"],"picked":"animeID:PresentMic","floor":7},{"not_picked":["animeID:Kirishima","animeID:Mineta"],"picked":"animeID:Momo","floor":11},{"not_picked":["animeID:Nomu","animeID:Aoyama"],"picked":"animeID:Rei","floor":13},{"not_picked":["animeID:AllMight","animeID:RedRiot"],"picked":"animeID:Eri","floor":16},{"not_picked":["animeID:Himiko","animeID:Mezo+1"],"picked":"animeID:Muscular+1","floor":18},{"not_picked":["animeID:Tsuyu+1","animeID:HighFive"],"picked":"animeID:Mina","floor":19},{"not_picked":["animeID:TodorokiShoto+1","animeID:Kendo"],"picked":"animeID:DetroitDelaware","floor":24},{"not_picked":["animeID:DetroitSmash","animeID:Cementoss"],"picked":"animeID:DelawareSmash","floor":25}],"player_experience":44624,"relics_obtained":[{"floor":7,"key":"Pen Nib"},{"floor":9,"key":"Toy Ornithopter"},{"floor":12,"key":"infinitespire:ShieldingShard"},{"floor":26,"key":"aspiration:VileToxins"}],"event_choices":[{"damage_healed":0,"gold_gain":0,"player_choice":"Leave","damage_taken":0,"max_hp_gain":0,"max_hp_loss":0,"event_name":"The Cleric","floor":2,"gold_loss":0},{"damage_healed":0,"gold_gain":0,"player_choice":"Box","damage_taken":0,"relics_obtained":["infinitespire:Satchel"],"max_hp_gain":0,"max_hp_loss":0,"event_name":"Big Fish","floor":5,"gold_loss":0,"cards_obtained":["Regret"]},{"damage_healed":0,"gold_gain":100,"player_choice":"Pray","damage_taken":0,"max_hp_gain":0,"max_hp_loss":0,"event_name":"Golden Shrine","floor":14,"gold_loss":0}],"is_beta":false,"boss_relics":[{"not_picked":["aspiration:SilentSkillbook","aspiration:FutureDiary","Cursed Key"]}],"items_purged_floors":[20],"is_endless":false,"potions_floor_spawned":[7,11,13,18,19],"killed_by":"Gremlin Leader","ascension_level":1}}