{"host":"k9oowrpcbuktvpbv","time":1613813706,"event":{"mods":["Act Like it!","BaseMod","CapriCore","Energized Spire","Gensokyo","GifTheSpireLib","Halation","Hallownest","Hubris","Koishi","Minty Spire (QoL Compilation)","Reimu??????","Relic Stats","Reliquary","Replay The Spire","StSLib","The Animator","The Immortal","The Senshi","The Wild Card","Yuyuko"],"gold_per_floor":[119,199,129,147,22,50,50,84,150,181,211,251,263,328,340,352,352,352],"floor_reached":16,"language":"ENG","playtime":750,"items_purged":[],"score":118,"play_id":"1baeea43-4abf-4713-8240-55fba80bf8a9","local_time":"20210220103506","is_ascension_mode":false,"campfire_choices":[{"floor":7,"key":"REST"},{"floor":15,"key":"REST"}],"circlet_count":0,"master_deck":["MokouMod:Strike","MokouMod:Strike","MokouMod:Strike","MokouMod:Strike","MokouMod:Strike","MokouMod:Defend","MokouMod:Defend+1","MokouMod:Defend","MokouMod:Defend","MokouMod:HeatSpark","MokouMod:FlareStarter+1","MokouMod:TemporalFireSeal","MokouMod:Fireball+1","MokouMod:RoaringFlare","MokouMod:FlareStarter+1"],"relics":["MokouMod:PhoenixFeather","reliquary:Spinner","MawBank","Regal Pillow","halation:BlackBeret","ReplayTheSpireMod:Shallot","Omamori"],"acts_visited":["Exordium"],"potions_floor_usage":[6,12,16,16],"damage_taken":[{"damage":1,"enemies":"Gensokyo:Python","floor":1,"turns":4},{"damage":0,"enemies":"Gensokyo:2_Kodama","floor":4,"turns":5},{"damage":106,"enemies":"Gensokyo:Mamizou","floor":6,"turns":20},{"damage":9,"enemies":"Gensokyo:Cirno","floor":8,"turns":6},{"damage":0,"enemies":"Gensokyo:Gryphon","floor":10,"turns":3},{"damage":0,"enemies":"Gensokyo:LivingMonolith","floor":11,"turns":3},{"damage":52,"enemies":"Gensokyo:Mamizou","floor":12,"turns":14},{"damage":85,"enemies":"Gensokyo:Kokoro","floor":16,"turns":16}],"seed_played":"-6293825401746869829","potions_obtained":[{"floor":1,"key":"Explosive Potion"},{"floor":4,"key":"LiquidMemories"},{"floor":11,"key":"EssenceOfSteel"},{"floor":12,"key":"Fire Potion"}],"is_trial":false,"path_per_floor":["M","?","?","M","COS","E","R","E","T","M","M","E","?","T","R","B"],"character_chosen":"MKU","items_purchased":[],"campfire_rested":2,"item_purchase_floors":[],"current_hp_per_floor":[74,74,74,74,74,18,40,31,31,31,31,1,1,1,38,0,0,0],"gold":352,"neow_bonus":"THREE_CARDS","is_daily":false,"chose_seed":false,"campfire_upgraded":0,"win_rate":0.0,"timestamp":1613813706,"path_taken":["M","?","?","M","COS","E","R","E","T","M","M","E","?","?","R","BOSS"],"items_purchased_type":[],"build_version":"2020-12-22","purchased_purges":0,"victory":false,"max_hp_per_floor":[75,75,75,75,75,75,75,75,75,75,75,75,75,75,75,75,75,75],"relic_stats":{"Regal Pillow":15,"counters":[8,71],"MawBank":96,"obtain_stats":[{"halation:BlackBeret":12,"Regal Pillow":9,"ReplayTheSpireMod:Shallot":12,"MokouMod:PhoenixFeather":0,"Omamori":14,"reliquary:Spinner":6,"MawBank":8},{"halation:BlackBeret":7,"Regal Pillow":4,"ReplayTheSpireMod:Shallot":7,"MokouMod:PhoenixFeather":0,"Omamori":7,"reliquary:Spinner":3,"MawBank":4},{"halation:BlackBeret":44,"Regal Pillow":35,"ReplayTheSpireMod:Shallot":55,"MokouMod:PhoenixFeather":0,"Omamori":55,"reliquary:Spinner":29,"MawBank":35}]},"card_choices":[{"not_picked":["MokouMod:Ember","MokouMod:FlickeringFlame"],"picked":"MokouMod:FlareStarter","floor":0},{"not_picked":["MokouMod:Burn","MokouMod:Ember"],"picked":"MokouMod:TemporalFireSeal","floor":1},{"not_picked":["MokouMod:ScorchedEarth","MokouMod:SubterraneanCore","MokouMod:UncontrollableSolarReaction"],"picked":"SKIP","floor":4},{"not_picked":["MokouMod:Combust+1","MokouMod:FujiyamaVolcano+1"],"picked":"MokouMod:Fireball+1","floor":6},{"not_picked":["MokouMod:ThermalPressure","MokouMod:FujiyamaVolcano","MokouMod:Combust"],"picked":"SKIP","floor":6},{"not_picked":["MokouMod:Extinguish","MokouMod:ResoluteFlare"],"picked":"MokouMod:RoaringFlare","floor":8},{"not_picked":["MokouMod:Wildfire","MokouMod:Meltdown","MokouMod:Scorch"],"picked":"SKIP","floor":10},{"not_picked":["MokouMod:UncontrollableSolarReaction","MokouMod:SearingShot"],"picked":"MokouMod:FlareStarter","floor":11},{"not_picked":["MokouMod:ScorchingColumn","MokouMod:FlamingFireTalons","MokouMod:InfernalWave"],"picked":"SKIP","floor":12}],"player_experience":177905,"relics_obtained":[{"floor":6,"key":"reliquary:Spinner"},{"floor":8,"key":"MawBank"},{"floor":9,"key":"Regal Pillow"},{"floor":12,"key":"ReplayTheSpireMod:Shallot"},{"floor":14,"key":"Omamori"}],"event_choices":[],"is_beta":false,"boss_relics":[],"items_purged_floors":[],"is_endless":false,"potions_floor_spawned":[1,4,11,12],"killed_by":"Gensokyo:Kokoro","ascension_level":0}}