{"host":"a4s27ghlnr83kbqz","time":1613794075,"event":{"mods":["AchievementEnabler","BaseMod","Colored Map","Minty Spire (QoL Compilation)","Permanent Neow","SuperFastMode"],"gold_per_floor":[110,185,135,135,159,199,199,220,266,266,284,298,311,21,21,112,112,126,126,12,12,35,35,49,67,117,151,151,171,171,190,190,283,283,304,204,204,184,207,207,251,251,276,299,337,337,337],"floor_reached":46,"language":"KOR","playtime":1447,"items_purged":["Strike_G","Strike_G"],"score":908,"play_id":"f794f9fc-6b32-4305-9300-ca7a83801a42","local_time":"20210220130755","is_ascension_mode":true,"campfire_choices":[{"data":"Neutralize","floor":7,"key":"SMITH"},{"data":"Bouncing Flask","floor":15,"key":"SMITH"},{"data":"Corpse Explosion","floor":23,"key":"SMITH"},{"floor":28,"key":"REST"},{"data":"Footwork","floor":30,"key":"SMITH"},{"data":"Footwork","floor":32,"key":"SMITH"},{"data":"Noxious Fumes","floor":40,"key":"SMITH"},{"data":"Tactician","floor":42,"key":"SMITH"}],"circlet_count":0,"master_deck":["AscendersBane","Strike_G","Defend_G","Defend_G","Defend_G","Defend_G","Defend_G","Survivor","Neutralize+1","Footwork+1","Quick Slash","PiercingWail","Corpse Explosion+1","Bouncing Flask+1","Die Die Die+1","Footwork+1","Cloak And Dagger+1","Blur+1","Escape Plan","Flechettes+1","Noxious Fumes+1","Tactician+1","Footwork","Finesse","Bandage Up","Dark Shackles","Acrobatics+1","Acrobatics"],"relics":["Ring of the Serpent","NeowsBlessing","Golden Idol","Strawberry","Oddly Smooth Stone","Question Card","Gambling Chip","Philosopher\u0027s Stone","Bag of Preparation","Matryoshka","StoneCalendar","Juzu Bracelet","Centennial Puzzle","MealTicket"],"acts_visited":["Exordium","TheCity","TheBeyond"],"potions_floor_usage":[11,27,27,31,45,46,46,46],"damage_taken":[{"damage":0,"enemies":"Small Slimes","floor":1,"turns":1},{"damage":0,"enemies":"Jaw Worm","floor":5,"turns":1},{"damage":0,"enemies":"Gremlin Nob","floor":6,"turns":1},{"damage":0,"enemies":"Cultist","floor":8,"turns":4},{"damage":23,"enemies":"Exordium Thugs","floor":11,"turns":7},{"damage":1,"enemies":"Blue Slaver","floor":12,"turns":5},{"damage":2,"enemies":"Red Slaver","floor":13,"turns":6},{"damage":10,"enemies":"Hexaghost","floor":16,"turns":10},{"damage":9,"enemies":"Shell Parasite","floor":18,"turns":7},{"damage":4,"enemies":"Chosen","floor":22,"turns":4},{"damage":4,"enemies":"Shelled Parasite and Fungi","floor":24,"turns":4},{"damage":12,"enemies":"Centurion and Healer","floor":25,"turns":4},{"damage":10,"enemies":"Gremlin Leader","floor":27,"turns":8},{"damage":4,"enemies":"Sentry and Sphere","floor":29,"turns":4},{"damage":0,"enemies":"3 Cultists","floor":31,"turns":2},{"damage":34,"enemies":"Automaton","floor":33,"turns":9},{"damage":13,"enemies":"Orb Walker","floor":35,"turns":4},{"damage":2,"enemies":"3 Shapes","floor":39,"turns":5},{"damage":12,"enemies":"Giant Head","floor":41,"turns":10},{"damage":7,"enemies":"Maw","floor":44,"turns":6},{"damage":19,"enemies":"Reptomancer","floor":45,"turns":6},{"damage":15,"enemies":"Jaw Worm Horde","floor":46,"turns":1}],"seed_played":"-8285793878793490771","potions_obtained":[{"floor":6,"key":"FearPotion"},{"floor":8,"key":"FearPotion"},{"floor":11,"key":"EssenceOfSteel"},{"floor":16,"key":"PowerPotion"},{"floor":22,"key":"DistilledChaos"},{"floor":27,"key":"SteroidPotion"},{"floor":31,"key":"Fruit Juice"},{"floor":38,"key":"SmokeBomb"},{"floor":39,"key":"Weak Potion"},{"floor":44,"key":"Poison Potion"},{"floor":45,"key":"EntropicBrew"}],"is_trial":false,"path_per_floor":["M","?","?","?","M","E","R","M","T","?","M","M","M","$","R","B",null,"M","?","$","?","M","R","M","M","T","E","R","M","R","M","R","B",null,"M","$","?","?","M","R","E","R","T","M","E","M"],"character_chosen":"THE_SILENT","items_purchased":["Gambling Chip","Footwork"],"campfire_rested":1,"item_purchase_floors":[14,20],"current_hp_per_floor":[63,52,52,52,52,59,59,59,59,56,33,32,30,30,30,20,59,50,50,50,50,46,46,42,30,30,20,41,37,37,42,42,8,60,47,47,37,37,39,39,31,31,31,28,13,0,0],"gold":337,"neow_bonus":"THREE_ENEMY_KILL","is_daily":false,"chose_seed":false,"campfire_upgraded":7,"win_rate":0.0,"timestamp":1613794075,"path_taken":["M","?","?","?","M","E","R","M","T","?","M","M","M","$","R","BOSS","M","?","$","?","M","R","?","M","T","E","R","M","R","M","R","BOSS","M","$","?","?","M","R","E","R","T","M","E","M"],"items_purchased_type":["Relic","Card"],"build_version":"2020-12-22","purchased_purges":2,"victory":false,"max_hp_per_floor":[70,70,70,65,65,72,72,72,72,72,72,72,72,72,72,72,72,72,72,72,72,72,72,72,72,72,72,72,72,72,77,77,77,77,77,77,77,77,77,77,77,77,77,77,77,77,77],"card_choices":[{"not_picked":["Outmaneuver","Acrobatics"],"picked":"Footwork","floor":1},{"not_picked":["Outmaneuver","Acrobatics","Tactician"],"picked":"SKIP","floor":5},{"not_picked":["Choke","Infinite Blades","Eviscerate"],"picked":"SKIP","floor":6},{"not_picked":["PiercingWail","Bane"],"picked":"Quick Slash","floor":8},{"not_picked":["Bane","Sucker Punch","Outmaneuver"],"picked":"PiercingWail","floor":11},{"not_picked":["Blade Dance","Backflip","Predator"],"picked":"Corpse Explosion","floor":12},{"not_picked":["Accuracy","Flying Knee","Underhanded Strike"],"picked":"Bouncing Flask","floor":13},{"not_picked":["Venomology","Malaise","Grand Finale"],"picked":"Die Die Die","floor":16},{"not_picked":["Poisoned Stab","Finisher","Outmaneuver+1","Endless Agony"],"picked":"SKIP","floor":18},{"not_picked":["Flechettes","Deflect","Underhanded Strike"],"picked":"Cloak And Dagger+1","floor":22},{"not_picked":["PiercingWail","Deadly Poison","Finisher"],"picked":"Blur+1","floor":24},{"not_picked":["Riddle With Holes","Dodge and Roll","Cloak And Dagger+1"],"picked":"Escape Plan","floor":25},{"not_picked":["Acrobatics","Slice+1","Expertise"],"picked":"Flechettes+1","floor":27},{"not_picked":["All Out Attack+1","Grand Finale","Expertise"],"picked":"Noxious Fumes","floor":29},{"not_picked":["Reflex","Blade Dance","Crippling Poison"],"picked":"Tactician","floor":31},{"not_picked":["Flying Knee+1","Poisoned Stab","Infinite Blades"],"picked":"Footwork","floor":35},{"not_picked":["Impatience","Dark Shackles","Bandage Up"],"picked":"Finesse","floor":37},{"not_picked":["Good Instincts","Impatience","Chrysalis"],"picked":"Bandage Up","floor":37},{"not_picked":["Secret Weapon","Good Instincts","Mayhem"],"picked":"Dark Shackles","floor":37},{"not_picked":["Flying Knee","Cloak And Dagger","Poisoned Stab+1","Sucker Punch"],"picked":"SKIP","floor":39},{"not_picked":["Prepared+1","Crippling Poison","Sucker Punch"],"picked":"Acrobatics+1","floor":41},{"not_picked":["Flechettes","Choke","Masterful Stab"],"picked":"Acrobatics","floor":44},{"not_picked":["Die Die Die","Setup+1","Outmaneuver","Terror"],"picked":"SKIP","floor":45}],"player_experience":1133084,"relics_obtained":[{"floor":6,"key":"Strawberry"},{"floor":9,"key":"Oddly Smooth Stone"},{"floor":26,"key":"Bag of Preparation"},{"floor":27,"key":"Matryoshka"},{"floor":41,"key":"StoneCalendar"},{"floor":43,"key":"Juzu Bracelet"},{"floor":43,"key":"Centennial Puzzle"},{"floor":45,"key":"MealTicket"}],"event_choices":[{"damage_healed":0,"gold_gain":75,"player_choice":"Gather Gold","damage_taken":11,"max_hp_gain":0,"max_hp_loss":0,"event_name":"World of Goop","floor":2,"gold_loss":0},{"cards_removed":["Strike_G"],"damage_healed":0,"gold_gain":0,"player_choice":"Card Removal","damage_taken":0,"max_hp_gain":0,"max_hp_loss":0,"event_name":"The Cleric","floor":3,"gold_loss":50},{"damage_healed":0,"gold_gain":0,"player_choice":"Lose Max HP","damage_taken":0,"relics_obtained":["Golden Idol"],"max_hp_gain":0,"max_hp_loss":5,"event_name":"Golden Idol","floor":4,"gold_loss":0},{"damage_healed":0,"gold_gain":0,"player_choice":"Success","damage_taken":3,"relics_obtained":["Question Card"],"max_hp_gain":0,"max_hp_loss":0,"event_name":"Scrap Ooze","floor":10,"gold_loss":0},{"cards_removed":["Strike_G"],"damage_healed":0,"gold_gain":0,"player_choice":"Elegance","damage_taken":0,"max_hp_gain":0,"max_hp_loss":0,"event_name":"Back to Basics","floor":19,"gold_loss":0},{"damage_healed":0,"gold_gain":0,"player_choice":"Upgraded","damage_taken":0,"max_hp_gain":0,"max_hp_loss":0,"event_name":"Upgrade Shrine","floor":21,"gold_loss":0,"cards_upgraded":["Die Die Die"]},{"damage_healed":0,"gold_gain":0,"player_choice":"Memory 3","damage_taken":10,"max_hp_gain":0,"max_hp_loss":0,"event_name":"SensoryStone","floor":37,"gold_loss":0},{"damage_healed":0,"gold_gain":0,"player_choice":"Bought 1 Potion","damage_taken":0,"max_hp_gain":0,"max_hp_loss":0,"event_name":"The Woman in Blue","floor":38,"gold_loss":0}],"is_beta":false,"boss_relics":[{"not_picked":["Fusion Hammer","SacredBark"],"picked":"Philosopher\u0027s Stone"},{"not_picked":["Tiny House","Runic Dome"],"picked":"Ring of the Serpent"}],"items_purged_floors":[20,36],"is_endless":false,"potions_floor_spawned":[6,8,11,12,16,22,27,31,39,44,45],"killed_by":"Jaw Worm Horde","ascension_level":13}}