{"host":"bakf0s4odzu8z5xt","time":1613859785,"event":{"mods":["2.2 Compatiblity","BaseMod","Downfall","Friendly Minions","Minty Spire (QoL Compilation)","StSLib"],"gold_per_floor":[99,111,127,140,140,150,150,168,68,80,80,109,109,19,34,137,137,137,150,165,165,165,165,216,101,117,28,56,90,90,125,156,272,284,196,221,247,276,288,320,408,320,29,63,74,74,124,156,175,175,175,208,14,14,14,14],"floor_reached":57,"language":"ENG","playtime":4806,"items_purged":["bronze:Strike","bronze:Strike","bronze:Strike","bronze:WhirlingStrike+1"],"score":1649,"play_id":"f704d1ef-6cde-4a35-beea-b157d3bf9600","local_time":"20210220162305","is_ascension_mode":true,"campfire_choices":[{"floor":1.0,"key":"RECALL"},{"data":"bronze:WhirlingStrike","floor":9.0,"key":"SMITH"},{"floor":11.0,"key":"REST"},{"floor":13.0,"key":"REST"},{"data":"bronze:Goto","floor":18.0,"key":"SMITH"},{"data":"bronze:Return","floor":23.0,"key":"SMITH"},{"data":"bronze:Constructor","floor":30,"key":"SMITH"},{"data":"bronze:Mutator","floor":35,"key":"SMITH"},{"floor":42,"key":"REST"},{"data":"bronze:Hardcode","floor":46,"key":"SMITH"},{"data":"bronze:ClassDefault","floor":54,"key":"SMITH"}],"circlet_count":0,"master_deck":["bronze:Defend","bronze:Defend","bronze:Defend","bronze:Defend","bronze:Replicate","bronze:Goto+1","bronze:Constructor+1","bronze:Frontload","bronze:Verify","bronze:Return+1","bronze:Frontload","bronze:BitShift+1","bronze:ItsAFeature+1","bronze:Mutator+1","bronze:FineTuning+1","bronze:Fortify+1","bronze:MaxOutput+1","bronze:ClassDefault+1","bronze:Frontload+1","bronze:FunctionCard","bronze:Terminator","bronze:BugBarrage","bronze:Shell+1","bronze:FunctionCard","bronze:Refactor"],"relics":["bronze:PlatinumCore","Bronze Scales","Gremlin Horn","downfall:HeartBlessingRed","WingedGreaves","bronze:MakeshiftBattery","MutagenicStrength","Nunchaku","bronze:Mallet","Ginger","Question Card","MawBank","downfall:HeartBlessingGreen","downfall:HeartBlessingBlue","Guardian:BottledAnomaly","Art of War","Mango","Orichalcum","hexamod:CandleOfCauterizing","DollysMirror"],"acts_visited":["Exordium","TheCity","TheBeyond","TheEnding"],"potions_floor_usage":[36,56,56],"damage_taken":[{"damage":1.0,"enemies":"Cultist","floor":2.0,"turns":3.0},{"damage":7.0,"enemies":"Jaw Worm","floor":3.0,"turns":2.0},{"damage":0.0,"enemies":"Small Slimes","floor":4.0,"turns":2.0},{"damage":15.0,"enemies":"Exordium Thugs","floor":6.0,"turns":3.0},{"damage":0.0,"enemies":"2 Fungi Beasts","floor":8.0,"turns":2.0},{"damage":13.0,"enemies":"Blue Slaver","floor":10.0,"turns":2.0},{"damage":30.0,"enemies":"Lagavulin","floor":12.0,"turns":5.0},{"damage":5.0,"enemies":"downfall:FleeingMerchant","floor":14.0,"turns":4.0},{"damage":6.0,"enemies":"Exordium Wildlife","floor":15.0,"turns":2.0},{"damage":28.0,"enemies":"DF_ARCHETYPE_STREAMLINE","floor":16.0,"turns":10.0},{"damage":5.0,"enemies":"downfall:LooterAlt2","floor":19.0,"turns":3.0},{"damage":6.0,"enemies":"Shell Parasite","floor":20.0,"turns":3.0},{"damage":0.0,"enemies":"downfall:FleeingMerchant","floor":25.0,"turns":4.0},{"damage":6.0,"enemies":"Cultist and Chosen","floor":26.0,"turns":6.0},{"damage":0.0,"enemies":"downfall:FleeingMerchant","floor":27.0,"turns":4.0},{"damage":0.0,"enemies":"Slavers","floor":28.0,"turns":2.0},{"damage":0,"enemies":"Book of Stabbing","floor":29,"turns":2},{"damage":0,"enemies":"Slavers","floor":31,"turns":3},{"damage":0,"enemies":"Chosen and Byrds","floor":32,"turns":3},{"damage":0,"enemies":"WA_ARCHETYPE_CALM","floor":33,"turns":5},{"damage":3,"enemies":"Orb Walker","floor":36,"turns":5},{"damage":0,"enemies":"3 Darklings","floor":37,"turns":1},{"damage":13,"enemies":"Jaw Worm Horde","floor":38,"turns":3},{"damage":35,"enemies":"Transient","floor":40,"turns":5},{"damage":0,"enemies":"Nemesis","floor":44,"turns":3},{"damage":0,"enemies":"Sphere and 2 Shapes","floor":45,"turns":4},{"damage":4,"enemies":"Sphere and 2 Shapes","floor":47,"turns":5},{"damage":0,"enemies":"Giant Head","floor":48,"turns":5},{"damage":0,"enemies":"Spire Growth","floor":49,"turns":5},{"damage":5,"enemies":"IC_BLOCK_ARCHETYPE","floor":50,"turns":4},{"damage":5,"enemies":"downfall:CharBossMerchant","floor":52,"turns":5},{"damage":0,"enemies":"downfall:NeowBoss","floor":55,"turns":8},{"damage":21,"enemies":"downfall:NeowBossFinal","floor":56,"turns":4}],"seed_played":"-2688387118799854528","potions_obtained":[{"floor":2.0,"key":"AttackPotion"},{"floor":10.0,"key":"hexamod:SoulburnPotion"},{"floor":12.0,"key":"Explosive Potion"},{"floor":15.0,"key":"PowerPotion"},{"floor":26.0,"key":"Explosive Potion"},{"floor":29,"key":"Block Potion"},{"floor":31,"key":"Dexterity Potion"},{"floor":33,"key":"LiquidBronze"},{"floor":37,"key":"PowerPotion"},{"floor":44,"key":"SteroidPotion"},{"floor":49,"key":"SteroidPotion"},{"floor":52,"key":"LiquidMemories"}],"is_trial":false,"path_per_floor":["R","M","M","M","?","M","T","M","R","M","R","E","R","$","M","B",null,"R","M","M","?","?","R","T","$","M","$","E","E","R","E","M","B",null,"R","M","M","M","?","M","T","R","$","E","M","R","?","E","M","B",null,"E","$","R","B","B",null],"character_chosen":"THE_AUTOMATON","items_purchased":["bronze:Mallet","Guardian:BottledAnomaly","DollysMirror","bronze:Refactor"],"campfire_rested":3,"item_purchase_floors":[27,43,53,53],"current_hp_per_floor":[70,69,62,62,62,47,47,47,47,34,55,25,46,41,35,7,70,70,65,59,59,59,59,59,59,53,53,53,53,53,53,53,53,70,70,67,67,54,54,19,19,53,53,53,53,53,63,63,63,58,94,89,89,89,89,68],"gold":14,"neow_bonus":"RANDOM_COMMON_RELIC","is_daily":false,"chose_seed":false,"campfire_upgraded":7,"win_rate":0.0,"timestamp":1613859785,"path_taken":["R","M","M","M","?","M","T","M","R","?","R","E","R","$","M","BOSS","R","M","M","?","?","R","T","$","M","$","E","E","R","E","M","BOSS","R","M","M","M","?","M","T","R","?","E","M","R","?","E","M","BOSS","E","$","R","BOSS","BOSS"],"items_purchased_type":["Relic","Relic","Relic","Card"],"build_version":"2020-12-22","purchased_purges":4,"victory":true,"max_hp_per_floor":[70,70,70,70,70,70,70,70,70,70,70,70,70,70,70,70,70,70,70,70,70,70,70,70,70,70,70,70,70,70,70,70,70,70,70,70,70,70,70,70,70,80,80,80,80,80,94,94,94,94,94,94,94,94,94,94],"card_choices":[{"not_picked":["bronze:Repulsor","bronze:FineTuning"],"picked":"bronze:WhirlingStrike","floor":2.0},{"not_picked":["bronze:Overload","bronze:Turbo"],"picked":"bronze:ChosenStrike","floor":3.0},{"not_picked":["bronze:BuggyMess","bronze:FindAndReplace","bronze:DelayedGuard"],"picked":"SKIP","floor":4.0},{"not_picked":["bronze:Turbo","bronze:DelayedSlice"],"picked":"bronze:Iterate","floor":6.0},{"not_picked":["bronze:Separator","bronze:Repulsor"],"picked":"bronze:Iterate","floor":8.0},{"not_picked":["bronze:DelayedGuard","bronze:WhirlingStrike"],"picked":"bronze:Constructor","floor":10.0},{"not_picked":["bronze:ItsAFeature","bronze:ChosenStrike","bronze:Backtrace"],"picked":"SKIP","floor":12.0},{"not_picked":["bronze:DelayedSlice","bronze:Overheat","bronze:DarkDash"],"picked":"SKIP","floor":14.0},{"not_picked":["bronze:ItsAFeature","bronze:NullPointer"],"picked":"bronze:Frontload","floor":15.0},{"not_picked":["bronze:RecursiveStrike","bronze:TinkerersToolbox"],"picked":"bronze:Verify","floor":16.0},{"not_picked":["bronze:Frontload","bronze:BuggyMess+1","bronze:BronzeArmor"],"picked":"SKIP","floor":19.0},{"not_picked":["bronze:Fortify","bronze:Overheat"],"picked":"bronze:Return","floor":20.0},{"not_picked":["bronze:BuggyMess","bronze:WhirlingStrike"],"picked":"bronze:Frontload","floor":25.0},{"not_picked":["bronze:CloningBeam","bronze:Invalidate"],"picked":"bronze:BitShift+1","floor":26.0},{"not_picked":["bronze:DigitalCarnage+1","bronze:ForceShield","bronze:Safeguard"],"picked":"SKIP","floor":27.0},{"not_picked":["bronze:NullPointer","bronze:ClassDefault","bronze:InfiniteBeams"],"picked":"SKIP","floor":28.0},{"not_picked":["bronze:Separator","bronze:Overload","bronze:CloningBeam"],"picked":"SKIP","floor":29},{"not_picked":["bronze:Format","bronze:BitShift","bronze:MaxOutput"],"picked":"bronze:ItsAFeature+1","floor":31},{"not_picked":["bronze:OilSpill","bronze:ForceShield","bronze:ForLoop","bronze:WildBeam"],"picked":"SKIP","floor":32},{"not_picked":["bronze:CleanCode","bronze:SpaghettiCode","bronze:ThunderWave"],"picked":"bronze:Mutator","floor":33},{"not_picked":["bronze:BugBarrage","bronze:Branch","bronze:DelayedGuard"],"picked":"bronze:FineTuning+1","floor":36},{"not_picked":["bronze:Overheat","bronze:Shield","bronze:FineTuning"],"picked":"bronze:Fortify+1","floor":37},{"not_picked":["bronze:Backtrace","bronze:BronzeArmor+1","bronze:Overheat"],"picked":"bronze:MaxOutput","floor":38},{"not_picked":["bronze:FineTuning","bronze:Separator","bronze:BronzeOrb+1"],"picked":"bronze:ClassDefault","floor":40},{"not_picked":["bronze:Optimize","bronze:BronzeArmor+1","bronze:NullPointer"],"picked":"bronze:Frontload+1","floor":44},{"not_picked":["bronze:Constructor+1","bronze:Frontload","bronze:Terminator"],"picked":"bronze:Hardcode","floor":45},{"not_picked":["bronze:ItsAFeature","bronze:DelayedSlice+1","bronze:Iterate"],"picked":"bronze:Terminator","floor":47},{"not_picked":["bronze:Fortify+1","bronze:DelayedGuard","bronze:Deprecate+1","bronze:GetLatest+1"],"picked":"SKIP","floor":48},{"not_picked":["bronze:Overheat","bronze:Branch","bronze:Deprecate"],"picked":"bronze:BugBarrage","floor":49},{"not_picked":["bronze:CutThrough","bronze:HardenedForm","bronze:BuggyMess+1"],"picked":"bronze:Shell+1","floor":52}],"player_experience":2240507,"relics_obtained":[{"floor":7.0,"key":"Gremlin Horn"},{"floor":12.0,"key":"WingedGreaves"},{"floor":24.0,"key":"Nunchaku"},{"floor":28.0,"key":"Ginger"},{"floor":29,"key":"Question Card"},{"floor":31,"key":"MawBank"},{"floor":44,"key":"Art of War"},{"floor":47,"key":"Mango"},{"floor":48,"key":"Orichalcum"},{"floor":52,"key":"hexamod:CandleOfCauterizing"}],"event_choices":[{"damage_healed":0.0,"max_hp_gain":0.0,"max_hp_loss":0.0,"gold_gain":0.0,"event_name":"Drug Dealer","player_choice":"Inject Mutagens","floor":22.0,"gold_loss":0.0,"damage_taken":0.0,"relics_obtained":["MutagenicStrength"]}],"is_beta":false,"boss_relics":[{"not_picked":["expansioncontent:StudyCardRelic","Black Star"],"picked":"bronze:MakeshiftBattery"},{"not_picked":["Fusion Hammer","Philosopher\u0027s Stone"],"picked":"bronze:PlatinumCore"}],"items_purged_floors":[14,25,27,43],"is_endless":false,"potions_floor_spawned":[2,10,12,15,26,29,31,33,37,38,44,49,52],"ascension_level":4}}