{"host":"afy7f4cwlzlk9d39","time":1613813744,"event":{"mods":["Act Like it!","BaseMod","Colored Powertips","Energized Spire","Koishi","Minty Spire (QoL Compilation)","Pale of the Ancients","Quick Restart","Reliquary","Remove Card Discount Mod","Replay The Spire","StSLib","°æπ¶ƒ‹Mod°øªÏ„Á÷Æª∑–ﬁ∏¥≤π∂°","°æ“≈ŒÔø®≈∆°øREMEMod"],"gold_per_floor":[112,130,130,130,61,61,89,99,126,126,226,238,207,236,236,334,334,344,356,79,79,75,106,28,40,40,69,69,69,84,118,118,222,222,232,232,248,339,357,383,383,414,489,539,566,581,192,208,208,148,23,39,39,89,176,176,176,83,83,63,63],"floor_reached":60,"language":"ZHS","playtime":2624,"items_purged":["Koishi:BasicStrike","Koishi:BasicStrike","Koishi:BasicDefend","Koishi:BasicStrike","Koishi:BasicDefend","Koishi:BasicDefend","Koishi:EmbersOfLove","Voices","Koishi:BasicStrike","Koishi:HauntingSlash","Koishi:BasicDefend","Koishi:Provoke"],"score":1196,"play_id":"78874be9-3246-4673-91f9-1056a95957bb","local_time":"20210220173544","is_ascension_mode":true,"campfire_choices":[{"data":"Koishi:MassHysteria","floor":6.0,"key":"SMITH"},{"data":"Koishi:SubterraneanRose","floor":10.0,"key":"SMITH"},{"floor":15,"key":"REST"},{"data":"Koishi:SubconsciousSweep","floor":29,"key":"SMITH"},{"data":"Koishi:IdleWhim","floor":32,"key":"SMITH"},{"data":"Koishi:SubterraneanRose","floor":41,"key":"SMITH"},{"data":"Koishi:HeartAttack","floor":49,"key":"SMITH"},{"floor":57,"key":"DIG"}],"circlet_count":0,"master_deck":["Koishi:MassHysteria+1","Koishi:EmbersOfLove","Koishi:SubterraneanRose+1","Koishi:EmbersOfLove","Koishi:ReflexRadar","Koishi:SubconsciousSweep","Koishi:IdleWhim+1","Koishi:UnconsciousUprising","Koishi:SubconsciousSweep+1","Koishi:MassHysteria","Koishi:PhilosophyOfTheDespised+1","Koishi:PhantomBarrier","Koishi:HeartAttack+1","Koishi:GrowingPain+1","Koishi:VengefulSpirit+1","Koishi:UnconsciousUprising+1","Koishi:ReflexRadar","Koishi:JumpScare","Koishi:SubterraneanRose+1","Koishi:RorschachInDanmaku+1","Koishi:JumpScare+1","Koishi:MassHysteria+1","Koishi:MassHysteria+1","Koishi:HeartAttack+1","Koishi:HeartAttack+1","Koishi:RorschachInDanmaku","Koishi:SubterraneanRose+1","Replay:BasicMightCard+1"],"relics":["Koishi:ImaginaryFriend","REME_ComplimentaryCards","reliquary:RosewoodLute","Anchor","Pondfish Scales","reliquary:WritOfMandamus","Blood Vial","Ring of Searing","Ring of Fangs","Golden Egg","Divine Protection","reliquary:SilkGlove","Red Mask","reliquary:ThirdArm","Pantograph","Bottled Tornado","StoneCalendar","Replay:Multitool","reliquary:Boomerang","REME_OnlineShoppingPlatform","paleoftheancients:Timepiece","Spirit Poop","paleoftheancients:SoulOfTheWokeBloke","reliquary:Stiletto","Orichalcum"],"acts_visited":["Exordium","TheCity","TheBeyond","paleoftheancients:PaleOfTheAncients"],"potions_floor_usage":[14,16,25,33,45,50,50,50,51,51,51,51,51,51,51,60],"damage_taken":[{"damage":6.0,"enemies":"Jaw Worm","floor":1.0,"turns":4.0},{"damage":5.0,"enemies":"Small Slimes","floor":2.0,"turns":4.0},{"damage":31.0,"enemies":"Lagavulin","floor":7.0,"turns":12.0},{"damage":1.0,"enemies":"Cultist","floor":8.0,"turns":4.0},{"damage":0.0,"enemies":"2 Fungi Beasts","floor":12.0,"turns":2.0},{"damage":19,"enemies":"Gremlin Nob","floor":14,"turns":4},{"damage":20,"enemies":"Hexaghost","floor":16,"turns":11},{"damage":10,"enemies":"Shell Parasite","floor":18,"turns":6},{"damage":3,"enemies":"Chosen","floor":19,"turns":5},{"damage":10,"enemies":"Gremlin Leader","floor":23,"turns":5},{"damage":5,"enemies":"Centurion and Healer","floor":25,"turns":2},{"damage":0,"enemies":"Book of Stabbing","floor":27,"turns":4},{"damage":0,"enemies":"3 Cultists","floor":30,"turns":2},{"damage":0,"enemies":"Masked Bandits","floor":31,"turns":2},{"damage":19,"enemies":"Automaton","floor":33,"turns":6},{"damage":2,"enemies":"Orb Walker","floor":35,"turns":3},{"damage":2,"enemies":"3 Darklings","floor":37,"turns":3},{"damage":0,"enemies":"Sphere and 2 Shapes","floor":39,"turns":2},{"damage":0,"enemies":"Reptomancer","floor":40,"turns":5},{"damage":7,"enemies":"Giant Head","floor":42,"turns":6},{"damage":7,"enemies":"Mind Bloom Boss Battle","floor":44,"turns":4},{"damage":3,"enemies":"Reptomancer","floor":45,"turns":3},{"damage":26,"enemies":"Writhing Mass","floor":46,"turns":4},{"damage":0,"enemies":"4 Shapes","floor":48,"turns":3},{"damage":20,"enemies":"Awakened One","floor":50,"turns":7},{"damage":23,"enemies":"Awakened One","floor":51,"turns":5},{"damage":28,"enemies":"Awakened One","floor":52,"turns":4},{"damage":71,"enemies":"Awakened One","floor":56,"turns":10},{"damage":64,"enemies":"paleoftheancients:N","floor":60,"turns":6}],"seed_played":"-3432852848659961858","potions_obtained":[{"floor":1.0,"key":"Energy Potion"},{"floor":7.0,"key":"Elixir"},{"floor":12.0,"key":"Weak Potion"},{"floor":14,"key":"REME_GoldPotion"},{"floor":18,"key":"Elixir"},{"floor":19,"key":"ColorlessPotion"},{"floor":33,"key":"Dexterity Potion"},{"floor":37,"key":"Adrenaline Potion"}],"is_trial":false,"path_per_floor":["M","M","?","?","$","R","E","M","T","R","?","M","?","E","R","B",null,"M","M","$","?","$","E","$","M","T","E","T","R","M","?","R","B",null,"M","?","M","?","M","E","R","E","T","?","E","M","$","M","R","B","M","M","?","T","R","M","R","$","?","B"],"character_chosen":"KOISHI","items_purchased":["Koishi:EmbersOfLove","Koishi:UnconsciousUprising","Koishi:SubconsciousSweep","Blood Vial","AttackPotion","Koishi:PhilosophyOfTheDespised","reliquary:Boomerang","Koishi:HeartAttack","REME_OnlineShoppingPlatform","Replay:BasicMightCard"],"campfire_rested":1,"item_purchase_floors":[5,20,20,20,20,24,47,47,47,58],"current_hp_per_floor":[56,52,45,45,45,45,20,21,21,21,21,21,21,4,22,5,60,53,52,52,52,52,44,44,42,42,44,44,44,47,49,49,32,60,58,57,55,33,37,43,43,41,41,56,54,37,37,45,45,62,54,51,51,51,51,62,62,62,62,0,0],"gold":63,"neow_bonus":"THREE_CARDS","is_daily":false,"chose_seed":false,"campfire_upgraded":6,"win_rate":0.0,"timestamp":1613813744,"path_taken":["M","M","?","?","$","R","E","?","T","R","?","?","?","E","R","BOSS","M","M","$","?","$","E","$","M","T","E","?","R","M","?","R","BOSS","M","?","M","?","?","E","R","E","T","?","E","M","$","M","R","BOSS","M","M","?","T","R","M","R","$","?","BOSS"],"items_purchased_type":["Card","Card","Card","Relic","Potion","Card","Relic","Card","Relic","Card"],"build_version":"2020-12-22","purchased_purges":12,"victory":false,"max_hp_per_floor":[60,60,60,60,60,60,60,60,60,60,60,60,60,60,60,60,60,60,60,60,60,60,60,60,60,60,60,60,60,60,60,60,60,60,60,57,57,57,57,57,57,57,57,57,57,57,57,57,57,62,62,62,62,62,62,62,62,62,62,62,62],"card_choices":[{"not_picked":["Koishi:Jaunt","Koishi:SubconsciousSweep"],"picked":"Koishi:MassHysteria","floor":0.0},{"not_picked":["Koishi:ParalyzingFear","Koishi:UnansweredLove"],"picked":"Koishi:EmbersOfLove","floor":1.0},{"not_picked":["Koishi:PhantomBarrier","Koishi:FidgetySnatcher"],"picked":"Koishi:SubterraneanRose","floor":2.0},{"not_picked":["Koishi:YoukaiPolygraph","Koishi:Bloodlust","Koishi:SilentAndRestless"],"picked":"SKIP","floor":7.0},{"not_picked":["Koishi:YoukaiPolygraph","Koishi:PhantomStrike"],"picked":"Koishi:ReflexRadar","floor":8.0},{"not_picked":["Koishi:PredatoryInstincts","Koishi:PhantomStrike"],"picked":"Koishi:SubconsciousSweep","floor":12.0},{"not_picked":["Koishi:FourthEye","Koishi:Jaunt","Koishi:ParalyzingFear"],"picked":"SKIP","floor":14},{"not_picked":["Koishi:EmbersOfLove","Koishi:HeartfeltFancy"],"picked":"Koishi:IdleWhim","floor":18},{"not_picked":["Koishi:Jaunt","Koishi:UnansweredLove","Koishi:Whimsy"],"picked":"SKIP","floor":19},{"not_picked":["Koishi:DreadfulBlow","Koishi:MindStellarRelief"],"picked":"Koishi:MassHysteria","floor":23},{"not_picked":["Koishi:Possession","Koishi:ApparitionsStalkTheNight","Koishi:StingingMind"],"picked":"SKIP","floor":25},{"not_picked":["Koishi:ConditionedTeleport","Koishi:SpiritedAway"],"picked":"Koishi:PhantomBarrier","floor":27},{"not_picked":["Koishi:SubterraneanRose","Koishi:EmbersOfLove"],"picked":"Koishi:HeartAttack+1","floor":30},{"not_picked":["Koishi:FormlessExistence","Koishi:PerfectMindControl"],"picked":"Koishi:GrowingPain","floor":33},{"not_picked":["Koishi:PhilosophyOfTheDespised","Koishi:EmbryosDream"],"picked":"Koishi:VengefulSpirit+1","floor":35},{"not_picked":["Koishi:Jaunt","Koishi:FleetingPhantom+1"],"picked":"Koishi:UnconsciousUprising+1","floor":37},{"not_picked":["Koishi:PhantomStrike+1","Koishi:Prune"],"picked":"Koishi:ReflexRadar","floor":38},{"not_picked":["Koishi:CatchAndRose+1","Koishi:EmbryosDream"],"picked":"Koishi:JumpScare","floor":38},{"not_picked":["Koishi:BramblyRoseGarden","Koishi:PredatoryInstincts+1"],"picked":"Koishi:SubterraneanRose","floor":38},{"not_picked":["Koishi:TraumaticStroke+1","Koishi:RuptureMind","Koishi:MindNumbingTerror+1"],"picked":"SKIP","floor":39},{"not_picked":["Koishi:DreadfulBlow+1","Koishi:ApparitionsStalkTheNight"],"picked":"Koishi:RorschachInDanmaku+1","floor":40},{"not_picked":["Koishi:Jaunt","Koishi:EmbryosDream+1"],"picked":"Koishi:JumpScare+1","floor":42},{"not_picked":["Koishi:Prune+1","Koishi:VengefulSpirit"],"picked":"Koishi:MassHysteria+1","floor":45},{"not_picked":["Koishi:PhantomStrike","Koishi:MindStellarRelief"],"picked":"Koishi:MassHysteria+1","floor":46},{"not_picked":["Koishi:RacingHeart+1","Koishi:Whimsy"],"picked":"Koishi:HeartAttack","floor":48},{"not_picked":["Koishi:GhostParty+1","Koishi:EmbersOfLove"],"picked":"Koishi:RorschachInDanmaku","floor":51},{"not_picked":["Koishi:TremblingHands+1","Koishi:RacingHeart"],"picked":"Koishi:SubterraneanRose+1","floor":52}],"player_experience":213355,"relics_obtained":[{"floor":7.0,"key":"reliquary:RosewoodLute"},{"floor":9.0,"key":"Anchor"},{"floor":14,"key":"Pondfish Scales"},{"floor":21,"key":"Ring of Searing"},{"floor":21,"key":"Ring of Fangs"},{"floor":23,"key":"Golden Egg"},{"floor":26,"key":"Divine Protection"},{"floor":27,"key":"reliquary:SilkGlove"},{"floor":31,"key":"Red Mask"},{"floor":42,"key":"Pantograph"},{"floor":43,"key":"Bottled Tornado"},{"floor":44,"key":"StoneCalendar"},{"floor":45,"key":"Replay:Multitool"},{"floor":51,"key":"paleoftheancients:SoulOfTheWokeBloke"},{"floor":52,"key":"paleoftheancients:SoulOfTheGuardian"},{"floor":54,"key":"reliquary:Stiletto"},{"floor":57,"key":"Orichalcum"}],"event_choices":[{"cards_removed":["Koishi:BasicStrike"],"damage_healed":0.0,"max_hp_gain":0.0,"max_hp_loss":0.0,"gold_gain":0.0,"event_name":"Purifier","player_choice":"Purged","floor":4.0,"gold_loss":0.0,"damage_taken":0.0},{"damage_healed":0.0,"max_hp_gain":0.0,"max_hp_loss":0.0,"gold_gain":100.0,"event_name":"Golden Shrine","player_choice":"Pray","floor":11.0,"gold_loss":0.0,"damage_taken":0.0},{"damage_healed":0.0,"max_hp_gain":0.0,"max_hp_loss":0.0,"gold_gain":0.0,"event_name":"World of Goop","player_choice":"Left Gold","floor":13.0,"gold_loss":31.0,"damage_taken":0.0},{"damage_healed":0,"gold_gain":0,"player_choice":"Fought Bandits","damage_taken":0,"max_hp_gain":0,"max_hp_loss":0,"event_name":"Masked Bandits","floor":31,"gold_loss":0},{"damage_healed":0,"gold_gain":0,"player_choice":"Max HP","damage_taken":0,"max_hp_gain":0,"max_hp_loss":3,"event_name":"Winding Halls","floor":36,"gold_loss":0},{"damage_healed":0,"gold_gain":0,"player_choice":"Fight","damage_taken":0,"max_hp_gain":0,"max_hp_loss":0,"event_name":"MindBloom","floor":44,"gold_loss":0},{"damage_healed":0,"gold_gain":0,"player_choice":"Got Potions","damage_taken":0,"max_hp_gain":0,"max_hp_loss":0,"event_name":"Lab","floor":53,"gold_loss":0}],"is_beta":false,"boss_relics":[{"not_picked":["REME_DemonsWealth","Kintsugi"],"picked":"reliquary:WritOfMandamus"},{"not_picked":["energizedSpire:SpiderWeb","reliquary:RedPaperclip"],"picked":"reliquary:ThirdArm"}],"items_purged_floors":[5,5,5,5,20,20,20,22,22,47,47,47],"is_endless":false,"potions_floor_spawned":[1,7,12,14,18,19,33,37,44,46,48,52],"killed_by":"paleoftheancients:N","ascension_level":1}}