{"host":"4eao2pkwlmv012cz","time":1613794968,"event":{"mods":["BaseMod","Bestiary","Bossed Relics","Colored Powertips","Minty Spire (QoL Compilation)","Permanent Neow","Quick Restart","Random Character Button","StSLib"],"gold_per_floor":[111,122,122,197,210,210,234,272,295,40,64,64,64,64],"floor_reached":13,"language":"ENG","playtime":350,"items_purged":["Normality"],"score":170,"play_id":"d2d12deb-1dbc-4c2c-9143-f537d305df8e","local_time":"20210219232248","is_ascension_mode":true,"campfire_choices":[{"data":"Rainbow","floor":6,"key":"SMITH"},{"floor":12,"key":"REST"}],"circlet_count":0,"master_deck":["AscendersBane","Strike_B","Strike_B","Strike_B","Strike_B","Defend_B","Defend_B+1","Defend_B","Defend_B","Zap","Dualcast","Rainbow+1","Cold Snap","Conserve Battery","Injury","Compile Driver","Reinforced Body+1","Chill","Fission","Glacier"],"relics":["Cracked Core","Golden Idol","PreservedInsect","War Paint"],"acts_visited":["Exordium"],"potions_floor_usage":[8,8],"damage_taken":[{"damage":0,"enemies":"Cultist","floor":1,"turns":3},{"damage":5,"enemies":"Jaw Worm","floor":2,"turns":4},{"damage":4,"enemies":"2 Louse","floor":5,"turns":2},{"damage":15,"enemies":"2 Fungi Beasts","floor":7,"turns":4},{"damage":26,"enemies":"Lagavulin","floor":8,"turns":8},{"damage":1,"enemies":"Blue Slaver","floor":11,"turns":3},{"damage":35,"enemies":"Gremlin Nob","floor":13,"turns":3}],"seed_played":"-767133964366819738","potions_obtained":[{"floor":2,"key":"SpeedPotion"},{"floor":5,"key":"GamblersBrew"}],"is_trial":false,"path_per_floor":["M","M","?","?","M","R","M","E","T","$","M","R","E"],"character_chosen":"DEFECT","items_purchased":["Fission"],"campfire_rested":1,"item_purchase_floors":[10],"current_hp_per_floor":[64,59,59,48,44,44,29,3,3,3,2,23,0,0],"gold":64,"neow_bonus":"THREE_RARE_CARDS","is_daily":false,"chose_seed":false,"campfire_upgraded":1,"win_rate":0.0,"timestamp":1613794968,"path_taken":["M","?","?","?","M","R","M","E","T","$","M","R","E"],"items_purchased_type":["Card"],"build_version":"2020-12-22","purchased_purges":1,"victory":false,"max_hp_per_floor":[71,71,71,71,71,71,71,71,71,71,71,71,71,71],"card_choices":[{"not_picked":["Multi-Cast","Creative AI"],"picked":"Rainbow","floor":0},{"not_picked":["Coolheaded","Steam"],"picked":"Cold Snap","floor":1},{"not_picked":["Tempest","Redo"],"picked":"Conserve Battery","floor":2},{"not_picked":["Conserve Battery","Stack"],"picked":"Compile Driver","floor":5},{"not_picked":["Stack","Double Energy"],"picked":"Reinforced Body","floor":7},{"not_picked":["Leap","Fusion"],"picked":"Chill","floor":8},{"not_picked":["Rip and Tear","Lockon"],"picked":"Glacier","floor":11}],"player_experience":2941448,"relics_obtained":[{"floor":8,"key":"PreservedInsect"},{"floor":9,"key":"War Paint"}],"event_choices":[{"damage_healed":0,"gold_gain":0,"player_choice":"Take Wound","damage_taken":0,"relics_obtained":["Golden Idol"],"max_hp_gain":0,"max_hp_loss":0,"event_name":"Golden Idol","floor":3,"gold_loss":0,"cards_obtained":["Injury"]},{"damage_healed":0,"gold_gain":75,"player_choice":"Gather Gold","damage_taken":11,"max_hp_gain":0,"max_hp_loss":0,"event_name":"World of Goop","floor":4,"gold_loss":0}],"is_beta":false,"boss_relics":[],"items_purged_floors":[10],"is_endless":false,"potions_floor_spawned":[2,5],"killed_by":"Gremlin Nob","ascension_level":20}}