{"host":"vx9g5eyuglzorf3u","time":1613844835,"event":{"mods":["2.2 Compatiblity","BaseMod","DeckTracker","Keyboard Shortcuts","Minty Spire (QoL Compilation)","Relic Stats","StSLib","SuperFastMode","everything is the same but u backflip on backflip"],"gold_per_floor":[109,109,34,48,48,48,65,79,134,152,172,172,172,172],"floor_reached":13,"language":"KOR","playtime":181,"items_purged":[],"score":154,"play_id":"a477254d-98d2-4408-8f03-05f2d06f8b1d","local_time":"20210221031355","is_ascension_mode":true,"campfire_choices":[{"floor":6,"key":"REST"},{"data":"Whirlwind","floor":12,"key":"SMITH"}],"circlet_count":0,"master_deck":["AscendersBane","Strike_R+1","Strike_R","Defend_R","Defend_R","Defend_R","Defend_R","Bash+1","Wild Strike","Rampage","Pommel Strike","Whirlwind+1"],"relics":["Burning Blood","Centennial Puzzle","Pen Nib"],"acts_visited":["Exordium"],"potions_floor_usage":[10,13],"damage_taken":[{"damage":9,"enemies":"Jaw Worm","floor":1,"turns":3},{"damage":5,"enemies":"2 Louse","floor":4,"turns":4},{"damage":10,"enemies":"Small Slimes","floor":7,"turns":3},{"damage":11,"enemies":"Blue Slaver","floor":8,"turns":3},{"damage":35,"enemies":"Gremlin Gang","floor":10,"turns":5},{"damage":19,"enemies":"Large Slime","floor":11,"turns":5},{"damage":45,"enemies":"Lagavulin","floor":13,"turns":6}],"seed_played":"-2181372667267364200","potions_obtained":[{"floor":4,"key":"Energy Potion"},{"floor":7,"key":"FairyPotion"},{"floor":8,"key":"BloodPotion"},{"floor":11,"key":"LiquidBronze"}],"is_trial":false,"path_per_floor":["M","?","?","M","?","R","M","M","T","M","M","R","E"],"character_chosen":"IRONCLAD","items_purchased":[],"campfire_rested":1,"item_purchase_floors":[],"current_hp_per_floor":[65,45,45,46,20,40,36,31,31,15,26,26,0,0],"gold":172,"neow_bonus":"TRANSFORM_TWO_CARDS","is_daily":false,"chose_seed":false,"campfire_upgraded":1,"win_rate":0.0,"timestamp":1613844835,"path_taken":["M","?","?","M","?","R","M","M","T","M","?","R","E"],"items_purchased_type":[],"build_version":"2020-12-22","purchased_purges":0,"victory":false,"max_hp_per_floor":[68,68,68,68,68,68,68,68,68,68,68,68,68,68],"relic_stats":{"Centennial Puzzle":[15],"counters":[7,29],"Pen Nib":[2],"obtain_stats":[{"Centennial Puzzle":5,"Pen Nib":9,"Burning Blood":0},{"Centennial Puzzle":2,"Pen Nib":4,"Burning Blood":0},{"Centennial Puzzle":7,"Pen Nib":13,"Burning Blood":0}],"Burning Blood":36},"card_choices":[{"not_picked":["Heavy Blade","Clash"],"picked":"Pommel Strike","floor":1},{"not_picked":["Pommel Strike","Pummel","Havoc"],"picked":"SKIP","floor":4},{"not_picked":["Seeing Red","Thunderclap","Clothesline"],"picked":"SKIP","floor":7},{"not_picked":["Body Slam","Thunderclap"],"picked":"Whirlwind","floor":8},{"not_picked":["Cleave","Headbutt","Anger"],"picked":"SKIP","floor":10},{"not_picked":["Exhume","Cleave","True Grit"],"picked":"SKIP","floor":11}],"player_experience":1538773,"relics_obtained":[{"floor":9,"key":"Pen Nib"}],"event_choices":[{"damage_healed":0,"gold_gain":0,"player_choice":"Entered Light","damage_taken":20,"max_hp_gain":0,"max_hp_loss":0,"event_name":"Shining Light","floor":2,"gold_loss":0,"cards_upgraded":["Strike_R","Bash"]},{"cards_removed":["Strike_R"],"damage_healed":0,"gold_gain":0,"player_choice":"Card Removal","damage_taken":0,"max_hp_gain":0,"max_hp_loss":0,"event_name":"The Cleric","floor":3,"gold_loss":75},{"damage_healed":0,"gold_gain":0,"player_choice":"Success","damage_taken":26,"relics_obtained":["Centennial Puzzle"],"max_hp_gain":0,"max_hp_loss":0,"event_name":"Scrap Ooze","floor":5,"gold_loss":0}],"is_beta":false,"boss_relics":[],"items_purged_floors":[],"is_endless":false,"potions_floor_spawned":[4,7,8,11],"killed_by":"Lagavulin","ascension_level":20}}