{"host":"8673i1trltb7nj1l","time":1613828736,"event":{"mods":["BaseMod","Colored Map","Colored Powertips","DeckTracker","Highlight Path","Minty Spire (QoL Compilation)","Quick Restart","Random Character Button","Relic Sorter","StSLib","Synergy Search"],"gold_per_floor":[109,109,184,284,10,38,38,53,78,91,104,124,150,30,30,30,30],"floor_reached":16,"language":"ENG","playtime":585,"items_purged":["Strike_R"],"score":135,"play_id":"a62ea1ef-0b0d-42b4-8d56-ce0fbe0b293b","local_time":"20210220134536","is_ascension_mode":false,"campfire_choices":[{"data":"Blood for Blood","floor":7.0,"key":"SMITH"},{"floor":15.0,"key":"REST"}],"circlet_count":0,"master_deck":["Strike_R","Strike_R","Strike_R","Strike_R","Defend_R","Defend_R","Defend_R","Defend_R+1","Bash","Armaments+1","Rage","Shrug It Off","Cleave","Blood for Blood+1","Disarm","Iron Wave","Infernal Blade","Rage","Seeing Red","Body Slam","Flex"],"relics":["Burning Blood","NeowsBlessing","Boot","Bronze Scales","Strawberry"],"acts_visited":["Exordium"],"potions_floor_usage":[],"damage_taken":[{"damage":0.0,"enemies":"Jaw Worm","floor":1.0,"turns":1.0},{"damage":0.0,"enemies":"Lagavulin","floor":6.0,"turns":1.0},{"damage":0.0,"enemies":"2 Louse","floor":8.0,"turns":2.0},{"damage":2.0,"enemies":"Small Slimes","floor":10.0,"turns":4.0},{"damage":4.0,"enemies":"Exordium Thugs","floor":11.0,"turns":5.0},{"damage":8.0,"enemies":"Lots of Slimes","floor":12.0,"turns":2.0},{"damage":14.0,"enemies":"Gremlin Nob","floor":13.0,"turns":3.0},{"damage":0,"enemies":"Hexaghost","floor":16,"turns":1}],"seed_played":"1763926594476967513","potions_obtained":[{"floor":8.0,"key":"Energy Potion"},{"floor":10.0,"key":"LiquidBronze"},{"floor":11.0,"key":"AttackPotion"},{"floor":13.0,"key":"ElixirPotion"}],"is_trial":false,"path_per_floor":["M","?","?","?","$","E","R","M","T","M","M","M","E","$","R","B"],"character_chosen":"IRONCLAD","items_purchased":["Rage","Shrug It Off","Cleave","Blood for Blood","SteroidPotion","Flex"],"campfire_rested":1,"item_purchase_floors":[5,5,5,5,5,14],"current_hp_per_floor":[80,64,53,53,53,59,59,65,65,69,71,69,68,68,87,87,87],"gold":30,"neow_bonus":"THREE_ENEMY_KILL","is_daily":false,"chose_seed":false,"campfire_upgraded":1,"win_rate":0.0,"timestamp":1613828736,"path_taken":["M","?","?","?","$","E","R","M","T","M","M","?","E","?","R","BOSS"],"items_purchased_type":["Card","Card","Card","Card","Potion","Card"],"build_version":"2020-12-22","purchased_purges":1,"victory":false,"max_hp_per_floor":[80,80,80,80,80,80,80,80,80,80,80,80,87,87,87,87,87],"card_choices":[{"not_picked":["Anger","Pummel"],"picked":"Armaments","floor":1.0},{"not_picked":["Evolve","Blood for Blood"],"picked":"Disarm","floor":6.0},{"not_picked":["Fire Breathing","Havoc"],"picked":"Iron Wave","floor":8.0},{"not_picked":["Uppercut","Rage"],"picked":"Infernal Blade","floor":10.0},{"not_picked":["Feel No Pain","Evolve"],"picked":"Rage","floor":11.0},{"not_picked":["Headbutt","Iron Wave"],"picked":"Seeing Red","floor":12.0},{"not_picked":["Dark Embrace","Dual Wield"],"picked":"Body Slam","floor":13.0}],"player_experience":83450,"relics_obtained":[{"floor":6.0,"key":"Boot"},{"floor":9.0,"key":"Bronze Scales"},{"floor":13.0,"key":"Strawberry"}],"event_choices":[{"damage_healed":0.0,"max_hp_gain":0.0,"max_hp_loss":0.0,"gold_gain":0.0,"event_name":"Shining Light","player_choice":"Entered Light","floor":2.0,"gold_loss":0.0,"damage_taken":16.0,"cards_upgraded":["Armaments","Defend_R"]},{"damage_healed":0.0,"max_hp_gain":0.0,"max_hp_loss":0.0,"gold_gain":75.0,"event_name":"World of Goop","player_choice":"Gather Gold","floor":3.0,"gold_loss":0.0,"damage_taken":11.0},{"damage_healed":0.0,"max_hp_gain":0.0,"max_hp_loss":0.0,"gold_gain":100.0,"event_name":"Golden Shrine","player_choice":"Pray","floor":4.0,"gold_loss":0.0,"damage_taken":0.0}],"is_beta":false,"boss_relics":[],"items_purged_floors":[14],"is_endless":false,"potions_floor_spawned":[8,10,11,13],"killed_by":"Hexaghost","ascension_level":0}}