{"host":"v86vpwf004p2esb7","time":1613813428,"event":{"mods":["AchievementEnabler","BaseMod","BetterRewards","Colored Powertips","Minty Spire (QoL Compilation)","Quick Restart","StSLib","Transform Curses"],"gold_per_floor":[116,136,146,164,9,39,68,95,131,143,155,180,205,74,74,174,174,192,291,36,48,63,95,55,89,89,89,117,130,164,177,177,275,275,287,287,305,151,151,151,170,214,214,252,311,311,330,357,357,357,357,357,60,60,60],"floor_reached":54,"language":"ENG","playtime":2253,"items_purged":[],"score":1012,"play_id":"714e070e-8e3c-40a3-8d73-087e3709e383","local_time":"20210220013028","is_ascension_mode":true,"campfire_choices":[{"floor":11,"key":"REST"},{"data":"Eruption","floor":15,"key":"SMITH"},{"floor":32,"key":"REST"},{"floor":40,"key":"RECALL"},{"floor":46,"key":"REST"},{"floor":49,"key":"REST"},{"data":"Establishment","floor":52,"key":"SMITH"}],"circlet_count":0,"master_deck":["Strike_P","Strike_P","Strike_P","Strike_P","Defend_P","Defend_P","Defend_P","Defend_P","Eruption+1","Vigilance","MentalFortress","Wireheading","ReachHeaven","TalkToTheHand+1","FlyingSleeves","ReachHeaven","FlurryOfBlows","CrushJoints","FlurryOfBlows","CrushJoints","Establishment+1","Consecrate+1","BattleHymn","ForeignInfluence+1","TalkToTheHand","Crescendo","Crescendo","FlyingSleeves+1","BattleHymn+1","FearNoEvil","Devotion+1","Consecrate","BattleHymn+1","Evaluate+1","Evaluate+1","BattleHymn+1","Evaluate","ClearTheMind","CarveReality+1","LikeWater+1","Magnetism+1","Collect"],"relics":["HolyWater","MealTicket","Letter Opener","Bird Faced Urn","Pen Nib","MawBank","Blood Vial","Yang","Mercury Hourglass","Tiny Chest","Frozen Egg 2","Bag of Marbles","Happy Flower","Orichalcum","Sozu","Strange Spoon","TeardropLocket","CeramicFish","Mango","Ancient Tea Set","Ice Cream"],"acts_visited":["Exordium","TheCity","TheBeyond","TheEnding"],"potions_floor_usage":[29,50,50],"damage_taken":[{"damage":12,"enemies":"Cultist","floor":1,"turns":3},{"damage":0,"enemies":"2 Louse","floor":2,"turns":2},{"damage":0,"enemies":"Small Slimes","floor":3,"turns":3},{"damage":14,"enemies":"3 Louse","floor":4,"turns":3},{"damage":24,"enemies":"Gremlin Nob","floor":6,"turns":5},{"damage":6,"enemies":"Exordium Thugs","floor":7,"turns":3},{"damage":7,"enemies":"Exordium Wildlife","floor":8,"turns":3},{"damage":15,"enemies":"Red Slaver","floor":12,"turns":3},{"damage":0,"enemies":"Large Slime","floor":13,"turns":3},{"damage":27,"enemies":"The Guardian","floor":16,"turns":6},{"damage":22,"enemies":"Shell Parasite","floor":18,"turns":4},{"damage":2,"enemies":"2 Thieves","floor":21,"turns":3},{"damage":2,"enemies":"3 Cultists","floor":22,"turns":4},{"damage":0,"enemies":"Gremlin Leader","floor":23,"turns":3},{"damage":19,"enemies":"Book of Stabbing","floor":25,"turns":3},{"damage":8,"enemies":"Gremlin Leader","floor":28,"turns":4},{"damage":11,"enemies":"Shelled Parasite and Fungi","floor":29,"turns":2},{"damage":33,"enemies":"Slavers","floor":30,"turns":4},{"damage":8,"enemies":"Snecko","floor":31,"turns":3},{"damage":8,"enemies":"Collector","floor":33,"turns":5},{"damage":8,"enemies":"Orb Walker","floor":35,"turns":3},{"damage":37,"enemies":"3 Shapes","floor":37,"turns":3},{"damage":28,"enemies":"Writhing Mass","floor":41,"turns":4},{"damage":48,"enemies":"Reptomancer","floor":42,"turns":4},{"damage":7,"enemies":"Giant Head","floor":44,"turns":5},{"damage":20,"enemies":"Mind Bloom Boss Battle","floor":45,"turns":4},{"damage":16,"enemies":"Jaw Worm Horde","floor":47,"turns":3},{"damage":16,"enemies":"Maw","floor":48,"turns":5},{"damage":70,"enemies":"Donu and Deca","floor":50,"turns":7},{"damage":88,"enemies":"Shield and Spear","floor":54,"turns":3}],"seed_played":"2890457626643143834","potions_obtained":[{"floor":4,"key":"DistilledChaos"},{"floor":6,"key":"Swift Potion"},{"floor":8,"key":"BottledMiracle"},{"floor":25,"key":"FairyPotion"},{"floor":29,"key":"DuplicationPotion"}],"is_trial":false,"path_per_floor":["M","M","M","M","$","E","M","M","T","?","R","M","M","$","R","B",null,"M","?","$","M","M","E","$","E","T","?","E","M","E","M","R","B",null,"M","?","M","$","T","R","M","E","T","E","?","R","M","M","R","B",null,"R","$","E"],"character_chosen":"WATCHER","items_purchased":["MealTicket","Letter Opener","MentalFortress","Bird Faced Urn","Wireheading","Pen Nib","Blood Vial","Yang","TalkToTheHand","Strange Spoon","LikeWater+1","Magnetism+1","Collect"],"campfire_rested":4,"item_purchase_floors":[0,0,0,0,0,5,14,20,24,38,53,53,53],"current_hp_per_floor":[32,32,34,22,37,15,11,6,6,6,27,14,16,31,31,8,72,51,51,66,68,70,72,72,53,53,53,51,48,21,17,38,40,72,64,64,33,48,48,48,26,21,35,38,32,57,49,41,66,10,86,86,86,0,0],"gold":60,"neow_bonus":"","is_daily":false,"chose_seed":false,"campfire_upgraded":2,"win_rate":0.0,"timestamp":1613813428,"path_taken":["M","M","?","M","$","E","M","M","T","?","R","M","?","$","R","BOSS","M","?","$","M","M","E","$","E","T","?","E","M","E","?","R","BOSS","M","?","M","$","?","R","M","E","T","E","?","R","M","?","R","BOSS","R","$","E"],"items_purchased_type":["Relic","Relic","Card","Relic","Card","Relic","Relic","Relic","Card","Relic","Card","Card","Card"],"build_version":"2020-12-22","purchased_purges":0,"victory":false,"max_hp_per_floor":[72,72,72,72,72,72,72,72,72,72,72,72,72,72,72,72,72,72,72,72,72,72,72,72,72,72,72,72,72,72,72,72,72,72,72,72,72,72,72,72,72,72,86,86,86,86,86,86,86,86,86,86,86,86,86],"card_choices":[{"not_picked":["EmptyFist","Consecrate"],"picked":"ReachHeaven","floor":1},{"not_picked":["CrushJoints","JustLucky"],"picked":"FollowUp","floor":2},{"not_picked":["ClearTheMind","Crescendo"],"picked":"TalkToTheHand","floor":3},{"not_picked":["EmptyBody","Wish"],"picked":"FlyingSleeves","floor":4},{"not_picked":["SashWhip","JustLucky"],"picked":"ReachHeaven","floor":6},{"not_picked":["Crescendo","EmptyBody"],"picked":"FlurryOfBlows","floor":7},{"not_picked":["WreathOfFlame","PathToVictory"],"picked":"CrushJoints","floor":8},{"not_picked":["SashWhip","Crescendo"],"picked":"FlurryOfBlows","floor":12},{"not_picked":["Meditate","EmptyBody"],"picked":"CrushJoints","floor":13},{"not_picked":["DeusExMachina","Vault"],"picked":"Establishment","floor":16},{"not_picked":["SashWhip","EmptyBody"],"picked":"Consecrate+1","floor":18},{"not_picked":["DeceiveReality+1","JustLucky"],"picked":"Halt","floor":21},{"not_picked":["ClearTheMind+1","InnerPeace"],"picked":"BattleHymn","floor":22},{"not_picked":["LessonLearned","SignatureMove"],"picked":"ForeignInfluence+1","floor":23},{"not_picked":["SashWhip","Halt"],"picked":"Crescendo","floor":25},{"not_picked":["Alpha","Adaptation+1"],"picked":"Crescendo","floor":28},{"not_picked":["InnerPeace","Prostrate"],"picked":"FlyingSleeves+1","floor":29},{"not_picked":["CrushJoints","JustLucky"],"picked":"BattleHymn+1","floor":30},{"not_picked":["Prostrate+1","Evaluate"],"picked":"FearNoEvil","floor":31},{"not_picked":["Scrawl","Wish"],"picked":"Devotion+1","floor":33},{"not_picked":["WaveOfTheHand","Perseverance"],"picked":"Consecrate","floor":35},{"not_picked":["Study+1","DeceiveReality+1"],"picked":"BattleHymn+1","floor":37},{"not_picked":["Consecrate+1","PathToVictory+1"],"picked":"Evaluate+1","floor":41},{"not_picked":["BowlingBash+1","SashWhip"],"picked":"Evaluate+1","floor":42},{"not_picked":["Evaluate","SignatureMove"],"picked":"BattleHymn+1","floor":44},{"not_picked":["WaveOfTheHand+1","Fasting2+1"],"picked":"Evaluate","floor":45},{"not_picked":["SashWhip","PathToVictory+1"],"picked":"ClearTheMind","floor":47},{"not_picked":["Blasphemy","EmptyBody+1"],"picked":"CarveReality+1","floor":48}],"player_experience":309269,"relics_obtained":[{"floor":6,"key":"MawBank"},{"floor":23,"key":"Mercury Hourglass"},{"floor":25,"key":"Tiny Chest"},{"floor":26,"key":"Frozen Egg 2"},{"floor":28,"key":"Happy Flower"},{"floor":30,"key":"Orichalcum"},{"floor":39,"key":"TeardropLocket"},{"floor":42,"key":"CeramicFish"},{"floor":43,"key":"Mango"},{"floor":44,"key":"Ancient Tea Set"},{"floor":45,"key":"Ice Cream"}],"event_choices":[{"damage_healed":0,"gold_gain":0,"player_choice":"Forge","damage_taken":0,"max_hp_gain":0,"max_hp_loss":0,"event_name":"Accursed Blacksmith","floor":10,"gold_loss":0,"cards_upgraded":["TalkToTheHand"]},{"damage_healed":0,"gold_gain":99,"player_choice":"Stole From Cult","damage_taken":0,"max_hp_gain":0,"max_hp_loss":0,"event_name":"Nest","floor":19,"gold_loss":0},{"cards_removed":["Halt"],"damage_healed":0,"gold_gain":0,"player_choice":"Gave Card","damage_taken":0,"relics_obtained":["Bag of Marbles"],"max_hp_gain":0,"max_hp_loss":0,"event_name":"WeMeetAgain","floor":27,"gold_loss":0},{"cards_removed":["FollowUp"],"damage_healed":0,"gold_gain":0,"player_choice":"Removed Attack","damage_taken":0,"max_hp_gain":0,"max_hp_loss":0,"event_name":"Falling","floor":36,"gold_loss":0},{"damage_healed":0,"gold_gain":0,"player_choice":"Fight","damage_taken":0,"max_hp_gain":0,"max_hp_loss":0,"event_name":"MindBloom","floor":45,"gold_loss":0}],"is_beta":false,"boss_relics":[{"not_picked":["Busted Crown","Pandora\u0027s Box"],"picked":"HolyWater"},{"not_picked":["Astrolabe","Runic Pyramid"],"picked":"Sozu"}],"items_purged_floors":[],"is_endless":false,"potions_floor_spawned":[4,6,8,22,25,29,33,37,44,48],"killed_by":"Shield and Spear","ascension_level":4}}