{"host":"lvglfvqy3xrupc2a","time":1613781441,"event":{"mods":["Act Like it!","Aspiration","BaseMod","Better Altar","Better Match","Better Note","Better Sensory Stone","Better Skull","Better Third Choice","BetterRewards","Conspire","Friendly Minions","Gensokyo","Grow up Mod","Hubris","HumanHunterMod(????mod)","Humility","Infinite Spire","Lobotomy","LobotomyExtend","Mimic Mod","Minty Spire (QoL Compilation)","MostiFishMod","Remove Card Discount Mod","Replay The Spire","Reworked Bosses","Ruina","Spicy Shops","StSLib","The Blackbeard","The Blue Laboratory","Uncapped","[IsaacMod]????"],"gold_per_floor":[109,109,128,128,50,80,80,113,113,113,125,125,138,200,200,297,297,309,118,132,132,149,149,175,175,175,210,210,229,261,281,281,385,385,404,416,426,446,461,496,496,525,564,564,664,678,713,727,727,727],"floor_reached":51,"language":"ENG","playtime":3052,"items_purged":["BodiesMountain","Woodsman"],"score":1076,"play_id":"1f71af4d-20cb-4b06-a0f6-bce18a8890c2","local_time":"20210219183721","is_ascension_mode":true,"campfire_choices":[{"data":"blackbeard:InfiniteBarrage","floor":7.0,"key":"SMITH"},{"data":"blackbeard:InfiniteBarrage","floor":12.0,"key":"SMITH"},{"data":"1","floor":15.0,"key":"LIFT"},{"data":"2","floor":23.0,"key":"LIFT"},{"data":"3","floor":28.0,"key":"LIFT"},{"data":"blackbeard:WoodenLeg","floor":32,"key":"SMITH"},{"data":"blackbeard:Sword","floor":41,"key":"SMITH"},{"data":"hubris:Fate","floor":49,"key":"SMITH"}],"circlet_count":1,"master_deck":["CENSORED","BlueStar","blackbeard:BlackbeardStrike","blackbeard:BlackbeardStrike","blackbeard:BlackbeardStrike","blackbeard:BlackbeardStrike","blackbeard:IntimidatingStrike","blackbeard:BlackbeardDefend","blackbeard:BlackbeardDefend","blackbeard:BlackbeardDefend","blackbeard:BlackbeardDefend","blackbeard:Cutlass","MHz","blackbeard:CloakAndCannonball","Rampage","WallGazer","blackbeard:FieryDefense","blackbeard:InfiniteBarrage+1","blackbeard:InfiniteBarrage+1","OSAHOGD","blackbeard:RearmingStrike","Wellcheers","blackbeard:Spear","blackbeard:TacticalRetreat","UniverseFragment","blackbeard:Spear","blackbeard:SmithingHammer","blackbeard:Halberd","blackbeard:GoldenStrike","blackbeard:WoodenLeg+1","blackbeard:FieryDefense+1","blackbeard:ReapersScythe","blackbeard:BrownPants+1","blackbeard:GoldenDefense","blackbeard:BeatUp+1","blackbeard:PirateStrength+1","blackbeard:CaptainsHat+1","blackbeard:WeaponProficiency+1","blackbeard:RemoveScurvy+1","blackbeard:Shrapnel","Parasite","blackbeard:PirateHook","blackbeard:BrownPants+1","blackbeard:BrownPants+1","blackbeard:Shrapnel+1","blackbeard:Dagger+1","hubris:Fate+1","blackbeard:Sword+1","blackbeard:Fencing+1","blackbeard:AgileStrike"],"relics":["blackbeard:LoadTheCannons","HushsDoor","DaveBox","CogitoBucket","RabbitCall","BookofShadows","FeatherPendant","SynthV:TestCard","LetterFromLob","Pet Ghost","TungstenRod","conspire:GlowingRock","Girya","hubris:TenFootPole","Replay:Wax Seal","HonorFeather","LaetitiaHeart","Frozen Eye","Shuriken","ruina:PrescriptsGrace","Frozen Egg 2","ReplayFunnel","Replay:Accelerometer","TheSmile_r","SlaversCollar","YumHeart","SoundOfStar_r","Logging_r","blackbeard:Penknife","aspiration:SeaSaltIceCream","Circlet","Replay:Wanted Poster","CENSORED_r","Art of War"],"acts_visited":["Exordium","Exordium","TheBeyond"],"potions_floor_usage":[],"damage_taken":[{"damage":6.0,"enemies":"Jaw Worm","floor":1.0,"turns":4.0},{"damage":0.0,"enemies":"2 Louse","floor":3.0,"turns":1.0},{"damage":11.0,"enemies":"Lagavulin","floor":6.0,"turns":4.0},{"damage":9.0,"enemies":"3 Sentries","floor":8.0,"turns":2.0},{"damage":1.0,"enemies":"Cultist","floor":11.0,"turns":2.0},{"damage":13.0,"enemies":"2 Fungi Beasts","floor":13.0,"turns":4.0},{"damage":21.0,"enemies":"Gremlin Nob","floor":14.0,"turns":3.0},{"damage":66.0,"enemies":"Hexaghost","floor":16.0,"turns":5.0},{"damage":12.0,"enemies":"ruina:2_Scarecrows","floor":18.0,"turns":2.0},{"damage":1.0,"enemies":"ruina:3_Bats","floor":20.0,"turns":3.0},{"damage":58.0,"enemies":"ruina:3_Bats","floor":21.0,"turns":3.0},{"damage":1.0,"enemies":"ruina:3_Bats","floor":21.0,"turns":2.0},{"damage":27.0,"enemies":"ruina:3_Scarecrows","floor":22.0,"turns":5.0},{"damage":15.0,"enemies":"ruina:ServantOfWrath","floor":24.0,"turns":4.0},{"damage":22.0,"enemies":"ruina:RoadHome","floor":27.0,"turns":2.0},{"damage":16.0,"enemies":"ruina:Nos_and_Bat","floor":29.0,"turns":3.0},{"damage":6.0,"enemies":"ruina:ServantOfWrath","floor":30.0,"turns":3.0},{"damage":99.0,"enemies":"ruina:KingOfGreed","floor":31.0,"turns":5.0},{"damage":28,"enemies":"ruina:Ozma","floor":33,"turns":5},{"damage":30,"enemies":"3 Shapes","floor":35,"turns":3},{"damage":6,"enemies":"Orb Walker","floor":36,"turns":3},{"damage":31,"enemies":"4 Shapes","floor":37,"turns":4},{"damage":1,"enemies":"Writhing Mass","floor":38,"turns":4},{"damage":20,"enemies":"3 Darklings","floor":39,"turns":3},{"damage":1,"enemies":"Nightmare","floor":40,"turns":3},{"damage":4,"enemies":"R_Hoarder","floor":42,"turns":8},{"damage":0,"enemies":"Spire Growth","floor":43,"turns":2},{"damage":256,"enemies":"Spire Growth","floor":46,"turns":3},{"damage":0,"enemies":"Giant Head","floor":47,"turns":6},{"damage":17,"enemies":"Sphere and 2 Shapes","floor":48,"turns":12},{"damage":67,"enemies":"FixerMidnight","floor":50,"turns":5},{"damage":8,"enemies":"Malkuth","floor":51,"turns":2},{"damage":21,"enemies":"Hod","floor":51,"turns":4},{"damage":41,"enemies":"Geburah","floor":51,"turns":7},{"damage":106,"enemies":"Hokma","floor":51,"turns":6},{"damage":227,"enemies":"Angela","floor":51,"turns":5}],"seed_played":"5285716683573724461","potions_obtained":[{"floor":11.0,"key":"blueLaboratory:AbyssPotion"},{"floor":13.0,"key":"BlessingOfTheForge"},{"floor":14.0,"key":"blueLaboratory:TrueEctoplasm"},{"floor":24.0,"key":"blueLaboratory:LouseDecoction"}],"is_trial":false,"path_per_floor":["M","?","M","?","$","E","R","E","T","?","M","R","M","?","R","B",null,"M","$","M","?","M","R","E","?","T","E","R","M","E","M","R","B",null,"M","M","M","M","M","NM","R","E","MIM","?","AVR","M","E","M","R","B",null],"character_chosen":"BLACKBEARD_CLASS","items_purchased":["blackbeard:InfiniteBarrage","blackbeard:WoodenLeg","Replay:Wax Seal","blackbeard:CaptainsHat+1"],"campfire_rested":0,"item_purchase_floors":[5,19,19,34],"current_hp_per_floor":[82,78,88,83,93,92,102,103,113,123,132,142,139,128,138,82,214,212,222,231,295,292,315,324,334,344,335,365,363,376,301,405,387,411,396,415,413,440,448,476,486,496,511,521,531,314,343,394,571,541],"gold":727,"neow_bonus":"","is_daily":false,"chose_seed":false,"campfire_upgraded":5,"win_rate":0.0,"timestamp":1613781441,"path_taken":["M","?","M","?","$","E","R","E","T","?","?","R","M","?","R","BOSS","M","$","?","?","?","R","E","?","T","E","R","M","E","M","R","BOSS","M","M","M","M","?","NM","R","E","MIM","?","AVR","M","E","M","R","BOSS"],"items_purchased_type":["Card","Card","Relic","Card"],"build_version":"2020-12-22","purchased_purges":2,"victory":true,"max_hp_per_floor":[95,105,115,125,135,145,155,165,175,185,195,205,215,225,235,245,255,265,275,285,295,305,315,325,335,345,355,365,375,385,395,405,415,416,426,436,446,456,466,476,486,496,511,521,531,541,551,561,571,581],"card_choices":[{"not_picked":["PunishingBird","Wellcheers"],"picked":"MHz","floor":1.0},{"not_picked":["Bomb","blackbeard:GoldenDefense"],"picked":"blackbeard:CloakAndCannonball","floor":1.0},{"not_picked":["VoidDream","ShyLook"],"picked":"WallGazer","floor":3.0},{"not_picked":["blackbeard:BlindAttacks","blackbeard:MegaUpgrade","blackbeard:Sword","blackbeard:SwordDance"],"picked":"blackbeard:FieryDefense","floor":3.0},{"not_picked":["PunishingBird","Wellcheers"],"picked":"OSAHOGD","floor":6.0},{"not_picked":["blackbeard:Sharpening","blackbeard:Revenge","blackbeard:PirateHook","blackbeard:BuriedTreasure"],"picked":"blackbeard:RearmingStrike","floor":6.0},{"not_picked":["Bloodbath","Yin"],"picked":"Wellcheers","floor":8.0},{"not_picked":["blackbeard:CannonBarrage","blackbeard:Fencing","blackbeard:GoldenCannonball","blackbeard:Dagger"],"picked":"blackbeard:Spear","floor":8.0},{"not_picked":["Bloodbath","PunishingBird","FairyFestival"],"picked":"Singing Bowl","floor":11.0},{"not_picked":["blackbeard:CannonballSupply","blackbeard:FieryDefense","blackbeard:SwordDance","blackbeard:Fencing"],"picked":"blackbeard:TacticalRetreat","floor":11.0},{"not_picked":["HeroicMonk","Yin","Bloodbath"],"picked":"Singing Bowl","floor":13.0},{"not_picked":["PunishingBird","Rudolta"],"picked":"UniverseFragment","floor":13.0},{"not_picked":["blackbeard:Toast","blackbeard:DeadlyArsenal","blackbeard:PirateHook","blackbeard:Upgrade"],"picked":"blackbeard:Spear","floor":13.0},{"not_picked":["OldLady","CrumblingArmor","FairyFestival"],"picked":"Singing Bowl","floor":14.0},{"not_picked":["blackbeard:Scrap","blackbeard:BlindAttacks","blackbeard:Sword","blackbeard:Revenge"],"picked":"blackbeard:SmithingHammer","floor":14.0},{"not_picked":["Scorched","MeatLantern","Bloodbath"],"picked":"Singing Bowl","floor":16.0},{"not_picked":["blackbeard:WeaponMastery","blackbeard:MegaUpgrade","blackbeard:GoldenRain","blackbeard:Murder"],"picked":"blackbeard:Halberd","floor":16.0},{"not_picked":["Murderer","Variant","DespairKnight"],"picked":"Singing Bowl","floor":18.0},{"not_picked":["blackbeard:Dagger","blackbeard:RearmingStrike+1","blackbeard:DoubleBottom","blackbeard:BuriedTreasure+1"],"picked":"blackbeard:GoldenStrike","floor":18.0},{"not_picked":["Scarecrow","DespairKnight","QueenBee"],"picked":"Singing Bowl","floor":20.0},{"not_picked":["ShyLook","Rudolta"],"picked":"BodiesMountain","floor":20.0},{"not_picked":["blackbeard:Anchor","blackbeard:Recklessness","blackbeard:BlindAttacks","blackbeard:Lifeboat"],"picked":"blackbeard:WiseDefense","floor":20.0},{"not_picked":["Bloodbath","LittlePrince","HappyTeddy"],"picked":"Singing Bowl","floor":22.0},{"not_picked":["blackbeard:MegaUpgrade","blackbeard:Toast","blackbeard:Fencing+1","blackbeard:GoldenCannonball"],"picked":"blackbeard:Sword","floor":22.0},{"not_picked":["GreedKing","Funeral","Scorched"],"picked":"Singing Bowl","floor":24.0},{"not_picked":["blackbeard:Sword","blackbeard:DelayedPain","blackbeard:PowerHungry","blackbeard:Upgrade"],"picked":"blackbeard:FieryDefense+1","floor":24.0},{"not_picked":["SpiderBud","Scorched","VoidDream"],"picked":"Singing Bowl","floor":27.0},{"not_picked":["blackbeard:PowderKeg","blackbeard:Toast","blackbeard:BlindAttacks","blackbeard:ChaoticDefense"],"picked":"blackbeard:ReapersScythe","floor":27.0},{"not_picked":["QueenOfHatred","FairyFestival","SilentOrchestra"],"picked":"Singing Bowl","floor":29.0},{"not_picked":["blackbeard:WiseDefense+1","blackbeard:Sharpening","blackbeard:PiratesWill","blackbeard:Bandana+1"],"picked":"blackbeard:BrownPants+1","floor":29.0},{"not_picked":["MeltingLove","PunishingBird","CherryBlossoms"],"picked":"Singing Bowl","floor":30.0},{"not_picked":["blackbeard:Toast","blackbeard:DeadlyArsenal","blackbeard:Anchor","blackbeard:SmithingHammer"],"picked":"blackbeard:GoldenDefense","floor":30.0},{"not_picked":["Alriune","ShyLook","HappyTeddy"],"picked":"Singing Bowl","floor":31.0},{"not_picked":["blackbeard:GhostInTheRum","blackbeard:DangerousBlow","blackbeard:TerrorOfTheSeas","blackbeard:ArmorUp+1"],"picked":"blackbeard:BeatUp+1","floor":31.0},{"not_picked":["PunishingBird","OldLady","FairyFestival"],"picked":"Singing Bowl","floor":33},{"not_picked":["blackbeard:Salvager+1","blackbeard:FinalBarrage","blackbeard:Parrot+1","blackbeard:HumongousCannonball"],"picked":"blackbeard:PirateStrength+1","floor":33},{"not_picked":["Scorched","RedShoes","DreamingCurrent"],"picked":"Singing Bowl","floor":35},{"not_picked":["blackbeard:Sharpening+1","blackbeard:Provisioning","blackbeard:WiseDefense+1","blackbeard:GoldenDefense+1"],"picked":"blackbeard:WeaponProficiency+1","floor":35},{"not_picked":["LaLuna","CrumblingArmor","LittlePrince"],"picked":"Singing Bowl","floor":36},{"not_picked":["blackbeard:WiseDefense","blackbeard:PiratesWill","blackbeard:GoldenDefense+1","blackbeard:SwordDance+1"],"picked":"blackbeard:RemoveScurvy+1","floor":36},{"not_picked":["ShyLook","DespairKnight","LaLuna"],"picked":"Singing Bowl","floor":37},{"not_picked":["OldLady","BeautyBeast"],"picked":"BlueStar","floor":37},{"not_picked":["blackbeard:DoubleBottom+1","blackbeard:GhostInTheRum+1","blackbeard:RearmingStrike","blackbeard:CloakAndCannonball"],"picked":"blackbeard:Shrapnel","floor":37},{"not_picked":["Alriune","FairyFestival","LittleHelper"],"picked":"Singing Bowl","floor":38},{"not_picked":["blackbeard:GoldenCannonball+1","blackbeard:GoldenDefense","blackbeard:GoldenStrike+1","blackbeard:DoubleCannonball"],"picked":"blackbeard:PirateHook","floor":38},{"not_picked":["Yin","WhitesApple","NakedNest"],"picked":"Singing Bowl","floor":39},{"not_picked":["Mercenary","FieryBird"],"picked":"Woodsman","floor":39},{"not_picked":["blackbeard:Provisioning+1","blackbeard:DoubleCannonball","blackbeard:TerrorOfTheSeas+1","blackbeard:TacticalRetreat+1"],"picked":"blackbeard:BrownPants+1","floor":39},{"not_picked":["WhiteNight","Funeral","BeautyBeast"],"picked":"Singing Bowl","floor":40},{"not_picked":["blackbeard:WiseDefense+1","blackbeard:BlindAttacks","blackbeard:DangerousBlow","blackbeard:CloakAndCannonball+1"],"picked":"blackbeard:BrownPants+1","floor":40},{"not_picked":["DespairKnight","QueenOfHatred","CherryBlossoms"],"picked":"Singing Bowl","floor":42},{"not_picked":["blackbeard:Bandana+1","blackbeard:BeatUp+1","blackbeard:Provisioning","blackbeard:Scrap"],"picked":"blackbeard:Shrapnel+1","floor":42},{"not_picked":["SilentOrchestra","HeroicMonk","SnowQueen"],"picked":"Singing Bowl","floor":43},{"not_picked":["RedShoes","CrumblingArmor"],"picked":"CENSORED","floor":43},{"not_picked":["blackbeard:BeatUp+1","blackbeard:DeadlyArsenal+1","blackbeard:RearmingStrike+1","blackbeard:InfiniteBarrage+1"],"picked":"blackbeard:Dagger+1","floor":43},{"not_picked":["CherryBlossoms","QueenBee","DespairKnight"],"picked":"Singing Bowl","floor":46},{"not_picked":["blackbeard:PiratesWill","blackbeard:Revenge","blackbeard:Toast+1","blackbeard:Scrap"],"picked":"blackbeard:Sword+1","floor":46},{"not_picked":["WhitesApple","SnowQueen","LittleHelper"],"picked":"Singing Bowl","floor":47},{"not_picked":["blackbeard:Toast+1","blackbeard:Recklessness","blackbeard:PirateHook","blackbeard:GoldenDefense"],"picked":"blackbeard:Fencing+1","floor":47},{"not_picked":["DreamingCurrent","BigBadWolf","QueenOfHatred"],"picked":"Singing Bowl","floor":48},{"not_picked":["blackbeard:JollyRoger+1","blackbeard:DelayedPain","blackbeard:BuriedTreasure+1","blackbeard:WiseDefense"],"picked":"blackbeard:AgileStrike","floor":48}],"player_experience":1131041,"relics_obtained":[{"floor":1.0,"key":"SynthV:TestCard"},{"floor":1.0,"key":"LetterFromLob"},{"floor":6.0,"key":"TungstenRod"},{"floor":8.0,"key":"conspire:GlowingRock"},{"floor":9.0,"key":"Girya"},{"floor":14.0,"key":"hubris:TenFootPole"},{"floor":24.0,"key":"Shuriken"},{"floor":26.0,"key":"Frozen Egg 2"},{"floor":27.0,"key":"ReplayFunnel"},{"floor":30.0,"key":"Replay:Accelerometer"},{"floor":40,"key":"YumHeart"},{"floor":42,"key":"blackbeard:Penknife"},{"floor":43,"key":"aspiration:SeaSaltIceCream"},{"floor":47,"key":"Art of War"}],"event_choices":[{"damage_healed":0.0,"max_hp_gain":0.0,"max_hp_loss":0.0,"gold_gain":0.0,"event_name":"Dead Adventurer","player_choice":"Searched \u00272\u0027 times","floor":14.0,"gold_loss":0.0,"damage_taken":0.0},{"cards_removed":["blackbeard:Sword"],"damage_healed":0,"gold_gain":0,"player_choice":"Removed Skill","damage_taken":0,"max_hp_gain":0,"max_hp_loss":0,"event_name":"Falling","floor":44,"gold_loss":0}],"is_beta":false,"boss_relics":[{"not_picked":["GreenFoldingFan","Ectoplasm","aspiration:SecretTechniqueScroll"]},{"not_picked":["aspiration:IroncladSkillbook","ChiXiaoBlade"],"picked":"SlaversCollar"},{"not_picked":[]}],"items_purged_floors":[34,45],"is_endless":false,"potions_floor_spawned":[11,13,14,21,21,24,29,33,35,39,46,47],"ascension_level":6,"is_humility":true}}