{"host":"29uuqgkzqd703i93","time":1613832961,"event":{"mods":["BaseMod","Colored Powertips","Minty Spire (QoL Compilation)"],"gold_per_floor":[13,26,39,214,225,225,255,268,314,375,433,433,443,408,408,506,506,491,22,33,33,51,51,81,81,81,108,108,118,136,136,136,264,264,278,290,300,314,332,332,332,332,384,384,384,30,82,98,98,98,98],"floor_reached":50,"language":"ENG","playtime":3219,"items_purged":["Strike_G"],"score":516,"play_id":"c0ae52ac-57e9-4240-9f3d-3c50f4448446","local_time":"20210220155601","is_ascension_mode":false,"campfire_choices":[{"data":"Dash","floor":6.0,"key":"SMITH"},{"data":"1","floor":15.0,"key":"LIFT"},{"data":"Distraction","floor":23.0,"key":"SMITH"},{"floor":25.0,"key":"REST"},{"floor":28,"key":"REST"},{"floor":32,"key":"REST"},{"floor":40,"key":"REST"},{"data":"2","floor":42,"key":"LIFT"},{"data":"After Image","floor":44,"key":"SMITH"},{"data":"3","floor":49,"key":"LIFT"}],"circlet_count":0,"master_deck":["Strike_G","Strike_G","Strike_G","Defend_G","Defend_G","Defend_G","Defend_G","Defend_G","Survivor","Neutralize","Slice","PiercingWail","Dash+1","Doubt","Dagger Spray","Dodge and Roll","Corpse Explosion","Footwork","Accuracy","Envenom","Distraction+1","HandOfGreed","Leg Sweep","Flying Knee","Deflect","Slice","Outmaneuver+1","Predator+1","After Image+1","Escape Plan+1","Storm of Steel+1","Prepared+1","Dodge and Roll+1","Acrobatics+1","Backstab","Heel Hook+1","Panache","All Out Attack","Dash+1","Dagger Throw+1"],"relics":["Ring of the Snake","Girya","Mummified Hand","Blood Vial","Mercury Hourglass","Sozu","Toolbox","Toxic Egg 2","Bag of Marbles","SlaversCollar","PreservedInsect","Bottled Lightning","Tough Bandages"],"acts_visited":["Exordium","TheCity","TheBeyond"],"potions_floor_usage":[27,27,33],"damage_taken":[{"damage":0.0,"enemies":"Small Slimes","floor":1.0,"turns":3.0},{"damage":0.0,"enemies":"2 Louse","floor":2.0,"turns":3.0},{"damage":2.0,"enemies":"Cultist","floor":3.0,"turns":5.0},{"damage":0.0,"enemies":"Looter","floor":5.0,"turns":4.0},{"damage":27.0,"enemies":"Lagavulin","floor":7.0,"turns":9.0},{"damage":1.0,"enemies":"Large Slime","floor":8.0,"turns":7.0},{"damage":10.0,"enemies":"3 Sentries","floor":10.0,"turns":3.0},{"damage":0.0,"enemies":"Blue Slaver","floor":13.0,"turns":4.0},{"damage":14.0,"enemies":"Hexaghost","floor":16.0,"turns":12.0},{"damage":17.0,"enemies":"2 Thieves","floor":18.0,"turns":4.0},{"damage":10.0,"enemies":"3 Byrds","floor":20.0,"turns":3.0},{"damage":7.0,"enemies":"Centurion and Healer","floor":22.0,"turns":5.0},{"damage":16.0,"enemies":"3 Cultists","floor":24.0,"turns":5.0},{"damage":36,"enemies":"Slavers","floor":27,"turns":4},{"damage":0,"enemies":"Cultist and Chosen","floor":29,"turns":4},{"damage":29,"enemies":"Shelled Parasite and Fungi","floor":30,"turns":5},{"damage":1,"enemies":"Automaton","floor":33,"turns":10},{"damage":10,"enemies":"3 Shapes","floor":35,"turns":2},{"damage":8,"enemies":"3 Darklings","floor":36,"turns":5},{"damage":0,"enemies":"Transient","floor":37,"turns":5},{"damage":4,"enemies":"Maw","floor":38,"turns":8},{"damage":25,"enemies":"Spire Growth","floor":39,"turns":5},{"damage":8,"enemies":"2 Orb Walkers","floor":47,"turns":2},{"damage":0,"enemies":"3 Darklings","floor":48,"turns":3},{"damage":51,"enemies":"Time Eater","floor":50,"turns":9}],"seed_played":"1684953959632250475","potions_obtained":[{"floor":7.0,"key":"DistilledChaos"},{"floor":10.0,"key":"Regen Potion"},{"floor":16.0,"key":"Poison Potion"}],"is_trial":false,"path_per_floor":["M","M","M","?","M","R","E","M","T","?","?","?","M","?","R","B",null,"M","$","M","?","M","R","M","R","T","E","R","M","M","?","R","B",null,"M","M","M","M","M","R","?","R","T","R","?","$","?","M","R","B"],"character_chosen":"THE_SILENT","items_purchased":["Toolbox","HandOfGreed","Leg Sweep","Flying Knee","Bottled Lightning","All Out Attack"],"campfire_rested":4,"item_purchase_floors":[19,19,19,19,46,46],"current_hp_per_floor":[70,70,68,68,68,68,41,40,40,32,32,32,34,51,51,39,70,53,53,45,45,40,40,26,47,47,18,39,41,14,14,35,36,70,60,54,56,54,31,52,52,52,52,52,52,52,46,48,48,0,0],"gold":98,"neow_bonus":"ONE_RARE_RELIC","is_daily":false,"chose_seed":false,"campfire_upgraded":3,"win_rate":0.0,"timestamp":1613832961,"path_taken":["M","M","M","?","M","R","E","M","T","?","?","?","?","?","R","BOSS","M","$","M","?","M","R","M","R","T","E","R","M","M","?","R","BOSS","M","?","M","M","M","R","?","R","T","R","?","$","?","M","R","BOSS"],"items_purchased_type":["Relic","Card","Card","Card","Relic","Card"],"build_version":"2020-12-22","purchased_purges":1,"victory":false,"max_hp_per_floor":[70,70,70,70,70,70,70,70,70,70,70,70,70,70,70,70,70,70,70,70,70,70,70,70,70,70,70,70,70,70,70,70,70,70,70,70,70,70,70,70,70,70,70,70,70,70,70,70,70,70,70],"card_choices":[{"not_picked":["Dagger Spray","Concentrate"],"picked":"Slice","floor":1.0},{"not_picked":["Dagger Spray","Outmaneuver"],"picked":"PiercingWail","floor":2.0},{"not_picked":["Well Laid Plans","Dagger Throw"],"picked":"Dash","floor":3.0},{"not_picked":["PiercingWail","Endless Agony"],"picked":"Dagger Spray","floor":5.0},{"not_picked":["Poisoned Stab","Reflex"],"picked":"Dodge and Roll","floor":7.0},{"not_picked":["Calculated Gamble","Terror"],"picked":"Corpse Explosion","floor":8.0},{"not_picked":["Sucker Punch","Deadly Poison"],"picked":"Footwork","floor":10.0},{"not_picked":["Tactician","Quick Slash"],"picked":"Accuracy","floor":13.0},{"not_picked":["Glass Knife","Burst"],"picked":"Envenom","floor":16.0},{"not_picked":["Footwork","Acrobatics"],"picked":"Distraction","floor":18.0},{"not_picked":["Leg Sweep","Accuracy"],"picked":"Deflect","floor":20.0},{"not_picked":["Riddle With Holes","Skewer"],"picked":"Slice","floor":22.0},{"not_picked":["Dagger Spray","Quick Slash+1"],"picked":"Endless Agony+1","floor":24.0},{"not_picked":["Quick Slash","Accuracy"],"picked":"Outmaneuver+1","floor":27},{"not_picked":["Dagger Spray","Skewer"],"picked":"Predator+1","floor":29},{"not_picked":["Bane","Poisoned Stab"],"picked":"After Image","floor":30},{"not_picked":["Glass Knife","Phantasmal Killer+1"],"picked":"Storm of Steel+1","floor":33},{"not_picked":["Flechettes+1","Eviscerate"],"picked":"Prepared+1","floor":35},{"not_picked":["Deadly Poison+1","Slice"],"picked":"Dodge and Roll+1","floor":36},{"not_picked":["Accuracy","Footwork+1"],"picked":"Acrobatics+1","floor":37},{"not_picked":["Setup+1","Outmaneuver+1"],"picked":"Backstab","floor":38},{"not_picked":["Outmaneuver+1","Dagger Throw+1"],"picked":"Heel Hook+1","floor":39},{"not_picked":["Discovery+1","Deep Breath+1"],"picked":"Panache","floor":45},{"not_picked":["Acrobatics+1","PiercingWail+1"],"picked":"Dash+1","floor":47},{"not_picked":["Poisoned Stab+1","Masterful Stab+1"],"picked":"Dagger Throw+1","floor":48}],"player_experience":128164,"relics_obtained":[{"floor":7.0,"key":"Mummified Hand"},{"floor":9.0,"key":"Blood Vial"},{"floor":10.0,"key":"Mercury Hourglass"},{"floor":26.0,"key":"Toxic Egg 2"},{"floor":27,"key":"Bag of Marbles"},{"floor":43,"key":"PreservedInsect"},{"floor":47,"key":"Tough Bandages"}],"event_choices":[{"damage_healed":0.0,"max_hp_gain":0.0,"max_hp_loss":0.0,"gold_gain":175.0,"event_name":"Liars Game","player_choice":"AGREE","floor":4.0,"gold_loss":0.0,"damage_taken":0.0,"cards_obtained":["Doubt"]},{"damage_healed":0.0,"max_hp_gain":0.0,"max_hp_loss":0.0,"gold_gain":0.0,"event_name":"Dead Adventurer","player_choice":"Searched \u00272\u0027 times","floor":10.0,"gold_loss":0.0,"damage_taken":0.0},{"damage_healed":0.0,"max_hp_gain":0.0,"max_hp_loss":0.0,"gold_gain":58.0,"event_name":"Golden Wing","player_choice":"Gained Gold","floor":11.0,"gold_loss":0.0,"damage_taken":0.0},{"damage_healed":0.0,"max_hp_gain":0.0,"max_hp_loss":0.0,"gold_gain":0.0,"event_name":"NoteForYourself","player_choice":"Ignored","floor":12.0,"gold_loss":0.0,"damage_taken":0.0},{"damage_healed":17.0,"max_hp_gain":0.0,"max_hp_loss":0.0,"gold_gain":0.0,"event_name":"The Cleric","player_choice":"Healed","floor":14.0,"gold_loss":35.0,"damage_taken":0.0},{"damage_healed":0.0,"max_hp_gain":0.0,"max_hp_loss":0.0,"gold_gain":0.0,"event_name":"Ghosts","player_choice":"Ignored","floor":21.0,"gold_loss":0.0,"damage_taken":0.0},{"damage_healed":0,"gold_gain":0,"cards_transformed":["Strike_G"],"player_choice":"Transformed","damage_taken":0,"max_hp_gain":0,"max_hp_loss":0,"event_name":"Transmorgrifier","floor":31,"gold_loss":0,"cards_obtained":["Escape Plan"]},{"cards_removed":["Endless Agony"],"damage_healed":0,"gold_gain":0,"player_choice":"Removed Attack","damage_taken":0,"max_hp_gain":0,"max_hp_loss":0,"event_name":"Falling","floor":41,"gold_loss":0},{"damage_healed":0,"gold_gain":0,"player_choice":"Memory 1","damage_taken":0,"max_hp_gain":0,"max_hp_loss":0,"event_name":"SensoryStone","floor":45,"gold_loss":0},{"damage_healed":0,"gold_gain":0,"player_choice":"Fight","damage_taken":0,"max_hp_gain":0,"max_hp_loss":0,"event_name":"Mysterious Sphere","floor":47,"gold_loss":0}],"is_beta":false,"boss_relics":[{"not_picked":["Fusion Hammer","Calling Bell"],"picked":"Sozu"},{"not_picked":["Runic Pyramid","Philosopher\u0027s Stone"],"picked":"SlaversCollar"}],"items_purged_floors":[46],"is_endless":false,"potions_floor_spawned":[7,10,16,18,27,29,30,33,36,39,48],"killed_by":"Time Eater","ascension_level":0}}